  <div class='ocr_page' id='page_1' title='image "/cluster/home/n/w/nwhite01/storage/ocr_20150623/14:no.4/coo.31924054872928/356.png"; bbox 0 0 4196 6424; ppageno 0'>
   <div class='ocr_carea' id='block_1_1' title="bbox 459 363 2035 426">
    <p class='ocr_par' dir='ltr' id='par_1_1' title="bbox 459 363 2035 426">
     <span class='ocr_line' id='line_1_1' title="bbox 459 363 2035 426; baseline -0.003 -1"><span class='ocrx_word' id='word_1_1' title='bbox 459 369 578 426; x_wconf 71' lang='grc'><strong>’689</strong></span> <span class='ocrx_word' id='word_1_2' title='bbox 1464 365 1818 421; x_wconf 73' lang='lat' dir='ltr'><strong>COMMENT.</strong></span> <span class='ocrx_word' id='word_1_3' title='bbox 1864 365 1928 419; x_wconf 88' lang='lat' dir='ltr'><strong>IN</strong></span> <span class='ocrx_word' id='word_1_4' title='bbox 1967 363 2035 420; x_wconf 81' lang='lat' dir='ltr'><strong>JO</strong></span> 
     </span>
    </p>
   </div>
   <div class='ocr_carea' id='block_1_2' title="bbox 2134 363 3724 426">
    <p class='ocr_par' dir='ltr' id='par_1_2' title="bbox 2134 363 3724 422">
     <span class='ocr_line' id='line_1_2' title="bbox 2134 363 3724 422; baseline -0.001 -2"><span class='ocrx_word' id='word_1_5' title='bbox 2134 365 2158 420; x_wconf 72' lang='grc'>’.</span> <span class='ocrx_word' id='word_1_6' title='bbox 2197 363 2436 422; x_wconf 81' lang='lat' dir='ltr'><strong>TOMUS</strong></span> <span class='ocrx_word' id='word_1_7' title='bbox 2475 365 2705 420; x_wconf 79' lang='lat' dir='ltr'><strong>XXVlll.</strong></span> <span class='ocrx_word' id='word_1_8' title='bbox 3618 367 3724 419; x_wconf 77' lang='lat'><strong>690</strong></span> 
     </span>
    </p>
   </div>
   <div class='ocr_carea' id='block_1_3' title="bbox 470 479 2035 554">
    <p class='ocr_par' dir='ltr' id='par_1_3' title="bbox 470 479 2028 554">
     <span class='ocr_line' id='line_1_3' title="bbox 470 479 2028 554; baseline -0.003 -18"><span class='ocrx_word' id='word_1_9' title='bbox 470 481 640 554; x_wconf 86' lang='grc' dir='ltr'>ὀργῆς</span> <span class='ocrx_word' id='word_1_10' title='bbox 682 480 775 534; x_wconf 73' lang='grc' dir='ltr'>καὶ</span> <span class='ocrx_word' id='word_1_11' title='bbox 812 479 1176 551; x_wconf 79' lang='grc' dir='ltr'><strong>διαλογισμῶν</strong></span> <span class='ocrx_word' id='word_1_12' title='bbox 1217 480 1324 551; x_wconf 85' lang='grc'><strong>(69)</strong></span> <span class='ocrx_word' id='word_1_13' title='bbox 1368 481 1682 551; x_wconf 83' lang='grc' dir='ltr'><strong>ἀναπέμπει</strong></span> <span class='ocrx_word' id='word_1_14' title='bbox 1733 481 1832 552; x_wconf 82' lang='grc' dir='ltr'>τὴν</span> <span class='ocrx_word' id='word_1_15' title='bbox 1863 481 2028 551; x_wconf 82' lang='grc' dir='ltr'>εὐχήν</span> 
     </span>
    </p>
   </div>
   <div class='ocr_carea' id='block_1_4' title="bbox 2134 479 3720 554">
    <p class='ocr_par' dir='ltr' id='par_1_4' title="bbox 2153 481 3720 552">
     <span class='ocr_line' id='line_1_4' title="bbox 2153 481 3720 552; baseline 0 -15"><span class='ocrx_word' id='word_1_16' title='bbox 2153 497 2252 552; x_wconf 88' lang='lat' dir='ltr'><strong>per</strong></span> <span class='ocrx_word' id='word_1_17' title='bbox 2279 483 2521 538; x_wconf 79' lang='lat' dir='ltr'><strong>actiones</strong></span> <span class='ocrx_word' id='word_1_18' title='bbox 2551 481 2898 538; x_wconf 89' lang='lat' dir='ltr'><strong>sustollentes</strong></span> <span class='ocrx_word' id='word_1_19' title='bbox 2929 491 3091 552; x_wconf 81' lang='lat' dir='ltr'><strong>alque</strong></span> <span class='ocrx_word' id='word_1_20' title='bbox 3125 483 3428 538; x_wconf 82' lang='lat' dir='ltr'><strong>exaltantes</strong></span> <span class='ocrx_word' id='word_1_21' title='bbox 3461 485 3720 552; x_wconf 89' lang='lat' dir='ltr'><strong>animam,</strong></span> 
     </span>
    </p>
   </div>
   <div class='ocr_carea' id='block_1_5' title="bbox 471 572 2035 645">
    <p class='ocr_par' dir='ltr' id='par_1_5' title="bbox 471 572 2035 645">
     <span class='ocr_line' id='line_1_5' title="bbox 471 572 2035 645; baseline -0.001 -19"><span class='ocrx_word' id='word_1_22' title='bbox 471 573 626 627; x_wconf 80' lang='grc' dir='ltr'>Οὕτω</span> <span class='ocrx_word' id='word_1_23' title='bbox 669 573 774 644; x_wconf 80' lang='grc' dir='ltr'>γὰρ</span> <span class='ocrx_word' id='word_1_24' title='bbox 809 573 903 625; x_wconf 78' lang='grc' dir='ltr'><strong>καὶ</strong></span> <span class='ocrx_word' id='word_1_25' title='bbox 944 573 1052 625; x_wconf 90' lang='grc' dir='ltr'><strong>τῶν</strong></span> <span class='ocrx_word' id='word_1_26' title='bbox 1103 573 1395 642; x_wconf 75' lang='grc' dir='ltr'>ὀφθαλμῶν</span> <span class='ocrx_word' id='word_1_27' title='bbox 1444 573 1746 645; x_wconf 73' lang='grc' dir='ltr'><strong>αἰρομένων</strong></span> <span class='ocrx_word' id='word_1_28' title='bbox 1784 573 1915 637; x_wconf 81' lang='grc' dir='ltr'>ἅνω,</span> <span class='ocrx_word' id='word_1_29' title='bbox 1967 572 2035 624; x_wconf 80' lang='grc' dir='ltr'>διέ</span> 
     </span>
    </p>
   </div>
   <div class='ocr_carea' id='block_1_6' title="bbox 2134 572 3722 645">
    <p class='ocr_par' dir='ltr' id='par_1_6' title="bbox 2154 572 3722 638">
     <span class='ocr_line' id='line_1_6' title="bbox 2154 572 3722 638; baseline 0.003 -12"><span class='ocrx_word' id='word_1_30' title='bbox 2154 573 2364 629; x_wconf 83' lang='lat' dir='ltr'><strong>Moseos</strong></span> <span class='ocrx_word' id='word_1_31' title='bbox 2414 587 2563 628; x_wconf 90' lang='lat' dir='ltr'><strong>more</strong></span> <span class='ocrx_word' id='word_1_32' title='bbox 2592 575 2636 606; x_wconf 86' lang='lat'><strong>&#39;“</strong></span> <span class='ocrx_word' id='word_1_33' title='bbox 2669 575 2740 626; x_wconf 91' lang='lat' dir='ltr'><strong>ita</strong></span> <span class='ocrx_word' id='word_1_34' title='bbox 2793 572 3128 628; x_wconf 90' lang='lat' dir='ltr'><strong>sustollentis</strong></span> <span class='ocrx_word' id='word_1_35' title='bbox 3175 587 3405 638; x_wconf 89' lang='lat' dir='ltr'><strong>manus,</strong></span> <span class='ocrx_word' id='word_1_36' title='bbox 3454 584 3515 628; x_wconf 92' lang='lat' dir='ltr'><strong>ut</strong></span> <span class='ocrx_word' id='word_1_37' title='bbox 3557 577 3722 630; x_wconf 89' lang='lat' dir='ltr'><strong>etiam</strong></span> 
     </span>
    </p>
   </div>
   <div class='ocr_carea' id='block_1_7' title="bbox 469 663 2035 735">
    <p class='ocr_par' dir='ltr' id='par_1_7' title="bbox 469 663 2035 735">
     <span class='ocr_line' id='line_1_7' title="bbox 469 663 2035 735; baseline 0 -19"><span class='ocrx_word' id='word_1_38' title='bbox 469 665 569 735; x_wconf 87' lang='grc' dir='ltr'><strong>τῆς</strong></span> <span class='ocrx_word' id='word_1_39' title='bbox 602 665 831 728; x_wconf 78' lang='grc' dir='ltr'>ἐννοίας,</span> <span class='ocrx_word' id='word_1_40' title='bbox 863 666 957 717; x_wconf 71' lang='grc' dir='ltr'>καὶ</span> <span class='ocrx_word' id='word_1_41' title='bbox 992 665 1088 734; x_wconf 86' lang='grc' dir='ltr'><strong>τῆς</strong></span> <span class='ocrx_word' id='word_1_42' title='bbox 1119 664 1368 734; x_wconf 76' lang='grc' dir='ltr'>θεωρίας,</span> <span class='ocrx_word' id='word_1_43' title='bbox 1408 665 1502 718; x_wconf 72' lang='grc' dir='ltr'><strong>καὶ</strong></span> <span class='ocrx_word' id='word_1_44' title='bbox 1544 664 1653 718; x_wconf 89' lang='grc' dir='ltr'><strong>τῶν</strong></span> <span class='ocrx_word' id='word_1_45' title='bbox 1682 663 1878 735; x_wconf 87' lang='grc' dir='ltr'>χειρῶν</span> <span class='ocrx_word' id='word_1_46' title='bbox 1903 666 2035 717; x_wconf 61' lang='grc' dir='ltr'>ὲπαιι</span> 
     </span>
    </p>
   </div>
   <div class='ocr_carea' id='block_1_8' title="bbox 2134 663 3724 735">
    <p class='ocr_par' dir='ltr' id='par_1_8' title="bbox 2156 666 3724 720">
     <span class='ocr_line' id='line_1_8' title="bbox 2156 666 3724 720; baseline 0 0"><span class='ocrx_word' id='word_1_47' title='bbox 2156 666 2396 720; x_wconf 89' lang='lat' dir='ltr'><strong>diceret:</strong></span> <span class='ocrx_word' id='word_1_48' title='bbox 2448 683 2465 715; x_wconf 78' lang='grc' dir='ltr'><strong>ι</strong></span> <span class='ocrx_word' id='word_1_49' title='bbox 2499 666 2747 719; x_wconf 89' lang='lat' dir='ltr'><strong>Elevatio</strong></span> <span class='ocrx_word' id='word_1_50' title='bbox 2795 679 3053 718; x_wconf 89' lang='lat' dir='ltr'><strong>manuum</strong></span> <span class='ocrx_word' id='word_1_51' title='bbox 3098 679 3340 718; x_wconf 88' lang='lat' dir='ltr'><strong>mearum</strong></span> <span class='ocrx_word' id='word_1_52' title='bbox 3395 666 3724 720; x_wconf 82' lang='lat' dir='ltr'><strong>sacriﬁcium</strong></span> 
     </span>
    </p>
   </div>
   <div class='ocr_carea' id='block_1_9' title="bbox 471 755 2035 828">
    <p class='ocr_par' dir='ltr' id='par_1_9' title="bbox 471 755 2035 828">
     <span class='ocr_line' id='line_1_9' title="bbox 471 755 2035 828; baseline -0.001 -19"><span class='ocrx_word' id='word_1_53' title='bbox 471 756 714 828; x_wconf 85' lang='grc' dir='ltr'>ρομένων</span> <span class='ocrx_word' id='word_1_54' title='bbox 744 759 800 809; x_wconf 83' lang='grc' dir='ltr'>ἐν</span> <span class='ocrx_word' id='word_1_55' title='bbox 830 755 1091 826; x_wconf 78' lang='grc' dir='ltr'>πράξεσιν</span> <span class='ocrx_word' id='word_1_56' title='bbox 1119 757 1492 828; x_wconf 79' lang='grc' dir='ltr'>ὲπαιρούσαις,</span> <span class='ocrx_word' id='word_1_57' title='bbox 1521 757 1615 810; x_wconf 72' lang='grc' dir='ltr'><strong>καὶ</strong></span> <span class='ocrx_word' id='word_1_58' title='bbox 1643 756 1905 825; x_wconf 70' lang='grc' dir='ltr'>ὑψούσαις</span> <span class='ocrx_word' id='word_1_59' title='bbox 1945 757 2035 826; x_wconf 60' lang='grc' dir='ltr'><strong>τὴν</strong></span> 
     </span>
    </p>
   </div>
   <div class='ocr_carea' id='block_1_10' title="bbox 2134 755 3726 828">
    <p class='ocr_par' dir='ltr' id='par_1_10' title="bbox 2152 755 3726 825">
     <span class='ocr_line' id='line_1_10' title="bbox 2152 755 3726 825; baseline 0.003 -16"><span class='ocrx_word' id='word_1_60' title='bbox 2152 757 2520 825; x_wconf 89' lang='lat' dir='ltr'><strong>vespertinum</strong></span> <span class='ocrx_word' id='word_1_61' title='bbox 2549 757 2629 822; x_wconf 70' lang='lat'><strong>7&#39;;</strong></span> <span class='ocrx_word' id='word_1_62' title='bbox 2666 775 2685 808; x_wconf 75' lang='grc' dir='ltr'><strong>ι</strong></span> <span class='ocrx_word' id='word_1_63' title='bbox 2725 755 3070 823; x_wconf 71' lang='lat' dir='ltr'><strong>Amalecitaa,</strong></span> <span class='ocrx_word' id='word_1_64' title='bbox 3119 765 3173 810; x_wconf 90' lang='lat' dir='ltr'><strong>et</strong></span> <span class='ocrx_word' id='word_1_65' title='bbox 3200 771 3391 811; x_wconf 88' lang='lat' dir='ltr'><strong>omnes</strong></span> <span class='ocrx_word' id='word_1_66' title='bbox 3427 757 3726 814; x_wconf 82' lang='lat' dir='ltr'><strong>invisibiles</strong></span> 
     </span>
    </p>
   </div>
   <div class='ocr_carea' id='block_1_11' title="bbox 466 847 2035 920">
    <p class='ocr_par' dir='ltr' id='par_1_11' title="bbox 466 847 2035 918">
     <span class='ocr_line' id='line_1_11' title="bbox 466 847 2035 918; baseline 0.001 -19"><span class='ocrx_word' id='word_1_67' title='bbox 466 847 665 918; x_wconf 80' lang='grc' dir='ltr'>ψυχὴν,</span> <span class='ocrx_word' id='word_1_68' title='bbox 702 847 777 909; x_wconf 86' lang='grc' dir='ltr'>ὡς</span> <span class='ocrx_word' id='word_1_69' title='bbox 829 847 1000 918; x_wconf 78' lang='grc' dir='ltr'>ἐπῆρε</span> <span class='ocrx_word' id='word_1_70' title='bbox 1034 848 1273 918; x_wconf 85' lang='grc' dir='ltr'>Μωῦσῆς</span> <span class='ocrx_word' id='word_1_71' title='bbox 1314 847 1412 911; x_wconf 78' lang='grc' dir='ltr'>τὰς</span> <span class='ocrx_word' id='word_1_72' title='bbox 1457 850 1666 918; x_wconf 86' lang='grc' dir='ltr'>χεῖρας,</span> <span class='ocrx_word' id='word_1_73' title='bbox 1703 847 1831 900; x_wconf 82' lang='grc' dir='ltr'>ὥστ’</span> <span class='ocrx_word' id='word_1_74' title='bbox 1869 847 1936 900; x_wconf 85' lang='grc' dir='ltr'><strong>ἂν</strong></span> <span class='ocrx_word' id='word_1_75' title='bbox 1979 851 2035 900; x_wconf 78' lang='grc' dir='ltr'>εί·</span> 
     </span>
    </p>
   </div>
   <div class='ocr_carea' id='block_1_12' title="bbox 2134 847 3724 920">
    <p class='ocr_par' dir='ltr' id='par_1_12' title="bbox 2155 849 3724 920">
     <span class='ocr_line' id='line_1_12' title="bbox 2155 849 3724 920; baseline 0 -17"><span class='ocrx_word' id='word_1_76' title='bbox 2155 849 2361 904; x_wconf 89' lang='lat' dir='ltr'><strong>inimici</strong></span> <span class='ocrx_word' id='word_1_77' title='bbox 2387 851 2669 903; x_wconf 89' lang='lat' dir='ltr'><strong>vincentur</strong></span> <span class='ocrx_word' id='word_1_78' title='bbox 2693 866 2707 916; x_wconf 90' lang='lat'><strong>;</strong></span> <span class='ocrx_word' id='word_1_79' title='bbox 2746 849 3005 904; x_wconf 69' lang='lat' dir='ltr'><strong>Israelita:</strong></span> <span class='ocrx_word' id='word_1_80' title='bbox 3031 863 3184 912; x_wconf 87' lang='lat' dir='ltr'><strong>vero,</strong></span> <span class='ocrx_word' id='word_1_81' title='bbox 3212 863 3407 918; x_wconf 85' lang='lat' dir='ltr'><strong>nempe</strong></span> <span class='ocrx_word' id='word_1_82' title='bbox 3437 849 3724 920; x_wconf 77' lang='lat' dir='ltr'><strong>cogitatio-</strong></span> 
     </span>
    </p>
   </div>
   <div class='ocr_carea' id='block_1_13' title="bbox 469 939 2035 1015">
    <p class='ocr_par' dir='ltr' id='par_1_13' title="bbox 469 941 2035 1015">
     <span class='ocr_line' id='line_1_13' title="bbox 469 941 2035 1015; baseline 0.001 -23"><span class='ocrx_word' id='word_1_83' title='bbox 469 944 588 992; x_wconf 85' lang='grc' dir='ltr'>πεῖν</span> <span class='ocrx_word' id='word_1_84' title='bbox 610 957 624 972; x_wconf 73' lang='grc' dir='ltr'><strong>ο</strong></span> <span class='ocrx_word' id='word_1_85' title='bbox 663 960 681 990; x_wconf 73' lang='grc' dir='ltr'><strong>ι</strong></span> <span class='ocrx_word' id='word_1_86' title='bbox 713 941 983 1011; x_wconf 85' lang='grc' dir='ltr'>Ἔπαρσις</span> <span class='ocrx_word' id='word_1_87' title='bbox 1014 941 1120 993; x_wconf 86' lang='grc' dir='ltr'><strong>τῶν</strong></span> <span class='ocrx_word' id='word_1_88' title='bbox 1146 941 1345 1012; x_wconf 88' lang='grc' dir='ltr'>χειρῶν</span> <span class='ocrx_word' id='word_1_89' title='bbox 1378 960 1477 1013; x_wconf 91' lang='grc' dir='ltr'><strong>μου</strong></span> <span class='ocrx_word' id='word_1_90' title='bbox 1513 943 1674 996; x_wconf 88' lang='grc' dir='ltr'>θυσία</span> <span class='ocrx_word' id='word_1_91' title='bbox 1718 943 2035 1015; x_wconf 83' lang='grc' dir='ltr'>ὲσπερινὴ,ι</span> 
     </span>
    </p>
   </div>
   <div class='ocr_carea' id='block_1_14' title="bbox 2134 939 3725 1015">
    <p class='ocr_par' dir='ltr' id='par_1_14' title="bbox 2148 939 3725 1009">
     <span class='ocr_line' id='line_1_14' title="bbox 2148 939 3725 1009; baseline 0.001 -17"><span class='ocrx_word' id='word_1_92' title='bbox 2148 953 2246 993; x_wconf 90' lang='lat' dir='ltr'><strong>nes</strong></span> <span class='ocrx_word' id='word_1_93' title='bbox 2283 948 2478 993; x_wconf 70' lang='lat' dir='ltr'><strong>nostrae</strong></span> <span class='ocrx_word' id='word_1_94' title='bbox 2500 939 2736 996; x_wconf 76' lang='lat' dir='ltr'><strong>vincent.</strong></span> <span class='ocrx_word' id='word_1_95' title='bbox 2766 939 3039 994; x_wconf 78' lang='lat' dir='ltr'><strong>Hactenus</strong></span> <span class='ocrx_word' id='word_1_96' title='bbox 3070 941 3136 994; x_wconf 91' lang='lat' dir='ltr'><strong>de</strong></span> <span class='ocrx_word' id='word_1_97' title='bbox 3162 955 3226 994; x_wconf 89' lang='lat' dir='ltr'><strong>eo</strong></span> <span class='ocrx_word' id='word_1_98' title='bbox 3249 940 3392 1009; x_wconf 91' lang='lat' dir='ltr'><strong>quod</strong></span> <span class='ocrx_word' id='word_1_99' title='bbox 3417 950 3520 1005; x_wconf 89' lang='lat' dir='ltr'><strong>est,</strong></span> <span class='ocrx_word' id='word_1_100' title='bbox 3549 959 3568 993; x_wconf 79' lang='grc' dir='ltr'><strong>ι</strong></span> <span class='ocrx_word' id='word_1_101' title='bbox 3599 954 3725 995; x_wconf 84' lang='lat' dir='ltr'><strong>sus-</strong></span> 
     </span>
    </p>
   </div>
   <div class='ocr_carea' id='block_1_15' title="bbox 481 1029 2035 1108">
    <p class='ocr_par' dir='ltr' id='par_1_15' title="bbox 481 1033 2035 1108">
     <span class='ocr_line' id='line_1_15' title="bbox 481 1033 2035 1108; baseline 0.002 -23"><span class='ocrx_word' id='word_1_102' title='bbox 481 1033 840 1102; x_wconf 83' lang='grc' dir='ltr'>Ἀμαληκῖται</span> <span class='ocrx_word' id='word_1_103' title='bbox 889 1033 989 1103; x_wconf 81' lang='grc' dir='ltr'><strong>μὲν</strong></span> <span class='ocrx_word' id='word_1_104' title='bbox 1018 1035 1113 1087; x_wconf 78' lang='grc' dir='ltr'><strong>καὶ</strong></span> <span class='ocrx_word' id='word_1_105' title='bbox 1160 1036 1358 1100; x_wconf 87' lang='grc' dir='ltr'>πάντες</span> <span class='ocrx_word' id='word_1_106' title='bbox 1388 1039 1436 1089; x_wconf 73' lang='lat' dir='ltr'><strong>oi</strong></span> <span class='ocrx_word' id='word_1_107' title='bbox 1481 1037 1700 1108; x_wconf 82' lang='grc' dir='ltr'>ἀόρατοι</span> <span class='ocrx_word' id='word_1_108' title='bbox 1738 1036 1922 1107; x_wconf 75' lang='grc' dir='ltr'>ἐχθροὶ</span> <span class='ocrx_word' id='word_1_109' title='bbox 1953 1037 2035 1107; x_wconf 82' lang='grc' dir='ltr'><strong>ἡτ-</strong></span> 
     </span>
    </p>
   </div>
   <div class='ocr_carea' id='block_1_16' title="bbox 2134 1029 3720 1108">
    <p class='ocr_par' dir='ltr' id='par_1_16' title="bbox 2151 1029 3720 1101">
     <span class='ocr_line' id='line_1_16' title="bbox 2151 1029 3720 1101; baseline 0.003 -17"><span class='ocrx_word' id='word_1_110' title='bbox 2151 1031 2276 1084; x_wconf 92' lang='lat' dir='ltr'><strong>tulit</strong></span> <span class='ocrx_word' id='word_1_111' title='bbox 2332 1031 2521 1084; x_wconf 91' lang='lat' dir='ltr'><strong>oculos</strong></span> <span class='ocrx_word' id='word_1_112' title='bbox 2549 1029 2705 1085; x_wconf 86' lang='lat' dir='ltr'><strong>Jesus</strong></span> <span class='ocrx_word' id='word_1_113' title='bbox 2745 1045 2959 1086; x_wconf 85' lang='lat' dir='ltr'><strong>sursum</strong></span> <span class='ocrx_word' id='word_1_114' title='bbox 2988 1071 3004 1097; x_wconf 94' lang='lat'><strong>,</strong></span> <span class='ocrx_word' id='word_1_115' title='bbox 3031 1041 3087 1087; x_wconf 93' lang='lat' dir='ltr'><strong>et</strong></span> <span class='ocrx_word' id='word_1_116' title='bbox 3113 1031 3274 1094; x_wconf 75' lang='lat' dir='ltr'><strong>dixit,</strong></span> <span class='ocrx_word' id='word_1_117' title='bbox 3311 1051 3330 1083; x_wconf 76' lang='grc' dir='ltr'><strong>ι</strong></span> <span class='ocrx_word' id='word_1_118' title='bbox 3360 1032 3412 1085; x_wconf 92' lang='lat' dir='ltr'><strong>in</strong></span> <span class='ocrx_word' id='word_1_119' title='bbox 3437 1045 3598 1101; x_wconf 87' lang='lat' dir='ltr'><strong>quem</strong></span> <span class='ocrx_word' id='word_1_120' title='bbox 3638 1030 3720 1088; x_wconf 85' lang='lat' dir='ltr'><strong>lo-</strong></span> 
     </span>
    </p>
   </div>
   <div class='ocr_carea' id='block_1_17' title="bbox 465 1121 2035 1199">
    <p class='ocr_par' dir='ltr' id='par_1_17' title="bbox 465 1124 2035 1199">
     <span class='ocr_line' id='line_1_17' title="bbox 465 1124 2035 1199; baseline 0.001 -23"><span class='ocrx_word' id='word_1_121' title='bbox 465 1124 824 1195; x_wconf 86' lang='grc' dir='ltr'>τηθήσονται,</span> <span class='ocrx_word' id='word_1_122' title='bbox 856 1127 906 1176; x_wconf 74' lang='grc' dir='ltr'>οἱ</span> <span class='ocrx_word' id='word_1_123' title='bbox 940 1124 997 1177; x_wconf 84' lang='grc' dir='ltr'><strong>ἐν</strong></span> <span class='ocrx_word' id='word_1_124' title='bbox 1035 1126 1168 1194; x_wconf 79' lang='grc' dir='ltr'>ἡμῖν</span> <span class='ocrx_word' id='word_1_125' title='bbox 1199 1127 1256 1178; x_wconf 82' lang='grc' dir='ltr'>δὲ</span> <span class='ocrx_word' id='word_1_126' title='bbox 1296 1127 1646 1199; x_wconf 81' lang='grc' dir='ltr'>Ἰσραηλῖται,</span> <span class='ocrx_word' id='word_1_127' title='bbox 1688 1126 1938 1196; x_wconf 78' lang='grc' dir='ltr'>λογισμοὶ</span> <span class='ocrx_word' id='word_1_128' title='bbox 1973 1143 2035 1179; x_wconf 86' lang='grc' dir='ltr'>νι·</span> 
     </span>
    </p>
   </div>
   <div class='ocr_carea' id='block_1_18' title="bbox 2134 1121 3534 1199">
    <p class='ocr_par' dir='ltr' id='par_1_18' title="bbox 2151 1121 3534 1190">
     <span class='ocr_line' id='line_1_18' title="bbox 2151 1121 3534 1190; baseline 0.001 -15"><span class='ocrx_word' id='word_1_129' title='bbox 2151 1136 2275 1175; x_wconf 91' lang='lat' dir='ltr'><strong>cum</strong></span> <span class='ocrx_word' id='word_1_130' title='bbox 2303 1121 2539 1176; x_wconf 81' lang='lat' dir='ltr'><strong>diximus</strong></span> <span class='ocrx_word' id='word_1_131' title='bbox 2564 1136 2683 1190; x_wconf 74' lang='lat' dir='ltr'><strong>qua:</strong></span> <span class='ocrx_word' id='word_1_132' title='bbox 2714 1123 2870 1179; x_wconf 86' lang='lat' dir='ltr'><strong>nobis</strong></span> <span class='ocrx_word' id='word_1_133' title='bbox 2909 1132 3037 1177; x_wconf 91' lang='lat' dir='ltr'><strong>sunt</strong></span> <span class='ocrx_word' id='word_1_134' title='bbox 3066 1123 3181 1176; x_wconf 84' lang='lat' dir='ltr'><strong>visa</strong></span> <span class='ocrx_word' id='word_1_135' title='bbox 3211 1124 3534 1177; x_wconf 87' lang='lat' dir='ltr'><strong>conducere.</strong></span> 
     </span>
    </p>
   </div>
   <div class='ocr_carea' id='block_1_19' title="bbox 458 1203 3722 1292">
    <p class='ocr_par' dir='ltr' id='par_1_19' title="bbox 458 1203 3722 1292">
     <span class='ocr_line' id='line_1_19' title="bbox 458 1203 3722 1292; baseline -0.001 -21"><span class='ocrx_word' id='word_1_136' title='bbox 458 1218 713 1290; x_wconf 76' lang='grc' dir='ltr'><strong>¹κήσουσι.</strong></span> <span class='ocrx_word' id='word_1_137' title='bbox 743 1215 990 1268; x_wconf 80' lang='grc' dir='ltr'>Τοσαῦτα</span> <span class='ocrx_word' id='word_1_138' title='bbox 1018 1217 1112 1269; x_wconf 76' lang='grc' dir='ltr'>καὶ</span> <span class='ocrx_word' id='word_1_139' title='bbox 1141 1218 1220 1280; x_wconf 82' lang='grc' dir='ltr'><strong>είς</strong></span> <span class='ocrx_word' id='word_1_140' title='bbox 1257 1219 1348 1271; x_wconf 88' lang='grc' dir='ltr'>τό·</span> <span class='ocrx_word' id='word_1_141' title='bbox 1386 1236 1404 1269; x_wconf 80' lang='grc' dir='ltr'><strong>ι</strong></span> <span class='ocrx_word' id='word_1_142' title='bbox 1428 1219 1487 1271; x_wconf 82' lang='grc' dir='ltr'>ὐ</span> <span class='ocrx_word' id='word_1_143' title='bbox 1524 1220 1725 1292; x_wconf 85' lang='grc' dir='ltr'>Ἰησοῦς</span> <span class='ocrx_word' id='word_1_144' title='bbox 1760 1217 1861 1292; x_wconf 75' lang='grc' dir='ltr'>ἦρε</span> <span class='ocrx_word' id='word_1_145' title='bbox 1886 1218 2009 1281; x_wconf 77' lang='grc' dir='ltr'>τοὺς</span> <span class='ocrx_word' id='word_1_146' title='bbox 2047 1212 2357 1284; x_wconf 80' lang='grc' dir='ltr'>ὀφθαλμοὺς</span> <span class='ocrx_word' id='word_1_147' title='bbox 2381 1214 2511 1278; x_wconf 83' lang='grc' dir='ltr'>ἄνω,</span> <span class='ocrx_word' id='word_1_148' title='bbox 2554 1213 2648 1267; x_wconf 74' lang='grc' dir='ltr'><strong>καὶ</strong></span> <span class='ocrx_word' id='word_1_149' title='bbox 2683 1209 2822 1280; x_wconf 77' lang='grc' dir='ltr'>εἷπε,</span> <span class='ocrx_word' id='word_1_150' title='bbox 2871 1233 2890 1267; x_wconf 74' lang='grc' dir='ltr'><strong>ι</strong></span> <span class='ocrx_word' id='word_1_151' title='bbox 2939 1203 3083 1268; x_wconf 76' lang='grc' dir='ltr'>κατὰ</span> <span class='ocrx_word' id='word_1_152' title='bbox 3118 1212 3273 1266; x_wconf 88' lang='grc' dir='ltr'>τοῦτο</span> <span class='ocrx_word' id='word_1_153' title='bbox 3324 1213 3557 1283; x_wconf 81' lang='grc' dir='ltr'>φανέντα</span> <span class='ocrx_word' id='word_1_154' title='bbox 3588 1215 3722 1286; x_wconf 76' lang='grc' dir='ltr'>ἡμῖν</span> 
     </span>
    </p>
   </div>
   <div class='ocr_carea' id='block_1_20' title="bbox 467 1308 757 1363">
    <p class='ocr_par' dir='ltr' id='par_1_20' title="bbox 467 1308 757 1363">
     <span class='ocr_line' id='line_1_20' title="bbox 467 1308 757 1363; baseline -0.007 0"><span class='ocrx_word' id='word_1_155' title='bbox 467 1308 757 1363; x_wconf 73' lang='grc' dir='ltr'>ἀκόλουθα.</span> 
     </span>
    </p>
   </div>
   <div class='ocr_carea' id='block_1_21' title="bbox 535 1393 2035 1474">
    <p class='ocr_par' dir='ltr' id='par_1_21' title="bbox 535 1397 2035 1474">
     <span class='ocr_line' id='line_1_21' title="bbox 535 1397 2035 1474; baseline 0.004 -23"><span class='ocrx_word' id='word_1_156' title='bbox 535 1397 587 1451; x_wconf 84' lang='grc'>5.</span> <span class='ocrx_word' id='word_1_157' title='bbox 636 1418 655 1449; x_wconf 78' lang='grc' dir='ltr'><strong>ι</strong></span> <span class='ocrx_word' id='word_1_158' title='bbox 680 1397 882 1470; x_wconf 83' lang='grc' dir='ltr'>Πάτερ,</span> <span class='ocrx_word' id='word_1_159' title='bbox 912 1399 1215 1470; x_wconf 86' lang='grc' dir='ltr'>εὐχαριστῶ</span> <span class='ocrx_word' id='word_1_160' title='bbox 1242 1417 1343 1467; x_wconf 90' lang='grc' dir='ltr'>σοι,</span> <span class='ocrx_word' id='word_1_161' title='bbox 1366 1403 1448 1454; x_wconf 83' lang='grc' dir='ltr'><strong>ὅτι</strong></span> <span class='ocrx_word' id='word_1_162' title='bbox 1477 1404 1715 1473; x_wconf 82' lang='grc' dir='ltr'>ῆκουσάς</span> <span class='ocrx_word' id='word_1_163' title='bbox 1747 1422 1866 1474; x_wconf 89' lang='grc' dir='ltr'>μου.</span> <span class='ocrx_word' id='word_1_164' title='bbox 1905 1401 2035 1474; x_wconf 72' lang='grc' dir='ltr'>Ἐγιὶ</span> 
     </span>
    </p>
   </div>
   <div class='ocr_carea' id='block_1_22' title="bbox 2134 1393 3716 1474">
    <p class='ocr_par' dir='ltr' id='par_1_22' title="bbox 2212 1393 3716 1464">
     <span class='ocr_line' id='line_1_22' title="bbox 2212 1393 3716 1464; baseline -0.001 -13"><span class='ocrx_word' id='word_1_165' title='bbox 2212 1397 2266 1451; x_wconf 87' lang='lat'><strong>5.</strong></span> <span class='ocrx_word' id='word_1_166' title='bbox 2301 1413 2319 1446; x_wconf 77' lang='grc' dir='ltr'><strong>ι</strong></span> <span class='ocrx_word' id='word_1_167' title='bbox 2359 1393 2545 1459; x_wconf 85' lang='lat' dir='ltr'><strong>Pater,</strong></span> <span class='ocrx_word' id='word_1_168' title='bbox 2573 1393 2777 1463; x_wconf 79' lang='lat' dir='ltr'><strong>gratias</strong></span> <span class='ocrx_word' id='word_1_169' title='bbox 2805 1407 2908 1464; x_wconf 81' lang='lat' dir='ltr'><strong>ago</strong></span> <span class='ocrx_word' id='word_1_170' title='bbox 2941 1393 3064 1459; x_wconf 84' lang='lat' dir='ltr'><strong>tibi,</strong></span> <span class='ocrx_word' id='word_1_171' title='bbox 3095 1393 3349 1462; x_wconf 90' lang='lat' dir='ltr'><strong>quoniam</strong></span> <span class='ocrx_word' id='word_1_172' title='bbox 3382 1395 3576 1449; x_wconf 87' lang='lat' dir='ltr'><strong>audisti</strong></span> <span class='ocrx_word' id='word_1_173' title='bbox 3609 1406 3716 1449; x_wconf 89' lang='lat' dir='ltr'><strong>me.</strong></span> 
     </span>
    </p>
   </div>
   <div class='ocr_carea' id='block_1_23' title="bbox 465 1486 2035 1562">
    <p class='ocr_par' dir='ltr' id='par_1_23' title="bbox 465 1489 2035 1562">
     <span class='ocr_line' id='line_1_23' title="bbox 465 1489 2035 1562; baseline 0.003 -20"><span class='ocrx_word' id='word_1_174' title='bbox 465 1489 523 1542; x_wconf 81' lang='grc' dir='ltr'><strong>δὲ</strong></span> <span class='ocrx_word' id='word_1_175' title='bbox 566 1489 736 1559; x_wconf 79' lang='grc' dir='ltr'>ᾔδειν,</span> <span class='ocrx_word' id='word_1_176' title='bbox 777 1491 859 1543; x_wconf 78' lang='grc' dir='ltr'>ὅτι</span> <span class='ocrx_word' id='word_1_177' title='bbox 906 1492 1136 1544; x_wconf 87' lang='grc' dir='ltr'>πάντοτέ</span> <span class='ocrx_word' id='word_1_178' title='bbox 1187 1509 1289 1562; x_wconf 91' lang='grc' dir='ltr'><strong>μου</strong></span> <span class='ocrx_word' id='word_1_179' title='bbox 1347 1493 1600 1557; x_wconf 79' lang='grc' dir='ltr'>ἀκούεις’</span> <span class='ocrx_word' id='word_1_180' title='bbox 1649 1494 1783 1547; x_wconf 84' lang='grc' dir='ltr'><strong>ἀλλά</strong></span> <span class='ocrx_word' id='word_1_181' title='bbox 1835 1493 1924 1547; x_wconf 84' lang='grc' dir='ltr'>διὰ</span> <span class='ocrx_word' id='word_1_182' title='bbox 1954 1495 2035 1547; x_wconf 69' lang='grc' dir='ltr'><strong>τὸι</strong></span> 
     </span>
    </p>
   </div>
   <div class='ocr_carea' id='block_1_24' title="bbox 2134 1486 3719 1562">
    <p class='ocr_par' dir='ltr' id='par_1_24' title="bbox 2143 1486 3719 1558">
     <span class='ocr_line' id='line_1_24' title="bbox 2143 1486 3719 1558; baseline 0.001 -15"><span class='ocrx_word' id='word_1_183' title='bbox 2143 1490 2253 1558; x_wconf 80' lang='lat' dir='ltr'><strong>Ego</strong></span> <span class='ocrx_word' id='word_1_184' title='bbox 2281 1498 2462 1541; x_wconf 89' lang='lat' dir='ltr'><strong>autem</strong></span> <span class='ocrx_word' id='word_1_185' title='bbox 2515 1486 2755 1542; x_wconf 88' lang='lat' dir='ltr'><strong>sciebam</strong></span> <span class='ocrx_word' id='word_1_186' title='bbox 2809 1487 2954 1556; x_wconf 91' lang='lat' dir='ltr'><strong>quod</strong></span> <span class='ocrx_word' id='word_1_187' title='bbox 3005 1501 3222 1558; x_wconf 86' lang='lat' dir='ltr'><strong>semper</strong></span> <span class='ocrx_word' id='word_1_188' title='bbox 3251 1504 3337 1544; x_wconf 90' lang='lat' dir='ltr'><strong>me</strong></span> <span class='ocrx_word' id='word_1_189' title='bbox 3381 1489 3570 1556; x_wconf 88' lang='lat' dir='ltr'><strong>audis;</strong></span> <span class='ocrx_word' id='word_1_190' title='bbox 3615 1489 3719 1544; x_wconf 82' lang='lat' dir='ltr'><strong>sed</strong></span> 
     </span>
    </p>
   </div>
   <div class='ocr_carea' id='block_1_25' title="bbox 466 1578 2035 1654">
    <p class='ocr_par' dir='ltr' id='par_1_25' title="bbox 466 1578 2035 1654">
     <span class='ocr_line' id='line_1_25' title="bbox 466 1578 2035 1654; baseline 0.003 -23"><span class='ocrx_word' id='word_1_191' title='bbox 466 1580 619 1649; x_wconf 73' lang='grc' dir='ltr'>δχλον</span> <span class='ocrx_word' id='word_1_192' title='bbox 669 1581 761 1632; x_wconf 77' lang='grc' dir='ltr'><strong>τὸν</strong></span> <span class='ocrx_word' id='word_1_193' title='bbox 796 1583 1131 1654; x_wconf 83' lang='grc' dir='ltr'>περιεστῶτα</span> <span class='ocrx_word' id='word_1_194' title='bbox 1182 1578 1356 1646; x_wconf 83' lang='grc' dir='ltr'>εἷπον,</span> <span class='ocrx_word' id='word_1_195' title='bbox 1408 1584 1496 1638; x_wconf 82' lang='grc' dir='ltr'><strong>ἵνα</strong></span> <span class='ocrx_word' id='word_1_196' title='bbox 1529 1585 1914 1650; x_wconf 85' lang='grc' dir='ltr'>πιστεύσωσιν,</span> <span class='ocrx_word' id='word_1_197' title='bbox 1961 1586 2035 1638; x_wconf 84' lang='grc' dir='ltr'>ὅτι</span> 
     </span>
    </p>
   </div>
   <div class='ocr_carea' id='block_1_26' title="bbox 2134 1578 3719 1654">
    <p class='ocr_par' dir='ltr' id='par_1_26' title="bbox 2143 1578 3719 1651">
     <span class='ocr_line' id='line_1_26' title="bbox 2143 1578 3719 1651; baseline 0.001 -16"><span class='ocrx_word' id='word_1_198' title='bbox 2143 1590 2369 1651; x_wconf 88' lang='lat' dir='ltr'><strong>propter</strong></span> <span class='ocrx_word' id='word_1_199' title='bbox 2395 1578 2607 1634; x_wconf 88' lang='lat' dir='ltr'><strong>turbam</strong></span> <span class='ocrx_word' id='word_1_200' title='bbox 2634 1595 2754 1649; x_wconf 67' lang='lat' dir='ltr'><strong>quae</strong></span> <span class='ocrx_word' id='word_1_201' title='bbox 2799 1579 3158 1643; x_wconf 88' lang='lat' dir='ltr'><strong>circumstat,</strong></span> <span class='ocrx_word' id='word_1_202' title='bbox 3192 1580 3339 1644; x_wconf 81' lang='lat' dir='ltr'><strong>dixi,</strong></span> <span class='ocrx_word' id='word_1_203' title='bbox 3386 1589 3448 1635; x_wconf 92' lang='lat' dir='ltr'><strong>ut</strong></span> <span class='ocrx_word' id='word_1_204' title='bbox 3492 1582 3719 1637; x_wconf 77' lang='lat' dir='ltr'><strong>credant</strong></span> 
     </span>
    </p>
   </div>
   <div class='ocr_carea' id='block_1_27' title="bbox 469 1669 2035 1749">
    <p class='ocr_par' dir='ltr' id='par_1_27' title="bbox 469 1669 2035 1749">
     <span class='ocr_line' id='line_1_27' title="bbox 469 1669 2035 1749; baseline 0.004 -27"><span class='ocrx_word' id='word_1_205' title='bbox 469 1669 531 1722; x_wconf 91' lang='grc' dir='ltr'><strong>σύ</strong></span> <span class='ocrx_word' id='word_1_206' title='bbox 569 1688 636 1741; x_wconf 91' lang='grc' dir='ltr'><strong>με</strong></span> <span class='ocrx_word' id='word_1_207' title='bbox 662 1670 1007 1736; x_wconf 80' lang='grc' dir='ltr'>ἀπέστειλας.</span> <span class='ocrx_word' id='word_1_208' title='bbox 1032 1693 1051 1725; x_wconf 72' lang='grc' dir='ltr'><strong>ι</strong></span> <span class='ocrx_word' id='word_1_209' title='bbox 1086 1674 1257 1746; x_wconf 78' lang='grc' dir='ltr'>Εἴπερ</span> <span class='ocrx_word' id='word_1_210' title='bbox 1287 1678 1399 1739; x_wconf 85' lang='grc' dir='ltr'>τοῖς</span> <span class='ocrx_word' id='word_1_211' title='bbox 1436 1675 1605 1742; x_wconf 83' lang='grc' dir='ltr'>ἀξίοις</span> <span class='ocrx_word' id='word_1_212' title='bbox 1632 1677 1740 1730; x_wconf 88' lang='grc' dir='ltr'><strong>τῶν</strong></span> <span class='ocrx_word' id='word_1_213' title='bbox 1781 1679 1838 1730; x_wconf 82' lang='grc' dir='ltr'>ὲν</span> <span class='ocrx_word' id='word_1_214' title='bbox 1883 1677 2035 1749; x_wconf 78' lang='grc' dir='ltr'>σαρκῖ</span> 
     </span>
    </p>
   </div>
   <div class='ocr_carea' id='block_1_28' title="bbox 2134 1669 3719 1749">
    <p class='ocr_par' dir='ltr' id='par_1_28' title="bbox 2140 1670 3719 1744">
     <span class='ocr_line' id='line_1_28' title="bbox 2140 1670 3719 1744; baseline 0.001 -18"><span class='ocrx_word' id='word_1_215' title='bbox 2140 1674 2286 1744; x_wconf 87' lang='lat' dir='ltr'><strong>quod</strong></span> <span class='ocrx_word' id='word_1_216' title='bbox 2315 1682 2369 1726; x_wconf 91' lang='lat' dir='ltr'><strong>tu</strong></span> <span class='ocrx_word' id='word_1_217' title='bbox 2403 1687 2489 1726; x_wconf 91' lang='lat' dir='ltr'><strong>me</strong></span> <span class='ocrx_word' id='word_1_218' title='bbox 2521 1672 2736 1726; x_wconf 88' lang='lat' dir='ltr'><strong>miseris</strong></span> <span class='ocrx_word' id='word_1_219' title='bbox 2774 1670 2845 1729; x_wconf 87' lang='grc'><strong>⁷³.</strong></span> <span class='ocrx_word' id='word_1_220' title='bbox 2888 1690 2908 1724; x_wconf 73' lang='grc' dir='ltr'><strong>ι</strong></span> <span class='ocrx_word' id='word_1_221' title='bbox 2947 1670 3002 1725; x_wconf 90' lang='lat' dir='ltr'><strong>Si</strong></span> <span class='ocrx_word' id='word_1_222' title='bbox 3033 1670 3320 1726; x_wconf 85' lang='lat' dir='ltr'><strong>orantibus</strong></span> <span class='ocrx_word' id='word_1_223' title='bbox 3366 1673 3498 1727; x_wconf 89' lang='lat' dir='ltr'><strong>viris</strong></span> <span class='ocrx_word' id='word_1_224' title='bbox 3533 1673 3719 1742; x_wconf 78' lang='lat' dir='ltr'><strong>probis</strong></span> 
     </span>
    </p>
   </div>
   <div class='ocr_carea' id='block_1_29' title="bbox 469 1760 2035 1854">
    <p class='ocr_par' dir='ltr' id='par_1_29' title="bbox 469 1760 2035 1839">
     <span class='ocr_line' id='line_1_29' title="bbox 469 1760 2035 1839; baseline 0.006 -29"><span class='ocrx_word' id='word_1_225' title='bbox 469 1760 702 1823; x_wconf 80' lang='grc' dir='ltr'>ζώντων,</span> <span class='ocrx_word' id='word_1_226' title='bbox 747 1764 840 1815; x_wconf 79' lang='grc' dir='ltr'><strong>καὶ</strong></span> <span class='ocrx_word' id='word_1_227' title='bbox 886 1763 959 1835; x_wconf 87' lang='grc' dir='ltr'>μὴ</span> <span class='ocrx_word' id='word_1_228' title='bbox 994 1764 1134 1818; x_wconf 88' lang='grc' dir='ltr'><strong>κατά</strong></span> <span class='ocrx_word' id='word_1_229' title='bbox 1181 1765 1360 1837; x_wconf 82' lang='grc' dir='ltr'>σάρκα</span> <span class='ocrx_word' id='word_1_230' title='bbox 1396 1769 1838 1839; x_wconf 85' lang='grc' dir='ltr'>στρατευομένων</span> <span class='ocrx_word' id='word_1_231' title='bbox 1882 1769 2035 1838; x_wconf 79' lang='grc' dir='ltr'>εὐχο-</span> 
     </span>
    </p>
   </div>
   <div class='ocr_carea' id='block_1_30' title="bbox 2134 1760 3719 1854">
    <p class='ocr_par' dir='ltr' id='par_1_30' title="bbox 2145 1763 3719 1827">
     <span class='ocr_line' id='line_1_30' title="bbox 2145 1763 3719 1827; baseline -0.001 -7"><span class='ocrx_word' id='word_1_232' title='bbox 2145 1767 2199 1820; x_wconf 92' lang='lat' dir='ltr'><strong>in</strong></span> <span class='ocrx_word' id='word_1_233' title='bbox 2233 1781 2398 1820; x_wconf 90' lang='lat' dir='ltr'><strong>carne</strong></span> <span class='ocrx_word' id='word_1_234' title='bbox 2428 1763 2760 1827; x_wconf 80' lang='lat' dir='ltr'><strong>viventibus,</strong></span> <span class='ocrx_word' id='word_1_235' title='bbox 2793 1778 2893 1817; x_wconf 92' lang='lat' dir='ltr'><strong>nec</strong></span> <span class='ocrx_word' id='word_1_236' title='bbox 2921 1764 3218 1818; x_wconf 86' lang='lat' dir='ltr'><strong>secundum</strong></span> <span class='ocrx_word' id='word_1_237' title='bbox 3244 1779 3460 1818; x_wconf 90' lang='lat' dir='ltr'><strong>carnem</strong></span> <span class='ocrx_word' id='word_1_238' title='bbox 3488 1765 3719 1818; x_wconf 88' lang='lat' dir='ltr'><strong>militan-</strong></span> 
     </span>
    </p>
   </div>
   <div class='ocr_carea' id='block_1_31' title="bbox 470 1851 2035 1932">
    <p class='ocr_par' dir='ltr' id='par_1_31' title="bbox 470 1851 2035 1932">
     <span class='ocr_line' id='line_1_31' title="bbox 470 1851 2035 1932; baseline 0.007 -30"><span class='ocrx_word' id='word_1_239' title='bbox 470 1851 680 1920; x_wconf 80' lang='grc' dir='ltr'>μένοις,</span> <span class='ocrx_word' id='word_1_240' title='bbox 718 1854 940 1925; x_wconf 84' lang='grc' dir='ltr'>τοιαύτη</span> <span class='ocrx_word' id='word_1_241' title='bbox 977 1873 1059 1918; x_wconf 89' lang='grc' dir='ltr'><strong>τις</strong></span> <span class='ocrx_word' id='word_1_242' title='bbox 1103 1857 1317 1925; x_wconf 88' lang='grc' dir='ltr'>λέγεται</span> <span class='ocrx_word' id='word_1_243' title='bbox 1349 1858 1452 1912; x_wconf 82' lang='grc' dir='ltr'><strong>ὑπὸ</strong></span> <span class='ocrx_word' id='word_1_244' title='bbox 1488 1859 1622 1913; x_wconf 87' lang='grc' dir='ltr'>Θεοῦ</span> <span class='ocrx_word' id='word_1_245' title='bbox 1656 1861 1785 1932; x_wconf 78' lang='grc' dir='ltr'>περὶ</span> <span class='ocrx_word' id='word_1_246' title='bbox 1820 1861 1919 1931; x_wconf 90' lang='grc' dir='ltr'><strong>τῆς</strong></span> <span class='ocrx_word' id='word_1_247' title='bbox 1957 1861 2035 1913; x_wconf 85' lang='grc' dir='ltr'>εὐ-</span> 
     </span>
    </p>
   </div>
   <div class='ocr_carea' id='block_1_32' title="bbox 2134 1851 3714 1932">
    <p class='ocr_par' dir='ltr' id='par_1_32' title="bbox 2147 1854 3714 1924">
     <span class='ocr_line' id='line_1_32' title="bbox 2147 1854 3714 1924; baseline -0.001 -13"><span class='ocrx_word' id='word_1_248' title='bbox 2147 1856 2289 1911; x_wconf 79' lang='lat' dir='ltr'><strong>tibus</strong></span> <span class='ocrx_word' id='word_1_249' title='bbox 2318 1855 2386 1920; x_wconf 67' lang='lat'><strong>7&quot;,</strong></span> <span class='ocrx_word' id='word_1_250' title='bbox 2441 1854 2547 1908; x_wconf 89' lang='lat' dir='ltr'><strong>tale</strong></span> <span class='ocrx_word' id='word_1_251' title='bbox 2592 1855 2845 1921; x_wconf 88' lang='lat' dir='ltr'><strong>quiddam</strong></span> <span class='ocrx_word' id='word_1_252' title='bbox 2903 1855 3154 1922; x_wconf 86' lang='lat' dir='ltr'><strong>promisit</strong></span> <span class='ocrx_word' id='word_1_253' title='bbox 3204 1854 3349 1908; x_wconf 91' lang='lat' dir='ltr'><strong>Deus</strong></span> <span class='ocrx_word' id='word_1_254' title='bbox 3398 1870 3494 1924; x_wconf 90' lang='lat' dir='ltr'><strong>pro</strong></span> <span class='ocrx_word' id='word_1_255' title='bbox 3525 1870 3714 1910; x_wconf 85' lang='lat' dir='ltr'><strong>eorum</strong></span> 
     </span>
    </p>
   </div>
   <div class='ocr_carea' id='block_1_33' title="bbox 465 1942 2042 2016">
    <p class='ocr_par' dir='ltr' id='par_1_33' title="bbox 465 1942 2042 2016">
     <span class='ocr_line' id='line_1_33' title="bbox 465 1942 2042 2016; baseline -0.004 -5"><span class='ocrx_word' id='word_1_256' title='bbox 465 1942 566 2010; x_wconf 72' lang='grc' dir='ltr'>κῆς</span> <span class='ocrx_word' id='word_1_257' title='bbox 616 1944 793 1998; x_wconf 77' lang='grc' dir='ltr'>αὐτῶν</span> <span class='ocrx_word' id='word_1_258' title='bbox 855 1947 1190 2015; x_wconf 71' lang='grc' dir='ltr'>ἐπαγγελία*</span> <span class='ocrx_word' id='word_1_259' title='bbox 1242 1969 1261 2000; x_wconf 78' lang='grc' dir='ltr'><strong>σ</strong></span> <span class='ocrx_word' id='word_1_260' title='bbox 1293 1951 1401 2002; x_wconf 74' lang='grc' dir='ltr'>Καὶ</span> <span class='ocrx_word' id='word_1_261' title='bbox 1445 1951 1523 2004; x_wconf 76' lang='grc' dir='ltr'><strong>ἔτι</strong></span> <span class='ocrx_word' id='word_1_262' title='bbox 1594 1952 1878 2016; x_wconf 86' lang='grc' dir='ltr'>λαλοῦντός</span> <span class='ocrx_word' id='word_1_263' title='bbox 1950 1969 2042 2005; x_wconf 91' lang='grc' dir='ltr'><strong>σου</strong></span> 
     </span>
    </p>
   </div>
   <div class='ocr_carea' id='block_1_34' title="bbox 463 2031 2045 2112">
    <p class='ocr_par' dir='ltr' id='par_1_34' title="bbox 463 2031 2045 2112">
     <span class='ocr_line' id='line_1_34' title="bbox 463 2031 2045 2112; baseline 0.008 -29"><span class='ocrx_word' id='word_1_264' title='bbox 463 2031 604 2102; x_wconf 76' lang='grc' dir='ltr'><strong>ἐρῶο</strong></span> <span class='ocrx_word' id='word_1_265' title='bbox 652 2035 782 2089; x_wconf 85' lang='grc' dir='ltr'>Ἰδοὺ</span> <span class='ocrx_word' id='word_1_266' title='bbox 817 2038 1066 2108; x_wconf 75' lang='grc' dir='ltr'>πάρειμι,</span> <span class='ocrx_word' id='word_1_267' title='bbox 1095 2059 1112 2090; x_wconf 78' lang='grc' dir='ltr'><strong>ι</strong></span> <span class='ocrx_word' id='word_1_268' title='bbox 1150 2041 1200 2092; x_wconf 86' lang='grc' dir='ltr'><strong>τί</strong></span> <span class='ocrx_word' id='word_1_269' title='bbox 1242 2042 1346 2112; x_wconf 83' lang='grc' dir='ltr'>χρὴ</span> <span class='ocrx_word' id='word_1_270' title='bbox 1381 2042 1625 2112; x_wconf 84' lang='grc' dir='ltr'>νομίζειν</span> <span class='ocrx_word' id='word_1_271' title='bbox 1669 2045 1760 2097; x_wconf 78' lang='grc' dir='ltr'><strong>ἐπὶ</strong></span> <span class='ocrx_word' id='word_1_272' title='bbox 1803 2044 1897 2097; x_wconf 88' lang='grc' dir='ltr'><strong>τοῦ</strong></span> <span class='ocrx_word' id='word_1_273' title='bbox 1932 2045 2045 2096; x_wconf 90' lang='grc' dir='ltr'><strong>Σω-</strong></span> 
     </span>
    </p>
   </div>
   <div class='ocr_carea' id='block_1_35' title="bbox 462 2122 2040 2205">
    <p class='ocr_par' dir='ltr' id='par_1_35' title="bbox 462 2122 2040 2205">
     <span class='ocr_line' id='line_1_35' title="bbox 462 2122 2040 2205; baseline 0.008 -33"><span class='ocrx_word' id='word_1_274' title='bbox 462 2122 624 2192; x_wconf 86' lang='grc' dir='ltr'>τῆρος</span> <span class='ocrx_word' id='word_1_275' title='bbox 647 2125 738 2176; x_wconf 73' lang='grc' dir='ltr'>καὶ</span> <span class='ocrx_word' id='word_1_276' title='bbox 763 2126 1001 2196; x_wconf 86' lang='grc' dir='ltr'>Κυρίου;</span> <span class='ocrx_word' id='word_1_277' title='bbox 1029 2129 1084 2198; x_wconf 84' lang='grc' dir='ltr'>ἢ,</span> <span class='ocrx_word' id='word_1_278' title='bbox 1127 2147 1144 2179; x_wconf 81' lang='grc' dir='ltr'><strong>ι</strong></span> <span class='ocrx_word' id='word_1_279' title='bbox 1175 2129 1310 2200; x_wconf 76' lang='grc' dir='ltr'>Πρὶν</span> <span class='ocrx_word' id='word_1_280' title='bbox 1345 2130 1572 2201; x_wconf 88' lang='grc' dir='ltr'>λαλῆσαί</span> <span class='ocrx_word' id='word_1_281' title='bbox 1612 2149 1693 2192; x_wconf 83' lang='grc' dir='ltr'><strong>σε,</strong></span> <span class='ocrx_word' id='word_1_282' title='bbox 1735 2131 1870 2205; x_wconf 86' lang='grc' dir='ltr'>ὲρῶ·</span> <span class='ocrx_word' id='word_1_283' title='bbox 1911 2133 2040 2185; x_wconf 81' lang='grc' dir='ltr'>Ἰδοὺ</span> 
     </span>
    </p>
   </div>
   <div class='ocr_carea' id='block_1_36' title="bbox 461 2211 2043 2293">
    <p class='ocr_par' dir='ltr' id='par_1_36' title="bbox 461 2211 2043 2293">
     <span class='ocr_line' id='line_1_36' title="bbox 461 2211 2043 2293; baseline 0.009 -30"><span class='ocrx_word' id='word_1_284' title='bbox 461 2211 726 2284; x_wconf 87' lang='grc' dir='ltr'>πάρειμι;</span> <span class='ocrx_word' id='word_1_285' title='bbox 760 2236 777 2266; x_wconf 72' lang='grc' dir='ltr'><strong>ι</strong></span> <span class='ocrx_word' id='word_1_286' title='bbox 807 2217 959 2286; x_wconf 75' lang='grc' dir='ltr'>’Ἅμα</span> <span class='ocrx_word' id='word_1_287' title='bbox 991 2219 1098 2290; x_wconf 85' lang='grc' dir='ltr'>γὰρ</span> <span class='ocrx_word' id='word_1_288' title='bbox 1125 2241 1141 2271; x_wconf 83' lang='grc' dir='ltr'><strong>ι</strong></span> <span class='ocrx_word' id='word_1_289' title='bbox 1165 2216 1266 2292; x_wconf 80' lang='grc' dir='ltr'>ἦρε</span> <span class='ocrx_word' id='word_1_290' title='bbox 1293 2223 1419 2285; x_wconf 76' lang='grc' dir='ltr'>τοὺς</span> <span class='ocrx_word' id='word_1_291' title='bbox 1441 2221 1751 2293; x_wconf 80' lang='grc' dir='ltr'>ὀφθαλμοὺς</span> <span class='ocrx_word' id='word_1_292' title='bbox 1781 2223 1914 2286; x_wconf 78' lang='grc' dir='ltr'>ἄνω,</span> <span class='ocrx_word' id='word_1_293' title='bbox 1950 2227 2043 2278; x_wconf 76' lang='grc' dir='ltr'><strong>καὶ</strong></span> 
     </span>
    </p>
   </div>
   <div class='ocr_carea' id='block_1_37' title="bbox 462 2297 2043 2374">
    <p class='ocr_par' dir='ltr' id='par_1_37' title="bbox 462 2297 2043 2374">
     <span class='ocr_line' id='line_1_37' title="bbox 462 2297 2043 2374; baseline 0.006 -22"><span class='ocrx_word' id='word_1_294' title='bbox 462 2297 601 2356; x_wconf 86' lang='grc' dir='ltr'>εἷπε.</span> <span class='ocrx_word' id='word_1_295' title='bbox 629 2323 646 2354; x_wconf 77' lang='grc' dir='ltr'><strong>ι</strong></span> <span class='ocrx_word' id='word_1_296' title='bbox 685 2305 749 2356; x_wconf 82' lang='grc' dir='ltr'>Τί</span> <span class='ocrx_word' id='word_1_297' title='bbox 780 2305 836 2358; x_wconf 87' lang='grc' dir='ltr'><strong>δὲ</strong></span> <span class='ocrx_word' id='word_1_298' title='bbox 863 2303 1050 2373; x_wconf 74' lang='grc' dir='ltr'>εἷπεν;</span> <span class='ocrx_word' id='word_1_299' title='bbox 1085 2310 1148 2362; x_wconf 81' lang='lat' dir='ltr'><strong>Ei</strong></span> <span class='ocrx_word' id='word_1_300' title='bbox 1173 2304 1283 2363; x_wconf 78' lang='grc' dir='ltr'>οἷόν</span> <span class='ocrx_word' id='word_1_301' title='bbox 1308 2311 1367 2362; x_wconf 91' lang='grc' dir='ltr'><strong>τέ</strong></span> <span class='ocrx_word' id='word_1_302' title='bbox 1413 2313 1559 2364; x_wconf 78' lang='grc' dir='ltr'>ἐστιν</span> <span class='ocrx_word' id='word_1_303' title='bbox 1587 2311 1663 2374; x_wconf 88' lang='grc' dir='ltr'>ὡς</span> <span class='ocrx_word' id='word_1_304' title='bbox 1700 2312 1759 2364; x_wconf 85' lang='grc' dir='ltr'><strong>ὲν</strong></span> <span class='ocrx_word' id='word_1_305' title='bbox 1782 2309 2043 2373; x_wconf 85' lang='grc' dir='ltr'>τοιούτοις</span> 
     </span>
    </p>
   </div>
   <div class='ocr_carea' id='block_1_38' title="bbox 463 2397 2038 2476">
    <p class='ocr_par' dir='ltr' id='par_1_38' title="bbox 463 2397 2038 2476">
     <span class='ocr_line' id='line_1_38' title="bbox 463 2397 2038 2476; baseline 0.008 -29"><span class='ocrx_word' id='word_1_306' title='bbox 463 2397 817 2466; x_wconf 89' lang='grc' dir='ltr'>στοχάζεσθαι</span> <span class='ocrx_word' id='word_1_307' title='bbox 853 2400 985 2471; x_wconf 90' lang='grc'><strong>(70),</strong></span> <span class='ocrx_word' id='word_1_308' title='bbox 1010 2401 1318 2466; x_wconf 81' lang='grc' dir='ltr'>ἀκολούθως</span> <span class='ocrx_word' id='word_1_309' title='bbox 1346 2403 1452 2475; x_wconf 83' lang='grc' dir='ltr'>τῷ·</span> <span class='ocrx_word' id='word_1_310' title='bbox 1483 2423 1501 2454; x_wconf 79' lang='grc' dir='ltr'><strong>ι</strong></span> <span class='ocrx_word' id='word_1_311' title='bbox 1534 2405 1670 2475; x_wconf 76' lang='grc' dir='ltr'>Πρὶν</span> <span class='ocrx_word' id='word_1_312' title='bbox 1701 2404 1933 2476; x_wconf 88' lang='grc' dir='ltr'>λαλῆσαί</span> <span class='ocrx_word' id='word_1_313' title='bbox 1959 2421 2038 2470; x_wconf 92' lang='grc' dir='ltr'><strong>σε,</strong></span> 
     </span>
    </p>
   </div>
   <div class='ocr_carea' id='block_1_39' title="bbox 461 2488 2042 2569">
    <p class='ocr_par' dir='ltr' id='par_1_39' title="bbox 461 2488 2042 2569">
     <span class='ocr_line' id='line_1_39' title="bbox 461 2488 2042 2569; baseline 0.006 -29"><span class='ocrx_word' id='word_1_314' title='bbox 461 2488 598 2559; x_wconf 80' lang='grc' dir='ltr'>ἐρῶ·</span> <span class='ocrx_word' id='word_1_315' title='bbox 640 2490 769 2544; x_wconf 85' lang='grc' dir='ltr'>Ἰδοὺ</span> <span class='ocrx_word' id='word_1_316' title='bbox 811 2493 1064 2564; x_wconf 82' lang='grc' dir='ltr'>πάρειμι,</span> <span class='ocrx_word' id='word_1_317' title='bbox 1097 2513 1116 2545; x_wconf 74' lang='grc' dir='ltr'><strong>ι</strong></span> <span class='ocrx_word' id='word_1_318' title='bbox 1149 2495 1235 2548; x_wconf 81' lang='grc' dir='ltr'>ἵνα</span> <span class='ocrx_word' id='word_1_319' title='bbox 1267 2496 1448 2548; x_wconf 86' lang='grc' dir='ltr'>πλεῖον</span> <span class='ocrx_word' id='word_1_320' title='bbox 1545 2495 1605 2548; x_wconf 85' lang='grc' dir='ltr'><strong>τὸ</strong></span> <span class='ocrx_word' id='word_1_321' title='bbox 1637 2496 1773 2567; x_wconf 81' lang='grc' dir='ltr'>πρὸς</span> <span class='ocrx_word' id='word_1_322' title='bbox 1812 2497 1903 2549; x_wconf 86' lang='grc' dir='ltr'><strong>τὸν</strong></span> <span class='ocrx_word' id='word_1_323' title='bbox 1931 2499 2042 2550; x_wconf 90' lang='grc' dir='ltr'><strong>Σω-</strong></span> 
     </span>
    </p>
   </div>
   <div class='ocr_carea' id='block_1_40' title="bbox 458 2580 2042 2659">
    <p class='ocr_par' dir='ltr' id='par_1_40' title="bbox 458 2580 2042 2659">
     <span class='ocr_line' id='line_1_40' title="bbox 458 2580 2042 2659; baseline 0.006 -27"><span class='ocrx_word' id='word_1_324' title='bbox 458 2580 602 2650; x_wconf 87' lang='grc' dir='ltr'>τῆρα</span> <span class='ocrx_word' id='word_1_325' title='bbox 633 2582 745 2651; x_wconf 80' lang='grc'><strong>(71)</strong></span> <span class='ocrx_word' id='word_1_326' title='bbox 779 2583 1067 2655; x_wconf 89' lang='grc' dir='ltr'>λεγόμενον</span> <span class='ocrx_word' id='word_1_327' title='bbox 1103 2586 1255 2658; x_wconf 89' lang='grc' dir='ltr'><strong>παρά</strong></span> <span class='ocrx_word' id='word_1_328' title='bbox 1274 2587 1333 2640; x_wconf 84' lang='grc' dir='ltr'><strong>τὸ</strong></span> <span class='ocrx_word' id='word_1_329' title='bbox 1347 2590 1402 2640; x_wconf 81' lang='grc' dir='ltr'>ἐν</span> <span class='ocrx_word' id='word_1_330' title='bbox 1418 2589 1484 2659; x_wconf 78' lang='grc' dir='ltr'>τῇ</span> <span class='ocrx_word' id='word_1_331' title='bbox 1503 2588 1639 2658; x_wconf 87' lang='grc' dir='ltr'>πρὸς</span> <span class='ocrx_word' id='word_1_332' title='bbox 1659 2589 1785 2652; x_wconf 85' lang='grc' dir='ltr'>τοὺς</span> <span class='ocrx_word' id='word_1_333' title='bbox 1804 2587 2042 2653; x_wconf 82' lang='grc' dir='ltr'>δικαίους</span> 
     </span>
    </p>
   </div>
   <div class='ocr_carea' id='block_1_41' title="bbox 461 2674 2036 2750">
    <p class='ocr_par' dir='ltr' id='par_1_41' title="bbox 461 2674 2036 2750">
     <span class='ocr_line' id='line_1_41' title="bbox 461 2674 2036 2750; baseline 0.006 -26"><span class='ocrx_word' id='word_1_334' title='bbox 461 2674 762 2746; x_wconf 71' lang='grc' dir='ltr'>ἐπαγγελίᾳ</span> <span class='ocrx_word' id='word_1_335' title='bbox 795 2677 1177 2748; x_wconf 84' lang='grc' dir='ltr'>γεγραμμένον</span> <span class='ocrx_word' id='word_1_336' title='bbox 1196 2695 1209 2708; x_wconf 73' lang='grc' dir='ltr'><strong>ο</strong></span> <span class='ocrx_word' id='word_1_337' title='bbox 1249 2698 1268 2730; x_wconf 77' lang='grc' dir='ltr'><strong>ι</strong></span> <span class='ocrx_word' id='word_1_338' title='bbox 1298 2679 1415 2733; x_wconf 88' lang='grc' dir='ltr'>Ἔτι</span> <span class='ocrx_word' id='word_1_339' title='bbox 1443 2679 1732 2744; x_wconf 89' lang='grc' dir='ltr'>λαλοῦντός</span> <span class='ocrx_word' id='word_1_340' title='bbox 1767 2697 1858 2732; x_wconf 92' lang='grc' dir='ltr'><strong>σου</strong></span> <span class='ocrx_word' id='word_1_341' title='bbox 1889 2680 2036 2750; x_wconf 80' lang='grc' dir='ltr'><strong>ὲρεῖ’</strong></span> 
     </span>
    </p>
   </div>
   <div class='ocr_carea' id='block_1_42' title="bbox 473 2761 2040 2844">
    <p class='ocr_par' dir='ltr' id='par_1_42' title="bbox 473 2761 2040 2844">
     <span class='ocr_line' id='line_1_42' title="bbox 473 2761 2040 2844; baseline 0.005 -29"><span class='ocrx_word' id='word_1_342' title='bbox 473 2761 604 2816; x_wconf 84' lang='grc' dir='ltr'>Ἰδοὺ</span> <span class='ocrx_word' id='word_1_343' title='bbox 653 2765 906 2836; x_wconf 88' lang='grc' dir='ltr'>πάρειμι.</span> <span class='ocrx_word' id='word_1_344' title='bbox 938 2785 957 2818; x_wconf 77' lang='grc' dir='ltr'><strong>ι</strong></span> <span class='ocrx_word' id='word_1_345' title='bbox 996 2767 1061 2819; x_wconf 93' lang='grc' dir='ltr'>Τί</span> <span class='ocrx_word' id='word_1_346' title='bbox 1083 2762 1175 2822; x_wconf 78' lang='grc' dir='ltr'><strong>οὖν</strong></span> <span class='ocrx_word' id='word_1_347' title='bbox 1209 2763 1363 2834; x_wconf 61' lang='lat' dir='ltr'><strong>sine;</strong></span> <span class='ocrx_word' id='word_1_348' title='bbox 1410 2769 1681 2844; x_wconf 85' lang='grc' dir='ltr'>Προέθετο</span> <span class='ocrx_word' id='word_1_349' title='bbox 1722 2771 1818 2840; x_wconf 88' lang='grc' dir='ltr'><strong>μὲν</strong></span> <span class='ocrx_word' id='word_1_350' title='bbox 1867 2771 2040 2824; x_wconf 77' lang='grc' dir='ltr'>εἰπεῖν</span> 
     </span>
    </p>
   </div>
   <div class='ocr_carea' id='block_1_43' title="bbox 460 2855 2042 2931">
    <p class='ocr_par' dir='ltr' id='par_1_43' title="bbox 460 2855 2042 2931">
     <span class='ocr_line' id='line_1_43' title="bbox 460 2855 2042 2931; baseline 0.006 -26"><span class='ocrx_word' id='word_1_351' title='bbox 460 2855 624 2925; x_wconf 76' lang='grc' dir='ltr'>εὐχήν</span> <span class='ocrx_word' id='word_1_352' title='bbox 642 2872 656 2885; x_wconf 76' lang='grc' dir='ltr'><strong>ο</strong></span> <span class='ocrx_word' id='word_1_353' title='bbox 691 2856 1055 2923; x_wconf 89' lang='grc' dir='ltr'>προλαϐόντος</span> <span class='ocrx_word' id='word_1_354' title='bbox 1078 2859 1134 2912; x_wconf 79' lang='grc' dir='ltr'>δὲ</span> <span class='ocrx_word' id='word_1_355' title='bbox 1162 2859 1260 2931; x_wconf 84' lang='grc' dir='ltr'>τὴν</span> <span class='ocrx_word' id='word_1_356' title='bbox 1287 2860 1451 2931; x_wconf 86' lang='grc' dir='ltr'>εύχὴν</span> <span class='ocrx_word' id='word_1_357' title='bbox 1474 2859 1641 2913; x_wconf 85' lang='grc' dir='ltr'>αὐτοῦ</span> <span class='ocrx_word' id='word_1_358' title='bbox 1673 2860 1769 2913; x_wconf 90' lang='grc' dir='ltr'><strong>τοῦ</strong></span> <span class='ocrx_word' id='word_1_359' title='bbox 1796 2861 2042 2925; x_wconf 79' lang='grc' dir='ltr'>εἰπόντος</span> 
     </span>
    </p>
   </div>
   <div class='ocr_carea' id='block_1_44' title="bbox 429 2945 2035 3024">
    <p class='ocr_par' dir='ltr' id='par_1_44' title="bbox 429 2945 2035 3024">
     <span class='ocr_line' id='line_1_44' title="bbox 429 2945 2035 3024; baseline 0.003 -25"><span class='ocrx_word' id='word_1_360' title='bbox 429 2959 433 2964; x_wconf 81' lang='lat'><em>‘</em></span> <span class='ocrx_word' id='word_1_361' title='bbox 460 2945 528 3000; x_wconf 79' lang='grc' dir='ltr'><strong>ἂν</strong></span> <span class='ocrx_word' id='word_1_362' title='bbox 560 2947 750 3019; x_wconf 48' lang='lat' dir='ltr'><strong>abegi)&quot;</strong></span> <span class='ocrx_word' id='word_1_363' title='bbox 779 2968 797 3000; x_wconf 79' lang='grc' dir='ltr'><strong>ι</strong></span> <span class='ocrx_word' id='word_1_364' title='bbox 823 2950 956 3021; x_wconf 74' lang='grc' dir='ltr'>Πρὶν</span> <span class='ocrx_word' id='word_1_365' title='bbox 988 2951 1213 3022; x_wconf 88' lang='grc' dir='ltr'>λαλῆσαί</span> <span class='ocrx_word' id='word_1_366' title='bbox 1257 2968 1338 3016; x_wconf 90' lang='grc' dir='ltr'><strong>σε,</strong></span> <span class='ocrx_word' id='word_1_367' title='bbox 1378 2952 1519 3023; x_wconf 67' lang='grc' dir='ltr'>ἐρῶ*</span> <span class='ocrx_word' id='word_1_368' title='bbox 1562 2952 1693 3006; x_wconf 81' lang='grc' dir='ltr'>Ἰδοὺ</span> <span class='ocrx_word' id='word_1_369' title='bbox 1727 2953 1986 3024; x_wconf 89' lang='grc' dir='ltr'>πάρειμι,</span> <span class='ocrx_word' id='word_1_370' title='bbox 2015 2971 2035 3004; x_wconf 71' lang='grc' dir='ltr'><strong>ι</strong></span> 
     </span>
    </p>
   </div>
   <div class='ocr_carea' id='block_1_45' title="bbox 461 3040 2039 3114">
    <p class='ocr_par' dir='ltr' id='par_1_45' title="bbox 461 3040 2039 3114">
     <span class='ocr_line' id='line_1_45' title="bbox 461 3040 2039 3114; baseline 0.004 -24"><span class='ocrx_word' id='word_1_371' title='bbox 461 3040 579 3092; x_wconf 79' lang='grc' dir='ltr'>ἀντὶ</span> <span class='ocrx_word' id='word_1_372' title='bbox 619 3040 718 3110; x_wconf 89' lang='grc' dir='ltr'><strong>τῆς</strong></span> <span class='ocrx_word' id='word_1_373' title='bbox 747 3041 889 3094; x_wconf 89' lang='grc' dir='ltr'><strong>κατά</strong></span> <span class='ocrx_word' id='word_1_374' title='bbox 930 3042 1189 3114; x_wconf 88' lang='grc' dir='ltr'>πρόθεσιν</span> <span class='ocrx_word' id='word_1_375' title='bbox 1233 3042 1299 3096; x_wconf 88' lang='grc' dir='ltr'><strong>ἂν</strong></span> <span class='ocrx_word' id='word_1_376' title='bbox 1340 3043 1623 3114; x_wconf 81' lang='grc' dir='ltr'>λεχθείσης</span> <span class='ocrx_word' id='word_1_377' title='bbox 1662 3043 1832 3114; x_wconf 76' lang='grc' dir='ltr'>εὐχῆς</span> <span class='ocrx_word' id='word_1_378' title='bbox 1891 3042 2039 3112; x_wconf 86' lang='grc' dir='ltr'>λέγει</span> 
     </span>
    </p>
   </div>
   <div class='ocr_carea' id='block_1_46' title="bbox 2142 1945 3717 2015">
    <p class='ocr_par' dir='ltr' id='par_1_46' title="bbox 2142 1945 3717 2015">
     <span class='ocr_line' id='line_1_46' title="bbox 2142 1945 3717 2015; baseline 0.001 -14"><span class='ocrx_word' id='word_1_379' title='bbox 2142 1962 2334 2015; x_wconf 87' lang='lat' dir='ltr'><strong>prece:</strong></span> <span class='ocrx_word' id='word_1_380' title='bbox 2376 1966 2395 1998; x_wconf 77' lang='grc' dir='ltr'><strong>ι</strong></span> <span class='ocrx_word' id='word_1_381' title='bbox 2436 1945 2608 2000; x_wconf 86' lang='lat' dir='ltr'><strong>Etiam</strong></span> <span class='ocrx_word' id='word_1_382' title='bbox 2637 1947 2814 2001; x_wconf 85' lang='lat' dir='ltr'><strong>adhuc</strong></span> <span class='ocrx_word' id='word_1_383' title='bbox 2863 1945 3120 2015; x_wconf 90' lang='lat' dir='ltr'><strong>loquente</strong></span> <span class='ocrx_word' id='word_1_384' title='bbox 3167 1957 3251 2015; x_wconf 67' lang='lat' dir='ltr'><strong>te,</strong></span> <span class='ocrx_word' id='word_1_385' title='bbox 3307 1947 3520 2000; x_wconf 87' lang='lat' dir='ltr'><strong>dicam:</strong></span> <span class='ocrx_word' id='word_1_386' title='bbox 3574 1947 3717 2002; x_wconf 85' lang='lat' dir='ltr'><strong>Ecce</strong></span> 
     </span>
    </p>
   </div>
   <div class='ocr_carea' id='block_1_47' title="bbox 2141 2011 3715 2107">
    <p class='ocr_par' dir='ltr' id='par_1_47' title="bbox 2141 2011 3715 2107">
     <span class='ocr_line' id='line_1_47' title="bbox 2141 2011 3715 2107; baseline 0 -14"><span class='ocrx_word' id='word_1_387' title='bbox 2141 2011 2332 2093; x_wconf 77' lang='lat' dir='ltr'><strong>adsum</strong></span> <span class='ocrx_word' id='word_1_388' title='bbox 2353 2038 2421 2101; x_wconf 85' lang='lat'><strong>&quot;,</strong></span> <span class='ocrx_word' id='word_1_389' title='bbox 2455 2058 2474 2090; x_wconf 77' lang='grc' dir='ltr'><strong>ι</strong></span> <span class='ocrx_word' id='word_1_390' title='bbox 2505 2037 2637 2107; x_wconf 88' lang='lat' dir='ltr'><strong>quid</strong></span> <span class='ocrx_word' id='word_1_391' title='bbox 2662 2011 2992 2092; x_wconf 74' lang='lat' dir='ltr'><strong>censendum</strong></span> <span class='ocrx_word' id='word_1_392' title='bbox 3018 2047 3098 2092; x_wconf 88' lang='lat' dir='ltr'><strong>est</strong></span> <span class='ocrx_word' id='word_1_393' title='bbox 3119 2038 3182 2090; x_wconf 88' lang='lat' dir='ltr'><strong>de</strong></span> <span class='ocrx_word' id='word_1_394' title='bbox 3209 2011 3499 2092; x_wconf 49' lang='lat' dir='ltr'><strong>gervatore</strong></span> <span class='ocrx_word' id='word_1_395' title='bbox 3530 2048 3585 2092; x_wconf 88' lang='lat' dir='ltr'><strong>et</strong></span> <span class='ocrx_word' id='word_1_396' title='bbox 3611 2039 3715 2093; x_wconf 93' lang='lat' dir='ltr'><strong>Do-</strong></span> 
     </span>
    </p>
   </div>
   <div class='ocr_carea' id='block_1_48' title="bbox 2143 2129 3710 2198">
    <p class='ocr_par' dir='ltr' id='par_1_48' title="bbox 2143 2129 3710 2198">
     <span class='ocr_line' id='line_1_48' title="bbox 2143 2129 3710 2198; baseline 0 -15"><span class='ocrx_word' id='word_1_397' title='bbox 2143 2129 2330 2184; x_wconf 88' lang='lat' dir='ltr'><strong>mino?</strong></span> <span class='ocrx_word' id='word_1_398' title='bbox 2358 2143 2536 2184; x_wconf 90' lang='lat' dir='ltr'><strong>nonne</strong></span> <span class='ocrx_word' id='word_1_399' title='bbox 2557 2129 2687 2182; x_wconf 84' lang='lat' dir='ltr'><strong>hoc:</strong></span> <span class='ocrx_word' id='word_1_400' title='bbox 2726 2147 2745 2180; x_wconf 84' lang='grc' dir='ltr'><strong>ι</strong></span> <span class='ocrx_word' id='word_1_401' title='bbox 2775 2129 3078 2198; x_wconf 87' lang='lat' dir='ltr'><strong>Antequam</strong></span> <span class='ocrx_word' id='word_1_402' title='bbox 3107 2129 3352 2198; x_wconf 87' lang='lat' dir='ltr'><strong>loquaris</strong></span> <span class='ocrx_word' id='word_1_403' title='bbox 3379 2139 3459 2194; x_wconf 90' lang='lat' dir='ltr'><strong>tu,</strong></span> <span class='ocrx_word' id='word_1_404' title='bbox 3493 2129 3710 2183; x_wconf 87' lang='lat' dir='ltr'><strong>dicam:</strong></span> 
     </span>
    </p>
   </div>
   <div class='ocr_carea' id='block_1_49' title="bbox 2141 2220 3712 2289">
    <p class='ocr_par' dir='ltr' id='par_1_49' title="bbox 2141 2220 3712 2289">
     <span class='ocr_line' id='line_1_49' title="bbox 2141 2220 3712 2289; baseline -0.001 -14"><span class='ocrx_word' id='word_1_405' title='bbox 2141 2221 2280 2276; x_wconf 86' lang='lat' dir='ltr'><strong>Ecce</strong></span> <span class='ocrx_word' id='word_1_406' title='bbox 2298 2220 2526 2274; x_wconf 90' lang='lat' dir='ltr'><strong>adsum?</strong></span> <span class='ocrx_word' id='word_1_407' title='bbox 2555 2240 2572 2271; x_wconf 81' lang='grc' dir='ltr'><strong>ι</strong></span> <span class='ocrx_word' id='word_1_408' title='bbox 2607 2220 2778 2274; x_wconf 86' lang='lat' dir='ltr'><strong>Simul</strong></span> <span class='ocrx_word' id='word_1_409' title='bbox 2806 2221 2949 2274; x_wconf 88' lang='lat' dir='ltr'><strong>enim</strong></span> <span class='ocrx_word' id='word_1_410' title='bbox 2983 2239 3002 2271; x_wconf 78' lang='grc' dir='ltr'><strong>ι</strong></span> <span class='ocrx_word' id='word_1_411' title='bbox 3025 2220 3244 2276; x_wconf 91' lang='lat' dir='ltr'><strong>sustulit</strong></span> <span class='ocrx_word' id='word_1_412' title='bbox 3262 2220 3447 2276; x_wconf 86' lang='lat' dir='ltr'><strong>oculos</strong></span> <span class='ocrx_word' id='word_1_413' title='bbox 3472 2235 3712 2289; x_wconf 87' lang='lat' dir='ltr'><strong>sursum,</strong></span> 
     </span>
    </p>
   </div>
   <div class='ocr_carea' id='block_1_50' title="bbox 2141 2311 3714 2382">
    <p class='ocr_par' dir='ltr' id='par_1_50' title="bbox 2141 2311 3714 2382">
     <span class='ocr_line' id='line_1_50' title="bbox 2141 2311 3714 2382; baseline 0.002 -16"><span class='ocrx_word' id='word_1_414' title='bbox 2141 2323 2197 2366; x_wconf 88' lang='lat' dir='ltr'><strong>et</strong></span> <span class='ocrx_word' id='word_1_415' title='bbox 2225 2313 2380 2366; x_wconf 80' lang='lat' dir='ltr'><strong>dixit.</strong></span> <span class='ocrx_word' id='word_1_416' title='bbox 2412 2331 2432 2364; x_wconf 74' lang='grc' dir='ltr'><strong>ι</strong></span> <span class='ocrx_word' id='word_1_417' title='bbox 2468 2311 2608 2378; x_wconf 86' lang='lat' dir='ltr'><strong>Quid</strong></span> <span class='ocrx_word' id='word_1_418' title='bbox 2635 2313 2806 2367; x_wconf 80' lang='lat' dir='ltr'><strong>dixit?</strong></span> <span class='ocrx_word' id='word_1_419' title='bbox 2827 2311 2883 2367; x_wconf 90' lang='lat' dir='ltr'><strong>Si</strong></span> <span class='ocrx_word' id='word_1_420' title='bbox 2915 2312 3028 2366; x_wconf 81' lang='lat' dir='ltr'><strong>fieri</strong></span> <span class='ocrx_word' id='word_1_421' title='bbox 3059 2322 3238 2382; x_wconf 88' lang='lat' dir='ltr'><strong>potest</strong></span> <span class='ocrx_word' id='word_1_422' title='bbox 3265 2323 3324 2366; x_wconf 86' lang='grc' dir='ltr'><strong>ιιι</strong></span> <span class='ocrx_word' id='word_1_423' title='bbox 3347 2313 3714 2381; x_wconf 85' lang='lat' dir='ltr'><strong>conjectemus</strong></span> 
     </span>
    </p>
   </div>
   <div class='ocr_carea' id='block_1_51' title="bbox 2143 2403 3713 2474">
    <p class='ocr_par' dir='ltr' id='par_1_51' title="bbox 2143 2403 3713 2474">
     <span class='ocr_line' id='line_1_51' title="bbox 2143 2403 3713 2474; baseline 0 -15"><span class='ocrx_word' id='word_1_424' title='bbox 2143 2405 2198 2459; x_wconf 88' lang='lat' dir='ltr'><strong>in</strong></span> <span class='ocrx_word' id='word_1_425' title='bbox 2237 2405 2452 2471; x_wconf 86' lang='lat' dir='ltr'><strong>talibus,</strong></span> <span class='ocrx_word' id='word_1_426' title='bbox 2483 2403 2644 2474; x_wconf 80' lang='lat'><strong>375</strong></span> <span class='ocrx_word' id='word_1_427' title='bbox 2676 2413 3073 2473; x_wconf 84' lang='lat' dir='ltr'><strong>consequenter</strong></span> <span class='ocrx_word' id='word_1_428' title='bbox 3103 2405 3232 2458; x_wconf 89' lang='lat' dir='ltr'><strong>huic</strong></span> <span class='ocrx_word' id='word_1_429' title='bbox 3261 2404 3444 2458; x_wconf 90' lang='lat' dir='ltr'><strong>dicto:</strong></span> <span class='ocrx_word' id='word_1_430' title='bbox 3490 2422 3510 2455; x_wconf 75' lang='grc' dir='ltr'><strong>ι</strong></span> <span class='ocrx_word' id='word_1_431' title='bbox 3542 2404 3713 2459; x_wconf 84' lang='lat' dir='ltr'><strong>Ante-</strong></span> 
     </span>
    </p>
   </div>
   <div class='ocr_carea' id='block_1_52' title="bbox 2140 2496 3713 2566">
    <p class='ocr_par' dir='ltr' id='par_1_52' title="bbox 2140 2496 3713 2566">
     <span class='ocr_line' id='line_1_52' title="bbox 2140 2496 3713 2566; baseline 0.001 -16"><span class='ocrx_word' id='word_1_432' title='bbox 2140 2511 2304 2566; x_wconf 85' lang='lat' dir='ltr'><strong>quam</strong></span> <span class='ocrx_word' id='word_1_433' title='bbox 2337 2496 2577 2566; x_wconf 89' lang='lat' dir='ltr'><strong>loquaris</strong></span> <span class='ocrx_word' id='word_1_434' title='bbox 2611 2507 2688 2561; x_wconf 91' lang='lat' dir='ltr'><strong>tu,</strong></span> <span class='ocrx_word' id='word_1_435' title='bbox 2730 2496 2907 2562; x_wconf 68' lang='lat' dir='ltr'><strong>dicam</strong></span> <span class='ocrx_word' id='word_1_436' title='bbox 2937 2513 2951 2550; x_wconf 89' lang='lat'><strong>:</strong></span> <span class='ocrx_word' id='word_1_437' title='bbox 2985 2496 3122 2550; x_wconf 84' lang='lat' dir='ltr'><strong>Ecce</strong></span> <span class='ocrx_word' id='word_1_438' title='bbox 3154 2496 3364 2562; x_wconf 87' lang='lat' dir='ltr'><strong>adsum,</strong></span> <span class='ocrx_word' id='word_1_439' title='bbox 3399 2515 3416 2548; x_wconf 77' lang='grc' dir='ltr'><strong>ι</strong></span> <span class='ocrx_word' id='word_1_440' title='bbox 3453 2506 3510 2550; x_wconf 88' lang='grc' dir='ltr'><strong>ιιι</strong></span> <span class='ocrx_word' id='word_1_441' title='bbox 3539 2497 3713 2565; x_wconf 80' lang='lat' dir='ltr'><strong>majus</strong></span> 
     </span>
    </p>
   </div>
   <div class='ocr_carea' id='block_1_53' title="bbox 2141 2586 3715 2658">
    <p class='ocr_par' dir='ltr' id='par_1_53' title="bbox 2141 2586 3715 2658">
     <span class='ocr_line' id='line_1_53' title="bbox 2141 2586 3715 2658; baseline 0 -15"><span class='ocrx_word' id='word_1_442' title='bbox 2141 2590 2209 2643; x_wconf 90' lang='lat' dir='ltr'><strong>sit</strong></span> <span class='ocrx_word' id='word_1_443' title='bbox 2239 2587 2385 2658; x_wconf 90' lang='lat' dir='ltr'><strong>quod</strong></span> <span class='ocrx_word' id='word_1_444' title='bbox 2419 2588 2621 2642; x_wconf 89' lang='lat' dir='ltr'><strong>dicitur</strong></span> <span class='ocrx_word' id='word_1_445' title='bbox 2666 2587 2732 2641; x_wconf 90' lang='lat' dir='ltr'><strong>ad</strong></span> <span class='ocrx_word' id='word_1_446' title='bbox 2766 2586 3147 2654; x_wconf 88' lang='lat' dir='ltr'><strong>Servatorem,</strong></span> <span class='ocrx_word' id='word_1_447' title='bbox 3199 2601 3358 2655; x_wconf 88' lang='lat' dir='ltr'><strong>quam</strong></span> <span class='ocrx_word' id='word_1_448' title='bbox 3406 2589 3548 2656; x_wconf 85' lang='lat' dir='ltr'><strong>quod</strong></span> <span class='ocrx_word' id='word_1_449' title='bbox 3577 2588 3715 2643; x_wconf 85' lang='lat' dir='ltr'><strong>scri-</strong></span> 
     </span>
    </p>
   </div>
   <div class='ocr_carea' id='block_1_54' title="bbox 2141 2678 3712 2748">
    <p class='ocr_par' dir='ltr' id='par_1_54' title="bbox 2141 2678 3712 2748">
     <span class='ocr_line' id='line_1_54' title="bbox 2141 2678 3712 2748; baseline 0.001 -16"><span class='ocrx_word' id='word_1_450' title='bbox 2141 2689 2290 2748; x_wconf 89' lang='lat' dir='ltr'><strong>ptum</strong></span> <span class='ocrx_word' id='word_1_451' title='bbox 2320 2678 2484 2733; x_wconf 76' lang='lat' dir='ltr'><strong>fuerit</strong></span> <span class='ocrx_word' id='word_1_452' title='bbox 2515 2678 2566 2732; x_wconf 92' lang='lat' dir='ltr'><strong>in</strong></span> <span class='ocrx_word' id='word_1_453' title='bbox 2617 2679 3020 2747; x_wconf 72' lang='lat' dir='ltr'><strong>promissione,</strong></span> <span class='ocrx_word' id='word_1_454' title='bbox 3071 2694 3192 2746; x_wconf 88' lang='lat' dir='ltr'><strong>quae</strong></span> <span class='ocrx_word' id='word_1_455' title='bbox 3237 2687 3320 2732; x_wconf 88' lang='lat' dir='ltr'><strong>est</strong></span> <span class='ocrx_word' id='word_1_456' title='bbox 3362 2680 3428 2732; x_wconf 92' lang='lat' dir='ltr'><strong>ad</strong></span> <span class='ocrx_word' id='word_1_457' title='bbox 3470 2689 3712 2746; x_wconf 78' lang='lat' dir='ltr'><strong>sanctos,</strong></span> 
     </span>
    </p>
   </div>
   <div class='ocr_carea' id='block_1_55' title="bbox 2142 2768 3710 2839">
    <p class='ocr_par' dir='ltr' id='par_1_55' title="bbox 2142 2768 3710 2839">
     <span class='ocr_line' id='line_1_55' title="bbox 2142 2768 3710 2839; baseline 0 -17"><span class='ocrx_word' id='word_1_458' title='bbox 2142 2784 2369 2839; x_wconf 87' lang='lat' dir='ltr'><strong>nempe:</strong></span> <span class='ocrx_word' id='word_1_459' title='bbox 2402 2787 2424 2822; x_wconf 81' lang='grc' dir='ltr'><strong>ι</strong></span> <span class='ocrx_word' id='word_1_460' title='bbox 2453 2771 2646 2824; x_wconf 84' lang='lat' dir='ltr'><strong>Adhuc</strong></span> <span class='ocrx_word' id='word_1_461' title='bbox 2668 2779 2718 2823; x_wconf 92' lang='lat' dir='ltr'><strong>te</strong></span> <span class='ocrx_word' id='word_1_462' title='bbox 2745 2769 3019 2838; x_wconf 84' lang='lat' dir='ltr'><strong>loquente,</strong></span> <span class='ocrx_word' id='word_1_463' title='bbox 3041 2771 3218 2823; x_wconf 88' lang='lat' dir='ltr'><strong>dicam</strong></span> <span class='ocrx_word' id='word_1_464' title='bbox 3247 2787 3260 2823; x_wconf 94' lang='lat'><strong>:</strong></span> <span class='ocrx_word' id='word_1_465' title='bbox 3287 2768 3428 2824; x_wconf 85' lang='lat' dir='ltr'><strong>Ecce</strong></span> <span class='ocrx_word' id='word_1_466' title='bbox 3449 2770 3660 2824; x_wconf 89' lang='lat' dir='ltr'><strong>adsum.</strong></span> <span class='ocrx_word' id='word_1_467' title='bbox 3685 2785 3710 2822; x_wconf 63' lang='grc' dir='ltr'><strong>ιι</strong></span> 
     </span>
    </p>
   </div>
   <div class='ocr_carea' id='block_1_56' title="bbox 2140 2858 3711 2929">
    <p class='ocr_par' dir='ltr' id='par_1_56' title="bbox 2140 2858 3711 2929">
     <span class='ocr_line' id='line_1_56' title="bbox 2140 2858 3711 2929; baseline 0.001 -17"><span class='ocrx_word' id='word_1_468' title='bbox 2140 2861 2300 2928; x_wconf 87' lang='lat' dir='ltr'><strong>Quid,</strong></span> <span class='ocrx_word' id='word_1_469' title='bbox 2324 2859 2576 2929; x_wconf 79' lang='lat' dir='ltr'><strong>inquam,</strong></span> <span class='ocrx_word' id='word_1_470' title='bbox 2606 2858 2781 2913; x_wconf 79' lang='lat' dir='ltr'><strong>dixit?</strong></span> <span class='ocrx_word' id='word_1_471' title='bbox 2804 2859 3162 2927; x_wconf 86' lang='lat' dir='ltr'><strong>Proposuerat</strong></span> <span class='ocrx_word' id='word_1_472' title='bbox 3194 2859 3454 2914; x_wconf 88' lang='lat' dir='ltr'><strong>Servator</strong></span> <span class='ocrx_word' id='word_1_473' title='bbox 3479 2860 3711 2928; x_wconf 87' lang='lat' dir='ltr'><strong>precari,</strong></span> 
     </span>
    </p>
   </div>
   <div class='ocr_carea' id='block_1_57' title="bbox 2141 2949 3714 3020">
    <p class='ocr_par' dir='ltr' id='par_1_57' title="bbox 2141 2949 3714 3020">
     <span class='ocr_line' id='line_1_57' title="bbox 2141 2949 3714 3020; baseline -0.001 -12"><span class='ocrx_word' id='word_1_474' title='bbox 2141 2953 2238 3008; x_wconf 87' lang='lat' dir='ltr'><strong>sed</strong></span> <span class='ocrx_word' id='word_1_475' title='bbox 2293 2958 2704 3018; x_wconf 72' lang='lat' dir='ltr'><strong>prteoccupante</strong></span> <span class='ocrx_word' id='word_1_476' title='bbox 2747 2949 2891 3004; x_wconf 91' lang='lat' dir='ltr'><strong>illius</strong></span> <span class='ocrx_word' id='word_1_477' title='bbox 2939 2950 3312 3018; x_wconf 84' lang='lat' dir='ltr'><strong>precationem</strong></span> <span class='ocrx_word' id='word_1_478' title='bbox 3374 2951 3466 3005; x_wconf 92' lang='lat' dir='ltr'><strong>illo</strong></span> <span class='ocrx_word' id='word_1_479' title='bbox 3520 2951 3612 3020; x_wconf 88' lang='lat' dir='ltr'><strong>qui</strong></span> <span class='ocrx_word' id='word_1_480' title='bbox 3660 2951 3714 3006; x_wconf 91' lang='lat' dir='ltr'><strong>ei</strong></span> 
     </span>
    </p>
   </div>
   <div class='ocr_carea' id='block_1_58' title="bbox 2139 3025 3715 3118">
    <p class='ocr_par' dir='ltr' id='par_1_58' title="bbox 2139 3025 3715 3118">
     <span class='ocr_line' id='line_1_58' title="bbox 2139 3025 3715 3118; baseline -0.001 -23"><span class='ocrx_word' id='word_1_481' title='bbox 2139 3041 2360 3096; x_wconf 83' lang='lat' dir='ltr'><strong>dixerat</strong></span> <span class='ocrx_word' id='word_1_482' title='bbox 2387 3056 2401 3092; x_wconf 90' lang='lat'><strong>:</strong></span> <span class='ocrx_word' id='word_1_483' title='bbox 2435 3056 2454 3090; x_wconf 79' lang='grc' dir='ltr'><strong>ι</strong></span> <span class='ocrx_word' id='word_1_484' title='bbox 2483 3025 2804 3118; x_wconf 63' lang='lat' dir='ltr'><strong>Antequam</strong></span> <span class='ocrx_word' id='word_1_485' title='bbox 2827 3037 3070 3108; x_wconf 78' lang='lat' dir='ltr'><strong>loquaris</strong></span> <span class='ocrx_word' id='word_1_486' title='bbox 3097 3048 3176 3103; x_wconf 91' lang='lat' dir='ltr'><strong>tu,</strong></span> <span class='ocrx_word' id='word_1_487' title='bbox 3204 3040 3384 3095; x_wconf 88' lang='lat' dir='ltr'><strong>dicam</strong></span> <span class='ocrx_word' id='word_1_488' title='bbox 3411 3056 3424 3092; x_wconf 89' lang='lat'><strong>:</strong></span> <span class='ocrx_word' id='word_1_489' title='bbox 3455 3039 3594 3095; x_wconf 87' lang='lat' dir='ltr'><strong>Ecce</strong></span> <span class='ocrx_word' id='word_1_490' title='bbox 3614 3041 3715 3095; x_wconf 88' lang='lat' dir='ltr'><strong>ad-</strong></span> 
     </span>
    </p>
   </div>
   <div class='ocr_carea' id='block_1_59' title="bbox 429 3128 2035 3207">
    <p class='ocr_par' dir='ltr' id='par_1_59' title="bbox 429 3129 2035 3207">
     <span class='ocr_line' id='line_1_59' title="bbox 429 3129 2035 3207; baseline 0.006 -28"><span class='ocrx_word' id='word_1_491' title='bbox 429 3129 555 3199; x_wconf 65' lang='grc' dir='ltr'>ῖτὴν</span> <span class='ocrx_word' id='word_1_492' title='bbox 579 3131 670 3182; x_wconf 72' lang='grc' dir='ltr'><strong>ἐπὶ</strong></span> <span class='ocrx_word' id='word_1_493' title='bbox 707 3129 784 3200; x_wconf 83' lang='grc' dir='ltr'>τῷ</span> <span class='ocrx_word' id='word_1_494' title='bbox 826 3131 1148 3202; x_wconf 88' lang='grc' dir='ltr'>προλαϐόντι</span> <span class='ocrx_word' id='word_1_495' title='bbox 1191 3132 1290 3204; x_wconf 84' lang='grc' dir='ltr'><strong>τὴν</strong></span> <span class='ocrx_word' id='word_1_496' title='bbox 1334 3133 1498 3206; x_wconf 78' lang='grc' dir='ltr'>εὐχὴν</span> <span class='ocrx_word' id='word_1_497' title='bbox 1529 3134 1906 3207; x_wconf 57' lang='grc' dir='ltr'>εὐχαριστίαν</span> <span class='ocrx_word' id='word_1_498' title='bbox 1943 3137 2035 3188; x_wconf 81' lang='grc' dir='ltr'><strong>καὶ</strong></span> 
     </span>
    </p>
   </div>
   <div class='ocr_carea' id='block_1_60' title="bbox 2134 3128 3714 3207">
    <p class='ocr_par' dir='ltr' id='par_1_60' title="bbox 2141 3128 3714 3198">
     <span class='ocr_line' id='line_1_60' title="bbox 2141 3128 3714 3198; baseline 0 -15"><span class='ocrx_word' id='word_1_499' title='bbox 2141 3144 2298 3195; x_wconf 84' lang='lat' dir='ltr'><strong>sum,</strong></span> <span class='ocrx_word' id='word_1_500' title='bbox 2337 3147 2356 3181; x_wconf 79' lang='grc' dir='ltr'><strong>ι</strong></span> <span class='ocrx_word' id='word_1_501' title='bbox 2418 3142 2516 3197; x_wconf 92' lang='lat' dir='ltr'><strong>pro</strong></span> <span class='ocrx_word' id='word_1_502' title='bbox 2561 3129 2914 3196; x_wconf 86' lang='lat' dir='ltr'><strong>precatione,</strong></span> <span class='ocrx_word' id='word_1_503' title='bbox 2951 3142 3117 3196; x_wconf 90' lang='lat' dir='ltr'><strong>quam</strong></span> <span class='ocrx_word' id='word_1_504' title='bbox 3166 3128 3351 3183; x_wconf 88' lang='lat' dir='ltr'><strong>animo</strong></span> <span class='ocrx_word' id='word_1_505' title='bbox 3397 3138 3714 3198; x_wconf 83' lang='lat' dir='ltr'><strong>conceptam</strong></span> 
     </span>
    </p>
   </div>
   <div class='ocr_carea' id='block_1_61' title="bbox 459 3218 2038 3295">
    <p class='ocr_par' dir='ltr' id='par_1_61' title="bbox 459 3218 2038 3295">
     <span class='ocr_line' id='line_1_61' title="bbox 459 3218 2038 3295; baseline 0.003 -23"><span class='ocrx_word' id='word_1_506' title='bbox 459 3219 534 3283; x_wconf 80' lang='grc' dir='ltr'>ὠς</span> <span class='ocrx_word' id='word_1_507' title='bbox 562 3220 916 3285; x_wconf 78' lang='grc' dir='ltr'>ὲπακουσθεὶς</span> <span class='ocrx_word' id='word_1_508' title='bbox 943 3224 1028 3292; x_wconf 73' lang='grc' dir='ltr'><strong>ἐφ’</strong></span> <span class='ocrx_word' id='word_1_509' title='bbox 1047 3218 1128 3287; x_wconf 78' lang='grc' dir='ltr'>οἷς</span> <span class='ocrx_word' id='word_1_510' title='bbox 1164 3223 1412 3294; x_wconf 76' lang='grc' dir='ltr'>ἐνενόησε</span> <span class='ocrx_word' id='word_1_511' title='bbox 1447 3222 1626 3294; x_wconf 90' lang='grc' dir='ltr'>μόνον,</span> <span class='ocrx_word' id='word_1_512' title='bbox 1650 3224 1711 3276; x_wconf 84' lang='grc' dir='ltr'><strong>οὐ</strong></span> <span class='ocrx_word' id='word_1_513' title='bbox 1734 3225 2038 3295; x_wconf 82' lang='grc' dir='ltr'>προήνεγκε</span> 
     </span>
    </p>
   </div>
   <div class='ocr_carea' id='block_1_62' title="bbox 459 3310 2038 3387">
    <p class='ocr_par' dir='ltr' id='par_1_62' title="bbox 459 3310 2038 3387">
     <span class='ocr_line' id='line_1_62' title="bbox 459 3310 2038 3387; baseline 0.001 -23"><span class='ocrx_word' id='word_1_514' title='bbox 459 3311 514 3364; x_wconf 77' lang='grc' dir='ltr'>δὲ</span> <span class='ocrx_word' id='word_1_515' title='bbox 540 3311 619 3380; x_wconf 82' lang='grc' dir='ltr'>τῷ</span> <span class='ocrx_word' id='word_1_516' title='bbox 655 3310 928 3383; x_wconf 75' lang='grc' dir='ltr'>εὔχεσθαι,</span> <span class='ocrx_word' id='word_1_517' title='bbox 969 3314 1137 3385; x_wconf 86' lang='grc' dir='ltr'>φησί·</span> <span class='ocrx_word' id='word_1_518' title='bbox 1189 3332 1208 3365; x_wconf 77' lang='grc' dir='ltr'><strong>ι</strong></span> <span class='ocrx_word' id='word_1_519' title='bbox 1233 3314 1436 3386; x_wconf 87' lang='grc' dir='ltr'>Πάτερ,</span> <span class='ocrx_word' id='word_1_520' title='bbox 1479 3313 1786 3387; x_wconf 87' lang='grc' dir='ltr'>εὐχαριστῶ</span> <span class='ocrx_word' id='word_1_521' title='bbox 1815 3332 1930 3379; x_wconf 90' lang='grc' dir='ltr'>σοι,</span> <span class='ocrx_word' id='word_1_522' title='bbox 1959 3314 2038 3368; x_wconf 85' lang='grc' dir='ltr'>ὅτι</span> 
     </span>
    </p>
   </div>
   <div class='ocr_carea' id='block_1_63' title="bbox 459 3402 2039 3478">
    <p class='ocr_par' dir='ltr' id='par_1_63' title="bbox 459 3402 2039 3478">
     <span class='ocr_line' id='line_1_63' title="bbox 459 3402 2039 3478; baseline 0.001 -23"><span class='ocrx_word' id='word_1_523' title='bbox 459 3402 695 3472; x_wconf 78' lang='grc' dir='ltr'>ἤκουσάς</span> <span class='ocrx_word' id='word_1_524' title='bbox 746 3422 868 3474; x_wconf 90' lang='grc' dir='ltr'>μου.</span> <span class='ocrx_word' id='word_1_525' title='bbox 897 3423 916 3456; x_wconf 73' lang='grc' dir='ltr'><strong>ι</strong></span> <span class='ocrx_word' id='word_1_526' title='bbox 955 3405 1218 3476; x_wconf 78' lang='grc' dir='ltr'>Ἐμελλεν</span> <span class='ocrx_word' id='word_1_527' title='bbox 1277 3402 1370 3460; x_wconf 84' lang='grc' dir='ltr'><strong>οὖν</strong></span> <span class='ocrx_word' id='word_1_528' title='bbox 1420 3405 1675 3476; x_wconf 83' lang='grc' dir='ltr'>εῦχεσθαι</span> <span class='ocrx_word' id='word_1_529' title='bbox 1746 3406 1876 3478; x_wconf 76' lang='grc' dir='ltr'>περὶ</span> <span class='ocrx_word' id='word_1_530' title='bbox 1937 3405 2039 3475; x_wconf 88' lang='grc' dir='ltr'><strong>τῆς</strong></span> 
     </span>
    </p>
   </div>
   <div class='ocr_carea' id='block_1_64' title="bbox 458 3490 2039 3566">
    <p class='ocr_par' dir='ltr' id='par_1_64' title="bbox 458 3490 2039 3566">
     <span class='ocr_line' id='line_1_64' title="bbox 458 3490 2039 3566; baseline 0.004 -25"><span class='ocrx_word' id='word_1_531' title='bbox 458 3490 706 3564; x_wconf 80' lang='grc' dir='ltr'>Λαζάρου</span> <span class='ocrx_word' id='word_1_532' title='bbox 753 3493 1122 3558; x_wconf 81' lang='grc' dir='ltr'>ἀναστάσεως,</span> <span class='ocrx_word' id='word_1_533' title='bbox 1158 3496 1253 3548; x_wconf 79' lang='grc' dir='ltr'><strong>καὶ</strong></span> <span class='ocrx_word' id='word_1_534' title='bbox 1294 3495 1583 3565; x_wconf 86' lang='grc' dir='ltr'>προλαϐὼν</span> <span class='ocrx_word' id='word_1_535' title='bbox 1623 3494 1790 3548; x_wconf 81' lang='grc' dir='ltr'>αὐτοῦ</span> <span class='ocrx_word' id='word_1_536' title='bbox 1820 3496 1920 3566; x_wconf 82' lang='grc' dir='ltr'>τὴν</span> <span class='ocrx_word' id='word_1_537' title='bbox 1949 3495 2039 3548; x_wconf 84' lang='grc' dir='ltr'>εύ-</span> 
     </span>
    </p>
   </div>
   <div class='ocr_carea' id='block_1_65' title="bbox 459 3581 2038 3660">
    <p class='ocr_par' dir='ltr' id='par_1_65' title="bbox 459 3581 2038 3660">
     <span class='ocr_line' id='line_1_65' title="bbox 459 3581 2038 3660; baseline 0.001 -21"><span class='ocrx_word' id='word_1_538' title='bbox 459 3581 558 3650; x_wconf 82' lang='grc' dir='ltr'><strong>χὴν</strong></span> <span class='ocrx_word' id='word_1_539' title='bbox 597 3581 625 3633; x_wconf 85' lang='grc' dir='ltr'>ὁ</span> <span class='ocrx_word' id='word_1_540' title='bbox 669 3583 829 3653; x_wconf 84' lang='grc' dir='ltr'>μόνος</span> <span class='ocrx_word' id='word_1_541' title='bbox 869 3584 1073 3654; x_wconf 86' lang='grc' dir='ltr'>ἀγαθὸς</span> <span class='ocrx_word' id='word_1_542' title='bbox 1111 3585 1245 3648; x_wconf 80' lang='grc' dir='ltr'>Θεὸς</span> <span class='ocrx_word' id='word_1_543' title='bbox 1291 3587 1384 3640; x_wconf 62' lang='grc' dir='ltr'><strong>καί¹</strong></span> <span class='ocrx_word' id='word_1_544' title='bbox 1430 3588 1643 3660; x_wconf 84' lang='grc' dir='ltr'>Πατὴρ,</span> <span class='ocrx_word' id='word_1_545' title='bbox 1681 3587 1882 3659; x_wconf 70' lang='grc' dir='ltr'>ἤκουσε</span> <span class='ocrx_word' id='word_1_546' title='bbox 1929 3585 2038 3640; x_wconf 88' lang='grc' dir='ltr'><strong>τῶν</strong></span> 
     </span>
    </p>
   </div>
   <div class='ocr_carea' id='block_1_66' title="bbox 462 3673 2038 3752">
    <p class='ocr_par' dir='ltr' id='par_1_66' title="bbox 462 3673 2038 3752">
     <span class='ocr_line' id='line_1_66' title="bbox 462 3673 2038 3752; baseline 0.013 -26"><span class='ocrx_word' id='word_1_547' title='bbox 462 3673 760 3743; x_wconf 87' lang='grc' dir='ltr'>μελλόντων</span> <span class='ocrx_word' id='word_1_548' title='bbox 804 3677 1058 3746; x_wconf 86' lang='grc' dir='ltr'>λέγεσθαι</span> <span class='ocrx_word' id='word_1_549' title='bbox 1082 3681 1139 3733; x_wconf 78' lang='grc' dir='ltr'>ἐν</span> <span class='ocrx_word' id='word_1_550' title='bbox 1169 3682 1234 3752; x_wconf 83' lang='grc' dir='ltr'>τῇ</span> <span class='ocrx_word' id='word_1_551' title='bbox 1278 3683 1433 3752; x_wconf 80' lang='grc' dir='ltr'>εὐχῇ,</span> <span class='ocrx_word' id='word_1_552' title='bbox 1474 3681 1558 3750; x_wconf 80' lang='grc' dir='ltr'><strong>ἐφ’</strong></span> <span class='ocrx_word' id='word_1_553' title='bbox 1589 3675 1671 3744; x_wconf 76' lang='grc' dir='ltr'>οἷς</span> <span class='ocrx_word' id='word_1_554' title='bbox 1716 3682 1775 3733; x_wconf 77' lang='grc' dir='ltr'>ὲν</span> <span class='ocrx_word' id='word_1_555' title='bbox 1817 3679 2038 3751; x_wconf 79' lang='grc' dir='ltr'>ἐπηκόῳ</span> 
     </span>
    </p>
   </div>
   <div class='ocr_carea' id='block_1_67' title="bbox 457 3765 2038 3844">
    <p class='ocr_par' dir='ltr' id='par_1_67' title="bbox 457 3765 2038 3844">
     <span class='ocr_line' id='line_1_67' title="bbox 457 3765 2038 3844; baseline 0.002 -25"><span class='ocrx_word' id='word_1_556' title='bbox 457 3767 547 3820; x_wconf 90' lang='grc' dir='ltr'><strong>τοῦ</strong></span> <span class='ocrx_word' id='word_1_557' title='bbox 595 3771 1018 3842; x_wconf 86' lang='grc' dir='ltr'>περιεστηκότος</span> <span class='ocrx_word' id='word_1_558' title='bbox 1049 3771 1210 3827; x_wconf 83' lang='grc' dir='ltr'>αὐτὸν</span> <span class='ocrx_word' id='word_1_559' title='bbox 1245 3771 1404 3844; x_wconf 76' lang='grc' dir='ltr'>ὄχλου</span> <span class='ocrx_word' id='word_1_560' title='bbox 1435 3765 1750 3842; x_wconf 86' lang='grc' dir='ltr'>ἀναπέμπει</span> <span class='ocrx_word' id='word_1_561' title='bbox 1791 3770 1913 3824; x_wconf 77' lang='grc' dir='ltr'>ἀντὶ</span> <span class='ocrx_word' id='word_1_562' title='bbox 1954 3770 2038 3822; x_wconf 81' lang='grc' dir='ltr'>εύ-</span> 
     </span>
    </p>
   </div>
   <div class='ocr_carea' id='block_1_68' title="bbox 458 3859 2035 3934">
    <p class='ocr_par' dir='ltr' id='par_1_68' title="bbox 458 3859 2035 3934">
     <span class='ocr_line' id='line_1_68' title="bbox 458 3859 2035 3934; baseline -0.006 -12"><span class='ocrx_word' id='word_1_563' title='bbox 458 3859 558 3928; x_wconf 80' lang='grc' dir='ltr'><strong>χῆς</strong></span> <span class='ocrx_word' id='word_1_564' title='bbox 601 3861 952 3932; x_wconf 81' lang='grc' dir='ltr'>εὐχαριστίαν</span> <span class='ocrx_word' id='word_1_565' title='bbox 988 3864 1017 3917; x_wconf 89' lang='grc' dir='ltr'>ὁ</span> <span class='ocrx_word' id='word_1_566' title='bbox 1061 3863 1274 3934; x_wconf 80' lang='grc' dir='ltr'>Σωτὴρ,</span> <span class='ocrx_word' id='word_1_567' title='bbox 1302 3863 1396 3916; x_wconf 93' lang='grc' dir='ltr'><strong>δύο</strong></span> <span class='ocrx_word' id='word_1_568' title='bbox 1443 3862 1560 3934; x_wconf 77' lang='grc' dir='ltr'>ἅμα</span> <span class='ocrx_word' id='word_1_569' title='bbox 1585 3863 1774 3927; x_wconf 88' lang='grc' dir='ltr'>ποιῶν,</span> <span class='ocrx_word' id='word_1_570' title='bbox 1811 3860 1904 3914; x_wconf 77' lang='grc' dir='ltr'><strong>καὶ</strong></span> <span class='ocrx_word' id='word_1_571' title='bbox 1947 3862 2035 3914; x_wconf 86' lang='grc' dir='ltr'>εύ-</span> 
     </span>
    </p>
   </div>
   <div class='ocr_carea' id='block_1_69' title="bbox 455 3949 2034 4027">
    <p class='ocr_par' dir='ltr' id='par_1_69' title="bbox 455 3949 2034 4027">
     <span class='ocr_line' id='line_1_69' title="bbox 455 3949 2034 4027; baseline 0.003 -23"><span class='ocrx_word' id='word_1_572' title='bbox 455 3953 732 4022; x_wconf 85' lang='grc' dir='ltr'>χαριστῶν</span> <span class='ocrx_word' id='word_1_573' title='bbox 770 3954 853 4022; x_wconf 79' lang='grc' dir='ltr'><strong>ἐφ’</strong></span> <span class='ocrx_word' id='word_1_574' title='bbox 881 3949 965 4018; x_wconf 77' lang='grc' dir='ltr'>οἷς</span> <span class='ocrx_word' id='word_1_575' title='bbox 1006 3955 1163 4024; x_wconf 79' lang='grc' dir='ltr'>ἔτυχε</span> <span class='ocrx_word' id='word_1_576' title='bbox 1211 3955 1340 4027; x_wconf 76' lang='grc' dir='ltr'>περὶ</span> <span class='ocrx_word' id='word_1_577' title='bbox 1371 3955 1465 4008; x_wconf 88' lang='grc' dir='ltr'><strong>τοῦ</strong></span> <span class='ocrx_word' id='word_1_578' title='bbox 1499 3955 1773 4026; x_wconf 81' lang='grc' dir='ltr'>Λαζάρου,</span> <span class='ocrx_word' id='word_1_579' title='bbox 1811 3957 1904 4010; x_wconf 78' lang='grc' dir='ltr'>καὶ</span> <span class='ocrx_word' id='word_1_580' title='bbox 1943 3973 2034 4009; x_wconf 92' lang='grc' dir='ltr'>πι-</span> 
     </span>
    </p>
   </div>
   <div class='ocr_carea' id='block_1_70' title="bbox 428 4045 2034 4120">
    <p class='ocr_par' dir='ltr' id='par_1_70' title="bbox 428 4045 2034 4120">
     <span class='ocr_line' id='line_1_70' title="bbox 428 4045 2034 4120; baseline 0.004 -24"><span class='ocrx_word' id='word_1_581' title='bbox 428 4045 721 4097; x_wconf 78' lang='grc' dir='ltr'>’στοποιῶν</span> <span class='ocrx_word' id='word_1_582' title='bbox 764 4046 856 4098; x_wconf 81' lang='grc' dir='ltr'><strong>τὸν</strong></span> <span class='ocrx_word' id='word_1_583' title='bbox 902 4047 1298 4118; x_wconf 83' lang='grc' dir='ltr'>περιεστηκότα</span> <span class='ocrx_word' id='word_1_584' title='bbox 1334 4047 1494 4101; x_wconf 81' lang='grc' dir='ltr'>αὐτὸν</span> <span class='ocrx_word' id='word_1_585' title='bbox 1534 4047 1689 4120; x_wconf 75' lang='grc' dir='ltr'>ὄχλον</span> <span class='ocrx_word' id='word_1_586' title='bbox 1713 4065 1726 4078; x_wconf 76' lang='grc' dir='ltr'><strong>ο</strong></span> <span class='ocrx_word' id='word_1_587' title='bbox 1781 4049 2034 4103; x_wconf 85' lang='grc' dir='ltr'>ἐϐούλετο</span> 
     </span>
    </p>
   </div>
   <div class='ocr_carea' id='block_1_71' title="bbox 457 4135 2034 4212">
    <p class='ocr_par' dir='ltr' id='par_1_71' title="bbox 457 4135 2034 4212">
     <span class='ocr_line' id='line_1_71' title="bbox 457 4135 2034 4212; baseline 0.003 -25"><span class='ocrx_word' id='word_1_588' title='bbox 457 4135 564 4206; x_wconf 82' lang='grc' dir='ltr'>γὰρ</span> <span class='ocrx_word' id='word_1_589' title='bbox 592 4136 786 4212; x_wconf 81' lang='grc' dir='ltr'>αὐτοὺς</span> <span class='ocrx_word' id='word_1_590' title='bbox 811 4137 1218 4209; x_wconf 78' lang='grc' dir='ltr'>παραδέξασθαι</span> <span class='ocrx_word' id='word_1_591' title='bbox 1247 4138 1324 4202; x_wconf 85' lang='grc' dir='ltr'>ὡς</span> <span class='ocrx_word' id='word_1_592' title='bbox 1349 4139 1456 4210; x_wconf 87' lang='grc' dir='ltr'><strong>ἀρα</strong></span> <span class='ocrx_word' id='word_1_593' title='bbox 1478 4140 1586 4192; x_wconf 86' lang='grc' dir='ltr'><strong>ἀπὸ</strong></span> <span class='ocrx_word' id='word_1_594' title='bbox 1613 4138 1746 4192; x_wconf 83' lang='grc' dir='ltr'>Θεοῦ</span> <span class='ocrx_word' id='word_1_595' title='bbox 1771 4141 2034 4196; x_wconf 89' lang='grc' dir='ltr'>ἀπεσταλ-</span> 
     </span>
    </p>
   </div>
   <div class='ocr_carea' id='block_1_72' title="bbox 459 4229 2028 4303">
    <p class='ocr_par' dir='ltr' id='par_1_72' title="bbox 459 4229 2028 4303">
     <span class='ocr_line' id='line_1_72' title="bbox 459 4229 2028 4303; baseline 0.003 -21"><span class='ocrx_word' id='word_1_596' title='bbox 459 4229 617 4298; x_wconf 83' lang='grc' dir='ltr'>μένος</span> <span class='ocrx_word' id='word_1_597' title='bbox 655 4231 733 4302; x_wconf 84' lang='grc' dir='ltr'>τῷ</span> <span class='ocrx_word' id='word_1_598' title='bbox 768 4231 866 4302; x_wconf 81' lang='grc' dir='ltr'><strong>βίῳ</strong></span> <span class='ocrx_word' id='word_1_599' title='bbox 893 4231 1305 4303; x_wconf 80' lang='grc' dir='ltr'>ὲπιδεδήμηκεν.</span> <span class='ocrx_word' id='word_1_600' title='bbox 1348 4233 1530 4301; x_wconf 86' lang='grc' dir='ltr'>Ἔγνω</span> <span class='ocrx_word' id='word_1_601' title='bbox 1557 4232 1614 4286; x_wconf 86' lang='grc' dir='ltr'>δὲ</span> <span class='ocrx_word' id='word_1_602' title='bbox 1650 4233 2028 4298; x_wconf 76' lang='grc' dir='ltr'>ἐπακουσθεὶς,</span> 
     </span>
    </p>
   </div>
   <div class='ocr_carea' id='block_1_73' title="bbox 458 4316 2033 4393">
    <p class='ocr_par' dir='ltr' id='par_1_73' title="bbox 458 4316 2033 4393">
     <span class='ocr_line' id='line_1_73' title="bbox 458 4316 2033 4393; baseline 0.006 -25"><span class='ocrx_word' id='word_1_603' title='bbox 458 4317 686 4388; x_wconf 73' lang='grc' dir='ltr'>ἐπείπερ</span> <span class='ocrx_word' id='word_1_604' title='bbox 720 4319 989 4390; x_wconf 89' lang='grc' dir='ltr'>πνεύματι</span> <span class='ocrx_word' id='word_1_605' title='bbox 1019 4316 1176 4385; x_wconf 75' lang='grc' dir='ltr'>εἶδεν,</span> <span class='ocrx_word' id='word_1_606' title='bbox 1221 4322 1304 4374; x_wconf 85' lang='grc' dir='ltr'><strong>ὅτι</strong></span> <span class='ocrx_word' id='word_1_607' title='bbox 1347 4322 1692 4393; x_wconf 88' lang='grc' dir='ltr'>ἀποκατέστη</span> <span class='ocrx_word' id='word_1_608' title='bbox 1722 4324 1754 4392; x_wconf 71' lang='grc' dir='ltr'><strong>ἡ</strong></span> <span class='ocrx_word' id='word_1_609' title='bbox 1786 4323 1880 4376; x_wconf 90' lang='grc' dir='ltr'><strong>τοῦ</strong></span> <span class='ocrx_word' id='word_1_610' title='bbox 1924 4326 2033 4377; x_wconf 94' lang='grc' dir='ltr'>Λα-</span> 
     </span>
    </p>
   </div>
   <div class='ocr_carea' id='block_1_74' title="bbox 456 4408 2032 4484">
    <p class='ocr_par' dir='ltr' id='par_1_74' title="bbox 456 4408 2032 4484">
     <span class='ocr_line' id='line_1_74' title="bbox 456 4408 2032 4484; baseline 0.005 -21"><span class='ocrx_word' id='word_1_611' title='bbox 456 4408 618 4478; x_wconf 75' lang='grc' dir='ltr'>ζάρου</span> <span class='ocrx_word' id='word_1_612' title='bbox 658 4409 802 4479; x_wconf 78' lang='grc' dir='ltr'>ψυχὴ</span> <span class='ocrx_word' id='word_1_613' title='bbox 839 4411 931 4463; x_wconf 77' lang='grc' dir='ltr'><strong>ἐπὶ</strong></span> <span class='ocrx_word' id='word_1_614' title='bbox 958 4410 1018 4464; x_wconf 83' lang='grc' dir='ltr'>τὸ</span> <span class='ocrx_word' id='word_1_615' title='bbox 1048 4411 1208 4481; x_wconf 90' lang='grc' dir='ltr'>σῶμα</span> <span class='ocrx_word' id='word_1_616' title='bbox 1243 4413 1428 4477; x_wconf 81' lang='grc' dir='ltr'>αὐτοῦ,</span> <span class='ocrx_word' id='word_1_617' title='bbox 1472 4413 1889 4484; x_wconf 84' lang='grc' dir='ltr'>ἀναπεμφθεῖσα</span> <span class='ocrx_word' id='word_1_618' title='bbox 1925 4417 2032 4470; x_wconf 75' lang='grc' dir='ltr'>ἀπὸ</span> 
     </span>
    </p>
   </div>
   <div class='ocr_carea' id='block_1_75' title="bbox 2140 3218 3710 3289">
    <p class='ocr_par' dir='ltr' id='par_1_75' title="bbox 2140 3218 3710 3289">
     <span class='ocr_line' id='line_1_75' title="bbox 2140 3218 3710 3289; baseline -0.001 -15"><span class='ocrx_word' id='word_1_619' title='bbox 2140 3223 2384 3275; x_wconf 85' lang='lat' dir='ltr'><strong>dicturus</strong></span> <span class='ocrx_word' id='word_1_620' title='bbox 2414 3228 2534 3274; x_wconf 88' lang='lat' dir='ltr'><strong>erat</strong></span> <span class='ocrx_word' id='word_1_621' title='bbox 2559 3218 2732 3284; x_wconf 88' lang='lat' dir='ltr'><strong>Patri,</strong></span> <span class='ocrx_word' id='word_1_622' title='bbox 2769 3219 2862 3289; x_wconf 87' lang='lat' dir='ltr'><strong>qui</strong></span> <span class='ocrx_word' id='word_1_623' title='bbox 2889 3228 3300 3289; x_wconf 64' lang='lat' dir='ltr'><strong>pratoccuparat</strong></span> <span class='ocrx_word' id='word_1_624' title='bbox 3340 3233 3550 3288; x_wconf 89' lang='lat' dir='ltr'><strong>preces,</strong></span> <span class='ocrx_word' id='word_1_625' title='bbox 3582 3233 3710 3288; x_wconf 75' lang='lat' dir='ltr'><strong>gra-</strong></span> 
     </span>
    </p>
   </div>
   <div class='ocr_carea' id='block_1_76' title="bbox 2139 3314 3714 3385">
    <p class='ocr_par' dir='ltr' id='par_1_76' title="bbox 2139 3314 3714 3385">
     <span class='ocr_line' id='line_1_76' title="bbox 2139 3314 3714 3385; baseline 0.001 -17"><span class='ocrx_word' id='word_1_626' title='bbox 2139 3315 2240 3370; x_wconf 89' lang='lat' dir='ltr'><strong>tias</strong></span> <span class='ocrx_word' id='word_1_627' title='bbox 2272 3315 2415 3385; x_wconf 80' lang='lat' dir='ltr'><strong>agit:</strong></span> <span class='ocrx_word' id='word_1_628' title='bbox 2447 3323 2503 3370; x_wconf 91' lang='lat' dir='ltr'><strong>et</strong></span> <span class='ocrx_word' id='word_1_629' title='bbox 2527 3314 2682 3383; x_wconf 90' lang='lat' dir='ltr'><strong>quasi</strong></span> <span class='ocrx_word' id='word_1_630' title='bbox 2710 3315 2996 3371; x_wconf 83' lang='lat' dir='ltr'><strong>exauditus</strong></span> <span class='ocrx_word' id='word_1_631' title='bbox 3029 3315 3221 3370; x_wconf 77' lang='lat' dir='ltr'><strong>luisset</strong></span> <span class='ocrx_word' id='word_1_632' title='bbox 3249 3324 3473 3384; x_wconf 89' lang='lat' dir='ltr'><strong>propter</strong></span> <span class='ocrx_word' id='word_1_633' title='bbox 3494 3330 3558 3370; x_wconf 89' lang='lat' dir='ltr'><strong>ea</strong></span> <span class='ocrx_word' id='word_1_634' title='bbox 3589 3329 3714 3385; x_wconf 62' lang='lat' dir='ltr'><strong>qua</strong></span> 
     </span>
    </p>
   </div>
   <div class='ocr_carea' id='block_1_77' title="bbox 2135 3406 3714 3476">
    <p class='ocr_par' dir='ltr' id='par_1_77' title="bbox 2135 3406 3714 3476">
     <span class='ocr_line' id='line_1_77' title="bbox 2135 3406 3714 3476; baseline 0.003 -16"><span class='ocrx_word' id='word_1_635' title='bbox 2135 3407 2320 3462; x_wconf 87' lang='lat' dir='ltr'><strong>animo</strong></span> <span class='ocrx_word' id='word_1_636' title='bbox 2350 3415 2556 3461; x_wconf 88' lang='lat' dir='ltr'><strong>tantum</strong></span> <span class='ocrx_word' id='word_1_637' title='bbox 2603 3417 2959 3476; x_wconf 88' lang='lat' dir='ltr'><strong>conceperat,</strong></span> <span class='ocrx_word' id='word_1_638' title='bbox 3004 3422 3115 3462; x_wconf 90' lang='lat' dir='ltr'><strong>non</strong></span> <span class='ocrx_word' id='word_1_639' title='bbox 3189 3415 3366 3460; x_wconf 85' lang='lat' dir='ltr'><strong>tamen</strong></span> <span class='ocrx_word' id='word_1_640' title='bbox 3412 3406 3714 3476; x_wconf 80' lang='lat' dir='ltr'><strong>pratulerat</strong></span> 
     </span>
    </p>
   </div>
   <div class='ocr_carea' id='block_1_78' title="bbox 2135 3497 3712 3569">
    <p class='ocr_par' dir='ltr' id='par_1_78' title="bbox 2135 3497 3712 3569">
     <span class='ocr_line' id='line_1_78' title="bbox 2135 3497 3712 3569; baseline 0.003 -19"><span class='ocrx_word' id='word_1_641' title='bbox 2135 3498 2435 3566; x_wconf 89' lang='lat' dir='ltr'><strong>precando,</strong></span> <span class='ocrx_word' id='word_1_642' title='bbox 2470 3497 2645 3566; x_wconf 89' lang='lat' dir='ltr'><strong>inquit</strong></span> <span class='ocrx_word' id='word_1_643' title='bbox 2674 3517 2688 3553; x_wconf 94' lang='lat'><strong>:</strong></span> <span class='ocrx_word' id='word_1_644' title='bbox 2737 3515 2756 3550; x_wconf 78' lang='grc' dir='ltr'><strong>ι</strong></span> <span class='ocrx_word' id='word_1_645' title='bbox 2793 3497 2983 3565; x_wconf 86' lang='lat' dir='ltr'><strong>Pater,</strong></span> <span class='ocrx_word' id='word_1_646' title='bbox 3015 3497 3221 3569; x_wconf 78' lang='lat' dir='ltr'><strong>gratias</strong></span> <span class='ocrx_word' id='word_1_647' title='bbox 3246 3512 3348 3568; x_wconf 75' lang='lat' dir='ltr'><strong>ago</strong></span> <span class='ocrx_word' id='word_1_648' title='bbox 3389 3497 3524 3566; x_wconf 94' lang='lat' dir='ltr'><strong>tibi,</strong></span> <span class='ocrx_word' id='word_1_649' title='bbox 3562 3500 3712 3568; x_wconf 88' lang='lat' dir='ltr'><strong>quod</strong></span> 
     </span>
    </p>
   </div>
   <div class='ocr_carea' id='block_1_79' title="bbox 2137 3587 3712 3659">
    <p class='ocr_par' dir='ltr' id='par_1_79' title="bbox 2137 3587 3712 3659">
     <span class='ocr_line' id='line_1_79' title="bbox 2137 3587 3712 3659; baseline 0.002 -17"><span class='ocrx_word' id='word_1_650' title='bbox 2137 3588 2334 3643; x_wconf 89' lang='lat' dir='ltr'><strong>audisti</strong></span> <span class='ocrx_word' id='word_1_651' title='bbox 2371 3603 2478 3644; x_wconf 90' lang='lat' dir='ltr'><strong>me.</strong></span> <span class='ocrx_word' id='word_1_652' title='bbox 2515 3608 2534 3641; x_wconf 74' lang='grc' dir='ltr'><strong>ι</strong></span> <span class='ocrx_word' id='word_1_653' title='bbox 2567 3587 2892 3644; x_wconf 88' lang='lat' dir='ltr'><strong>Precaturus</strong></span> <span class='ocrx_word' id='word_1_654' title='bbox 2919 3603 3049 3659; x_wconf 82' lang='lat' dir='ltr'><strong>ergo</strong></span> <span class='ocrx_word' id='word_1_655' title='bbox 3098 3597 3219 3644; x_wconf 87' lang='lat' dir='ltr'><strong>erat</strong></span> <span class='ocrx_word' id='word_1_656' title='bbox 3255 3604 3354 3659; x_wconf 92' lang='lat' dir='ltr'><strong>pro</strong></span> <span class='ocrx_word' id='word_1_657' title='bbox 3383 3587 3572 3644; x_wconf 88' lang='lat' dir='ltr'><strong>Lazari</strong></span> <span class='ocrx_word' id='word_1_658' title='bbox 3623 3603 3712 3645; x_wconf 86' lang='lat' dir='ltr'><strong>re-</strong></span> 
     </span>
    </p>
   </div>
   <div class='ocr_carea' id='block_1_80' title="bbox 2134 3678 3711 3748">
    <p class='ocr_par' dir='ltr' id='par_1_80' title="bbox 2134 3678 3711 3748">
     <span class='ocr_line' id='line_1_80' title="bbox 2134 3678 3711 3748; baseline 0.001 -17"><span class='ocrx_word' id='word_1_659' title='bbox 2134 3678 2506 3742; x_wconf 90' lang='lat' dir='ltr'><strong>surrectione,</strong></span> <span class='ocrx_word' id='word_1_660' title='bbox 2531 3689 2584 3732; x_wconf 92' lang='lat' dir='ltr'><strong>et</strong></span> <span class='ocrx_word' id='word_1_661' title='bbox 2613 3693 3005 3748; x_wconf 81' lang='lat' dir='ltr'><strong>praeoccupans</strong></span> <span class='ocrx_word' id='word_1_662' title='bbox 3036 3678 3178 3733; x_wconf 91' lang='lat' dir='ltr'><strong>illius</strong></span> <span class='ocrx_word' id='word_1_663' title='bbox 3222 3678 3588 3747; x_wconf 90' lang='lat' dir='ltr'><strong>precationem</strong></span> <span class='ocrx_word' id='word_1_664' title='bbox 3621 3695 3711 3733; x_wconf 88' lang='lat' dir='ltr'><strong>so-</strong></span> 
     </span>
    </p>
   </div>
   <div class='ocr_carea' id='block_1_81' title="bbox 2136 3767 3710 3838">
    <p class='ocr_par' dir='ltr' id='par_1_81' title="bbox 2136 3767 3710 3838">
     <span class='ocr_line' id='line_1_81' title="bbox 2136 3767 3710 3838; baseline 0.003 -18"><span class='ocrx_word' id='word_1_665' title='bbox 2136 3768 2218 3823; x_wconf 92' lang='lat' dir='ltr'><strong>lus</strong></span> <span class='ocrx_word' id='word_1_666' title='bbox 2249 3767 2341 3824; x_wconf 92' lang='lat' dir='ltr'><strong>ille</strong></span> <span class='ocrx_word' id='word_1_667' title='bbox 2373 3769 2547 3824; x_wconf 88' lang='lat' dir='ltr'><strong>bonus</strong></span> <span class='ocrx_word' id='word_1_668' title='bbox 2576 3769 2716 3824; x_wconf 90' lang='lat' dir='ltr'><strong>Deus</strong></span> <span class='ocrx_word' id='word_1_669' title='bbox 2743 3771 2792 3801; x_wconf 83' lang='grc'><strong>⁷⁶</strong></span> <span class='ocrx_word' id='word_1_670' title='bbox 2811 3781 2864 3824; x_wconf 90' lang='lat' dir='ltr'><strong>et</strong></span> <span class='ocrx_word' id='word_1_671' title='bbox 2893 3772 3076 3837; x_wconf 90' lang='lat' dir='ltr'><strong>Pater,</strong></span> <span class='ocrx_word' id='word_1_672' title='bbox 3104 3769 3452 3838; x_wconf 68' lang='lat' dir='ltr'><strong>audivitque:</strong></span> <span class='ocrx_word' id='word_1_673' title='bbox 3479 3769 3710 3825; x_wconf 89' lang='lat' dir='ltr'><strong>dicenda</strong></span> 
     </span>
    </p>
   </div>
   <div class='ocr_carea' id='block_1_82' title="bbox 2136 3858 3699 3930">
    <p class='ocr_par' dir='ltr' id='par_1_82' title="bbox 2136 3858 3699 3930">
     <span class='ocr_line' id='line_1_82' title="bbox 2136 3858 3699 3930; baseline 0.002 -18"><span class='ocrx_word' id='word_1_674' title='bbox 2136 3869 2296 3912; x_wconf 89' lang='lat' dir='ltr'><strong>erant</strong></span> <span class='ocrx_word' id='word_1_675' title='bbox 2323 3858 2376 3912; x_wconf 87' lang='lat' dir='ltr'><strong>in</strong></span> <span class='ocrx_word' id='word_1_676' title='bbox 2411 3859 2763 3929; x_wconf 87' lang='lat' dir='ltr'><strong>precatione,</strong></span> <span class='ocrx_word' id='word_1_677' title='bbox 2790 3875 2888 3928; x_wconf 91' lang='lat' dir='ltr'><strong>pro</strong></span> <span class='ocrx_word' id='word_1_678' title='bbox 2921 3861 3120 3930; x_wconf 89' lang='lat' dir='ltr'><strong>quibus</strong></span> <span class='ocrx_word' id='word_1_679' title='bbox 3153 3860 3208 3914; x_wconf 89' lang='lat' dir='ltr'><strong>in</strong></span> <span class='ocrx_word' id='word_1_680' title='bbox 3255 3859 3524 3930; x_wconf 79' lang='lat' dir='ltr'><strong>frequenti</strong></span> <span class='ocrx_word' id='word_1_681' title='bbox 3555 3860 3699 3915; x_wconf 89' lang='lat' dir='ltr'><strong>audi-</strong></span> 
     </span>
    </p>
   </div>
   <div class='ocr_carea' id='block_1_83' title="bbox 2137 3951 3706 4023">
    <p class='ocr_par' dir='ltr' id='par_1_83' title="bbox 2137 3951 3706 4023">
     <span class='ocr_line' id='line_1_83' title="bbox 2137 3951 3706 4023; baseline 0.002 -19"><span class='ocrx_word' id='word_1_682' title='bbox 2137 3952 2283 4006; x_wconf 86' lang='lat' dir='ltr'><strong>torio</strong></span> <span class='ocrx_word' id='word_1_683' title='bbox 2315 3951 2726 4007; x_wconf 87' lang='lat' dir='ltr'><strong>circumstantis</strong></span> <span class='ocrx_word' id='word_1_684' title='bbox 2757 3953 2930 4023; x_wconf 88' lang='lat' dir='ltr'><strong>ipsum</strong></span> <span class='ocrx_word' id='word_1_685' title='bbox 2965 3953 3165 4019; x_wconf 69' lang='lat' dir='ltr'><strong>turbae,</strong></span> <span class='ocrx_word' id='word_1_686' title='bbox 3211 3967 3431 4022; x_wconf 87' lang='lat' dir='ltr'><strong>precum</strong></span> <span class='ocrx_word' id='word_1_687' title='bbox 3466 3954 3586 4007; x_wconf 88' lang='lat' dir='ltr'><strong>vice</strong></span> <span class='ocrx_word' id='word_1_688' title='bbox 3617 3967 3706 4007; x_wconf 91' lang='lat' dir='ltr'><strong>re-</strong></span> 
     </span>
    </p>
   </div>
   <div class='ocr_carea' id='block_1_84' title="bbox 2135 4043 3709 4114">
    <p class='ocr_par' dir='ltr' id='par_1_84' title="bbox 2135 4043 3709 4114">
     <span class='ocr_line' id='line_1_84' title="bbox 2135 4043 3709 4114; baseline 0 -16"><span class='ocrx_word' id='word_1_689' title='bbox 2135 4045 2305 4100; x_wconf 86' lang='lat' dir='ltr'><strong>mittit</strong></span> <span class='ocrx_word' id='word_1_690' title='bbox 2347 4046 2648 4114; x_wconf 79' lang='lat' dir='ltr'><strong>gratiarum</strong></span> <span class='ocrx_word' id='word_1_691' title='bbox 2685 4046 2956 4099; x_wconf 91' lang='lat' dir='ltr'><strong>actionem</strong></span> <span class='ocrx_word' id='word_1_692' title='bbox 3005 4046 3315 4100; x_wconf 86' lang='lat' dir='ltr'><strong>Servator:</strong></span> <span class='ocrx_word' id='word_1_693' title='bbox 3352 4043 3458 4098; x_wconf 93' lang='lat' dir='ltr'><strong>duo</strong></span> <span class='ocrx_word' id='word_1_694' title='bbox 3504 4044 3709 4112; x_wconf 84' lang='lat' dir='ltr'><strong>pariter</strong></span> 
     </span>
    </p>
   </div>
   <div class='ocr_carea' id='block_1_85' title="bbox 2131 4133 3710 4207">
    <p class='ocr_par' dir='ltr' id='par_1_85' title="bbox 2131 4133 3710 4207">
     <span class='ocr_line' id='line_1_85' title="bbox 2131 4133 3710 4207; baseline -0.001 -16"><span class='ocrx_word' id='word_1_695' title='bbox 2131 4137 2370 4203; x_wconf 69' lang='lat' dir='ltr'><strong>faciens,</strong></span> <span class='ocrx_word' id='word_1_696' title='bbox 2399 4147 2454 4192; x_wconf 92' lang='lat' dir='ltr'><strong>et</strong></span> <span class='ocrx_word' id='word_1_697' title='bbox 2477 4137 2681 4207; x_wconf 80' lang='lat' dir='ltr'><strong>gratias</strong></span> <span class='ocrx_word' id='word_1_698' title='bbox 2704 4151 2871 4206; x_wconf 81' lang='lat' dir='ltr'><strong>agens</strong></span> <span class='ocrx_word' id='word_1_699' title='bbox 2899 4151 2998 4206; x_wconf 90' lang='lat' dir='ltr'><strong>pro</strong></span> <span class='ocrx_word' id='word_1_700' title='bbox 3024 4137 3108 4191; x_wconf 89' lang='lat' dir='ltr'><strong>his</strong></span> <span class='ocrx_word' id='word_1_701' title='bbox 3128 4150 3249 4206; x_wconf 64' lang='lat' dir='ltr'><strong>qua:</strong></span> <span class='ocrx_word' id='word_1_702' title='bbox 3287 4135 3355 4190; x_wconf 91' lang='lat' dir='ltr'><strong>de</strong></span> <span class='ocrx_word' id='word_1_703' title='bbox 3385 4133 3592 4189; x_wconf 82' lang='lat' dir='ltr'><strong>Lazaro</strong></span> <span class='ocrx_word' id='word_1_704' title='bbox 3621 4149 3710 4190; x_wconf 76' lang='lat' dir='ltr'><strong>as-</strong></span> 
     </span>
    </p>
   </div>
   <div class='ocr_carea' id='block_1_86' title="bbox 2131 4226 3713 4292">
    <p class='ocr_par' dir='ltr' id='par_1_86' title="bbox 2131 4226 3713 4292">
     <span class='ocr_line' id='line_1_86' title="bbox 2131 4226 3713 4292; baseline -0.004 -8"><span class='ocrx_word' id='word_1_705' title='bbox 2131 4239 2351 4284; x_wconf 87' lang='lat' dir='ltr'><strong>secutus</strong></span> <span class='ocrx_word' id='word_1_706' title='bbox 2382 4228 2586 4292; x_wconf 87' lang='lat' dir='ltr'><strong>l&#39;uerat,</strong></span> <span class='ocrx_word' id='word_1_707' title='bbox 2625 4238 2681 4283; x_wconf 89' lang='lat' dir='ltr'><strong>et</strong></span> <span class='ocrx_word' id='word_1_708' title='bbox 2718 4228 3167 4282; x_wconf 89' lang='lat' dir='ltr'><strong>circumstantem</strong></span> <span class='ocrx_word' id='word_1_709' title='bbox 3194 4226 3299 4281; x_wconf 90' lang='lat' dir='ltr'><strong>sibi</strong></span> <span class='ocrx_word' id='word_1_710' title='bbox 3335 4227 3548 4280; x_wconf 88' lang='lat' dir='ltr'><strong>turbam</strong></span> <span class='ocrx_word' id='word_1_711' title='bbox 3574 4239 3713 4278; x_wconf 79' lang='lat' dir='ltr'><strong>con-</strong></span> 
     </span>
    </p>
   </div>
   <div class='ocr_carea' id='block_1_87' title="bbox 2133 4315 3715 4380">
    <p class='ocr_par' dir='ltr' id='par_1_87' title="bbox 2133 4315 3715 4380">
     <span class='ocr_line' id='line_1_87' title="bbox 2133 4315 3715 4380; baseline -0.001 -9"><span class='ocrx_word' id='word_1_712' title='bbox 2133 4317 2378 4375; x_wconf 84' lang='lat' dir='ltr'><strong>ﬁrmans.</strong></span> <span class='ocrx_word' id='word_1_713' title='bbox 2411 4316 2641 4373; x_wconf 86' lang='lat' dir='ltr'><strong>Volebat</strong></span> <span class='ocrx_word' id='word_1_714' title='bbox 2663 4316 2807 4372; x_wconf 69' lang='lat' dir='ltr'><strong>etaim</strong></span> <span class='ocrx_word' id='word_1_715' title='bbox 2839 4315 3029 4380; x_wconf 71' lang='lat' dir='ltr'><strong>Iesus,</strong></span> <span class='ocrx_word' id='word_1_716' title='bbox 3066 4325 3126 4370; x_wconf 84' lang='lat' dir='ltr'><strong>ut</strong></span> <span class='ocrx_word' id='word_1_717' title='bbox 3173 4317 3227 4371; x_wconf 91' lang='lat' dir='ltr'><strong>hi</strong></span> <span class='ocrx_word' id='word_1_718' title='bbox 3272 4316 3622 4371; x_wconf 81' lang='lat' dir='ltr'><strong>admitterent</strong></span> <span class='ocrx_word' id='word_1_719' title='bbox 3646 4327 3715 4369; x_wconf 77' lang='lat' dir='ltr'><strong>se</strong></span> 
     </span>
    </p>
   </div>
   <div class='ocr_carea' id='block_1_88' title="bbox 2131 4404 3707 4476">
    <p class='ocr_par' dir='ltr' id='par_1_88' title="bbox 2131 4404 3707 4476">
     <span class='ocr_line' id='line_1_88' title="bbox 2131 4404 3707 4476; baseline -0.001 -15"><span class='ocrx_word' id='word_1_720' title='bbox 2131 4422 2162 4461; x_wconf 92' lang='lat' dir='ltr'><strong>a</strong></span> <span class='ocrx_word' id='word_1_721' title='bbox 2195 4409 2305 4464; x_wconf 86' lang='lat' dir='ltr'><strong>Deo</strong></span> <span class='ocrx_word' id='word_1_722' title='bbox 2329 4411 2554 4462; x_wconf 90' lang='lat' dir='ltr'><strong>missum</strong></span> <span class='ocrx_word' id='word_1_723' title='bbox 2581 4451 2596 4475; x_wconf 91' lang='lat'><strong>,</strong></span> <span class='ocrx_word' id='word_1_724' title='bbox 2643 4410 2712 4462; x_wconf 90' lang='lat' dir='ltr'><strong>ad</strong></span> <span class='ocrx_word' id='word_1_725' title='bbox 2738 4407 2877 4464; x_wconf 85' lang='lat' dir='ltr'><strong>hanc</strong></span> <span class='ocrx_word' id='word_1_726' title='bbox 2924 4409 3091 4463; x_wconf 89' lang='lat' dir='ltr'><strong>vitam</strong></span> <span class='ocrx_word' id='word_1_727' title='bbox 3118 4408 3424 4462; x_wconf 84' lang='lat' dir='ltr'><strong>advenisse.</strong></span> <span class='ocrx_word' id='word_1_728' title='bbox 3468 4404 3707 4476; x_wconf 77' lang='lat' dir='ltr'><strong>Agnovit</strong></span> 
     </span>
    </p>
   </div>
   <div class='ocr_carea' id='block_1_89' title="bbox 452 4497 2035 4581">
    <p class='ocr_par' dir='ltr' id='par_1_89' title="bbox 452 4499 2027 4581">
     <span class='ocr_line' id='line_1_89' title="bbox 452 4499 2027 4581; baseline 0.007 -31"><span class='ocrx_word' id='word_1_729' title='bbox 452 4499 545 4552; x_wconf 87' lang='grc' dir='ltr'><strong>τοῦ</strong></span> <span class='ocrx_word' id='word_1_730' title='bbox 594 4502 790 4570; x_wconf 86' lang='grc' dir='ltr'>χωρίου</span> <span class='ocrx_word' id='word_1_731' title='bbox 841 4503 949 4557; x_wconf 86' lang='grc' dir='ltr'><strong>τῶν</strong></span> <span class='ocrx_word' id='word_1_732' title='bbox 981 4503 1184 4575; x_wconf 78' lang='grc' dir='ltr'>ψυχῶν.</span> <span class='ocrx_word' id='word_1_733' title='bbox 1235 4505 1308 4559; x_wconf 88' lang='grc' dir='ltr'>Ού</span> <span class='ocrx_word' id='word_1_734' title='bbox 1355 4505 1465 4576; x_wconf 84' lang='grc' dir='ltr'><strong>γάρ</strong></span> <span class='ocrx_word' id='word_1_735' title='bbox 1514 4507 1819 4578; x_wconf 89' lang='grc' dir='ltr'>νομιστέον,</span> <span class='ocrx_word' id='word_1_736' title='bbox 1868 4508 1950 4561; x_wconf 86' lang='grc' dir='ltr'>ὅτι</span> <span class='ocrx_word' id='word_1_737' title='bbox 1994 4511 2027 4581; x_wconf 83' lang='grc' dir='ltr'>ὴ</span> 
     </span>
    </p>
   </div>
   <div class='ocr_carea' id='block_1_90' title="bbox 2134 4497 3705 4581">
    <p class='ocr_par' dir='ltr' id='par_1_90' title="bbox 2134 4497 3705 4570">
     <span class='ocr_line' id='line_1_90' title="bbox 2134 4497 3705 4570; baseline 0.002 -19"><span class='ocrx_word' id='word_1_738' title='bbox 2134 4509 2314 4553; x_wconf 91' lang='lat' dir='ltr'><strong>autem</strong></span> <span class='ocrx_word' id='word_1_739' title='bbox 2343 4514 2402 4554; x_wconf 83' lang='lat' dir='ltr'><strong>se</strong></span> <span class='ocrx_word' id='word_1_740' title='bbox 2429 4502 2740 4555; x_wconf 77' lang='lat' dir='ltr'><strong>exauditum</strong></span> <span class='ocrx_word' id='word_1_741' title='bbox 2767 4541 2782 4562; x_wconf 89' lang='lat'><strong>,</strong></span> <span class='ocrx_word' id='word_1_742' title='bbox 2807 4500 3068 4570; x_wconf 90' lang='lat' dir='ltr'><strong>quoniam</strong></span> <span class='ocrx_word' id='word_1_743' title='bbox 3099 4500 3292 4569; x_wconf 89' lang='lat' dir='ltr'><strong>spiritu</strong></span> <span class='ocrx_word' id='word_1_744' title='bbox 3323 4508 3477 4553; x_wconf 89' lang='lat' dir='ltr'><strong>norat</strong></span> <span class='ocrx_word' id='word_1_745' title='bbox 3509 4497 3705 4554; x_wconf 80' lang='lat' dir='ltr'><strong>Lazari</strong></span> 
     </span>
    </p>
   </div>
   <div class='ocr_carea' id='block_1_91' title="bbox 451 4590 2031 4670">
    <p class='ocr_par' dir='ltr' id='par_1_91' title="bbox 451 4590 2031 4670">
     <span class='ocr_line' id='line_1_91' title="bbox 451 4590 2031 4670; baseline 0.006 -28"><span class='ocrx_word' id='word_1_746' title='bbox 451 4590 593 4662; x_wconf 69' lang='grc' dir='ltr'>ψυχὴ</span> <span class='ocrx_word' id='word_1_747' title='bbox 623 4592 715 4644; x_wconf 90' lang='grc' dir='ltr'><strong>τοῦ</strong></span> <span class='ocrx_word' id='word_1_748' title='bbox 747 4593 998 4666; x_wconf 79' lang='grc' dir='ltr'>Λαζάρου</span> <span class='ocrx_word' id='word_1_749' title='bbox 1044 4597 1229 4668; x_wconf 85' lang='grc' dir='ltr'>παρῆν</span> <span class='ocrx_word' id='word_1_750' title='bbox 1257 4596 1335 4668; x_wconf 82' lang='grc' dir='ltr'>τῷ</span> <span class='ocrx_word' id='word_1_751' title='bbox 1369 4595 1580 4668; x_wconf 87' lang='grc' dir='ltr'>σώματι</span> <span class='ocrx_word' id='word_1_752' title='bbox 1623 4598 1760 4668; x_wconf 85' lang='grc' dir='ltr'><strong>μετά</strong></span> <span class='ocrx_word' id='word_1_753' title='bbox 1790 4599 1886 4670; x_wconf 80' lang='grc' dir='ltr'>τὴν</span> <span class='ocrx_word' id='word_1_754' title='bbox 1915 4599 2031 4666; x_wconf 77' lang='grc' dir='ltr'>ἔξο-</span> 
     </span>
    </p>
   </div>
   <div class='ocr_carea' id='block_1_92' title="bbox 339 4678 2028 4759">
    <p class='ocr_par' dir='ltr' id='par_1_92' title="bbox 339 4678 2028 4759">
     <span class='ocr_line' id='line_1_92' title="bbox 339 4678 2028 4759; baseline 0.007 -29"><span class='ocrx_word' id='word_1_755' title='bbox 339 4737 348 4744; x_wconf 86' lang='lat'>_</span> <span class='ocrx_word' id='word_1_756' title='bbox 451 4678 558 4742; x_wconf 77' lang='grc' dir='ltr'>δον,</span> <span class='ocrx_word' id='word_1_757' title='bbox 586 4682 682 4734; x_wconf 79' lang='grc' dir='ltr'><strong>καὶ</strong></span> <span class='ocrx_word' id='word_1_758' title='bbox 709 4682 784 4746; x_wconf 87' lang='grc' dir='ltr'>ὡς</span> <span class='ocrx_word' id='word_1_759' title='bbox 827 4684 1076 4758; x_wconf 89' lang='grc' dir='ltr'>παροῦσα</span> <span class='ocrx_word' id='word_1_760' title='bbox 1107 4687 1316 4756; x_wconf 89' lang='grc' dir='ltr'>ταχέως</span> <span class='ocrx_word' id='word_1_761' title='bbox 1348 4687 1549 4757; x_wconf 71' lang='grc' dir='ltr'>ἤκουσε</span> <span class='ocrx_word' id='word_1_762' title='bbox 1583 4686 1884 4758; x_wconf 82' lang='grc' dir='ltr'>κράξαντος</span> <span class='ocrx_word' id='word_1_763' title='bbox 1933 4691 2028 4759; x_wconf 82' lang='grc' dir='ltr'><strong>Ἰη-</strong></span> 
     </span>
    </p>
   </div>
   <div class='ocr_carea' id='block_1_93' title="bbox 451 4769 2024 4852">
    <p class='ocr_par' dir='ltr' id='par_1_93' title="bbox 451 4769 2024 4852">
     <span class='ocr_line' id='line_1_93' title="bbox 451 4769 2024 4852; baseline 0.008 -30"><span class='ocrx_word' id='word_1_764' title='bbox 451 4769 568 4837; x_wconf 87' lang='grc' dir='ltr'>σοῦ,</span> <span class='ocrx_word' id='word_1_765' title='bbox 606 4774 702 4826; x_wconf 74' lang='grc' dir='ltr'>καὶ</span> <span class='ocrx_word' id='word_1_766' title='bbox 735 4775 1009 4840; x_wconf 86' lang='grc' dir='ltr'>εἰπόντος·</span> <span class='ocrx_word' id='word_1_767' title='bbox 1051 4795 1069 4828; x_wconf 81' lang='grc' dir='ltr'><strong>ι</strong></span> <span class='ocrx_word' id='word_1_768' title='bbox 1095 4777 1335 4850; x_wconf 86' lang='grc' dir='ltr'>Λάζαρε,</span> <span class='ocrx_word' id='word_1_769' title='bbox 1363 4777 1523 4850; x_wconf 90' lang='grc' dir='ltr'>δεῦρο</span> <span class='ocrx_word' id='word_1_770' title='bbox 1560 4777 1684 4843; x_wconf 75' lang='grc' dir='ltr'>ἔξω.</span> <span class='ocrx_word' id='word_1_771' title='bbox 1711 4798 1730 4830; x_wconf 73' lang='grc' dir='ltr'><strong>ι</strong></span> <span class='ocrx_word' id='word_1_772' title='bbox 1757 4781 1828 4833; x_wconf 87' lang='grc' dir='ltr'><strong>Ἦ</strong></span> <span class='ocrx_word' id='word_1_773' title='bbox 1865 4779 2024 4852; x_wconf 79' lang='grc' dir='ltr'>εἴπερ</span> 
     </span>
    </p>
   </div>
   <div class='ocr_carea' id='block_1_94' title="bbox 449 4865 2022 4940">
    <p class='ocr_par' dir='ltr' id='par_1_94' title="bbox 449 4865 2022 4940">
     <span class='ocr_line' id='line_1_94' title="bbox 449 4865 2022 4940; baseline 0.006 -25"><span class='ocrx_word' id='word_1_774' title='bbox 449 4877 534 4926; x_wconf 81' lang='grc' dir='ltr'><strong>τις</strong></span> <span class='ocrx_word' id='word_1_775' title='bbox 567 4865 724 4917; x_wconf 88' lang='grc' dir='ltr'>τοῦτο</span> <span class='ocrx_word' id='word_1_776' title='bbox 749 4867 878 4936; x_wconf 75' lang='grc' dir='ltr'>περὶ</span> <span class='ocrx_word' id='word_1_777' title='bbox 901 4867 1000 4937; x_wconf 89' lang='grc' dir='ltr'><strong>τῆς</strong></span> <span class='ocrx_word' id='word_1_778' title='bbox 1031 4867 1280 4937; x_wconf 80' lang='grc' dir='ltr'>Λαζάρου</span> <span class='ocrx_word' id='word_1_779' title='bbox 1305 4867 1480 4940; x_wconf 77' lang='grc' dir='ltr'>ψυχῆς</span> <span class='ocrx_word' id='word_1_780' title='bbox 1507 4869 1898 4940; x_wconf 86' lang='grc' dir='ltr'>ὑπολαμϐάνει,</span> <span class='ocrx_word' id='word_1_781' title='bbox 1928 4873 2022 4925; x_wconf 81' lang='grc' dir='ltr'><strong>καὶ</strong></span> 
     </span>
    </p>
   </div>
   <div class='ocr_carea' id='block_1_95' title="bbox 451 4955 2020 5032">
    <p class='ocr_par' dir='ltr' id='par_1_95' title="bbox 451 4955 2020 5032">
     <span class='ocr_line' id='line_1_95' title="bbox 451 4955 2020 5032; baseline 0.007 -27"><span class='ocrx_word' id='word_1_782' title='bbox 451 4955 728 5026; x_wconf 88' lang='grc' dir='ltr'>προσίεται</span> <span class='ocrx_word' id='word_1_783' title='bbox 751 4956 812 5008; x_wconf 83' lang='grc' dir='ltr'><strong>τὸ</strong></span> <span class='ocrx_word' id='word_1_784' title='bbox 841 4958 969 5028; x_wconf 76' lang='grc' dir='ltr'>περὶ</span> <span class='ocrx_word' id='word_1_785' title='bbox 1006 4958 1108 5027; x_wconf 89' lang='grc' dir='ltr'><strong>τῆς</strong></span> <span class='ocrx_word' id='word_1_786' title='bbox 1133 4959 1540 5032; x_wconf 84' lang='grc' dir='ltr'>ἀπαλλαγείσης</span> <span class='ocrx_word' id='word_1_787' title='bbox 1577 4960 1753 5032; x_wconf 83' lang='grc' dir='ltr'>ψυχῆς</span> <span class='ocrx_word' id='word_1_788' title='bbox 1781 4961 1876 5014; x_wconf 87' lang='grc' dir='ltr'><strong>τοῦ</strong></span> <span class='ocrx_word' id='word_1_789' title='bbox 1915 4963 2020 5016; x_wconf 86' lang='grc' dir='ltr'><strong>σώ-</strong></span> 
     </span>
    </p>
   </div>
   <div class='ocr_carea' id='block_1_96' title="bbox 451 5045 2020 5125">
    <p class='ocr_par' dir='ltr' id='par_1_96' title="bbox 451 5045 2020 5125">
     <span class='ocr_line' id='line_1_96' title="bbox 451 5045 2020 5125; baseline 0.007 -28"><span class='ocrx_word' id='word_1_790' title='bbox 451 5062 619 5114; x_wconf 87' lang='grc' dir='ltr'>ματος</span> <span class='ocrx_word' id='word_1_791' title='bbox 663 5045 881 5110; x_wconf 79' lang='grc' dir='ltr'>ἄτοπον,</span> <span class='ocrx_word' id='word_1_792' title='bbox 910 5047 986 5112; x_wconf 85' lang='grc' dir='ltr'>ὡς</span> <span class='ocrx_word' id='word_1_793' title='bbox 1023 5050 1542 5123; x_wconf 85' lang='grc' dir='ltr'>παρακαθεζομένης</span> <span class='ocrx_word' id='word_1_794' title='bbox 1581 5051 1656 5122; x_wconf 81' lang='grc' dir='ltr'>τῷ</span> <span class='ocrx_word' id='word_1_795' title='bbox 1688 5053 1886 5125; x_wconf 86' lang='grc' dir='ltr'>νεκρῷ,</span> <span class='ocrx_word' id='word_1_796' title='bbox 1931 5055 2020 5108; x_wconf 90' lang='grc' dir='ltr'>λε-</span> 
     </span>
    </p>
   </div>
   <div class='ocr_carea' id='block_1_97' title="bbox 416 5137 2020 5216">
    <p class='ocr_par' dir='ltr' id='par_1_97' title="bbox 416 5137 2020 5216">
     <span class='ocr_line' id='line_1_97' title="bbox 416 5137 2020 5216; baseline 0.006 -27"><span class='ocrx_word' id='word_1_797' title='bbox 416 5138 589 5204; x_wconf 68' lang='grc' dir='ltr'>,γέτω</span> <span class='ocrx_word' id='word_1_798' title='bbox 630 5137 746 5203; x_wconf 86' lang='grc' dir='ltr'><strong>πῶς</strong></span> <span class='ocrx_word' id='word_1_799' title='bbox 790 5140 1031 5213; x_wconf 80' lang='grc' dir='ltr'>ἠκούσθη</span> <span class='ocrx_word' id='word_1_800' title='bbox 1071 5143 1100 5196; x_wconf 88' lang='grc' dir='ltr'><strong>ό</strong></span> <span class='ocrx_word' id='word_1_801' title='bbox 1141 5143 1347 5215; x_wconf 85' lang='grc' dir='ltr'>Ἰησοῦς</span> <span class='ocrx_word' id='word_1_802' title='bbox 1389 5144 1496 5198; x_wconf 81' lang='grc' dir='ltr'><strong>ἀπὸ</strong></span> <span class='ocrx_word' id='word_1_803' title='bbox 1540 5142 1634 5197; x_wconf 87' lang='grc' dir='ltr'><strong>τοῦ</strong></span> <span class='ocrx_word' id='word_1_804' title='bbox 1668 5145 1900 5216; x_wconf 86' lang='grc' dir='ltr'>Πατρὸς,</span> <span class='ocrx_word' id='word_1_805' title='bbox 1931 5148 2020 5215; x_wconf 85' lang='grc' dir='ltr'>μέ-</span> 
     </span>
    </p>
   </div>
   <div class='ocr_carea' id='block_1_98' title="bbox 446 5233 2021 5308">
    <p class='ocr_par' dir='ltr' id='par_1_98' title="bbox 446 5233 2021 5308">
     <span class='ocr_line' id='line_1_98' title="bbox 446 5233 2021 5308; baseline 0.006 -26"><span class='ocrx_word' id='word_1_806' title='bbox 446 5248 624 5294; x_wconf 81' lang='grc' dir='ltr'>νοντος</span> <span class='ocrx_word' id='word_1_807' title='bbox 669 5234 750 5284; x_wconf 79' lang='grc' dir='ltr'><strong>ἑτι</strong></span> <span class='ocrx_word' id='word_1_808' title='bbox 798 5233 993 5305; x_wconf 81' lang='grc' dir='ltr'>νεκροῦ</span> <span class='ocrx_word' id='word_1_809' title='bbox 1039 5233 1133 5287; x_wconf 88' lang='grc' dir='ltr'><strong>τοῦ</strong></span> <span class='ocrx_word' id='word_1_810' title='bbox 1175 5235 1427 5307; x_wconf 88' lang='grc' dir='ltr'>Λαζάρου</span> <span class='ocrx_word' id='word_1_811' title='bbox 1469 5235 1748 5306; x_wconf 88' lang='grc' dir='ltr'>σώματος,</span> <span class='ocrx_word' id='word_1_812' title='bbox 1793 5237 2021 5308; x_wconf 77' lang='grc' dir='ltr'>καὶτῆς</span> 
     </span>
    </p>
   </div>
   <div class='ocr_carea' id='block_1_99' title="bbox 444 5322 2018 5400">
    <p class='ocr_par' dir='ltr' id='par_1_99' title="bbox 444 5322 2018 5400">
     <span class='ocr_line' id='line_1_99' title="bbox 444 5322 2018 5400; baseline 0.006 -26"><span class='ocrx_word' id='word_1_813' title='bbox 444 5322 622 5391; x_wconf 69' lang='grc' dir='ltr'>ψυχῆς</span> <span class='ocrx_word' id='word_1_814' title='bbox 667 5326 1081 5398; x_wconf 88' lang='grc' dir='ltr'>κεχωρισμένης</span> <span class='ocrx_word' id='word_1_815' title='bbox 1122 5327 1242 5398; x_wconf 85' lang='grc' dir='ltr'>μὲν,</span> <span class='ocrx_word' id='word_1_816' title='bbox 1283 5327 1359 5390; x_wconf 87' lang='grc' dir='ltr'>ὡς</span> <span class='ocrx_word' id='word_1_817' title='bbox 1407 5327 1616 5399; x_wconf 78' lang='grc' dir='ltr'>οἰηθείη</span> <span class='ocrx_word' id='word_1_818' title='bbox 1660 5328 1726 5381; x_wconf 79' lang='grc' dir='ltr'>ἄν</span> <span class='ocrx_word' id='word_1_819' title='bbox 1774 5345 1858 5393; x_wconf 89' lang='grc' dir='ltr'><strong>τις</strong></span> <span class='ocrx_word' id='word_1_820' title='bbox 1904 5331 2018 5400; x_wconf 77' lang='grc'><strong>(72)</strong></span> 
     </span>
    </p>
   </div>
   <div class='ocr_carea' id='block_1_100' title="bbox 512 5416 1032 5480">
    <p class='ocr_par' dir='ltr' id='par_1_100' title="bbox 512 5416 1032 5480">
     <span class='ocr_line' id='line_1_100' title="bbox 512 5416 1032 5480; baseline 0.004 -13"><span class='ocrx_word' id='word_1_821' title='bbox 512 5416 556 5446; x_wconf 72' lang='grc'><strong>⁷⁸</strong></span> <span class='ocrx_word' id='word_1_822' title='bbox 587 5417 751 5471; x_wconf 73' lang='lat' dir='ltr'><strong>Exod.</strong></span> <span class='ocrx_word' id='word_1_823' title='bbox 779 5433 911 5480; x_wconf 75' lang='lat' dir='ltr'><strong>XVII,</strong></span> <span class='ocrx_word' id='word_1_824' title='bbox 950 5419 1032 5472; x_wconf 84' lang='grc' dir='ltr'>Η.</span> 
     </span>
    </p>
   </div>
   <div class='ocr_carea' id='block_1_101' title="bbox 447 5487 1203 5553">
    <p class='ocr_par' dir='ltr' id='par_1_101' title="bbox 447 5487 1203 5553">
     <span class='ocr_line' id='line_1_101' title="bbox 447 5487 1203 5553; baseline 0.011 -17"><span class='ocrx_word' id='word_1_825' title='bbox 447 5487 678 5545; x_wconf 54' lang='grc' dir='ltr'><strong>ιιχνη.</strong></span> <span class='ocrx_word' id='word_1_826' title='bbox 754 5487 798 5520; x_wconf 87' lang='grc'><strong>⁷⁷</strong></span> <span class='ocrx_word' id='word_1_827' title='bbox 825 5487 976 5540; x_wconf 81' lang='lat' dir='ltr'><strong>Joan.</strong></span> <span class='ocrx_word' id='word_1_828' title='bbox 1010 5503 1086 5553; x_wconf 66' lang='grc' dir='ltr'>ιι,</span> <span class='ocrx_word' id='word_1_829' title='bbox 1115 5488 1203 5544; x_wconf 71' lang='grc'><strong>45.</strong></span> 
     </span>
    </p>
   </div>
   <div class='ocr_carea' id='block_1_102' title="bbox 515 5577 1705 5649">
    <p class='ocr_par' dir='ltr' id='par_1_102' title="bbox 515 5577 1705 5649">
     <span class='ocr_line' id='line_1_102' title="bbox 515 5577 1705 5649; baseline 0.003 -20"><span class='ocrx_word' id='word_1_830' title='bbox 515 5577 627 5649; x_wconf 63' lang='lat'><strong>([39)</strong></span> <span class='ocrx_word' id='word_1_831' title='bbox 663 5577 842 5649; x_wconf 74' lang='lat' dir='ltr'><strong>Codex</strong></span> <span class='ocrx_word' id='word_1_832' title='bbox 870 5578 1096 5649; x_wconf 69' lang='lat' dir='ltr'><strong>Bagius,</strong></span> <span class='ocrx_word' id='word_1_833' title='bbox 1126 5578 1284 5642; x_wconf 88' lang='lat' dir='ltr'><strong>male,</strong></span> <span class='ocrx_word' id='word_1_834' title='bbox 1308 5578 1396 5631; x_wconf 82' lang='grc' dir='ltr'>διὰ</span> <span class='ocrx_word' id='word_1_835' title='bbox 1427 5579 1705 5649; x_wconf 84' lang='grc' dir='ltr'>λογισμοῦ.</span> 
     </span>
    </p>
   </div>
   <div class='ocr_carea' id='block_1_103' title="bbox 517 5595 1635 5720">
    <p class='ocr_par' dir='ltr' id='par_1_103' title="bbox 517 5595 1635 5720">
     <span class='ocr_line' id='line_1_103' title="bbox 517 5595 1635 5699; baseline -0.001 -67"><span class='ocrx_word' id='word_1_836' title='bbox 517 5595 627 5640; x_wconf 71' lang='grc' dir='ltr'>μιν)</span> <span class='ocrx_word' id='word_1_837' title='bbox 663 5595 842 5631; x_wconf 61' lang='lat' dir='ltr'><strong>boaex</strong></span> <span class='ocrx_word' id='word_1_838' title='bbox 873 5595 1096 5699; x_wconf 48' lang='lat' dir='ltr'><strong>ueritus,</strong></span> <span class='ocrx_word' id='word_1_839' title='bbox 1126 5595 1284 5642; x_wconf 80' lang='lat' dir='ltr'><strong>male,</strong></span> <span class='ocrx_word' id='word_1_840' title='bbox 1308 5595 1396 5631; x_wconf 89' lang='grc' dir='ltr'><strong>οια</strong></span> <span class='ocrx_word' id='word_1_841' title='bbox 1429 5595 1635 5649; x_wconf 75' lang='grc' dir='ltr'>Λογισμι</span> 
     </span>
     <span class='ocr_line' id='line_1_104' title="bbox 517 5647 1635 5720; baseline 0 -20"><span class='ocrx_word' id='word_1_842' title='bbox 517 5647 626 5720; x_wconf 56' lang='lat'><strong>(20.)</strong></span> <span class='ocrx_word' id='word_1_843' title='bbox 661 5647 840 5720; x_wconf 73' lang='lat' dir='ltr'><strong>(_Jodex</strong></span> <span class='ocrx_word' id='word_1_844' title='bbox 869 5647 964 5720; x_wconf 68' lang='lat' dir='ltr'><strong>Boi</strong></span> <span class='ocrx_word' id='word_1_845' title='bbox 987 5649 1218 5720; x_wconf 81' lang='lat' dir='ltr'><strong>leianus,</strong></span> <span class='ocrx_word' id='word_1_846' title='bbox 1251 5648 1635 5720; x_wconf 76' lang='grc' dir='ltr'>στοχάσασθαι.</span> 
     </span>
    </p>
   </div>
   <div class='ocr_carea' id='block_1_104' title="bbox 517 5715 2012 5791">
    <p class='ocr_par' dir='ltr' id='par_1_104' title="bbox 517 5715 2012 5791">
     <span class='ocr_line' id='line_1_105' title="bbox 517 5715 2012 5791; baseline 0.004 -25"><span class='ocrx_word' id='word_1_847' title='bbox 517 5715 621 5791; x_wconf 54' lang='lat' dir='ltr'><strong>fill</strong></span> <span class='ocrx_word' id='word_1_848' title='bbox 645 5715 1236 5791; x_wconf 70' lang='lat' dir='ltr'><strong>_Co_dex_Bodleian_us,</strong></span> <span class='ocrx_word' id='word_1_849' title='bbox 1267 5715 1494 5791; x_wconf 72' lang='lat' dir='ltr'><strong>optime,</strong></span> <span class='ocrx_word' id='word_1_850' title='bbox 1532 5715 1622 5791; x_wconf 63' lang='grc' dir='ltr'>ἵνα</span> <span class='ocrx_word' id='word_1_851' title='bbox 1665 5719 1846 5791; x_wconf 78' lang='grc' dir='ltr'>πλεῖον</span> <span class='ocrx_word' id='word_1_852' title='bbox 1953 5717 2012 5791; x_wconf 74' lang='grc' dir='ltr'><strong>τὸ</strong></span> 
     </span>
    </p>
   </div>
   <div class='ocr_carea' id='block_1_105' title="bbox 447 5780 2010 5859">
    <p class='ocr_par' dir='ltr' id='par_1_105' title="bbox 447 5780 2010 5859">
     <span class='ocr_line' id='line_1_106' title="bbox 447 5780 2010 5859; baseline 0.004 -22"><span class='ocrx_word' id='word_1_853' title='bbox 447 5785 578 5852; x_wconf 78' lang='grc' dir='ltr'>πρὸς</span> <span class='ocrx_word' id='word_1_854' title='bbox 610 5786 702 5839; x_wconf 80' lang='grc' dir='ltr'>τὸν</span> <span class='ocrx_word' id='word_1_855' title='bbox 731 5785 958 5857; x_wconf 80' lang='grc' dir='ltr'>Σωτῆρα</span> <span class='ocrx_word' id='word_1_856' title='bbox 978 5804 990 5816; x_wconf 88' lang='grc'><strong>·</strong></span> <span class='ocrx_word' id='word_1_857' title='bbox 1023 5780 1242 5854; x_wconf 78' lang='lat' dir='ltr'><strong>Regius,</strong></span> <span class='ocrx_word' id='word_1_858' title='bbox 1272 5780 1429 5854; x_wconf 74' lang='lat' dir='ltr'><strong>male,</strong></span> <span class='ocrx_word' id='word_1_859' title='bbox 1463 5786 1752 5841; x_wconf 86' lang='grc' dir='ltr'>ἀναπλείου</span> <span class='ocrx_word' id='word_1_860' title='bbox 1797 5789 1830 5859; x_wconf 81' lang='grc' dir='ltr'><strong>ἥ</strong></span> <span class='ocrx_word' id='word_1_861' title='bbox 1874 5780 2010 5858; x_wconf 63' lang='grc' dir='ltr'>πρὸς</span> 
     </span>
    </p>
   </div>
   <div class='ocr_carea' id='block_1_106' title="bbox 1145 5419 2226 5490">
    <p class='ocr_par' dir='ltr' id='par_1_106' title="bbox 1145 5419 2226 5490">
     <span class='ocr_line' id='line_1_107' title="bbox 1145 5419 2226 5490; baseline 0.007 -19"><span class='ocrx_word' id='word_1_862' title='bbox 1145 5421 1188 5490; x_wconf 59' lang='grc' dir='ltr'><strong>’ζῗ</strong></span> <span class='ocrx_word' id='word_1_863' title='bbox 1217 5419 1360 5474; x_wconf 90' lang='lat' dir='ltr'><strong>Psal.</strong></span> <span class='ocrx_word' id='word_1_864' title='bbox 1395 5436 1517 5488; x_wconf 59' lang='lat' dir='ltr'><strong>ext,</strong></span> <span class='ocrx_word' id='word_1_865' title='bbox 1539 5420 1594 5475; x_wconf 74' lang='grc'>2.</span> <span class='ocrx_word' id='word_1_866' title='bbox 1669 5421 1715 5451; x_wconf 81' lang='grc'><strong>⁷³</strong></span> <span class='ocrx_word' id='word_1_867' title='bbox 1735 5419 1889 5476; x_wconf 83' lang='lat' dir='ltr'><strong>Joan.</strong></span> <span class='ocrx_word' id='word_1_868' title='bbox 1918 5439 1992 5488; x_wconf 73' lang='lat' dir='ltr'><strong>XI,</strong></span> <span class='ocrx_word' id='word_1_869' title='bbox 2016 5425 2108 5490; x_wconf 74' lang='lat'><strong>41,</strong></span> <span class='ocrx_word' id='word_1_870' title='bbox 2135 5423 2226 5477; x_wconf 74' lang='grc'><strong>42.</strong></span> 
     </span>
    </p>
   </div>
   <div class='ocr_carea' id='block_1_107' title="bbox 2133 4586 3704 4658">
    <p class='ocr_par' dir='ltr' id='par_1_107' title="bbox 2133 4586 3704 4658">
     <span class='ocr_line' id='line_1_108' title="bbox 2133 4586 3704 4658; baseline -0.001 -14"><span class='ocrx_word' id='word_1_871' title='bbox 2133 4592 2371 4644; x_wconf 87' lang='lat' dir='ltr'><strong>animam</strong></span> <span class='ocrx_word' id='word_1_872' title='bbox 2407 4592 2689 4645; x_wconf 83' lang='lat' dir='ltr'><strong>remissam</strong></span> <span class='ocrx_word' id='word_1_873' title='bbox 2726 4591 2793 4644; x_wconf 90' lang='lat' dir='ltr'><strong>ab</strong></span> <span class='ocrx_word' id='word_1_874' title='bbox 2819 4591 3124 4644; x_wconf 91' lang='lat' dir='ltr'><strong>animarum</strong></span> <span class='ocrx_word' id='word_1_875' title='bbox 3159 4590 3301 4653; x_wconf 89' lang='lat' dir='ltr'><strong>loco,</strong></span> <span class='ocrx_word' id='word_1_876' title='bbox 3327 4590 3542 4658; x_wconf 89' lang='lat' dir='ltr'><strong>corpori</strong></span> <span class='ocrx_word' id='word_1_877' title='bbox 3585 4586 3704 4656; x_wconf 81' lang='lat' dir='ltr'><strong>ejus</strong></span> 
     </span>
    </p>
   </div>
   <div class='ocr_carea' id='block_1_108' title="bbox 2134 4680 3707 4752">
    <p class='ocr_par' dir='ltr' id='par_1_108' title="bbox 2134 4680 3707 4752">
     <span class='ocr_line' id='line_1_109' title="bbox 2134 4680 3707 4752; baseline 0.003 -18"><span class='ocrx_word' id='word_1_878' title='bbox 2134 4682 2464 4738; x_wconf 87' lang='lat' dir='ltr'><strong>restitutam.</strong></span> <span class='ocrx_word' id='word_1_879' title='bbox 2508 4682 2620 4740; x_wconf 84' lang='lat' dir='ltr'><strong>Nec</strong></span> <span class='ocrx_word' id='word_1_880' title='bbox 2655 4683 2800 4737; x_wconf 87' lang='lat' dir='ltr'><strong>enim</strong></span> <span class='ocrx_word' id='word_1_881' title='bbox 2840 4685 3172 4736; x_wconf 89' lang='lat' dir='ltr'><strong>censendum</strong></span> <span class='ocrx_word' id='word_1_882' title='bbox 3214 4691 3300 4736; x_wconf 89' lang='lat' dir='ltr'><strong>est</strong></span> <span class='ocrx_word' id='word_1_883' title='bbox 3333 4683 3474 4752; x_wconf 91' lang='lat' dir='ltr'><strong>quod</strong></span> <span class='ocrx_word' id='word_1_884' title='bbox 3508 4680 3707 4738; x_wconf 81' lang='lat' dir='ltr'><strong>Lazari</strong></span> 
     </span>
    </p>
   </div>
   <div class='ocr_carea' id='block_1_109' title="bbox 2128 4773 3702 4843">
    <p class='ocr_par' dir='ltr' id='par_1_109' title="bbox 2128 4773 3702 4843">
     <span class='ocr_line' id='line_1_110' title="bbox 2128 4773 3702 4843; baseline 0.001 -17"><span class='ocrx_word' id='word_1_885' title='bbox 2128 4773 2308 4827; x_wconf 86' lang='lat' dir='ltr'><strong>anima</strong></span> <span class='ocrx_word' id='word_1_886' title='bbox 2359 4776 2578 4829; x_wconf 88' lang='lat' dir='ltr'><strong>adesset</strong></span> <span class='ocrx_word' id='word_1_887' title='bbox 2624 4775 2839 4843; x_wconf 77' lang='lat' dir='ltr'><strong>corpori</strong></span> <span class='ocrx_word' id='word_1_888' title='bbox 2891 4783 3014 4842; x_wconf 92' lang='lat' dir='ltr'><strong>post</strong></span> <span class='ocrx_word' id='word_1_889' title='bbox 3066 4789 3223 4827; x_wconf 91' lang='lat' dir='ltr'><strong>suum</strong></span> <span class='ocrx_word' id='word_1_890' title='bbox 3273 4788 3599 4839; x_wconf 80' lang='lat' dir='ltr'><strong>excessum,</strong></span> <span class='ocrx_word' id='word_1_891' title='bbox 3643 4780 3702 4828; x_wconf 88' lang='lat' dir='ltr'><strong>et</strong></span> 
     </span>
    </p>
   </div>
   <div class='ocr_carea' id='block_1_110' title="bbox 2128 4861 3701 4936">
    <p class='ocr_par' dir='ltr' id='par_1_110' title="bbox 2128 4861 3701 4936">
     <span class='ocr_line' id='line_1_111' title="bbox 2128 4861 3701 4936; baseline -0.001 -17"><span class='ocrx_word' id='word_1_892' title='bbox 2128 4865 2269 4934; x_wconf 89' lang='lat' dir='ltr'><strong>quod</strong></span> <span class='ocrx_word' id='word_1_893' title='bbox 2311 4866 2466 4935; x_wconf 90' lang='lat' dir='ltr'><strong>quasi</strong></span> <span class='ocrx_word' id='word_1_894' title='bbox 2510 4866 2760 4921; x_wconf 88' lang='lat' dir='ltr'><strong>celeriter</strong></span> <span class='ocrx_word' id='word_1_895' title='bbox 2803 4881 3077 4936; x_wconf 82' lang='lat' dir='ltr'><strong>praesens,</strong></span> <span class='ocrx_word' id='word_1_896' title='bbox 3115 4882 3238 4921; x_wconf 91' lang='lat' dir='ltr'><strong>cum</strong></span> <span class='ocrx_word' id='word_1_897' title='bbox 3285 4865 3576 4920; x_wconf 86' lang='lat' dir='ltr'><strong>clamasset</strong></span> <span class='ocrx_word' id='word_1_898' title='bbox 3607 4861 3701 4918; x_wconf 74' lang='grc' dir='ltr'><strong>ιθ-</strong></span> 
     </span>
    </p>
   </div>
   <div class='ocr_carea' id='block_1_111' title="bbox 2124 4956 3698 5030">
    <p class='ocr_par' dir='ltr' id='par_1_111' title="bbox 2124 4956 3698 5030">
     <span class='ocr_line' id='line_1_112' title="bbox 2124 4956 3698 5030; baseline 0 -17"><span class='ocrx_word' id='word_1_899' title='bbox 2124 4974 2252 5021; x_wconf 90' lang='lat' dir='ltr'><strong>sus,</strong></span> <span class='ocrx_word' id='word_1_900' title='bbox 2300 4956 2640 5028; x_wconf 78' lang='lat' dir='ltr'><strong>dixissetque</strong></span> <span class='ocrx_word' id='word_1_901' title='bbox 2672 4977 2685 5013; x_wconf 94' lang='lat'><strong>:</strong></span> <span class='ocrx_word' id='word_1_902' title='bbox 2725 4978 2744 5011; x_wconf 77' lang='grc' dir='ltr'><strong>ι</strong></span> <span class='ocrx_word' id='word_1_903' title='bbox 2774 4958 2980 5016; x_wconf 86' lang='lat' dir='ltr'><strong>Lazare</strong></span> <span class='ocrx_word' id='word_1_904' title='bbox 3007 5003 3022 5027; x_wconf 94' lang='lat'><strong>,</strong></span> <span class='ocrx_word' id='word_1_905' title='bbox 3060 4959 3213 5030; x_wconf 85' lang='lat' dir='ltr'><strong>prodi</strong></span> <span class='ocrx_word' id='word_1_906' title='bbox 3260 4957 3405 5011; x_wconf 84' lang='lat' dir='ltr'><strong>foras</strong></span> <span class='ocrx_word' id='word_1_907' title='bbox 3433 4956 3500 5022; x_wconf 84' lang='lat'><strong>&quot;&quot;,</strong></span> <span class='ocrx_word' id='word_1_908' title='bbox 3542 4974 3562 5008; x_wconf 75' lang='grc' dir='ltr'><strong>ι</strong></span> <span class='ocrx_word' id='word_1_909' title='bbox 3597 4970 3698 5013; x_wconf 87' lang='lat' dir='ltr'><strong>au-</strong></span> 
     </span>
    </p>
   </div>
   <div class='ocr_carea' id='block_1_112' title="bbox 2126 5049 3697 5125">
    <p class='ocr_par' dir='ltr' id='par_1_112' title="bbox 2126 5049 3697 5125">
     <span class='ocr_line' id='line_1_113' title="bbox 2126 5049 3697 5125; baseline -0.001 -19"><span class='ocrx_word' id='word_1_910' title='bbox 2126 5053 2307 5117; x_wconf 92' lang='lat' dir='ltr'><strong>dierit,</strong></span> <span class='ocrx_word' id='word_1_911' title='bbox 2337 5054 2732 5125; x_wconf 89' lang='lat' dir='ltr'><strong>conjunctaque</strong></span> <span class='ocrx_word' id='word_1_912' title='bbox 2757 5057 2968 5124; x_wconf 90' lang='lat' dir='ltr'><strong>corpori</strong></span> <span class='ocrx_word' id='word_1_913' title='bbox 2995 5056 3177 5111; x_wconf 81' lang='lat' dir='ltr'><strong>fuerit.</strong></span> <span class='ocrx_word' id='word_1_914' title='bbox 3208 5051 3462 5120; x_wconf 79' lang='lat' dir='ltr'><strong>Alioquin</strong></span> <span class='ocrx_word' id='word_1_915' title='bbox 3491 5049 3536 5104; x_wconf 90' lang='lat' dir='ltr'><strong>si</strong></span> <span class='ocrx_word' id='word_1_916' title='bbox 3572 5049 3697 5118; x_wconf 89' lang='lat' dir='ltr'><strong>quis</strong></span> 
     </span>
    </p>
   </div>
   <div class='ocr_carea' id='block_1_113' title="bbox 2126 5140 3695 5214">
    <p class='ocr_par' dir='ltr' id='par_1_113' title="bbox 2126 5140 3695 5214">
     <span class='ocr_line' id='line_1_114' title="bbox 2126 5140 3695 5214; baseline -0.005 -16"><span class='ocrx_word' id='word_1_917' title='bbox 2126 5144 2231 5199; x_wconf 80' lang='lat' dir='ltr'><strong>ltoc</strong></span> <span class='ocrx_word' id='word_1_918' title='bbox 2254 5145 2322 5199; x_wconf 90' lang='lat' dir='ltr'><strong>de</strong></span> <span class='ocrx_word' id='word_1_919' title='bbox 2349 5143 2541 5198; x_wconf 90' lang='lat' dir='ltr'><strong>Lazari</strong></span> <span class='ocrx_word' id='word_1_920' title='bbox 2579 5146 2758 5199; x_wconf 91' lang='lat' dir='ltr'><strong>anima</strong></span> <span class='ocrx_word' id='word_1_921' title='bbox 2791 5147 3100 5214; x_wconf 89' lang='lat' dir='ltr'><strong>suspicatur</strong></span> <span class='ocrx_word' id='word_1_922' title='bbox 3123 5183 3138 5209; x_wconf 95' lang='lat'><strong>,</strong></span> <span class='ocrx_word' id='word_1_923' title='bbox 3193 5140 3695 5208; x_wconf 88' lang='lat' dir='ltr'><strong>absurditatemque</strong></span> 
     </span>
    </p>
   </div>
   <div class='ocr_carea' id='block_1_114' title="bbox 2126 5229 3694 5306">
    <p class='ocr_par' dir='ltr' id='par_1_114' title="bbox 2126 5229 3694 5306">
     <span class='ocr_line' id='line_1_115' title="bbox 2126 5229 3694 5306; baseline -0.003 -18"><span class='ocrx_word' id='word_1_924' title='bbox 2126 5236 2380 5289; x_wconf 88' lang='lat' dir='ltr'><strong>admittat</strong></span> <span class='ocrx_word' id='word_1_925' title='bbox 2424 5237 2491 5288; x_wconf 90' lang='lat' dir='ltr'><strong>de</strong></span> <span class='ocrx_word' id='word_1_926' title='bbox 2544 5235 2722 5289; x_wconf 85' lang='lat' dir='ltr'><strong>anima</strong></span> <span class='ocrx_word' id='word_1_927' title='bbox 2777 5251 2806 5289; x_wconf 89' lang='lat' dir='ltr'><strong>a</strong></span> <span class='ocrx_word' id='word_1_928' title='bbox 2859 5250 3088 5306; x_wconf 91' lang='lat' dir='ltr'><strong>corpore</strong></span> <span class='ocrx_word' id='word_1_929' title='bbox 3155 5233 3418 5294; x_wconf 88' lang='lat' dir='ltr'><strong>liberata,</strong></span> <span class='ocrx_word' id='word_1_930' title='bbox 3464 5229 3694 5299; x_wconf 87' lang='lat' dir='ltr'><strong>perinde</strong></span> 
     </span>
    </p>
   </div>
   <div class='ocr_carea' id='block_1_115' title="bbox 2127 5318 3714 5410">
    <p class='ocr_par' dir='ltr' id='par_1_115' title="bbox 2127 5318 3714 5410">
     <span class='ocr_line' id='line_1_116' title="bbox 2127 5318 3714 5410; baseline -0.004 -30"><span class='ocrx_word' id='word_1_931' title='bbox 2127 5331 2280 5396; x_wconf 83' lang='lat' dir='ltr'><strong>quasi</strong></span> <span class='ocrx_word' id='word_1_932' title='bbox 2314 5335 2528 5381; x_wconf 90' lang='lat' dir='ltr'><strong>mortuo</strong></span> <span class='ocrx_word' id='word_1_933' title='bbox 2551 5328 2822 5391; x_wconf 82' lang='lat' dir='ltr'><strong>assideat,</strong></span> <span class='ocrx_word' id='word_1_934' title='bbox 2856 5328 3004 5382; x_wconf 89' lang='lat' dir='ltr'><strong>dicat</strong></span> <span class='ocrx_word' id='word_1_935' title='bbox 3027 5325 3298 5395; x_wconf 88' lang='lat' dir='ltr'><strong>quomodo</strong></span> <span class='ocrx_word' id='word_1_936' title='bbox 3331 5321 3544 5375; x_wconf 83' lang='lat' dir='ltr'><strong>auditus</strong></span> <span class='ocrx_word' id='word_1_937' title='bbox 3577 5318 3714 5410; x_wconf 33' lang='lat' dir='ltr'><strong>[ue-1</strong></span> 
     </span>
    </p>
   </div>
   <div class='ocr_carea' id='block_1_116' title="bbox 2328 5411 3714 5494">
    <p class='ocr_par' dir='ltr' id='par_1_116' title="bbox 2328 5411 3714 5494">
     <span class='ocr_line' id='line_1_117' title="bbox 2328 5411 3714 5494; baseline 0.007 -20"><span class='ocrx_word' id='word_1_938' title='bbox 2328 5423 2376 5454; x_wconf 68' lang='grc'>⁷⁸</span> <span class='ocrx_word' id='word_1_939' title='bbox 2398 5421 2441 5476; x_wconf 89' lang='lat' dir='ltr'><strong>ll</strong></span> <span class='ocrx_word' id='word_1_940' title='bbox 2467 5422 2592 5477; x_wconf 89' lang='lat' dir='ltr'><strong>Cor.</strong></span> <span class='ocrx_word' id='word_1_941' title='bbox 2623 5437 2678 5482; x_wconf 74' lang='grc' dir='ltr'>ι.</span> <span class='ocrx_word' id='word_1_942' title='bbox 2702 5420 2756 5475; x_wconf 81' lang='grc'>5.</span> <span class='ocrx_word' id='word_1_943' title='bbox 2839 5421 2885 5453; x_wconf 74' lang='grc'>’⁸</span> <span class='ocrx_word' id='word_1_944' title='bbox 2907 5419 3030 5474; x_wconf 88' lang='lat' dir='ltr'><strong>lsai.</strong></span> <span class='ocrx_word' id='word_1_945' title='bbox 3067 5433 3218 5482; x_wconf 82' lang='lat' dir='ltr'><strong>LVIII,</strong></span> <span class='ocrx_word' id='word_1_946' title='bbox 3257 5419 3310 5474; x_wconf 88' lang='lat'><strong>9.</strong></span> <span class='ocrx_word' id='word_1_947' title='bbox 3419 5414 3465 5446; x_wconf 84' lang='grc'><strong>⁷⁸</strong></span> <span class='ocrx_word' id='word_1_948' title='bbox 3494 5411 3714 5494; x_wconf 61' lang='grc' dir='ltr'><strong>Μειιῑιιοῗ</strong></span> 
     </span>
    </p>
   </div>
   <div class='ocr_carea' id='block_1_117' title="bbox 2119 5573 2483 5641">
    <p class='ocr_par' dir='ltr' id='par_1_117' title="bbox 2119 5573 2483 5641">
     <span class='ocr_line' id='line_1_118' title="bbox 2119 5573 2483 5641; baseline -0.008 -15"><span class='ocrx_word' id='word_1_949' title='bbox 2119 5573 2210 5626; x_wconf 81' lang='grc' dir='ltr'><strong>τὸν</strong></span> <span class='ocrx_word' id='word_1_950' title='bbox 2237 5573 2483 5641; x_wconf 90' lang='grc' dir='ltr'>Σωτῆρα.</span> 
     </span>
    </p>
   </div>
   <div class='ocr_carea' id='block_1_118' title="bbox 2193 5634 3686 5714">
    <p class='ocr_par' dir='ltr' id='par_1_118' title="bbox 2193 5634 3686 5714">
     <span class='ocr_line' id='line_1_119' title="bbox 2193 5634 3686 5714; baseline -0.001 -20"><span class='ocrx_word' id='word_1_951' title='bbox 2193 5643 2306 5714; x_wconf 74' lang='lat'><strong>(&#39;72)</strong></span> <span class='ocrx_word' id='word_1_952' title='bbox 2353 5634 2450 5714; x_wconf 66' lang='grc' dir='ltr'>’.ὃς</span> <span class='ocrx_word' id='word_1_953' title='bbox 2493 5637 2714 5714; x_wconf 66' lang='grc' dir='ltr'>οἰηρείη</span> <span class='ocrx_word' id='word_1_954' title='bbox 2762 5635 2839 5714; x_wconf 78' lang='grc' dir='ltr'><strong>ᾂν</strong></span> <span class='ocrx_word' id='word_1_955' title='bbox 2863 5652 2989 5714; x_wconf 55' lang='grc' dir='ltr'>τις,</span> <span class='ocrx_word' id='word_1_956' title='bbox 3030 5634 3602 5714; x_wconf 44' lang='grc' dir='ltr'>οιοζῙΙιοορίιΧΙιιοιιιε</span> <span class='ocrx_word' id='word_1_957' title='bbox 3629 5645 3686 5699; x_wconf 84' lang='lat' dir='ltr'><strong>in</strong></span> 
     </span>
    </p>
   </div>
   <div class='ocr_carea' id='block_1_119' title="bbox 2121 5704 3685 5783">
    <p class='ocr_par' dir='ltr' id='par_1_119' title="bbox 2121 5704 3685 5783">
     <span class='ocr_line' id='line_1_120' title="bbox 2121 5704 3685 5783; baseline 0 -16"><span class='ocrx_word' id='word_1_958' title='bbox 2121 5704 2375 5783; x_wconf 79' lang='lat' dir='ltr'><strong>eumdem</strong></span> <span class='ocrx_word' id='word_1_959' title='bbox 2418 5704 2568 5783; x_wconf 76' lang='lat' dir='ltr'><strong>liunc_</strong></span> <span class='ocrx_word' id='word_1_960' title='bbox 2595 5706 2818 5783; x_wconf 82' lang='lat' dir='ltr'><strong>Joan_nis</strong></span> <span class='ocrx_word' id='word_1_961' title='bbox 2863 5704 3036 5783; x_wconf 66' lang='lat' dir='ltr'><strong>locum</strong></span> <span class='ocrx_word' id='word_1_962' title='bbox 3067 5721 3080 5754; x_wconf 88' lang='lat'><strong>:</strong></span> <span class='ocrx_word' id='word_1_963' title='bbox 3118 5706 3277 5783; x_wconf 50' lang='lat' dir='ltr'><strong>biga</strong></span> <span class='ocrx_word' id='word_1_964' title='bbox 3307 5704 3365 5762; x_wconf 82' lang='grc' dir='ltr'>δὲ</span> <span class='ocrx_word' id='word_1_965' title='bbox 3390 5704 3685 5783; x_wconf 67' lang='grc' dir='ltr'>ἔκραξενὸ</span> 
     </span>
    </p>
   </div>
   <div class='ocr_carea' id='block_1_120' title="bbox 2123 5773 3685 5855">
    <p class='ocr_par' dir='ltr' id='par_1_120' title="bbox 2123 5773 3685 5855">
     <span class='ocr_line' id='line_1_121' title="bbox 2123 5773 3685 5855; baseline -0.014 -19"><span class='ocrx_word' id='word_1_966' title='bbox 2123 5783 2323 5853; x_wconf 77' lang='grc' dir='ltr'>Κύριος</span> <span class='ocrx_word' id='word_1_967' title='bbox 2359 5781 2445 5834; x_wconf 85' lang='grc' dir='ltr'>διὰ</span> <span class='ocrx_word' id='word_1_968' title='bbox 2480 5775 2636 5831; x_wconf 88' lang='grc' dir='ltr'>τοῦτο</span> <span class='ocrx_word' id='word_1_969' title='bbox 2659 5813 2674 5838; x_wconf 94' lang='grc'><strong>,</strong></span> <span class='ocrx_word' id='word_1_970' title='bbox 2713 5774 2801 5827; x_wconf 84' lang='grc' dir='ltr'>ἵνα</span> <span class='ocrx_word' id='word_1_971' title='bbox 2843 5773 2912 5826; x_wconf 79' lang='grc' dir='ltr'>τὰ</span> <span class='ocrx_word' id='word_1_972' title='bbox 2958 5773 3066 5824; x_wconf 88' lang='grc' dir='ltr'><strong>τῶν</strong></span> <span class='ocrx_word' id='word_1_973' title='bbox 3129 5775 3395 5846; x_wconf 73' lang='grc' dir='ltr'>Ἑλλήνων</span> <span class='ocrx_word' id='word_1_974' title='bbox 3431 5773 3685 5855; x_wconf 53' lang='grc' dir='ltr'><strong>ἐμφράξῃ</strong></span> 
     </span>
    </p>
   </div>
  </div>
