4196 6420
395 414 506 469 693

1402 409 1760 466 COMMENT.
1800 408 1865 463 IN
1905 406 2098 463 JOAN.
2140 406 2379 468 TOMUS
2414 408 2651 465 XXVIII.

3560 407 3666 461 69L

394 535 499 599 τὴν
529 527 669 601 πρὸς
705 530 869 583 αὐτὸν
902 528 1083 599 φιλίαν
1120 530 1504 601 ἡμαρτηκότα,
1535 530 1628 584 καὶ
1665 529 1856 601 νεκρὸν
1899 544 1975 595 γε·

2097 530 2495 585 resurrectione
2529 530 2795 584 hactenus
2836 526 3082 597 quidem.
3164 525 3434 581 Caeterum
3477 539 3669 579 sensus

374 625 625 693 ,νόμενον
673 620 752 692 τῷ
801 621 941 690 Θεῷ,
987 620 1214 690 δυνάμει
1247 621 1366 694 θείᾳ
1408 621 1842 692 παλινδρομῆσαι
1893 619 1990 672 ἐπὶ

394 715 491 786 τὴν
526 713 695 786 ζωὴν,
739 714 833 768 καὶ
879 712 1061 784 ἔτυχε,
1106 713 1202 765 καὶ
1231 706 1371 766 εἶδεν
1411 716 1471 767 ὲν
1508 712 1587 783 τῷ
1619 712 1846 781 τοιούτῳ
1880 709 1988 775 ζω-

393 805 523 860 τικά
566 805 868 876 κινήματα,
907 805 992 874 ἐφ’
1028 799 1111 869 οἷς
1142 805 1458 877 εὐχαριστεῖ
1484 803 1562 875 τῷ
1591 802 1785 876 Πατρί.
1826 804 1986 875 Περι-

394 896 593 968 έστηκε
629 896 687 949 δὲ
709 895 867 972 ὄχλος
897 896 989 951 τὸν
1016 895 1256 950 τοιοῦτον
1285 897 1482 969 νεκρὸν
1517 896 1744 968 μηδέπω
1769 913 1989 950 πιστευ-

391 989 562 1043 όντων
597 989 683 1043 ὄτι
750 987 957 1062 Ἰησοῦν
996 988 1316 1044 ἀπέστειλεν
1340 992 1370 1043 6
1413 989 1566 1055 Θεὸς,
1594 990 1691 1043 καὶ
1723 989 1807 1042 ὅτι
1835 991 1863 1042 6
1891 989 1988 1043 Λό-

393 1101 489 1154 γος
512 1078 667 1147 οὗτος
698 1083 884 1139 θεόθεν
917 1082 1230 1156 ἀνθρώποις
1270 1083 1657 1154 ἐπιδεδήμηκε.
1690 1073 1808 1136 Καῐ
1828 1098 1985 1153 περι-

392 1177 567 1240 eo":th
602 1193 669 1247 γε
714 1170 869 1241 οὗτος
906 1179 937 1231 6
967 1176 1125 1248 ὄχλος
1176 1175 1470 1248 θαυμάσοι,
1506 1176 1590 1230 ὅτι
1625 1174 1771 1229 οὕτω
1813 1172 1985 1228 δυσώ-

391 1269 489 1339 δης
517 1268 628 1340 (74)
669 1269 778 1322 άπὸ
815 1268 924 1322 τῶν
972 1269 1109 1341 πρὸς
1157 1268 1387 1323 θάνατον
1430 1267 1850 1340 ἁμαρτημάτων
1899 1283 1984 1330 τις

395 1360 792 1432 γεγενημένος,
830 1360 926 1414 καὶ
975 1359 1265 1416 ἀποθανὼν
1312 1363 1378 1431 τῇ
1422 1361 1590 1432 ἀρετῇ
1612 1403 1627 1426 ,
1665 1358 1983 1430 ἐπαλινδρὸ-

397 1471 573 1527 μησεν
614 1455 705 1507 ὲπ’
732 1454 932 1525 αὐτήνο
964 1455 1058 1508 καὶ
1107 1454 1396 1525 Θαυμάσας
1435 1452 1721 1506 πιστεύσαι
1755 1452 1820 1506 ἄν
1850 1467 1981 1504 ποτε
2017 1474 2025 1485 ο

391 1545 470 1616 τῷ
512 1546 904 1616 ζωοποιήσαντι
934 1546 1096 1600 αὐτὸν
1124 1547 1302 1617 Λόγῳ,
1330 1545 1405 1610 ὡς
1448 1544 1630 1599 θεόθεν
1675 1542 1982 1615 ἀνθρώποις

394 1635 551 1706 ὲπιδη
561 1636 634 1707 μή
642 1652 772 1689 σαντ
780 1653 795 1687 ι
803 1677 816 1690 .

2094 618 2252 687 hujus
2273 620 2376 677 loci
2404 620 2757 691 anagogicus,
2786 634 2853 673 ex
2879 619 2964 673 his
2984 633 3103 687 qua:
3125 617 3502 688 explicuimus,
3524 617 3666 670 haud

2089 721 2176 767 est
2213 710 2471 768 difficilis.
2513 711 2679 765 Petiit
2729 710 2875 765 enim
2921 707 3079 765 Jesus
3118 719 3178 764 ut
3223 708 3316 780 qui
3350 714 3669 779 peccaverat

2087 811 2213 873 post
2261 803 2561 858 amicitiam
2612 816 2776 872 quam
2801 815 2931 873 erga
2976 817 3036 856 se
3072 801 3377 868 habuerat,
3426 808 3671 854 mortuus

2087 892 2267 950 fut-tus
2299 894 2438 959 Deo,
2465 894 2651 948 divina
2678 892 2879 949 virtute
2904 893 3114 949 rediret
3142 895 3323 948 denuo
3369 891 3436 946 ad
3468 889 3667 953 vitam;

2087 986 2310 1055 votique
2337 999 2567 1056 compos
2602 985 2781 1042 factus
2804 993 2922 1053 est,
2971 985 3216 1055 viditque
3265 985 3319 1038 in
3352 981 3665 1048 huiusmodi

2088 1075 2309 1131 homine
2340 1076 2537 1131 vitales
2570 1086 2749 1132 motus
2783 1094 2800 1134 :
2839 1090 2938 1147 pro
2963 1076 3161 1146 quibus
3183 1075 3391 1145 gratias
3428 1073 3540 1144 agit
3562 1069 3668 1126 Pa-

2089 1167 2184 1221 tri.
2228 1165 2388 1222 Circa
2440 1167 2817 1237 hujuscemodi
2888 1178 3071 1224 autem
3134 1175 3407 1223 mortuum
3484 1164 3669 1221 stabat

2086 1263 2241 1313 turba
2258 1260 2495 1315 nondum
2512 1261 2848 1316 credentium
2861 1259 3045 1316 Jesum
3060 1276 3087 1315 a
3106 1261 3217 1315 Deo
3230 1260 3455 1315 missum
3473 1256 3663 1321 fuisse,

2086 1366 2185 1404 uec
2203 1349 2524 1405 Sermonem
2551 1352 2697 1406 hunc
2721 1352 2982 1407 divinitus
3003 1353 3066 1405 ad
3085 1351 3332 1407 homines
3348 1348 3663 1406 accessisse.

2082 1446 2260 1515 Atque
2281 1444 2490 1500 utinam
2519 1446 2633 1499 haec
2666 1445 2822 1499 turba
2849 1444 3214 1499 circumstans
3249 1444 3497 1508 miretur,
3522 1443 3665 1512 quod

2084 1539 2282 1606 aliquis
2322 1539 2461 1594 adeo
2500 1537 2700 1594 fetidus
2732 1537 2911 1594 factus
2945 1540 3016 1592 ob
3055 1547 3273 1607 peccata
3310 1539 3378 1594 ad
3410 1545 3662 1602 mortem,

2081 1626 2436 1696 mortuusque
2470 1627 2683 1691 virtuti,
2709 1628 2888 1682 denuo
2921 1627 2987 1681 ad
3022 1627 3191 1683 vitam
3232 1628 3489 1694 redierit;
3512 1645 3664 1684 cum-

2081 1731 2187 1783 que
2211 1719 2407 1772 mirata
2451 1716 2638 1782 fuerit,
2666 1720 3125 1775 credatSermoni
3170 1722 3344 1791 ipsam
3374 1720 3663 1793 aliquando

2082 1808 2455 1874 vivificaturo,
2500 1811 2643 1878 quod
2680 1810 2939 1867 divinitus
2963 1813 3032 1868 ad
3069 1813 3315 1870 homines
3355 1816 3661 1893 advenerit.

463 1910 514 1964 6.
553 1928 571 1961 ι
606 1910 716 1963 Καὶ
757 1910 929 1964 ταῦτα
970 1911 1177 1976 εἰπὼν,
1208 1912 1358 1981 φωνῇ
1396 1909 1606 1982 μεγάλῃ
1632 1908 1975 1981 ὲκραύγασε³

2155 1899 2318 1971 377
2346 1900 2398 1955 6.
2429 1919 2447 1954 ι
2479 1877 2548 1957 Et
2579 1902 2693 1958 haec
2725 1917 2849 1958 cum
2881 1904 3127 1973 dixisset,
3164 1920 3297 1960 voce
3329 1886 3523 1976 magna
3547 1907 3663 1963 cla-

394 2000 639 2072 Λάζαρε,
662 2001 823 2072 δεῦρο
838 2000 966 2065 ἕξωο
993 2003 1089 2056 καὶ
1118 2000 1344 2072 ἐξῆλθεν
1362 2003 1390 2054 6
1404 1999 1681 2072 τεθνηκὼς
1694 1999 1978 2071 δεδεμένος

389 2095 515 2156 τούς
540 2093 705 2158 πόδας
732 2093 826 2146 καὶ
856 2092 955 2156 τὰς
985 2095 1177 2165 χεῖρας
1233 2092 1495 2164 κειρίαις*
1528 2091 1619 2146 καὶ
1660 2094 1694 2162 ἡ
1730 2091 1852 2162 ὄψις
1882 2093 1983 2146 αὐ-

385 2181 481 2235 τοῦ
526 2182 793 2253 σουδαρίῳ
848 2181 1172 2236 συνεδέδετο.
1219 2183 1384 2251 Λέγει
1432 2184 1462 2236 6
1506 2183 1713 2253 Ἰησοῦς
1759 2183 1972 2245 αὐτοῖς·

386 2274 603 2327 Λύσατε
651 2274 834 2338 αὐτὸν,
866 2274 960 2326 καὶ
991 2272 1157 2343 ἄφετε
1210 2274 1372 2327 αὐτὸν
1419 2275 1669 2343 ὑπάγειν.
1706 2292 1726 2326 ι
1772 2273 1979 2344 Ἰησοῦς

385 2360 488 2436 ἦρε
516 2366 642 2429 τοὺς
666 2364 977 2437 ὀφθαλμοὺς
1009 2367 1122 2421 ἄνω
1145 2406 1160 2431 ,
1198 2366 1294 2420 καὶ
1344 2366 1425 2421 ἔτι
1470 2367 1677 2438 μέλλων
1724 2366 1976 2438 εὔχεσθαι

385 2455 724 2527 ἑπηκούσθη,
753 2457 848 2510 καὶ
885 2457 1006 2510 ἀντὶ
1048 2458 1215 2528 εὐχῆς
1246 2459 1607 2530 εὐχαρίστησε
1634 2459 1978 2529 κατανοήσας

385 2548 481 2620 τὴν
530 2548 784 2619 Λαζάρου
832 2546 1008 2620 ψυχὴν
1049 2549 1401 2604 εἰσελθοῦσαν
1444 2552 1526 2613 είς
1557 2551 1617 2603 τὸ
1664 2550 1853 2620 σῶμα,
1883 2551 1977 2604 καὶ

383 2641 642 2713 δεομένην
668 2643 767 2713 τῆς
788 2641 896 2695 ἀπὸ
921 2641 1270 2715 προστάξεως
1295 2641 1470 2712 Ἰησοῦ
1493 2641 1862 2713 γενησομένης
1876 2643 1975 2694 αὐ-

386 2733 463 2805 τῷ
491 2733 734 2798 εὐτονίας
775 2733 912 2805 πρὸς
941 2734 1004 2787 τὸ
1046 2734 1280 2799 ἐξελθεῖν
1309 2734 1417 2787 ἀπὸ
1441 2733 1537 2787 τοῦ
1571 2734 1857 2805 μνημείου.
1884 2732 1976 2786 Διὸ

387 2825 527 2898 μετὰ
551 2824 648 2896 τὴν
675 2827 811 2898 πρὸς
835 2826 924 2879 τὸν
954 2827 1177 2897 Πατέρα
1198 2825 1549 2897 εὐχαριστίαν
1574 2825 1783 2897 μεγάλῃ
1808 2827 1974 2898 ἐχρή-

386 2933 518 2971 σατο
550 2920 721 2989 φωνῇ,
764 2918 994 2989 δύναμιν
1022 2917 1291 2988 ὲντιθείσῃ
1314 2916 1394 2987 τῷ
1423 2917 1682 2989 Λαζάρῳ,
1723 2916 1970 2988 μεγάλης

384 3008 637 3082 χρῄζοντι
673 3050 688 3075 ,
722 3012 797 3075 ὡς
822 3010 1033 3063 οὐδέπω
1064 3010 1343 3081 γενομένῳ
1368 3008 1614 3081 ὀξυηκόῳ
1642 3010 1742 3081 τῆς
1766 3027 1973 3081 προκα-

383 3101 653 3173 λουμένης
667 3103 830 3157 αὐτδν
851 3103 955 3171 ἔξω
978 3102 1072 3156 τοῦ
1102 3120 1205 3173 μνη
1216 3101 1369 3172 μείου
1398 3103 1663 3172 κραυγῆς.
1685 3102 1794 3155 Καὶ
1814 3101 1973 3154 τοῦτο

2082 1993 2254 2048 mavit
2290 2011 2303 2048 :
2348 1992 2580 2060 Lazare,
2605 1994 2727 2049 veni
2750 1994 2935 2052 foras:
2964 2006 3019 2053 et
3045 1997 3248 2067 prodiit
3289 1999 3382 2069 qui
3412 2010 3665 2057 mortuus

2080 2082 2279 2150 fuerat,
2311 2099 2502 2139 manus
2531 2094 2581 2139 et
2612 2087 2778 2154 pedes
2811 2085 3024 2144 habens
3059 2090 3335 2145 revinctos
3359 2090 3547 2149 fasciis
3573 2090 3661 2147 fu-

2081 2175 2300 2240 nereis;
2333 2185 2387 2230 et
2415 2175 2591 2231 facies
2622 2176 2765 2233 illius
2796 2179 3019 2236 sudario
3052 2190 3175 2236 erat
3203 2183 3480 2239 obviucta.
3516 2185 3660 2241 Dicit

2079 2267 2160 2322 eis
2180 2265 2338 2323 Jesus
2371 2286 2385 2323 :
2425 2269 2631 2326 Solvite
2654 2287 2802 2337 eum,
2833 2280 2891 2328 et
2925 2274 3090 2330 sinite
3120 2275 3272 2330 abire
3295 2276 3363 2330 ⁸ο.
3398 2296 3417 2330 ›
3454 2275 3660 2334 Preca-

2082 2369 2237 2415 turus
2269 2356 2428 2415 Jesus
2463 2375 2586 2415 cum
2614 2363 2931 2439 sustulisset
2956 2365 3168 2432 oculos,
3209 2370 3499 2424 exauditus
3532 2368 3655 2436 fuit,

2078 2460 2133 2506 et
2171 2467 2395 2521 precum
2442 2451 2563 2508 loco
2593 2454 2813 2528 gratias
2859 2456 2990 2526 egit,
3032 2457 3158 2526 quia
3204 2446 3494 2530 diligenter
3532 2475 3658 2532 per-

2079 2544 2351 2613 spexisset
2381 2543 2579 2600 Lazari
2605 2545 2848 2601 animam
2879 2563 3080 2617 corpus
3109 2550 3413 2621 ingressam
3450 2550 3654 2620 fuisse;

2077 2645 2326 2706 egentem
2353 2647 2758 2706 superventura
2791 2639 2892 2695 sibi
2920 2640 2991 2696 ob
3007 2642 3308 2708 jussionem
3344 2642 3474 2700 Jesu
3511 2654 3657 2703 stre-

2077 2729 2372 2789 nuitate.et
2399 2730 2584 2800 vigore
2624 2732 2691 2786 ad
2724 2734 3032 2787 exeundum
3061 2750 3093 2790 e
3124 2747 3494 2794 monumento.
3512 2737 3658 2805 Quo-

2076 2822 2222 2875 circa
2257 2831 2544 2892 postquam
2590 2823 2738 2879 Patri
2778 2827 2992 2895 gratias
3026 2828 3251 2898 egisset,
3290 2844 3427 2885 voce
3460 2845 3654 2900 magna

2076 2912 2356 2979 clamavit,
2388 2915 2557 2969 robur
2598 2915 2920 2986 impositura
2951 2918 3004 2972 in
3043 2918 3271 2985 Lazaro,
3301 2936 3498 2990 magna
3528 2936 3661 2977 voco

2075 3019 2212 3074 opus
2242 3005 2499 3073 habente,
2535 3007 2664 3077 quia
2700 3008 2940 3063 nondum
2965 3010 3221 3066 acumine
3237 3012 3500 3085 praeditus
3514 3024 3661 3068 esset

2076 3096 2332 3151 audiendi
2361 3097 2662 3153 clamorem
2702 3100 3025 3155 invitantem
3058 3115 3119 3156 se
3149 3111 3309 3156 extra
3337 3118 3658 3158 monumen-

382 3189 440 3244 δὲ
470 3193 753 3262 νομιστέον
778 3191 925 3258 ἄξιον
953 3186 1092 3246 εἷναι
1116 3190 1210 3245 τοῦ
1253 3189 1425 3260 Ἰησοῦ
1460 3190 1641 3263 ἔργον.
1669 3189 1730 3243 τὸ
1763 3190 1837 3260 μὴ
1870 3189 1969 3260 μό-

2079 3193 2211 3238 tum.
2237 3186 2416 3255 Atque
2446 3187 2552 3242 hoc
2586 3203 2717 3243 sane
2747 3205 2897 3259 opus,
2916 3191 3136 3263 dignum
3161 3192 3291 3249 Jesu
3317 3210 3437 3250 esse
3468 3195 3661 3252 dicen-

381 3298 471 3336 νον
504 3281 761 3349 εὔξασθαι
798 3284 882 3336 ἵνα
910 3281 1053 3354 ζήσῃ
1081 3285 1110 3337 6
1140 3282 1362 3352 νεκρὸς,
1393 3280 1531 3335 ἀλλὰ
1576 3284 1672 3335 καὶ
1700 3282 1969 3353 ἐμϐοῆσαι

382 3372 549 3444 αὐτῷ,
581 3375 674 3428 καὶ
708 3375 939 3430 καλέσαι
984 3376 1074 3429 τὸν
1116 3374 1263 3428 ἔνδον
1296 3373 1389 3426 τοῦ
1431 3372 1718 3444 σπηλαίου,
1750 3373 1968 3427 καὶτοῦ

387 3465 652 3535 μνημείου
686 3467 780 3520 ἐπὶ
804 3467 873 3520 τά
897 3467 1001 3533 ἔξω
1026 3465 1212 3519 αὐτοῦ.
1245 3464 1367 3536 Χρὴ
1400 3464 1457 3517 δὲ
1489 3464 1720 3529 εἰδέναι,
1754 3467 1837 3518 ὅτι
1863 3465 1969 3519 είσί

383 3570 527 3617 τινες
556 3556 651 3608 καὶ
681 3554 777 3608 νῦν
805 3557 1046 3629 Λάζαροι
1089 3556 1203 3626 (75)
1253 3556 1389 3629 μετὰ
1429 3554 1527 3627 τὴν
1576 3555 1756 3625 φιλίαν
1794 3554 1968 3626 Ἰησοῦ

384 3644 802 3717 ἀσθενήσαντες,
832 3650 927 3701 καὶ
957 3648 1341 3712 ἀποθανόντες,
1378 3648 1472 3702 καὶ
1512 3649 1570 3703 ἐν
1600 3649 1852 3719 μνημείῳ
1876 3649 1970 3703 καὶ¹

384 3736 592 3808 νεκρῶν
635 3738 790 3811 χώρᾳ
831 3740 1110 3811 μείναντες
1160 3739 1300 3810 μετὰ
1353 3739 1563 3811 νεκρῶν
1609 3740 1826 3811 νεκροί·
1877 3742 1972 3794 καὶ

387 3827 526 3899 μετὰ
563 3830 722 3884 τοῦτο
746 3834 812 3904 τῇ
848 3833 980 3903 εὐχῇ
1025 3831 1119 3885 τοῦ
1164 3828 1341 3901 Ἰησοῦ
1386 3828 1845 3901 ζωοποιηθέντες,
1878 3831 1974 3885 καὶ

384 3920 491 3973 ἀπὸ
520 3920 614 3974 τοῦ
649 3924 913 3995 μνημείου
949 3923 1041 3976 ἐπὶ
1074 3922 1143 3976 τά
1182 3921 1287 3986 ἔξω
1334 3921 1499 3975 αὐτοῦ
1549 3921 1658 3975 ὑπὸ
1703 3922 1880 3993 Ἰησοῦ
1904 3926 1972 3995 τῇ

389 4011 601 4086 μεγάλῃ
649 4012 813 4066 αὐτοῦ
856 4015 1006 4085 φωνῇ
1050 4012 1375 4083 καλούμενοι
1395 4029 1408 4044 ο
1462 4005 1508 4081 ᾧ
1552 4014 1582 4065 6
1628 4013 1970 4085 πειθόμενος,

383 4102 664 4176 ιξέρχεται
683 4106 809 4170 τοὺς
826 4105 1010 4172 ἀξίους
1036 4105 1137 4176 τῆς
1163 4104 1488 4178 νεκρότητος
1510 4106 1743 4179 δεσμοὺς
1771 4108 1837 4162 ὲκ
1861 4107 1970 4163 τῶν

384 4197 668 4269 προτέρων
694 4198 1105 4271 ἁμαρτημάτων
1144 4196 1557 4269 περικείμενος,
1592 4199 1687 4251 καὶ
1717 4197 1817 4270 τὴν
1847 4198 1970 4270 δψιν

387 4288 795 4360 περιδεδεμένος
827 4289 936 4355 ἔτι,
964 4289 1057 4344 καὶ
1090 4291 1228 4362 μήτε
1263 4288 1499 4361 βλέπων,
1542 4291 1681 4364 μήτε
1716 4290 1830 4363 (76)
1873 4308 1971 4345 πο-

388 4378 645 4451 ρευθῆναι
671 4380 996 4452 δυνάμενος,
1028 4382 1168 4454 μήτε
1192 4398 1246 4436 τι
1280 4382 1574 4455 ἐνεργῆσαι
1603 4379 1694 4436 διὰ
1714 4382 1841 4447 τοὺς
1867 4382 1971 4454 τῆς

455 4472 502 4505 ⁸⁸
527 4472 684 4528 Joan.
719 4489 793 4537 at,
822 4473 912 4529 ιδ.

2076 3277 2203 3330 dum
2235 3288 2342 3345 est,
2378 3288 2438 3331 ut
2474 3294 2579 3333 non
2603 3279 2776 3335 solum
2807 3297 2906 3351 pro
2940 3285 3138 3339 mortui
3163 3286 3271 3340 vita
3295 3296 3439 3353 oret,
3467 3302 3660 3344 verum

2074 3367 2242 3421 etiam
2281 3368 2335 3422 in
2364 3369 2459 3422 illo
2487 3369 2722 3437 insonet,
2754 3381 3018 3442 vocetque
3049 3373 3198 3428 illum
3223 3373 3277 3429 in
3302 3389 3659 3434 monumento

2074 3461 2427 3514 exsistentem
2462 3468 2518 3514 et
2551 3460 2603 3514 in
2638 3461 2918 3531 spelunca,
2945 3463 3013 3518 ad
3058 3466 3434 3535 prodeundum
3483 3469 3655 3530 foras.

2078 3550 2184 3607 Sed
2217 3563 2467 3608 notemus
2497 3568 2721 3609 necesse
2743 3565 2829 3610 est
2860 3554 3071 3625 aliquos
3091 3560 3388 3614 etiamnum
3417 3559 3658 3620 Lazaros

2075 3659 2217 3711 esse,
2249 3647 2339 3716 qui
2380 3654 2501 3715 post
2538 3655 2881 3703 contractam
2921 3663 3047 3713 cum
3076 3647 3206 3704 .lesu
3240 3652 3536 3708 amicitiam
3566 3653 3652 3708 in-

2077 3734 2273 3789 firmati
2307 3745 2437 3791 sunt
2469 3745 2525 3791 et
2563 3738 2818 3807 periere:
2855 3739 2948 3808 qui
2996 3740 3162 3807 etiam
3214 3742 3268 3795 in
3304 3754 3655 3800 monumento

2070 3840 2125 3883 et
2153 3830 2205 3882 in
2240 3842 2580 3885 mortuorum
2614 3830 2737 3887 loco
2761 3843 3084 3888 manserunt
3104 3850 3227 3889 cum
3255 3836 3484 3893 mortuis
3506 3853 3654 3893 mor-
3760 3906 3766 3913 .

2070 3923 2172 3987 tui,
2203 3931 2259 3977 et
2296 3932 2482 3991 postea
2512 3926 2769 3981 oratione
2794 3923 2947 3999 Jesu,
2972 3930 3064 3998 qui
3098 3928 3221 3984 illos
3247 3943 3279 3984 e
3303 3939 3655 3986 monumento

2069 4013 2137 4067 ad
2169 4015 2544 4082 prodeundum
2571 4015 2721 4072 foras
2747 4033 2881 4083 voce
2898 4034 3010 4084 ,sua
3056 4035 3249 4091 magna
3282 4022 3518 4089 vocavit,
3569 4023 3654 4077 vi-

2074 4103 2276 4160 vificati
2302 4121 2320 4172 ;
2350 4107 2436 4161 cui
2481 4108 2575 4177 qui
2622 4118 2801 4180 paret,
2824 4112 3131 4180 egreditur,
3160 4113 3394 4169 vinculis
3421 4115 3654 4171 mortiﬁ-

2074 4196 2296 4252 catione
2347 4198 2532 4270 dignis
2565 4200 2637 4256 ob
2684 4202 2868 4272 priora
2899 4212 3122 4274 peccata
3153 4206 3560 4274 circumdatus;
3596 4215 3656 4263 et

2074 4288 2270 4346 faciem
2291 4293 2588 4349 etiamnum
2620 4295 2936 4353 obvinctam
2966 4296 3199 4362 habens,
3222 4313 3401 4367 neque
3437 4300 3652 4368 videns,

2076 4397 2253 4455 neque
2284 4386 2570 4445 ambulare
2598 4387 3008 4458 valens,neque
3026 4387 3232 4458 aliquid
3270 4392 3488 4462 cperari
3524 4406 3654 4464 pro-

458 4563 586 4640 (Ἠλ
613 4564 760 4640 Idem
813 4566 985 4621 codex
1033 4565 1258 4638 Regius,
1281 4565 1459 4632 οὕτως
1511 4567 1671 4640 ὄχλος
1699 4567 1968 4640 θαυμάσοι

2078 4568 2334 4640 fetentem
2347 4637 2358 4640 _
2372 4579 2405 4620 e
2427 4571 2800 4640 _monumento
2841 4563 3172 4640 auctoritate
3208 4571 3571 4640 evocaverat,_
3590 4570 3649 4640 et

387 4632 531 4688 οὕτω
550 4632 825 4698 δυσώδης.

459 4652 531 4688 τω
561 4652 736 4687 ουσωο
777 4652 825 4698 ς.

459 4703 572 4776 (⁸15)
597 4704 722 4774 Χρὴ
739 4652 817 4758 ’δὲ
845 4705 1085 4770 ειδέναι,
1117 4705 1207 4759 ὅτι
1231 4707 1353 4760 εισι
1376 4722 1537 4773 τινες
1570 4706 1670 4762 καὶ
1700 4704 1818 4761 νῦν
1848 4706 1967 4762 Λά-

387 4771 1062 4848 ᾱιροιζειέέλΕιιειειΙιὶιιε
1093 4776 1464 4848 Antiocltenus
1495 4771 1574 4831 De
1621 4779 1971 4848 engastrimy-

388 4851 476 4899 uo
500 4860 519 4898 :
542 4844 678 4919 Iispi
702 4844 759 4898 δὲ
789 4845 882 4919 τοῦ
906 4845 1155 4918 Λαζάρου
1180 4845 1411 4919 γράφων
1432 4846 1653 4919 (nempe
1681 4844 1963 4919 Origenes,

385 4920 465 4973 sic
489 4916 634 4987 enim
662 4914 977 4987 legendum1
1006 4914 1132 4987 nou,
1189 4914 1248 4987 ut
1281 4914 1536 4987 Allatius,
1590 4914 1808 4987 γράφω)
1840 4917 1966 4987 ἀντὶ

385 4987 479 5042 τοῦ
513 4983 737 5051 δοξάσαι
758 4985 858 5108 si?
884 4984 981 5038 τοῦ
1014 4984 1252 5068 Χριστοῦ
1296 4983 1726 5108 μεγαλουργίαν,
1751 4983 1845 5041 καὶ
1880 4986 1970 5041 διά

385 5057 586 5108 τούτων
618 5056 809 5108 ἁποδεὶ
840 5072 896 5108 αι
928 5071 1137 5108 σαφωε.
1169 5055 1252 5108 ὅτι
1343 5073 1368 5108 ε
1401 5072 1430 5108 c
1480 5057 1628 5108 ἐστιν
1655 5059 1684 5108 ὁ
1715 5057 1807 5108 τὸν
1839 5056 1970 5108 ὀδω-

384 5057 586 5112 τούτων
618 5055 896 5124 ἀποδεῖξαι
922 5055 1137 5126 σαφῶς,
1169 5055 1252 5126 ότι
1296 5055 1430 5126 Θεός
1480 5055 1628 5109 ἐστιν
1655 5059 1684 5110 6
1715 5057 1807 5111 τὸν
1839 5056 1972 5110 ὀδω-

383 5128 514 5183 δότα
545 5127 737 5198 νεκρὸν
767 5128 833 5179 ὲκ
876 5124 1319 5198 τῶνᾴμνημάτων
1351 5124 1571 5198 ἐξουσίᾳ
1611 5127 1972 5198 μεταπεμψά.

390 5181 570 5267 μενος,
604 5181 698 5251 καὶ
722 5198 788 5267 τῇ
817 5194 913 5249 τοῦ
946 5181 1187 5267 ῥήματος
1211 5181 1410 5265 άφέσεῖ
1434 5196 1503 5249 τά
1533 5181 1839 5318 διιὲδηκότᾶ
1863 5181 1969 5251 σώ-

392 5286 537 5318 ιιατα
566 5266 838 5318 ὡυγάσας.
863 5265 1011 5318 οὐδὲν
1050 5265 1146 5318 μὲν
1168 5265 1332 5318 ἕνεκα
1356 5264 1548 5318 τούτου
1624 5267 1760 5318 έγει.
1792 5268 1969 5318 Λάζα-

390 5264 1031 5342 ματαῌψυχάσᾶςηούδξνγ
1048 5265 1146 5342 μὲν
1168 5264 1332 5342 ἕνεκα
1356 5264 1556 5342 ’τούτουΔ
1591 5264 1760 5342 λέγει.
1792 5268 1971 5342 Λάζα-

389 5335 486 5422 ρον
528 5335 600 5391 δξ
775 5336 870 5422 τοῦ
929 5335 1136 5422 Κυρίου
1183 5335 1357 5422 φίλον,
1403 5335 1464 5415 δν
1503 5335 1605 5390 οὐκ
1653 5338 1966 5422 άπεικότως

384 5404 576 5478 ἠγάπα
617 5408 684 5461 δι’
716 5407 938 5478 ἀρετὴν,
978 5404 1060 5478 είς
1085 5405 1177 5459 τὸν
1206 5404 1539 5478 ἀσθενοῦντα
1583 5408 1676 5460 καὶ
1697 5407 1969 5478 τεθνεῶτα

385 5474 505 5550 ταῖς
560 5474 1187 5550 ἁμαρτίαέςάνήγαγεν.
1223 5474 1414 5550 Οὐδεὶς
1548 5477 1706 5550 κατὰ-
1743 5477 1842 5550 τοῦ
1889 5479 1967 5530 δι-

385 5549 543 5619 καίου
570 5542 745 5619 ταῦτα
772 5542 944 5610 εἶπεν,
971 5542 1093 5619 οὐτξ
1128 5545 1371 5619 ἔγραψεν
1388 5561 1405 5577 ο
1447 5546 1512 5619 οὐ
1540 5546 1650 5619 γάρ
1675 5547 1749 5619 ᾲᾶν
1786 5546 1962 5612 οὕτως

2073 4637 2227 4694 verbi
2254 4636 2552 4691 emissione
2575 4649 2803 4704 corpora
2843 4632 3134 4704 tumefacta
3165 4633 3523 4695 animaverat.
3543 4635 3648 4704 iliis

2073 4708 2330 4765 omnibus
2357 4705 2574 4760 silentio
2618 4703 2898 4768 involutis,
2960 4703 3227 4758 Lazarum
3271 4704 3504 4759 amicum
3538 4703 3649 4759 Do-

2074 4779 2230 4841 mini,
2259 4791 2436 4846 quem
2455 4789 2561 4846 non
2591 4775 2690 4828 abs
2721 4788 2781 4828 re
2810 4783 3033 4843 propter
3060 4774 3318 4829 virtutem
3360 4774 3642 4846 diligebat,

2074 4850 2128 4902 in
2158 4844 2394 4918 peccatis
2427 4844 2767 4918 laborantem
2794 4855 2849 4899 et
2873 4852 3144 4918 mortuum
3180 4844 3474 4918 transtulit.
3515 4844 3648 4918 Qus

2076 4913 2241 4973 nemo
2264 4919 2329 4971 de
2355 4913 2501 4983 iusto
2524 4923 2619 4968 aut
2656 4914 2816 4976 dixit,
2861 4923 2955 4968 aut
2984 4915 3126 4968 dicta
3170 4915 3389 4983 scriptis
3420 4916 3648 4968 manda-

2074 4990 2176 5042 vit.
2211 4986 2396 5054 Neque
2440 4984 2585 5040 enim
2617 4999 2740 5038 eum
2785 4993 2893 5037 tam
2930 4983 3108 5038 valido
3140 4999 3331 5039 amore
3384 4984 3650 5044 Dominus

2077 5067 2399 5127 prosecutus
2424 5054 2640 5127 fuisset,
2673 5054 2778 5127 nisi
2827 5055 2951 5107 vita:
2978 5054 3117 5107 ratio
3143 5069 3306 5124 quam
3351 5057 3649 5127 proﬁteba-

2078 5120 2184 5195 tur,
2213 5128 2402 5182 divina
2432 5125 2644 5195 fuisset.
2682 5141 2701 5175 ι
2735 5120 2794 5176 ln
2823 5140 2941 5195 quo
2959 5138 3116 5195 sane,
3144 5120 3202 5179 ut
3225 5120 3370 5194 saepe
3409 5125 3465 5179 in
3495 5125 3642 5195 aliis,

2074 5194 2361 5277 Qrigenem
2396 5194 2672 5277 immerito
2700 5195 2876 5262 carpit
2899 5194 3254 5277 Eustathius;
3289 5209 3414 5276 nam
3453 5194 3647 5277 quami-

2075 5270 2158 5324 vis
2177 5264 2393 5322 Lazaro
2422 5264 2696 5334 hominem
2725 5264 2964 5333 peccatis
2981 5265 3320 5319 laborantem
3343 5264 3643 5334 significari

2075 5341 2343 5401 docuerit,
2374 5350 2482 5390 non
2517 5334 2642 5389 ideo
2670 5333 2939 5388 Lazarum
2976 5337 3213 5403 peccatis
3238 5333 3514 5391 laborasse
3546 5352 3644 5392 vo-

2073 5408 2164 5463 luit
2199 5427 2215 5464 :
2251 5406 2718 5478 quemadmodum
2741 5408 2831 5478 qui
2864 5416 3168 5473 serpentem
3191 5419 3398 5478 aeneum
3427 5406 3493 5478 in
3516 5406 3646 5478 soli:

2076 5474 2319 5533 tudine'a
2349 5476 2533 5546 Moyse
2559 5475 2818 5529 Israelitis
2847 5474 3644 5546 propositum,«fixerithristi

2070 5559 2251 5619 typum
2287 5545 2492 5619 fuisse,
2521 5561 2628 5619 non
2662 5548 2862 5600 idcirco
2899 5555 3206 5619 serpentem
3234 5545 3643 5619 autemanri-

385 5618 624 5701 άειρίτως
651 5618 905 5701 ἔστεργεν
943 5619 972 5671 6
1007 5612 1211 5701 ξύριος
1255 5612 1439 5701 αὐτὸν,
1469 5618 1519 5669 εί
1552 5612 1960 5701 θεσπεσίας

2078 5612 2207 5701 {tum
2242 5616 2660 5701 fuisse-dixerit.
2713 5620 2890 5686 Atque
2922 5612 3037 5669 haec
3074 5615 3128 5667 in
3165 5612 3503 5685 Origem'anis
3543 5633 3645 5677 ex-

386 5685 589 5769 eﬁﬁwro
612 5685 906 5769 ﬁoittcéf’ag:
939 5704 968 5768 _¢
1008 5686 1080 5741 De
1097 5685 1321 5741 Lazaro
1343 5685 1814 5769 autemnscribeus:
1834 5704 1956 5743 cum

2078 5690 2392 5769 pendulum.
2417 5685 2678 5769 Ηυξτιςε.

389 5755 671 5819 debuisset
699 5757 904 5814 Christi
938 5758 1128 5826 ingens
1152 5770 1290 5823 opus
1334 5755 1723 5825 magnifacere,
1757 5758 1956 5825 illoque

392 5829 567 5896 palam
601 5829 974 5885 demonstrare
1008 5829 1181 5884 Deum
1201 5839 1346 5894 esse,
1382 5826 1477 5896 qui
1526 5838 1795 5884 mortuum
1838 5828 1953 5897 jam

2136 5758 2251 5830 (76)
2283 5760 2462 5814 Codex
2496 5753 2718 5826 Regius,
2747 5757 2909 5822 male,
2951 5757 3180 5828 μήποτε.
