4182 6378
564 397 677 460 695

2049 384 2364 443 ORlGENIS

3717 373 3823 431 ὓθὸ

563 523 690 588 pter
715 506 1156 566 mortiﬁcationis
1169 505 1402 567 vincula.
1421 505 1593 560 donec
1609 501 1766 559 Jcsus
1781 501 2007 572 jusserit
2029 501 2135 556 sol-

2245 499 2571 570 νεκρότητος
2593 497 2848 567 δεσμοὺς,
2875 495 2980 558 ἕως
3021 493 3228 566 Ἰησοῦς
3254 492 3483 564 κελεύσῃ
3523 493 3636 555 τοῖς
3656 491 3826 546 λύσαι·

563 606 816 663 ventibus
849 615 998 667 eum,
1026 615 1189 669 penes
1211 615 1348 668 quos
1375 598 1539 654 etiam
1568 597 1796 652 facultas
1820 606 1904 650 est
1929 595 2137 650 sinendi

565 712 688 750 eum
725 695 900 764 abire.
933 692 998 746 Et
1019 706 1152 746 sane
1185 691 1432 760 quisquis
1459 689 1644 745 dicere
1671 690 1856 743 valet:
1892 706 1910 740 ι
1941 687 2020 742 An
2043 702 2140 740 ex-

564 787 929 860 perimentum
963 782 1208 852 quaeritis
1261 782 1312 836 in
1349 798 1434 836 me
1472 780 1749 850 loquentis
1779 776 2087 834 Christi“?
2113 797 2132 830 ι

561 879 612 934 is
647 885 819 932 tentet
844 874 968 929 talis
1010 874 1148 938 fieri,
1202 883 1262 927 ut
1305 874 1409 928 sibi
1451 873 1703 928 Christus
1755 885 1888 925 voce
1941 884 2136 936 magna

561 969 814 1024 clamans
852 967 1042 1021 dicat:
1087 984 1106 1016 ι
1146 963 1379 1029 Lazare,
1423 963 1578 1034 prodi
1631 963 1814 1024 foras;
1843 981 1862 1014 ι
1895 961 2020 1024 sibi,
2057 962 2138 1014 in-

560 1073 748 1129 quam,
778 1059 867 1122 qui
901 1069 1184 1126 postquam
1231 1068 1478 1110 mortuus
1527 1053 1648 1116 fuit,
1691 1054 1962 1108 invocavit
2013 1054 2136 1120 qui-

565 1153 709 1214 dem,
742 1151 836 1205 sed
867 1167 972 1204 non
1005 1159 1187 1212 acute,
1219 1159 1270 1204 et
1304 1148 1509 1202 idcirco
1533 1148 1694 1200 etiam
1731 1161 1866 1213 opus
1902 1146 2138 1200 habebat

449 1247 456 1257 '
561 1240 687 1298 'Jesu
711 1241 962 1298 clatnOre.
993 1241 1159 1312 378
1172 1238 1408 1294 Proinde
1431 1239 1604 1308 cogita
1621 1252 1743 1292 eum
1763 1236 1902 1302 quia
1919 1236 2136 1289 Christo
2167 1293 2177 1302 _

563 1335 814 1400 recessit,
848 1335 914 1388 ad
947 1334 1200 1404 gentilem
1228 1332 1472 1400 relapsus
1497 1331 1686 1394 vitam,
1715 1338 1833 1397 post
1855 1337 2134 1394 acceptam

559 1427 811 1483 veritatis
839 1423 1224 1496 cognitionem,
1249 1433 1304 1477 et
1339 1431 1623 1492 postquam
1658 1419 1994 1474 illuminatus
2023 1416 2138 1471 fue-

561 1517 662 1581 rit,
703 1514 1115 1585 gustaveritque
1149 1513 1346 1568 donum
1393 1509 1807 1581 supercteleste,
1863 1507 2136 1576 particeps

565 1607 742 1662 factus
775 1604 1010 1675 Spiritus
1039 1607 1238 1666 sancti,
1273 1611 1440 1675 atque
1470 1599 1776 1672 gustaverit
1804 1599 2006 1654 bonum
2042 1598 2134 1652 Dei

561 1699 810 1761 verbum,
859 1697 1198 1764 virtutesque
1238 1693 1402 1747 futuri
1452 1691 1637 1746 saeculi
1676 1690 1758 1757 ⁸’;
1801 1689 2002 1758 cogita,
2054 1689 2136 1742 in-

561 1803 750 1856 quam,
769 1787 929 1843 talem
955 1787 1006 1840 in
1034 1787 1246 1840 interno
1271 1800 1390 1840 esse
1416 1799 1538 1838 cum
1562 1781 1772 1837 umbris
1795 1789 1852 1835 et
1876 1778 2129 1844 mortuis,

2247 607 2330 642 σιν
2377 589 2539 642 αὑτὸν
2563 628 2578 652 ,
2617 586 2935 657 δυναμένοις
2979 584 3076 638 καὶ
3122 582 3342 653 ἀφιέναι
3375 581 3538 636 αὐτὸν
3579 581 3823 634 ἀπεῖναι.
3877 643 3881 649 π

2244 682 2355 736 Καὶ
2377 680 2656 754 πειράσθω
2683 696 2746 748 γε
2777 679 2883 741 πᾶς
2909 680 2939 730 6
2981 675 3276 746 δυνάμενος
3303 673 3480 742 λέγειν
3501 689 3516 702 ·
3549 671 3651 724 (Ἦ
3679 669 3798 724 δοκι
3817 699 3830 706 -

2247 773 2354 844 μὴν
2385 771 2595 844 ζητεῖτε
2623 771 2716 825 τοῦ
2745 771 2802 824 ἐν
2831 770 2954 840 ἐμοὶ
2975 767 3261 829 λαλοῦντος
3288 762 3561 836 Χριστοῦς
3597 782 3617 814 ι
3650 759 3797 816 τοιοῦ

2242 881 2335 927 τος
2370 861 2654 932 γενέσθαι,
2683 863 2768 915 ἴνα
2815 861 2914 932 μὲν
2942 857 3094 928 αὐτῷ
3142 855 3375 927 Χριστὸς
3411 855 3562 924 φωνῇ
3609 852 3825 923 μεγάλῃ

2243 959 2374 1032 εἴπῃ
2423 957 2740 1030 κραυγάσας
2782 954 2860 1025 τῷ
2903 949 3038 1023 μετά
3083 949 3144 1002 τὸ
3205 948 3496 1003 ἀποθανεῖν
3539 946 3828 1016 κιρήσαντι

2247 1050 2344 1119 μὲν
2371 1048 2461 1120 (77
2469 1065 2482 1111 y
2504 1089 2518 1111 ,
2547 1049 2648 1101 οὐκ
2674 1045 2842 1112 ὀξέως
2885 1042 2940 1095 δὲ
2966 1081 2980 1103 ,
3029 1039 3124 1094 καὶ
3167 1038 3254 1092 διὰ
3276 1037 3434 1091 τοῦτο
3460 1036 3697 1107 δεομένῳ
3724 1035 3828 1105 τῆς

2257 1139 2429 1210 Ἰησοῦ
2458 1138 2723 1210 κραυγῆς,
2753 1137 2812 1190 τό
2837 1153 2850 1166 ο
2888 1153 2907 1185 ι
2936 1129 3175 1202 Λάζαρε,
3195 1129 3356 1199 δεῦρο
3385 1127 3512 1192 ἔξω.
3545 1146 3564 1178 ι
3595 1128 3706 1181 Καὶ
3735 1125 3829 1180 νό-

2245 1249 2402 1301 μισον
2423 1227 2560 1284 εἶναι
2583 1231 2640 1282 ἐν
2661 1228 2787 1299 ᾅδου
2822 1225 2958 1298 μετά
2989 1223 3096 1278 τῶν
3126 1221 3310 1285 σκιῶν,
3335 1220 3430 1274 καὶ
3456 1220 3563 1272 τῶν
3587 1217 3824 1290 νεκρῶν,

2243 1322 2336 1376 καὶ
2369 1323 2426 1374 ἐν
2449 1319 2603 1392 χώρᾳ
2631 1318 2838 1389 νεκρῶν
2859 1358 2875 1380 ,
2906 1318 2942 1390 ἢ
2973 1314 3256 1388 μνημείοις
3275 1355 3288 1377 ,
3334 1313 3426 1366 τὸν
3473 1310 3612 1382 μετὰ
3638 1310 3700 1363 τὸ
3729 1309 3827 1364 λα-

2242 1415 2357 1467 ϐεῖν
2385 1414 2676 1482 ἐπίγνωσιν
2703 1410 2959 1480 ἀληθείας
2976 1449 2992 1473 ,
3027 1409 3122 1462 καὶ
3144 1404 3478 1477 φωτισθέντα
3502 1445 3518 1469 ,
3548 1402 3828 1486 γευσάμετ

2243 1507 2330 1560 νόν
2360 1522 2420 1558 τε
2451 1505 2550 1575 τῆς
2586 1503 2793 1576 δωρεᾶς
2823 1502 2922 1572 τῆς
2954 1498 3276 1572 ἐπουρανίου
3296 1537 3310 1561 ,
3354 1496 3448 1550 καὶ
3479 1495 3708 1565 μέτοχον
3739 1510 3830 1564 γε·

2242 1599 2464 1670 νόμενον
2495 1596 2634 1649 Πνεύ
2643 1613 2810 1666 ματος
2835 1595 3010 1660 ἀγίου,
3029 1593 3124 1646 καὶ
3148 1591 3308 1644 καλὸν
3327 1589 3664 1658 γευσάμενον
3683 1585 3825 1640 Θεοῦ

2243 1691 2415 1761 ῥῆμα,
2434 1688 2691 1759 δυνάμεις
2715 1704 2773 1739 τε
2809 1685 3090 1757 μέλλοντος
3118 1682 3332 1748 αἰῶνος,
3367 1679 3826 1748 ἀποστατήσαντα

2240 1780 2334 1834 τοῦ
2359 1779 2594 1852 Χριστοῦ
2620 1820 2635 1843 ,
2669 1779 2763 1832 κα)⁸
2807 1778 2898 1831 ἐπὶ
2935 1776 3026 1830 τὸν
3062 1775 3271 1830 ἐθνικὸν
3305 1772 3416 1843 (78)
3459 1769 3828 1842 παλινδρομή-

559 1882 616 1934 in
649 1877 767 1932 loco
793 1892 858 1931 ac
891 1877 1112 1946 regione
1157 1884 1501 1931 mortuorum
1535 1881 1590 1928 et
1620 1871 2004 1926 monumentis.
2043 1869 2132 1925 Si-

2240 1888 2407 1925 σαντα
2434 1869 2566 1940 βίον.
2602 1867 2770 1922 Ἐπάν
2791 1862 2882 1921 οὖν
2908 1867 3036 1937 περὶ
3061 1864 3154 1918 τοῦ
3187 1861 3426 1918 τοιούτου
3453 1858 3624 1914 ἐλθὼν
3655 1857 3825 1914 αὐτοῦ

562 1967 676 2022 ιιιυι
708 1977 870 2037 atque
897 1967 1061 2037 igitur
1097 1965 1408 2034 pervenerit
1451 1961 1609 2018 Jesus
1651 1961 1718 2014 ad
1767 1958 2137 2029 hujuscemodi

561 2059 799 2114 hominis
828 2067 1262 2120 monumentum,
1292 2066 1345 2110 et
1378 2063 1533 2109 extra
1562 2051 1693 2107 illud
1737 2059 1890 2106 stans
1917 2066 2015 2120 pro
2045 2049 2136 2104 tali

563 2145 826 2218 oraverit,
883 2160 938 2205 et
993 2148 1278 2204 exauditus
1313 2147 1497 2209 fuerit,
1536 2144 1814 2216 postulans
1851 2158 1963 2198 suae
2020 2141 2136 2196 voci

559 2241 782 2310 suisque
798 2240 1141 2295 sermonibus
1159 2239 1364 2294 innasci
1385 2237 1708 2298 robur,voce
1725 2249 1918 2306 magna
1938 2233 2136 2290 clamat

559 2333 710 2387 illum
738 2346 899 2402 quem
929 2332 1006 2386 sic
1038 2331 1350 2396 adamabat,
1378 2331 1446 2383 ad
1475 2344 1538 2384 ea
1561 2344 1684 2400 qua
1717 2329 1905 2399 procul
1933 2330 2134 2383 absunt

559 2439 589 2476 a
631 2422 910 2492 gentilium
939 2423 1071 2486 vita,
1111 2432 1168 2478 et
1197 2435 1227 2475 a
1265 2429 1636 2484 monumento,
1673 2430 1836 2490 atque
1878 2418 2133 2490 spelunca

559 2526 748 2569 eorum
784 2526 1028 2567 vocans:
1063 2511 1279 2580 quando
1315 2509 1444 2566 Jesu
1486 2510 1744 2566 sectatori
1787 2511 1920 2566 licet
1967 2525 2136 2580 agno.

558 2618 735 2667 scere,
767 2618 1003 2672 quonam
1046 2611 1207 2674 pacto
1235 2602 1360 2659 talis
1385 2612 1612 2673 propter
1636 2599 1762 2657 Jesu
1790 2601 2010 2672 quidem
2038 2617 2135 2658 vo-

559 2709 678 2750 cem
707 2697 950 2764 prodeat,
981 2693 1076 2749 sed
1108 2693 1287 2748 adhuc
1313 2707 1538 2748 suorum
1581 2701 1928 2763 peccatorum
1963 2693 2132 2763 spiris

557 2785 759 2856 ligatus
793 2794 847 2840 et
871 2785 1114 2846 strictus,
1153 2793 1318 2854 atque
1353 2785 1424 2840 ob
1455 2773 1840 2856 ptenitentiam
1887 2787 2130 2856 quidem,

557 2885 724 2945 atque
759 2877 885 2944 quia
923 2878 1156 2930 audierit
1193 2876 1352 2930 Jesus
1394 2891 1607 2940 vocem,
1645 2877 1869 2942 vivens;
1901 2881 1994 2932 sed
2034 2892 2134 2934 nec

556 2968 810 3038 pedibus,
841 2969 964 3036 quia
991 2968 1227 3023 nondum
1250 2967 1512 3024 liberatus
1533 2971 1606 3024 sit
1635 2971 1847 3037 peccati
1875 2971 2130 3037 vinculis,

557 3059 744 3115 liberis
774 3061 1004 3130 ingredi,
1036 3076 1138 3116 nec
1180 3076 1268 3116 res
1301 3063 1534 3117 eximias
1577 3063 1745 3118 libere
1773 3064 1992 3134 operari
2041 3079 2134 3118 va-

557 3152 699 3220 lens,
747 3168 940 3208 manus
989 3162 1046 3208 et
1097 3154 1262 3222 pedes
1310 3154 1585 3209 revinctos
1647 3155 1857 3211 habens
1898 3156 2132 3212 vinculis

562 3255 900 3298 mortuorum
931 3245 1350 3312 sepulcralibus.
1380 3247 1459 3302 Ac
1487 3245 1613 3300 talis
1640 3246 1885 3316 profecto
1910 3262 2132 3317 propter

557 3336 615 3388 In
643 3349 704 3388 se
739 3336 1092 3390 exsistentem
1129 3333 1628 3400 mortificationem,
1671 3347 1873 3408 praeter
1916 3338 2132 3394 vincula

557 3425 724 3480 etiam
777 3441 1034 3480 manuum
1075 3433 1131 3481 et
1176 3427 1394 3496 pedum.
1447 3427 1643 3484 faciem
1702 3445 1918 3500 quoque
1972 3431 2130 3500 igno-

559 3514 738 3570 rantia
765 3525 1086 3586 conpertam
1121 3526 1172 3572 et
1205 3518 1520 3573 obvinctam
1551 3519 1734 3576 habet.
1769 3520 1974 3576 Deinde
1993 3538 2135 3592 quo-

560 3607 706 3660 niam
754 3622 860 3661 non
909 3617 1115 3661 tantum
1169 3607 1344 3663 voluit
1394 3607 1554 3665 Jesus
1601 3610 1748 3666 hunc
1777 3612 1986 3675 vivere,
2034 3627 2132 3667 nec

557 3700 792 3770 amplius
836 3701 892 3754 in
923 3713 1277 3758 monumento
1308 3717 1555 3768 manere,
1606 3713 1764 3760 extra
1809 3719 2133 3761 monumeno

563 3803 674 3845 tum
700 3808 822 3846 cum
852 3793 1089 3848 venisset
1109 3793 1352 3849 Lazarus
1373 3794 1619 3866 ligatam,
1653 3806 1714 3850 ut
1759 3797 2009 3867 superius
2057 3796 2136 3851 di-

558 3892 708 3937 ctum
737 3883 1047 3947 est,faciem
1079 3885 1307 3950 habens,
1325 3895 1495 3957 atque
1524 3888 1840 3958 impeditus,
1861 3898 2134 3958 quatenus

559 3978 757 4047 ligatus
803 3985 949 4040 erat,
982 3994 1013 4032 e
1063 3985 1412 4032 monumento
1445 3978 1682 4046 prodire,
1715 3979 1851 4034 dicit
1892 3979 1998 4035 illis
2040 3980 2133 4050 qui

559 4065 688 4121 huic
719 4067 925 4121 muneri
957 4067 1206 4123 obeundo
1243 4069 1421 4124 idonei
1450 4077 1609 4123 erant
1633 4067 1790 4124 Jesus
1817 4084 1833 4123 :
1871 4087 1890 4121 ι
1926 4067 2133 4125 Solvite

556 4171 684 4210 eum
717 4164 773 4210 et
790 4156 954 4211 sinite
985 4158 1168 4222 abire;
1198 4177 1218 4210 ι
1247 4157 1502 4213 existimo
1525 4159 1668 4228 quod
1693 4174 1797 4213 non
1825 4158 2136 4230 approbans

561 4247 826 4302 rationem
857 4250 1260 4312 conversionis,
1288 4257 1574 4320 postquam
1615 4259 1978 4318 peccaverat;
2033 4265 2136 4307 nec

2239 1965 2320 2026 είς
2363 1962 2426 2015 τὸ
2460 1963 2758 2032 μνημεῖον,
2789 1959 2884 2012 καὶ
2917 1957 3022 2022 ἔξω
3063 1956 3227 2010 αὑτοῦ
3261 1956 3394 2018 στὰς
3420 1958 3448 2008 ὸ
3492 1952 3700 2025 Ἰησοῦς
3730 1953 3828 2006 εῦη

2239 2054 2416 2125 ξηται,
2442 2053 2538 2106 καὶ
2563 2049 2876 2122 ἐπακούσθη
2902 2049 3036 2120 (79),
3064 2050 3294 2120 αἰτήσας
3315 2045 3635 2116 ἐγγένεσθαι
3662 2046 3828 2100 δύναη

2242 2163 2334 2217 μιν
2358 2147 2426 2217 τῇ
2471 2146 2622 2215 φωνῇ
2689 2143 2783 2196 καὶ
2813 2145 2924 2206 τοῖς
2967 2141 3144 2210 λόγοις
3191 2139 3390 2205 αὐτοῦ,
3423 2142 3574 2210 φωνῇ
3611 2138 3830 2211 μεγάλῃ

2238 2234 2537 2307 κραυγάζει
2563 2233 2658 2286 ἐπὶ
2680 2232 2748 2285 τά
2781 2232 2884 2297 ἔξω
2911 2230 3006 2284 τοῦ
3037 2230 3147 2284 τῶν
3181 2230 3409 2284 ἐθνικῶν
3443 2229 3580 2300 βίου,
3607 2227 3826 2283 καὶτοῦ

2241 2346 2344 2398 μνη
2354 2327 2504 2398 μείου
2537 2325 2738 2389 αὐτῶν,
2763 2328 2855 2379 καὶ
2878 2324 2972 2378 τοῦ
3006 2323 3295 2395 σπηλαίου,
3322 2322 3502 2377 καλῶν
3527 2321 3828 2393 γενόμενον

2235 2417 2377 2472 οὕτω
2409 2417 2558 2487 φίλον
2577 2435 2590 2446 ·
2613 2418 2701 2470 ὅτε
2732 2417 2878 2470 ἔστιν
2912 2416 3038 2470 ἰδεῖν
3063 2416 3155 2470 τὸν
3187 2414 3586 2470 ἀκολουθοῦντα
3608 2413 3688 2485 τῷ
3719 2415 3829 2486 Ἰη-

2239 2509 2353 2574 σοῦ,
2402 2509 2525 2562 τίνα
2573 2507 2772 2580 τρόπον
2817 2508 2846 2560 ὁ
2890 2505 3131 2570 τοιοῦτος
3162 2505 3442 2577 ἐξέρχεται
3473 2505 3574 2576 μὲν
3605 2503 3696 2558 διὰ
3723 2503 3828 2576 τὴν

2249 2599 2422 2669 Ἰησοῦ
2465 2599 2647 2670 φωνὴν
2667 2638 2682 2663 ,
2713 2598 2793 2650 ἔτι
2824 2597 2881 2650 δὲ
2918 2600 3126 2668 σειραῖς
3169 2597 3278 2651 τῶν
3309 2597 3455 2650 ἰδίων
3487 2595 3826 2670 ἁμαρτημά-

2233 2707 2342 2744 των
2381 2689 2660 2762 δεδεμένος
2705 2689 2801 2742 καὶ
2843 2689 3174 2760 ἐσφιγμένος
3197 2728 3212 2752 ,
3246 2687 3334 2742 διὰ
3377 2688 3478 2760 μὲν
3524 2689 3624 2760 τὴν
3658 2690 3830 2759 μετά-

2235 2799 2402 2847 νοιαν,
2436 2785 2530 2836 καὶ
2560 2784 2622 2837 τὸ
2649 2783 2944 2852 ἀκηκοέναι
2965 2781 3064 2852 τῆς
3106 2780 3280 2852 Ἰησοῦ
3327 2781 3509 2852 φωνῆς
3541 2780 3650 2845 ζῶν
3671 2823 3688 2848 ,
3733 2779 3828 2836 διὰ

2232 2876 2290 2930 δὲ
2321 2877 2382 2929 τὸ
2405 2875 2630 2946 μηδέπω
2651 2873 3014 2951 ἀπολελῦσθαι
3045 2875 3150 2928 τῶν
3171 2875 3270 2946 τῆς
3292 2874 3565 2947 ἁμαρτίας
3583 2874 3826 2947 δεσμῶν,

2237 2967 2372 3038 μηδέ
2399 2966 2500 3038 ήδη
2532 2964 2793 3020 δύνασθαι
2835 2965 3140 3038 ἐλευθέροις
3171 2965 3476 3021 ἐπιϐαίνειν
3498 2969 3613 3030 τοῖς
3639 2967 3826 3030 ποσὶν,

2231 3058 2368 3112 ἀλλά
2402 3057 2537 3130 μηδέ
2561 3059 2800 3130 ἐνεργεῖν
2828 3057 3248 3130 ἀπολελυμένως
3272 3057 3341 3112 τὰ
3368 3057 3712 3130 διαφέροντα,
3734 3057 3828 3112 δε-

2232 3149 2453 3220 δεμένος
2498 3150 2622 3213 τοὺς
2657 3149 2824 3212 πόδας
2867 3150 2962 3202 καὶ
2992 3149 3092 3212 τὰς
3135 3151 3325 3220 χεῖρας
3361 3147 3581 3218 δεσμοῖς
3611 3148 3828 3220 νεκρῶν

2235 3242 2486 3312 κειρίαις.
2517 3243 2626 3296 Καὶ
2647 3243 2676 3294 ό
2706 3242 2946 3306 τοιοῦτός
2979 3261 3043 3312 γε
3071 3242 3160 3296 διὰ
3203 3242 3301 3313 τὴν
3328 3241 3693 3312 ἐγγενομένην
3730 3239 3830 3294 αὐ-

2233 3331 2313 3402 τῷ
2333 3332 2632 3404 νεκρότ-ητα
2649 3371 2664 3396 ,
2693 3332 2830 3404 πρὸς
2849 3337 2962 3397 τοῖς
2987 3333 3066 3386 ἔτι
3091 3331 3200 3386 τῶν
3233 3333 3432 3405 χειρῶν
3468 3333 3560 3386 καὶ
3588 3331 3700 3387 τῶν
3728 3350 3828 3386 πο-

2233 3421 2340 3476 δῶν
2363 3422 2600 3493 δεσμοῖς,
2629 3423 2722 3477 καὶ
2749 3423 2848 3495 τὴν
2877 3423 3000 3494 όψιν
3031 3427 3096 3495 τῇ
3122 3424 3315 3494 ἀγνοίᾳ
3338 3421 3699 3486 κεκάλυπται,
3729 3423 3830 3479 καὶ

2235 3513 2592 3586 περιδέδεται.
2625 3511 2737 3568 Εἶτ’
2768 3517 2890 3570 ἐπεὶ
2933 3515 3007 3588 μὴ
3042 3516 3204 3587 μόνον
3246 3515 3407 3586 ζῆσαι
3435 3515 3598 3568 αὑτὸν
3631 3513 3828 3586 βεϐού-

2233 3605 2396 3678 ληται
2419 3609 2450 3660 6
2487 3607 2712 3678 Ἰησοῦς,
2746 3609 2840 3662 καὶ
2867 3609 2924 3661 ὲν
2953 3607 3032 3678 τῷ
3067 3607 3318 3680 μνημείῳ
3359 3609 3434 3680 μὴ
3479 3607 3663 3680 μένειν
3686 3606 3828 3678 (80),

2235 3698 2329 3750 ἐπὶ
2346 3696 2417 3750 τά
2445 3697 2550 3765 ἔξω
2569 3697 2664 3752 τοῦ
2693 3699 2958 3770 μνημείου
2993 3693 3148 3763 οὗτος
3179 3697 3352 3753 ἐλθὼν
3379 3698 3608 3762 δέδεται,
3642 3697 3828 3764 καθὼς

2236 3791 2580 3863 προείρηται,
2606 3791 2708 3862 τῆς
2739 3791 2883 3864 ζωῆς
2911 3791 3046 3865 (81),
3069 3792 3164 3846 καὶ
3189 3791 3283 3846 τοῦ
3310 3791 3686 3865 ἐξεληλυθέναι
3715 3791 3831 3846 ἀπὸ

2235 3882 2330 3938 τοῦ
2366 3885 2634 3956 μνημείου
2671 3884 2745 3956 μὴ
2779 3883 3074 3950 δύνασθαι,
3101 3885 3225 3938 ὅσον
3266 3869 3510 3950 δέδεται,
3537 3884 3685 3953 λέγει
3711 3886 3829 3947 τοῖς

2235 3973 2552 4044 δυναμένοις
2611 3973 3059 4045 ὑπηρετήσασθαι
3111 3973 3260 4045 αὐτῷ
3312 3977 3341 4028 ό
3385 3972 3620 4045 Ἰησοῦς’
3653 3993 3671 4023 ι
3716 3973 3828 4026 Λύ-

2240 4081 2368 4119 σατε
2394 4063 2577 4127 αὐτὸν,
2612 4065 2704 4118 καὶ
2730 4064 2896 4134 ἄφετε
2935 4063 3098 4117 αὐτὸν
3129 4063 3390 4131 ὑπάγειν·
3427 4081 3446 4114 ι
3481 4059 3706 4130 νομίζω,
3740 4059 3826 4114 ὅτι

2239 4155 2314 4228 μὴ
2337 4155 2810 4228 συγκαταθέμενος
2839 4157 2936 4226 μὲν
2953 4155 3031 4226 τῷ
3050 4154 3179 4226 περὶ
3200 4155 3297 4224 τῆς
3327 4152 3664 4223 ἐπιστροφῆς
3685 4151 3826 4222 μετά

2235 4248 2297 4301 τὸ
2351 4247 2731 4320 ἡμαρτηκέναι
2781 4248 2924 4319 λόγῳ
2947 4265 2960 4278 ⁸
3005 4246 3086 4301 ἔτι
3123 4245 3179 4298 δὲ
3231 4243 3436 4298 ἀτονῶν
3485 4244 3607 4298 κατ’
3658 4244 3825 4300 αὑτὸν

559 4339 737 4394 adhuc
757 4339 942 4394 valens
967 4338 1126 4407 juxta
1158 4339 1304 4394 illam
1333 4341 1540 4406 vivere,
1575 4341 1722 4411 quod
1753 4341 2134 4396 detinerentur

2239 4339 2409 4411 βιοῦν,
2441 4339 2520 4410 τῷ
2550 4339 2876 4410 κατέχεσθαι
2905 4338 3071 4393 αὑτοῦ
3097 4339 3194 4400 τὰς
3225 4337 3328 4407 τῆς
3363 4337 3544 4408 ψυχῆς
3570 4355 3826 4410 πορευτι-

561 4429 759 4484 animm
804 4431 950 4485 illius
987 4435 1266 4499 potentiae,
1318 4446 1514 4501 nempe
1563 4433 1750 4500 eundi,
1781 4435 2042 4506 operandi
2078 4444 2135 4490 et

2239 4432 2360 4496 κάς,
2388 4433 2482 4486 καὶ
2509 4431 2823 4505 δραστικὰς,
2856 4431 2951 4483 καὶ
2973 4429 3313 4501 θεωρητικὰς
3343 4428 3620 4498 δυνάμεις,
3655 4431 3686 4482 ὁ
3712 4447 3828 4484 τοι-

559 4521 988 4590 contemplandi,
1044 4520 1168 4576 talis
1204 4522 1408 4590 prodiit
1451 4539 1484 4576 e
1531 4534 1911 4588 monumento,
1953 4525 2133 4580 adhuc

2239 4524 2394 4588 οῦτος
2428 4524 2647 4596 ἐξῆλθεν
2683 4525 2794 4577 ἀπὸ
2821 4521 2916 4576 τοῦ
2949 4522 3250 4593 μνημείου,
3287 4521 3382 4574 καὶ
3427 4520 3508 4574 ἔτι
3532 4522 3650 4575 ἐστὶ
3680 4522 3827 4576 δεδε-

563 4627 756 4666 manus
784 4623 839 4664 et
871 4614 1032 4680 pedes
1067 4613 1337 4667 revinctos
1369 4613 1576 4670 habens
1613 4615 1799 4671 fasciis
1845 4613 2128 4684 sepulcra-

2244 4616 2402 4687 μένος
2427 4617 2554 4678 τοὺς
2581 4614 2748 4678 πόδας
2774 4615 2867 4666 καὶ
2897 4613 2997 4676 τὰς
3026 4615 3212 4683 χεῖρας
3237 4613 3489 4684 κειρίαις,
3513 4613 3607 4666 καὶ
3638 4615 3672 4685 ἡ
3699 4613 3826 4684 ὄψις

559 4701 722 4768 libus,
743 4701 1048 4773 faciemque
1074 4720 1230 4760 suam
1251 4706 1474 4760 sudario
1491 4707 1832 4762 obvinctam.
1855 4706 1961 4764 Sed
1979 4718 2130 4778 post-

2241 4705 2408 4760 αὐτοῦ
2453 4705 2719 4777 σουδαρίῳ
2767 4704 3122 4776 περιδέδεται.
3177 4703 3314 4779 Ἀλλ’
3361 4701 3534 4767 ὲπάν,
3575 4703 3824 4770 εἰπόντος

553 4805 722 4864 quam
748 4795 962 4850 dicente
983 4793 1108 4851 Iesu
1135 4795 1356 4852 Christo
1377 4808 1634 4868 tanquam
1664 4799 1927 4853 Domino:
1957 4819 1977 4852 ι
2003 4800 2130 4855 Sol-

2254 4799 2428 4870 ἰησοῦ
2455 4801 2568 4862 τοῖς
2595 4797 2754 4851 λῦσαι
2778 4797 2940 4850 αὑτὸν
2971 4796 3306 4866 δυναμένοις,
3340 4795 3428 4849 διὰ
3458 4795 3558 4868 τὴν
3593 4795 3826 4868 πρόστα-

563 4885 672 4941 vite
705 4897 905 4942 cumet
930 4887 1095 4942 sinite
1125 4888 1299 4955 abire,
1326 4908 1346 4942 ι
1379 4890 1465 4945 bis
1498 4890 1589 4959 qui
1621 4891 1836 4946 solvere
1859 4891 2009 4945 illum
2035 4905 2131 4960 po-

2239 4888 2322 4955 ξιν
2353 4887 2431 4952 ὡς
2465 4888 2734 4943 Δεσπότου
2787 4887 2884 4942 τοῦ
2909 4887 3143 4960 Χριστοῦ
3163 4928 3178 4953 ,
3210 4887 3300 4940 τό·
3341 4906 3361 4940 ι
3397 4887 3610 4942 Λύσατε
3636 4887 3821 4954 αὐτὸν,

559 4986 759 5042 terant,
800 4980 870 5033 ob
912 4976 1217 5046 iussionem
1251 4979 1384 5036 Jesu
1419 4980 1630 5037 solutus
1663 4980 1768 5036 fuit
1813 4981 2048 5052 pedibus
2076 4991 2132 5038 et

2239 4981 2336 5035 καὶ
2391 4980 2559 5050 ἄφετε
2621 4981 2783 5038 αὐτὸν
2841 4982 3072 5052 ὑπάγειν
3093 5020 3109 5046 ,
3182 4999 3202 5032 ι
3263 4978 3403 5052 λυθῇ
3457 4982 3585 5045 τοὺς
3652 4980 3822 5048 πόδας

628 5068 675 5102 ⁸⁸
707 5068 752 5123 Il
775 5070 904 5126 Cor.
929 5088 1050 5140 xm,
1083 5072 1141 5130 ὃ.
1221 5073 1268 5105 θ’
1287 5073 1452 5130 Hebr.
1479 5090 1555 5140 vr,
1577 5073 1636 5140 ι,
1673 5070 1730 5129 5.

629 5183 741 5265 (Z7)
769 5183 1100 5253 Κιρήσαντι
1147 5187 1285 5265 μένἔ
1323 5190 1417 5245 Sic
1447 5189 1659 5265 _hal_iet_
1687 5189 1876 5265 codex_
1915 5185 2135 5265 Regius,

2242 5187 2640 5265 Regiusquem
2672 5196 2893 5265 secutus
2918 5199 3003 5265 est
3026 5189 3331 5265 Perionius,
3358 5191 3468 5265 qui
3483 5191 3565 5265 sic
3598 5192 3779 5265 habet
3803 5209 3818 5246 :

559 5252 886 5334 Bodleianus
909 5252 1937 5334 κιιᾼιειιι-κηρύξαντι.Ρεν-ῇοιιίυενθιιὶιε
1953 5252 2138 5334 ﬂium
2250 5277 2269 5309 ι
2306 5252 2509 5334 Deinde
2527 5259 2787 5328 quoniam
2821 5274 2944 5314 eum
2973 5257 3132 5334 Iesus
3173 5252 3354 5317 vivere
3377 5252 3576 5326 'voluit,
3609 5276 3709 5334 nec
3765 5262 3820 5316 in

561 5333 682 5404 post
706 5324 1477 5404 mo_rtem!as_ciis_sepulturae
1514 5325 1732 5404 vinctus
1751 5338 1853 5382 est.
1895 5349 1914 5378 ι
1953 5327 2142 5404 Fingit
2245 5329 2498 5396 sepulcro
2521 5324 2764 5404 manere,
2796 5345 2920 5384 cum
2959 5330 3028 5384 ad
3057 5345 3121 5385 ea
3159 5347 3280 5400 quae
3310 5342 3463 5404 extra
3511 5324 3823 5404 sepulcrum

558 5395 660 5470 ξ]ὺί
690 5395 1283 5470 verbumPerionius'a
1307 5399 1534 5470 κειρίαι,
1563 5399 1706 5467 quod
1735 5411 2000 5470 nusquam
2016 5396 2140 5452 ἱυίι.
2245 5395 2372 5452 sunt
2413 5399 2636 5470 prodiit,
2669 5399 2887 5454 vinctus
2911 5409 3016 5464 est,
3036 5409 3108 5470 illi
3150 5395 3276 5456 ante
3323 5395 3587 5466 diximus,
3629 5416 3660 5455 a
3686 5401 3819 5467 vita,

559 5461 848 5548 Feggrigs
879 5461 1654 5548 ,νίύςυιχιθεὶεεεκαλέσαντι
1688 5467 1808 5548 μέν.
1853 5461 1870 5466 ’
2233 5484 2346 5532 nec
2381 5461 2809 5548 prodirepotest
2835 5461 3172 5548 e_sepulcro,
3198 5473 3437 5548 quandiu
3473 5481 3559 5526 est
3574 5461 3818 5548 ligatusi

776 5533 960 5612 _C_odex
996 5532 1217 5612 Regius,
1255 5539 1417 5612 male,
1447 5539 1546 5612 τὴν
1579 5532 1820 5612 ὲθνίκήνη.
2245 5532 2658 5612 tunfprascipit',
2690 5557 2710 5590 ι
2738 5549 2844 5612 etc.
2880 5532 3230 5612 HaEcAparlini
3263 5557 3296 5596 e
3335 5542 3532 5612 vitiosa
3586 5532 3822 5596 Ιὲοιίοιιθ

654 5602 744 5680 ἶθ)
776 5603 924 5680 idem
957 5602 1131 5680 code;
1164 5607 1383 5680 Regius,
1419 5602 1577 5672 male,
1607 5602 1909 5680 ἐπακούσῃ.
2087 5677 2099 5680 _
2244 5602 2484 5677 profecta
2517 5602 2654 5680 esse,
2691 5610 2892 5679 partim
2918 5602 3060 5680 male
3096 5625 3362 5680 conversa
3397 5611 3529 5664 mihi
3571 5612 3822 5680 certissi-

633 5671 746 5753 (ευ)
776 5674 955 5728 Codex
1001 5671 1331 5753 Brulleian'us
1360 5689 1505 5753 recte
1531 5671 1696 5734 habet
1727 5680 1802 5750 μὴ
1829 5671 2035 5749 μένειν,
2085 5677 2135 5733 in

2244 5671 2398 5753 unum
2425 5692 2526 5734 est.
2565 5671 2853 5753 Ferrarius
2880 5679 3102 5753 videtur
3140 5679 3334 5750 legisse
3370 5680 3597 5748 δέδεται,
3636 5677 3820 5746 καθὼς

560 5739 737 5822 Reisig;
758 5756 1042 5822 Pﬁl‘peram
1069 5749 1344 5822 omium”.
1371 5749 1475 5822 μήΣ
1547 5816 1575 5822 --
1624 5817 1646 5822 ι
1727 5739 1740 5749 -
1791 5739 1802 5750 .
1829 5739 1843 5749 .
1867 5818 1884 5822 _
2022 5739 2026 5740 γ
2051 5816 2065 5822 Δ

2244 5749 2584 5822 προείρηται,
2622 5750 2720 5822 τὴν
2756 5749 2898 5820 ὄψιν,
2928 5761 3029 5806 etc.
3059 5739 3322 5806 Ηυεῆυε.

633 5814 744 5882 (81)
778 5813 982 5882 Καθὼς
1011 5813 1382 5888 προείρηται,
1403 5813 1513 5887 τῆς
1539 5816 1704 5888 ζωῆς,
1738 5829 1842 5876 etc.
1867 5818 1941 5874 Ita
1966 5816 2138 5875 codex
