4182 6414
1460 409 1821 465 COMMENT.
1866 408 1933 462 IN
1973 408 2172 467 JOAN.
2209 408 2449 466 TOMUS
2490 411 2725 469 XXVIII.
3636 414 3739 469 698

465 409 573 467 697

465 534 557 589 καὶ
599 532 695 595 τὰς
731 535 956 605 χεῖρας,
1012 533 1106 585 καὶ
1142 529 1410 601 ἀποθῆται
1454 530 1516 582 τὸ
1561 530 1908 600 ἐπικείμενον
1960 530 2037 582 αύ·

2166 532 2440 596 manibus,
2473 546 2538 586 ac
2576 533 2826 601 deposuit
2862 530 3004 599 quod
3038 531 3350 598 impositum
3390 528 3555 600 3'79
3581 528 3736 582 faciei

462 625 557 681 τοῦ
593 627 659 696 τῇ
690 624 809 695 ὄψει
839 625 1103 695 κάλυμμα
1133 622 1447 695 ἀφαιρεθὲν,
1475 622 1766 694 πορεύεται
1798 621 2037 693 τοιαύτηι

2155 640 2267 679 sita:
2295 625 2688 692 operimentum
2714 625 2910 688 fuerat,
2931 626 3168 679 instituit
3196 626 3298 678 iter
3329 623 3455 687 tale,
3485 632 3544 675 ut
3570 623 3734 675 etiam

460 717 707 789 πορείαν,
733 716 873 771 ὥστε
900 716 1102 787 φθάσαι
1124 715 1285 769 αὑτὸν
1314 716 1407 769 ἐπὶ
1435 716 1498 768 τὸ
1524 714 1621 769 ’ἐνα
1645 717 1739 769 καὶ
1767 714 1928 769 αὐτὸν
1959 732 2050 783 γε-

457 808 643 868 νέσθαι
669 810 780 863 τῶν
807 808 1278 880 συνανακειμένων
1308 808 1385 879 τῷ
1426 807 1622 879 Ἰησοῦ.

531 902 583 954 7.
614 901 770 955 Μετά
791 900 947 955 τοῦτο
974 900 1060 954 διά
1089 901 1150 954 τό
1173 917 1186 930 ’
1229 918 1247 951 ι
1292 898 1548 970 Ἐξῆλθεν
1573 902 1602 953 ὁ
1627 900 1923 973 τεθνηκὼς,
1958 901 2046 955 δε-

458 992 685 1064 δεμένος
717 996 845 1057 τοὺς
887 994 1054 1058 πόδας
1102 992 1325 1056 καὶτὰς
1367 995 1557 1064 χεῖρας
1594 993 1860 1066 κειρίαις,
1906 1012 1923 1044 ι
1955 993 2045 1047 λε-

459 1086 638 1151 κτέον,
670 1088 751 1140 ὅτι
774 1084 1005 1157 διαφορά
1041 1088 1156 1139 ἐστι
1188 1086 1282 1139 καὶ
1316 1085 1424 1138 τῶν
1467 1084 1766 1156 δεδεμένων
1798 1088 1923 1151 τοὺς
1953 1088 2049 1141 πό-

457 1178 555 1243 δας
585 1180 679 1239 καὶ
708 1180 807 1242 τάς
834 1180 1052 1250 χεῖραςο
1091 1179 1187 1232 καὶ
1215 1178 1277 1232 ού
1301 1178 1494 1231 ταύτόν
1527 1179 1643 1232 ἐστι
1677 1178 1789 1250 (82)
1813 1180 1912 1250 τὴν
1946 1181 2046 1252 ἀρ·-

455 1269 557 1343 χὴν
578 1269 672 1324 τοῦ
697 1269 941 1324 δεδέσθαι
970 1271 1036 1323 ἐκ
1060 1266 1154 1323 τοῦ
1187 1269 1554 1327 νενεκοῶσθαι
1586 1268 1885 1347 εἰληφέναι,
1907 1267 2046 1321 ὥστε

458 1363 554 1416 καὶ
578 1363 704 1426 τοὺς
722 1362 957 1433 δεσμοὺς
981 1361 1338 1433 ἐπιφέρεσθαι
1367 1361 1427 1415 τὸ
1458 1362 1628 1432 ὄνομα
1660 1360 1760 1432 τῆς
1788 1362 2047 1434 νεκρότη-

455 1475 548 1522 τος
580 1456 699 1522 (νῦν
732 1456 839 1529 γὰρ
870 1458 926 1510 αἱ
974 1455 1177 1528 κειρίαι
1203 1456 1410 1528 νεκρῶν
1438 1458 1543 1510 εἰσι
1572 1455 1812 1525 δεσμοί),
1854 1454 1932 1526 τῷ
1963 1455 2048 1507 δε-

453 1548 643 1603 δέσθαι
667 1546 779 1619 (8'5)
806 1547 988 1618 κρίσει
1020 1548 1227 1617 Κυρίου
1267 1547 1543 1617 γενέσθαι,
1572 1547 1669 1600 τοῦ
1705 1547 2047 1609 εἰσελθόντος

455 1641 758 1697 θεάσασθαι
777 1642 904 1704 τοὺς
919 1641 1331 1711 ἀνακειμένους,
1349 1640 1443 1693 καὶ
1471 1638 1672 1704 εἰδότος
1705 1640 1794 1694 τὸν
1813 1638 1886 1711 μὴ
1902 1639 2045 1692 ἐνδε-

450 1734 679 1805 δυμένον
705 1733 909 1804 ἔνδυμα
933 1732 1136 1804 γάμου,
1155 1732 1251 1784 καὶ
1268 1748 1334 1783 πε
1344 1730 1397 1803 ρ).
1416 1730 1579 1784 αὐτοῦ
1606 1730 1867 1794 εἰπόντος’
1894 1750 1911 1781 ι
1941 1730 2045 1801 Δή-

2153 717 2270 785 ipse
2286 732 2351 771 eo
2370 716 2680 786 perveniat.
2711 726 2770 771 ut
2787 717 2857 772 sit
2877 733 3021 773 unus
3043 732 3109 772 ex
3134 714 3587 771 accumbentibns
3612 729 3735 767 cum

2150 805 2294 863 Jesu.

2223 898 2274 952 7.
2306 898 2425 955 Jam
2463 911 2684 971 propter
2710 901 2884 956 illud:
2923 919 2941 952 ι
2968 898 3180 956 Prodiit
3212 902 3302 971 qui
3336 911 3584 955 mortuus
3616 898 3733 951 fue-

2149 1002 2259 1058 rat,
2271 993 2482 1048 vinctos
2495 994 2701 1050 habens
2719 995 2882 1063 pedes
2897 1005 2952 1048 et
2969 1008 3159 1048 manus
3176 993 3361 1051 fasciis
3379 992 3693 1054 funereis”,
3707 1012 3727 1045 ι

2148 1082 2437 1139 dicendum
2485 1096 2569 1140 est
2609 1085 2977 1141 ditl'erentiam
3020 1102 3143 1143 esse
3175 1087 3319 1142 inter
3348 1102 3443 1143 eos
3476 1088 3567 1156 qui
3612 1089 3733 1142 vin-

2148 1186 2266 1231 ctos
2286 1179 2486 1232 habent
2505 1178 2669 1247 pedes
2699 1189 2755 1233 et
2790 1194 3017 1247 manus;
3060 1193 3158 1234 nec
3184 1180 3326 1234 idem
3351 1196 3474 1236 esse
3499 1181 3733 1247 cmliisse

2149 1267 2307 1337 ligari
2363 1270 2433 1323 ob
2483 1270 2960 1324 mortiﬁcationem
3012 1271 3180 1343 (nunc
3239 1286 3476 1340 namque
3524 1272 3731 1343 κειρίαι

2148 1358 2358 1412 vincula
2399 1371 2729 1420 mortuorum
2763 1363 3118 1431 signiﬁcant),
3173 1372 3231 1419 et
3287 1364 3508 1433 ligatum
3558 1363 3729 1418 luisse

2143 1451 2350 1518 judicio
2389 1454 2624 1519 Domini,
2668 1454 2762 1522 qui
2816 1455 3100 1525 ingressus
3146 1467 3208 1510 ut
3250 1457 3458 1511 videret
3512 1473 3731 1511 accum-

2148 1545 2366 1611 bentes,
2397 1561 2521 1601 cum
2557 1547 2785 1603 vidisset
2817 1563 2923 1603 non
2959 1549 3249 1605 habentem
3284 1561 3490 1604 vestem
3518 1551 3731 1618 nuptia-

2147 1636 2275 1700 lem,
2306 1641 2373 1691 de
2405 1653 2472 1692 eo
2500 1638 2675 1694 dixit:
2718 1658 2738 1693 ι
2774 1639 2988 1711 Ligatis
3026 1641 3172 1696 illius
3198 1642 3423 1709 pedibus
3457 1652 3512 1696 et
3554 1643 3731 1695 mani-

2146 1730 2267 1795 bus,
2299 1729 2481 1799 ejicite
2501 1746 2624 1785 eum
2648 1733 2702 1786 in
2729 1734 2986 1789 tenebras
3018 1735 3322 1788 exteriores
3346 1734 3447 1789 ⁸⁵.»
3505 1732 3729 1803 Insuper

454 1845 645 1891 σαντες
673 1826 837 1880 αὐτοῦ
873 1826 1039 1891 πόδας
1070 1826 1165 1879 καὶ
1191 1828 1378 1897 χεῖρας
1411 1823 1670 1878 ἐκϐάλετε
1692 1824 1854 1877 αὐτὸν
1882 1826 1964 1887 εἰς
1982 1824 2037 1877 τὸ

2148 1820 2249 1874 hoc
2281 1820 2331 1873 in
2369 1821 2492 1876 loco
2523 1832 2608 1877 est
2643 1823 2892 1878 nonnihil
2939 1825 3084 1894 quod
3128 1835 3287 1894 egeat
3326 1823 3723 1893 inquisitione;

454 1889 644 1981 σκότος
675 1918 735 1971 τὸ
767 1889 1055 1987 ἐξώτερον.
1096 1936 1114 1969 ι
1158 1889 1312 1970 ’ἐστι
1352 1913 1410 1969 δέ
1452 1934 1504 1969 τι
1553 1918 1610 1969 ἐν
1641 1914 1721 1986 τῷ
1752 1914 1902 1986 τόπῳ
1925 1915 2037 1968 δεό-

2145 1927 2339 1982 nempe
2357 1915 2482 1967 dum
2497 1913 2697 1968 dicitur
2712 1914 2907 1971 Lazari
2929 1916 3167 1987 (faciem
3183 1916 3402 1970 sudario
3414 1916 3724 1970 obvinctam

455 2026 617 2078 μενον
650 2008 995 2080 διακρίσεως,
1012 2006 1163 2078 ἐντῷ
1183 2025 1197 2038 ·
1240 2028 1258 2060 ι
1296 2009 1406 2062 Καὶ
1436 2010 1468 2079 ἡ
1496 2007 1617 2077 ὄψις
1649 2005 1815 2061 αὑτοῦ
1853 2006 2042 2060 σουδα-

452 2100 550 2171 ρίῳ
582 2101 935 2172 περιεδέδετο,
962 2120 980 2151 ι
1008 2101 1102 2154 καὶ
1133 2101 1191 2154 ἐν
1224 2099 1303 2171 τῷ
1332 2100 1595 2171 κάλυμμα
1626 2098 1934 2153 ἐπικεῖσθαι
1963 2098 2042 2170 τῷ

448 2190 725 2264 προσώπῳ
752 2192 1019 2257 Μωσέως,
1076 2191 1239 2263 ἡνίκα
1268 2189 1447 2244 ἐλάλει
1471 2189 1549 2260 τῷ
1573 2188 1712 2260 λαῷο
1733 2190 1794 2242 τὸ
1821 2188 2041 2261 μὲνγὰρ

446 2281 791 2354 ἐπικείμενον
824 2285 891 2354 τῇ
930 2282 1053 2352 ὄψει
1098 2281 1195 2335 τοῦ
1229 2279 1485 2351 Λαζάρου
1522 2277 1805 2350 σουδάριον
1847 2276 2043 2331 ἐκάλυ-

447 2391 579 2428 πτεν
631 2373 795 2427 αὐτοῦ
840 2373 1257 2445 νενεκρωμένας
1301 2371 1403 2437 τὰς
1434 2372 1651 2444 ὁράσεις
1674 2389 1686 2401 ·
1723 2370 1784 2423 τὸ
1821 2370 1877 2424 δέ
1908 2371 2040 2424 Μω-

448 2466 586 2529 σέως
613 2465 878 2536 κάλυμμα
910 2467 1030 2519 κατ’
1063 2464 1376 2537 οἰκονομίαν
1413 2460 1483 2538 ἦν
1516 2463 1594 2536 τῷ
1632 2462 1910 2535 προσώπῳ
1944 2463 2041 2517 αύ-

447 2557 540 2611 τοῦ
583 2556 966 2630 περικείμενον
1004 2557 1092 2611 διὰ
1139 2558 1268 2621 τοὺς
1322 2558 1397 2629 μὴ
1440 2557 1753 2628 χωροῦντας
1797 2555 1905 2609 ἀπὸ
1943 2554 2039 2609 τοῦ

446 2649 573 2703 λαοῦ
602 2651 793 2721 ἐνορᾷν
823 2653 889 2721 τῇ
915 2650 1041 2724 δόξῃ
1075 2649 1264 2703 αὐτοῦ.
1299 2651 1568 2720 Ζητήσεις
1595 2648 1651 2702 δέ
1681 2648 1810 2721 περί
1841 2647 1936 2701 τοῦ
1963 2647 2038 2721 μὴ

444 2741 792 2812 ἐνδεδυμένου
828 2742 940 2811 (84)
992 2742 1196 2813 ἔνδυμα
1238 2742 1450 2812 γάμου,
1495 2741 1625 2811 περὶ
1676 2734 1737 2795 οὗ
1785 2740 2034 2812 εἴρηται·

451 2854 469 2886 ι
508 2835 776 2904 Δήσαντες
802 2834 964 2887 αὐτὸν
1001 2833 1177 2887 ποδῶν
1206 2835 1300 2887 καὶ
1321 2833 1544 2905 χειρῶν,
1578 2833 1839 2887 ἐκϐάλετε
1876 2833 2039 2888 αὐτὸν

445 2927 525 2989 εἰς
572 2925 632 2977 τὸ
681 2925 871 2988 σκότος
919 2926 981 2979 τὸ
1018 2924 1317 2995 ἐξώτερον,
1362 2944 1382 2977 ι
1438 2927 1665 2998 πότερον
1711 2927 1887 2981 εἰσαεί
1941 2926 2039 2998 μέ-

445 3035 524 3071 νει
561 3016 669 3089 (85)
715 3017 996 3088 δεδεμένος
1019 3057 1033 3081 ,
1074 3018 1170 3071 καὶ
1208 3019 1267 3071 ἐν
1318 3017 1396 3089 τῷ
1429 3017 1678 3091 ἐξωτέρω
1736 3018 1913 3089 σκότῳ
1953 3017 2036 3088 (οὐ

447 3109 558 3184 γὰρ
593 3109 911 3183 πρόσκειται
939 3111 999 3163 τὸ
1020 3152 1035 3175 ,
1070 3130 1088 3162 ι
1123 3112 1203 3174 εἰς
1223 3110 1313 3164 τὸν
1338 3109 1512 3163 αἰῶνα
1536 3151 1552 3173 ,
1594 3129 1613 3162 ι
1646 3109 1712 3181 ἢ,
1754 3128 1773 3156 ι
1804 3111 1886 3174 εἰς
1909 3111 2037 3175 τοὺς

2142 2003 2310 2058 fuisse
2330 2003 2421 2068 δυ,
2450 2024 2470 2057 ›
2499 2014 2553 2060 et
2586 2006 2829 2061 velamen
2850 2009 3159 2077 impositum
3186 2007 3345 2062 faciei
3361 2007 3724 2080 Moysis,cum

2143 2096 2399 2164 populum
2424 2097 2795 2166 alloqueretur
2812 2100 2880 2155 ⁸³.
2914 2098 3228 2170 Impositum
3252 2114 3490 2170 namque
3525 2098 3722 2154 Lazari

2142 2187 2299 2243 faciei
2333 2190 2614 2244 sudarium
2637 2192 2852 2262 tegebat
2882 2192 3029 2248 illius
3064 2193 3419 2248 mortiﬁcatas
3443 2193 3719 2256 visiones;

2140 2292 2196 2336 at
2232 2297 2360 2337 vero
2392 2280 2594 2355 Moysis
2613 2284 2855 2338 velamen
2881 2302 2977 2356 per
3005 2285 3363 2341 meonomiam
3388 2284 3543 2339 faciei
3576 2284 3724 2339 illius

2142 2374 2454 2443 impositum
2481 2385 2621 2439 erat,
2650 2377 2719 2431 ob
2753 2377 2875 2432 illos
2908 2392 2970 2430 ex
3002 2376 3198 2447 populo
3231 2377 3321 2447 qui
3350 2377 3575 2447 gloriam
3605 2375 3723 2429 vul-

2143 2475 2228 2522 tus
2265 2466 2387 2538 ejus
2422 2467 2623 2522 intueri
2656 2483 2766 2523 non
2821 2478 3094 2538 poterant.
3155 2466 3260 2522 Sed
3306 2482 3521 2537 quaares
3557 2467 3624 2522 de
3655 2481 3722 2520 eo

2140 2556 2233 2626 qui
2259 2572 2366 2612 non
2400 2557 2625 2611 indutus
2660 2567 2780 2611 erat
2805 2568 2956 2612 veste
2985 2558 3236 2628 nuptiali.
3270 2557 3337 2613 de
3376 2574 3483 2627 quo
3514 2557 3723 2612 dictum

2139 2658 2220 2704 est
2257 2665 2273 2702 :
2314 2668 2333 2700 ι
2366 2645 2574 2715 Ligatis
2602 2646 2746 2701 illius
2768 2649 3017 2704 manibus
3044 2657 3097 2703 et
3125 2648 3371 2719 pedibus,
3393 2648 3572 2718 ejicite
3597 2663 3721 2701 eum

2140 2737 2194 2792 in
2238 2735 2492 2793 tenebras
2532 2738 2834 2794 exteriores
2858 2737 2926 2805 ⁸⁸,
2956 2758 2976 2790 ι
3011 2748 3190 2793 utrum
3218 2750 3476 2808 perpetuo
3506 2746 3724 2793 maneat

2139 2830 2380 2896 vinctus,
2411 2841 2467 2886 et
2503 2831 2557 2886 in
2592 2831 2834 2887 tenebris
2868 2832 3237 2887 exterioribus
3269 2835 3403 2904 (non
3448 2830 3595 2885 enim
3626 2830 3724 2884 ad-

2140 2919 2289 2976 ditur
2318 2921 2644 2979 vocabulum
2676 2922 2804 2977 illud
2834 2962 2850 2985 ,
2887 2941 2908 2975 ‹
2951 2925 3004 2976 in
3057 2923 3338 2988 saeculum,
3366 2941 3384 2973 ι
3440 2921 3524 2977 vel
3553 2959 3568 2985 ,
3612 2939 3632 2973 ι
3666 2920 3720 2975 in

2139 3018 2338 3075 sarcula
2365 3019 2434 3090 ι),
2475 3035 2543 3074 an
2580 3019 2872 3090 aliquando
2927 3017 3223 3072 solvendus
3268 3016 3382 3080 sit;
3434 3029 3542 3068 non
3574 3011 3724 3068 enim

2140 3120 2366 3181 apparet
2403 3127 2471 3166 ex
2520 3111 2606 3166 his
2660 3127 2783 3182 qua:
2826 3108 2894 3165 de
2948 3110 3068 3178 ipso
3121 3109 3402 3170 dicuntur,
3453 3104 3721 3174 scriptum

447 3200 712 3271 αἰῶνας),
749 3220 768 3251 ι
806 3200 839 3273 ἢ
870 3200 1164 3291 λυθήσεταί
1192 3218 1324 3254 ποτε
1345 3218 1358 3231 ·
1385 3202 1446 3255 οὐ
1475 3200 1583 3272 γάρ
1615 3202 1936 3272 ἐμφαίνεται
1971 3204 2036 3255 ἐκ

2143 3197 2311 3254 fuisse
2341 3198 2410 3253 de
2444 3198 2628 3253 futura
2658 3202 2776 3269 ejus
2809 3198 3176 3264 liberatione;
3233 3211 3334 3252 nec
3378 3195 3511 3250 mihi
3543 3203 3722 3248 tutum

443 3291 544 3360 τῆς
572 3292 703 3364 περὶ
734 3292 900 3345 αὐτοῦ
929 3284 1128 3356 λέξεως
1164 3291 1232 3346 τὰ
1265 3292 1394 3361 περὶ
1419 3290 1739 3358 ἀπολύσεως
1766 3292 2034 3365 ἐσομένης

2139 3305 2265 3347 esse
2293 3282 2511 3345 videtur
2535 3290 2604 3346 de
2626 3291 2810 3361 aliquo
2837 3290 3197 3362 pronuntiare
3238 3287 3381 3360 quod
3436 3294 3723 3341 assecutus

446 3383 811 3456 γεγραμμένα
839 3385 968 3455 περὶ
993 3382 1157 3438 αὐτοῦ
1176 3401 1189 3414 ·
1221 3384 1282 3438 ού
1312 3383 1459 3438 δοκεί
1480 3384 1537 3438 δέ
1566 3402 1656 3456 μοι
1687 3385 1928 3454 ἀσφαλὲς
1958 3380 2037 3440 εῐ-

444 3491 532 3528 ναι
568 3475 644 3546 μὴ
679 3474 1053 3530 καταλαϐόντα
1084 3474 1389 3540 ὀτιποτοῦν,
1436 3476 1674 3547 μάλιστα
1699 3476 1778 3548 τῷ
1827 3476 1904 3549 μὴ
1943 3495 2037 3548 γε-

444 3566 688 3637 γράφθαι
713 3567 841 3639 περὶ
880 3566 1046 3621 αὐτοῦ
1073 3608 1087 3633 ,
1118 3569 1522 3641 ἀποφήνασθαι.
1559 3572 1826 3642 Ζητήσεις
1853 3571 1911 3624 δὲ
1946 3570 2035 3628 διὰ

444 3660 536 3713 τό’
572 3679 591 3711 ι
629 3660 794 3729 Λέγει
840 3659 1047 3731 Ἰησοῦς
1070 3661 1279 3724 αὐτοῖς’
1342 3661 1557 3715 Λύσατε
1583 3662 1782 3730 αὑτὸν,
1824 3683 1844 3716 ι
1870 3664 2032 3729 τίσιν,

445 3753 669 3817 αύτοῖςς
707 3752 830 3806 οὔτε
873 3753 984 3825 γὰρ
1023 3754 1107 3807 ὅτι
1145 3750 1413 3824 μαθηταῖς
1442 3753 1878 3826 ἀναγέγραπται,
1920 3754 2033 3808 οὔθ’

429 3830 525 3901 ’ὅτι
555 3845 632 3917 τῷ
664 3845 991 3917 περιεστῶτι
1015 3844 1178 3917 ὄχλῳ,
1205 3845 1319 3900 ἀλλ’
1353 3847 1474 3899 οὐδὲ
1501 3846 1583 3900 ὅτι
1608 3850 1720 3911 τοῖς
1751 3846 1891 3918 μετά
1915 3849 2036 3901 Μα-

447 3929 567 4011 ρίας
608 3935 734 3992 οὖσι*
768 3936 1079 4003 Ἰουδαίοις,
1126 3937 1223 3990 καὶ
1263 3936 1781 4009 παραμυθουμένοις
1820 3938 1992 4010 αὐτήν
2015 3952 2030 3967 ⁸

446 4030 739 4101 ύπονοήσαι
781 4029 827 4083 δ’
876 4029 941 4084 ἄν
974 4046 1058 4092 τις
1104 4028 1194 4082 διὰ
1222 4029 1316 4082 τόο
1355 4047 1374 4080 ι
1416 4028 1671 4097 ’Ἄγγελοι
1705 4028 2031 4117 προσῆλθον,

445 4123 538 4176 καὶ
556 4121 833 4192 διηκόνουν
855 4120 1026 4192 αὐτῷ,
1048 4121 1142 4173 καί⁸
1173 4118 1261 4173 διὰ
1287 4120 1388 4193 τὴν
1418 4119 1561 4173 κατὰ
1589 4118 1681 4172 τὸν
1710 4119 1874 4172 τόπον
1902 4119 2035 4173 ἀνα-

444 4212 650 4283 γωγὴν,
689 4212 771 4265 ὅτι
814 4213 1023 4283 μήποτε
1063 4210 1338 4274 κάκείνοις
1383 4209 1607 4264 δύναται
1666 4209 1916 4280 εἰρῆσθαι
1948 4210 2029 4263 τό⁸

450 4291 470 4355 ι
503 4303 718 4357 Λύσατε
757 4302 941 4366 αὑτὸν,
984 4303 1078 4356 καὶ
1115 4301 1284 4371 ἄφετε
1320 4298 1483 4355 αὐτὸν
1525 4300 1777 4369 ὑπάγειν.
1822 4318 1841 4351 ι

515 4394 568 4449 8.
603 4395 725 4447 Ἔτι
758 4391 907 4465 ζητῶ
938 4395 987 4446 εἰ
1018 4392 1376 4465 πεπλήρωκεν
1404 4394 1433 4445 ὁ
1461 4391 1664 4463 Ἰησοῦς
1693 4389 1755 4444 τὸ
1780 4389 2035 4462 ἐπιφερό-

446 4502 609 4560 μενον
638 4485 748 4558 τῷο
784 4505 802 4537 ι
832 4484 1081 4558 Λάζαρος
1102 4487 1131 4539 ὁ
1157 4485 1308 4555 φίλος
1332 4482 1488 4556 ήμῶν
1515 4483 1860 4555 κεκοίμηται,
1890 4502 1909 4534 ι
1939 4482 2029 4536 τό·

2138 3401 2247 3442 non
2285 3386 2478 3451 lueris,
2516 3387 2820 3458 praesertim
2856 3403 2982 3441 cum
3030 3384 3233 3439 litteris
3279 3399 3383 3437 non
3421 3384 3495 3437 sit
3534 3380 3584 3434 id
3616 3396 3718 3435 ex-

2136 3492 2406 3546 pressum.
2434 3476 2658 3543 Quaeres
2688 3487 2977 3548 praeterea,
3000 3492 3068 3532 eo
3106 3475 3252 3545 quod
3282 3473 3429 3528 dicat
3453 3471 3614 3527 Jesus
3638 3472 3723 3542 ip-

2136 3571 2237 3637 sis,
2271 3589 2290 3623 ι
2329 3569 2540 3626 Solvite
2565 3586 2714 3637 eum,
2739 3590 2758 3623 ι
2797 3572 3023 3641 quinam
3048 3569 3162 3625 sint
3191 3567 3247 3622 hi
3277 3567 3376 3636 ipsi
3409 3565 3611 3636 quibus
3633 3565 3721 3620 di-

2136 3663 2217 3717 xit
2233 3679 2247 3716 :
2264 3677 2443 3733 neque
2459 3662 2605 3717 enim
2623 3661 2926 3732 discipulis,
2942 3675 3117 3730 neque
3134 3657 3508 3713 circumstanti
3528 3654 3720 3723 turbae,

2135 3770 2200 3810 ac
2226 3769 2293 3809 ne
2321 3753 2520 3810 Iudaeis
2551 3754 2774 3823 quidem
2803 3754 2894 3821 qui
2926 3769 3048 3809 cum
3081 3750 3252 3806 Maria
3293 3759 3474 3814 erant,
3518 3749 3722 3818 quique

2134 3863 2256 3902 eam
2285 3848 2736 3912 consolabantur,
2767 3847 3033 3918 scriptum
3078 3854 3163 3901 est
3191 3862 3314 3900 eum
3359 3845 3590 3909 dixisse;
3625 3843 3721 3897 sed

2135 3939 2369 3995 fortasse
2396 3941 2597 4009 aliquis
2635 3950 2860 4010 propter
2900 3949 3213 3994 contextum
3246 3939 3426 3991 illum:
3469 3956 3487 3988 ι
3525 3938 3723 3990 Arces-

2134 4041 2327 4086 serunt
2357 4032 2562 4101 angeli,
2612 4040 2670 4086 et
2718 4029 3110 4083 ministrabant
3159 4030 3206 4082 ei
3237 4029 3347 4089 ⁸⁷.»
3403 4039 3457 4082 et
3502 4034 3722 4096 propter

2135 4138 2357 4179 sensum
2408 4123 2769 4193 anagogicum
2824 4123 2986 4191 hujus
3035 4122 3136 4177 loci
3197 4120 3565 4190 suspicabitur
3614 4118 3723 4172 illis

2133 4214 2300 4270 etiam
2322 4214 2528 4271 dictum
2561 4214 2730 4271 videri
2759 4229 2953 4286 posse:
2990 4232 3008 4264 ι
3040 4212 3250 4268 Solvite
3290 4228 3442 4278 eum,
3469 4220 3524 4267 et
3555 4209 3722 4265 sinite

2134 4305 2373 4475 ξιδὲἓό
2391 4395 2447 4451 8.
2485 4393 2674 4450 Adhuc
2708 4410 2896 4466 quaero
2943 4410 3011 4448 an
3065 4394 3378 4464 impleverit
3422 4392 3582 4449 Jesus
3613 4393 3723 4451 hoc

2134 4487 2340 4542 dictum
2373 4503 2388 4542 :
2432 4505 2452 4538 ι
2481 4488 2584 4542 Sed
2615 4488 2771 4552 vado,
2802 4498 2861 4542 ut
2888 4503 2916 4540 a
2955 4503 3153 4542 somno
3188 4487 3425 4542 excitem
3456 4502 3580 4543 eum
3602 4486 3673 4552 ⁸⁸,
3694 4503 3715 4537 ι

442 4598 470 4651 ,ι
504 4579 666 4633 Ἀλλά
696 4577 1017 4650 πορεύομαι,
1047 4578 1136 4631 ἵνα
1169 4576 1440 4642 ἐξυπνίσω
1470 4577 1630 4630 αὐτόν
1651 4595 1667 4608 ·
1692 4594 1712 4628 ι
1765 4575 2029 4647 ἐφίστημι

2139 4577 2275 4650 quod
2315 4578 2390 4633 illi
2420 4579 2797 4650 subiungitur:
2832 4598 2853 4632 ι
2878 4577 3123 4634 Lazarus
3153 4577 3362 4633 amicus
3385 4587 3570 4633 noster
3590 4576 3718 4631 dor-

443 4668 538 4726 οὗν
581 4673 789 4743 μήποτε
843 4672 901 4724 ἐν
950 4670 1028 4743 τῷ
1080 4669 1360 4742 εἰρηκέναι
1399 4669 1564 4723 αὐτὸν
1611 4670 1762 4739 φωνῇ
1816 4667 2026 4741 μεγάλῃ

445 4764 835 4836 κραυγάσαντα
853 4780 866 4793 ⁸
905 4782 923 4812 ι
953 4761 1193 4833 Λάζαρε,
1210 4761 1372 4833 δεῦρο
1395 4760 1500 4827 ἔξω
1520 4779 1537 4794 ·
1572 4781 1591 4812 ι
1624 4761 1658 4831 ἡ
1682 4759 1791 4830 γὰρ
1817 4758 2025 4832 μεγάλη

446 4850 597 4921 φωνὴ
627 4848 722 4903 καὶ
746 4851 780 4920 ή
807 4848 1021 4921 κραυγὴ
1052 4848 1152 4901 οὐκ
1177 4847 1242 4903 ἂν
1270 4848 1489 4913 ἀτόπως
1503 4847 1714 4921 λέγοιτο
1745 4847 2030 4914 ἐξυπνικέ-

450 4954 538 4991 ναι
571 4938 752 4992 αὐτόν·
830 4939 922 5017 καὶ
945 4941 993 4993 εἰ
1021 4938 1099 4992 δεῖ
1121 4939 1378 4996 δύνασθαι
1403 4937 1785 5011 ἀποφήνασθαι
1817 4938 1876 4992 ἐν
1906 4937 2029 4993 τού-

444 5046 525 5100 τῳ
567 5028 768 5100 μᾶλλον
800 5028 1189 5102 πεπληρῶσθαι
1228 5030 1322 5084 τό·
1358 5053 1377 5083 ι
1414 5030 1759 5102 Πορεύομαι,
1793 5029 1881 5083 ἵνα
1913 5029 2029 5097 ἐξυ-

446 5120 620 5173 πνίσω
647 5121 862 5186 αύτὸν,›
896 5121 1040 5193 ἥπερ
1073 5122 1131 5174 ἐν
1159 5120 1239 5192 τῷ
1265 5120 1365 5192 τῆς
1385 5121 1553 5193 εὐχῆς
1578 5120 1674 5174 τοῦ
1704 5118 1836 5174 Υἱοῦ
1855 5118 2024 5173 ἀκού-

2136 4672 2289 4725 ιιιίι.»
2329 4669 2513 4740 Itaque
2545 4670 2776 4741 inspicio
2810 4686 2878 4724 an
2916 4670 3061 4724 l'orte
3089 4669 3367 4737 expletum
3400 4666 3567 4721 fuerit
3613 4665 3719 4722 hoc

2134 4761 2380 4817 dictum:
2423 4782 2442 4815 ι
2480 4763 2656 4829 Vado,
2687 4772 2805 4817 uta
2844 4776 3037 4818 somno
3074 4762 3308 4815 excitent
3356 4774 3536 4823 eum,»
3590 4771 3716 4813 cum

2133 4850 2294 4907 Jesus
2325 4868 2461 4908 voce
2499 4868 2695 4923 magna
2729 4854 2978 4908 clamans
3012 4851 3189 4906 dixit:
3234 4868 3254 4902 ι
3292 4849 3521 4916 Lazare,
3560 4847 3719 4918 prodi

2134 4941 2319 5009 foras;
2356 4963 2375 4996 ι
2418 4960 2547 4997 nam
2573 4959 2677 4998 vox
2714 4958 2931 5014 magna.
2962 4951 3018 4997 et
3057 4942 3286 5004 clamor,
3325 4954 3436 4995 non
3480 4938 3719 4994 absurde

2134 5022 2349 5089 dicetur
2392 5036 2667 5091 excitasse
2711 5050 2861 5115 eum.
2915 5034 3154 5103 Inspicio
3198 5035 3365 5087 etiam
3419 5047 3487 5086 an
3540 5032 3721 5102 possis

2132 5128 2419 5183 enuntiare
2436 5126 2489 5181 in
2515 5128 2616 5184 hoc
2638 5129 2811 5199 magis
2827 5127 3106 5197 impletum
3132 5125 3299 5181 fuisse
3319 5123 3481 5180 illud:
3504 5143 3524 5178 ι
3546 5124 3719 5194 Vado,

519 5309 565 5381 88
611 5308 744 5362 Jnan
812 5324 887 5381 xi.
922 5307 1026 5381 ΗΑ..
1063 5376 1080 5381 _
1119 5308 1165 5340 ⁸⁸
1203 5306 1401 5381 Matth.
1426 5323 1561 5375 uti,
1598 5308 1689 5363 15.
1787 5308 1856 5341 ⁸⁸·
1886 5307 2037 5364 Joan.

2145 5353 2161 5372 .
2195 5309 2287 5367 44.
2382 5310 2430 5345 ⁸⁸
2475 5311 2646 5367 Exod.
2685 5327 2877 5381 xxxiv,
2921 5314 3013 5370 εδ.
3125 5311 3173 5344 ⁸⁸
3198 5309 3389 5366 Matth.
3454 5322 3594 5375 xm,
3628 5306 3713 5362 l5.

444 5378 489 5411 ⁸⁷
512 5380 700 5434 Matth.
727 5393 799 5441 IV,
822 5378 906 5431 11.
982 5377 1028 5410 ⁸⁸
1054 5376 1210 5433 Joan.
1238 5393 1315 5445 XI,
1345 5379 1432 5434 H.

521 5537 638 5611 (82)
670 5534 1234 5611 Codex_Bodleianus,
1250 5546 1422 5602 recte,
1452 5536 1547 5591 καὶ
1572 5538 1635 5592 οὐ
1665 5532 1863 5592 ταύτόν
1884 5537 2023 5591 ἐστι·

452 5605 675 5679 Regius,
709 5607 904 5679 ταύτόν
931 5609 1070 5679 ἐστι,
1101 5605 1257 5679 male.

519 5675 633 5745 (85)
657 5677 960 5732 Δεδέσθαι.
991 5676 1276 5732 Ferrarius
1309 5675 1522 5746 legebat
1550 5675 1847 5746 δεδεμένον.

523 5747 637 5817 (84)
667 5749 844 5803 Codex
879 5747 1222 5812 Bodleianus,
1250 5745 1419 5811 recte,
1463 5746 1539 5818 μὴ
1561 5745 1928 5817 ἐνδεδυμένου.
1964 5745 2022 5802 In

454 5820 697 5876 editione
724 5818 899 5872 lluetii
923 5820 1075 5872 deest
1107 5818 1202 5888 μή,
1347 5861 1373 5878 υ
1537 5886 1547 5888 Α
1612 5887 1616 5888 7
1915 5820 1975 5888 ‘-

532 5888 648 5961 (85)
679 5888 938 5957 Πότερον
961 5885 1147 5942 εἰσαεὶ
1170 5885 1375 5961 μένει.
1414 5886 1504 5943 Sic
1531 5886 1697 5961 habet
1726 5888 1898 5944 codex
1914 5885 2021 5941 Bo-

2138 5534 2409 5589 dleianus.
2428 5532 2484 5586 In
2515 5532 2755 5588 editione
2769 5530 2948 5586 Hnetii
2966 5530 3118 5584 deest
3141 5527 3391 5599 πότερον,
3416 5524 3715 5599 et_legitur,

2138 5605 2188 5658 εἰ
2228 5603 2317 5657 ἀεὶ
2362 5603 2537 5674 μένει.
2563 5602 2633 5658 Ut
2666 5611 2868 5674 utgest,
2904 5598 3249 5674 videtur-hoc
3276 5595 3419 5652 'loco
3455 5595 3717 5674 Origenes

2138 5668 2543 5742 aliquantisper
2586 5673 2849 5727 recedere
2878 5685 2907 5722 a
2945 5669 3262 5742 pervulgata
3295 5683 3391 5721 sua
3418 5668 3715 5742 etabsona

2135 5738 2595 5810 sententia,_quaa
2609 5742 2991 5810 damnatorum
3027 5740 3203 5810 poenis
3232 5738 3394 5810 linem
3423 5738 3715 5810 aliquando

2134 5813 2453 5881 impositum
2485 5807 2575 5866 ἰι-ἱ
2622 5809 2889 5870 decernit.
2918 5808 2974 5862 Id
3015 5807 3081 5866 ex
3116 5807 3371 5865 instituto
3412 5808 3713 5879 disputatur

2132 5884 2188 5938 in
2216 5880 2582 5950 ’Origenianis.
