4182 6362
412 328 516 384 699

1880 324 2206 380 ORIGENIS

3584 320 3689 376 700

415 464 473 506 ut
508 469 538 506 a
573 465 766 507 somno
792 449 1025 506 excitem
1054 462 1202 512 eum,
1224 466 1242 498 ι
1271 462 1434 517 quam
1466 461 1591 502 cum
1627 447 1789 503 Pater
1819 448 2003 503 audita

2118 463 2278 500 σαντα
2305 447 2397 499 τὸν
2435 447 2656 518 Πατέρα
2690 443 3052 514 πεποιηκέναι
3085 443 3184 513 τὴν
3227 443 3478 514 Λαζάρου
3514 441 3693 514 ψυχὴν

411 543 543 600 Jesu
587 543 948 613 precatione,
996 539 1192 594 Lazari
1228 539 1469 592 animam
1515 537 1646 594 fecit
1691 540 1758 594 ad
1803 554 2004 609 corpus

411 637 534 706 ejus
586 634 786 700 redire,
835 633 980 702 quod
1029 631 1084 685 in
1129 640 1482 685 monumento
1513 632 1814 702 repositum
1862 642 2001 687 erat.

420 728 682 782 Dicturus
707 734 792 781 est
818 724 964 782 enim
998 723 1200 793 aliquis
1219 723 1439 778 Patrem
1457 739 1580 778 cum
1598 723 2005 780 audissetoran-

414 827 528 873 tem
566 816 788 880 Filium,
821 813 1015 870 Lazari
1047 813 1288 868 animam
1320 829 1386 870 ex
1433 815 1665 868 mortuis
1709 815 2005 882 excitasse,

405 904 602 964 Iesum
637 921 772 962 vero
821 919 958 962 voce
994 920 1190 973 magna
1223 919 1349 959 cum
1386 904 1700 971 clamasset,
1737 921 1804 962 ac
1830 905 2004 962 dixis-

416 1007 523 1063 set,
567 1017 584 1050 ι
608 996 839 1062 Lazare,
873 997 1028 1067 prodi
1071 996 1244 1060 foras,
1272 1014 1290 1048 ι
1331 995 1384 1051 id
1410 997 1552 1066 quod
1584 1007 1744 1051 antea
1793 999 2006 1068 promi-

417 1098 567 1145 serat
611 1088 888 1158 implesse,
944 1105 965 1140 ι
1000 1088 1109 1143 Sed
1154 1088 1317 1154 vado,
1371 1098 1428 1141 ut
1467 1105 1496 1142 a
1539 1103 1732 1144 somno
1772 1092 2006 1147 excitem

416 1196 596 1237 eum.)
624 1181 804 1252 Atque
821 1181 927 1235 hoc
950 1180 1168 1250 quidem
1199 1182 1291 1251 qui
1327 1181 1546 1246 astruit,
1574 1182 1791 1238 differre
1819 1185 2010 1241 dicens

422 1275 524 1328 hoc
553 1275 757 1330 dictum
789 1293 803 1328 ε
853 1293 872 1326 ι
908 1273 1149 1328 Lazarus
1181 1275 1393 1329 amicus
1425 1285 1614 1331 noster
1639 1277 1860 1344 dormit,
1889 1297 1908 1330 ›
1942 1279 2010 1335 ab

423 1365 548 1428 hoc,
583 1384 601 1416 ι
629 1363 874 1419 Lazarus
900 1375 1152 1419 mortuus
1180 1375 1285 1431 est,
1315 1385 1335 1418 ο
1376 1366 1518 1422 dicet
1561 1369 1627 1420 ad
1663 1369 2008 1437 vocabulum,

425 1473 446 1509 ι
468 1455 690 1519 dormit,
704 1475 721 1506 ι
742 1454 924 1511 Jesum
942 1455 1278 1525 promisisse,
1294 1456 1592 1512 dicentem:
1613 1457 1749 1530 [(86)
1771 1477 1788 1510 ι
1801 1459 1906 1515 Sed
1924 1476 2013 1515 va-

421 1549 517 1614 do,
536 1559 596 1602 ut
625 1564 654 1602 a
695 1564 888 1604 somno
915 1549 1152 1604 excitem
1181 1564 1342 1616 eum;
1373 1569 1391 1602 ι
1420 1558 1475 1604 et
1511 1551 1577 1605 ad
1620 1553 1841 1606 verbum
1885 1553 2010 1620 hoc,

427 1658 448 1693 ι
479 1651 725 1696 mortuus
753 1652 856 1705 est,
881 1660 899 1692 ι
940 1657 1048 1696 non
1084 1642 1434 1710 respondisse
1463 1641 1668 1714 illud:]
1703 1661 1721 1694 ‹
1758 1643 1930 1707 Vado,
1955 1655 2013 1700 ut

421 1731 681 1785 suscitem
716 1745 838 1785 eum
869 1745 936 1785 ex
975 1732 1225 1785 mortuis.
1258 1749 1276 1782 ι
1311 1731 1380 1784 At
1423 1745 1554 1785 vero
1589 1731 1680 1801 qui
1711 1732 2010 1788 solvitdis-

2107 539 2424 594 ἐπανελθεῖν
2459 540 2552 591 ἐπὶ
2579 539 2640 592 τὸ
2663 539 2719 591 ἐν
2749 536 2825 607 τῷ
2857 537 3110 608 μνημείῳ
3137 535 3494 606 ἀποκείμενον
3525 534 3694 589 αὐτοῦ

2109 633 2268 702 σῶμα
2289 649 2303 662 ο
2342 631 2485 684 εἴποι
2513 630 2622 700 γάρ
2652 629 2718 682 ἀν
2751 646 2854 693 τις,
2887 629 2971 682 ὅτι
3003 630 3031 682 6
3069 627 3169 699 μὲν
3199 626 3438 691 ἀκούσας
3471 625 3696 698 εὐξαμέ-

2106 743 2198 779 νου
2228 723 2323 777 τοῦ
2353 723 2484 776 Υίοῦ
2513 723 2705 794 Πατὴρ
2733 721 2799 774 ἐκ
2828 719 3038 792 νεκρῶν
3069 720 3159 775 τὸν
3188 719 3438 791 Λάζαρον
3470 717 3696 789 ἀνέστη-

2110 835 2201 871 σεν
2221 835 2233 848 ’
2259 818 2288 870 6
2313 817 2369 870 66
2400 815 2570 869 εἰπὼν
2595 817 2746 886 φωνῇ
2773 813 3004 885 μεγάλῃ,
3032 813 3126 866 καὶ
3159 812 3509 884 κραυγάσαςο
3541 830 3559 861 ι
3588 811 3698 864 Δά-

2107 910 2276 982 ζαρε,
2322 908 2482 980 δεῦρο
2521 907 2626 972 ἔξω
2650 947 2664 972 ,
2705 927 2726 961 ι
2766 907 3084 978 ἐπλήρωσεν
3116 905 3146 959 ὃ
3191 903 3692 978 προεπηγγείλατοο

2115 1019 2135 1052 ι
2184 1000 2345 1054 Ἀλλά
2385 998 2723 1072 πορεύομαι,
2767 997 2855 1053 ἵνα
2895 995 3166 1062 ἐξυπνίσω
3214 995 3396 1052 αὐτόν.
3451 1012 3470 1046 ι
3516 992 3627 1046 Kal.
3669 993 3698 1045 6

2107 1091 2267 1145 τοῦτό
2293 1108 2357 1160 γε
2387 1088 2818 1155 κατασκευάζων
2861 1087 3126 1159 διαφορὰν
3157 1086 3332 1150 διδοὺς
3371 1085 3465 1139 τοῦ
3486 1103 3499 1116 ·
3535 1104 3553 1136 ι
3597 1083 3706 1137 Λά-

2111 1180 2276 1254 ζαρος
2308 1184 2336 1234 6
2365 1181 2516 1250 φίλος
2541 1179 2700 1252 ἡμῶν
2731 1179 3082 1250 κεκοίμηται,
3121 1195 3140 1228 ι
3174 1177 3267 1228 καὶ
3287 1174 3382 1228 τοῦ
3403 1191 3416 1204 ·
3456 1193 3474 1224 ι
3516 1172 3698 1238 Λάζα-

2115 1291 2205 1345 ρος
2230 1273 2535 1336 ἀπέθανεν,
2573 1292 2592 1324 ι
2627 1275 2778 1343 ἐρεῖ,
2805 1273 2888 1326 ὅτι
2927 1270 3065 1340 πρὸς
3117 1268 3216 1340 μὲν
3256 1268 3349 1334 τὸ,
3383 1286 3402 1318 ι
3439 1267 3700 1337 κεκοίμησ-

2112 1383 2222 1429 ται,
2256 1385 2274 1416 ι
2317 1364 2684 1435 ἐπηγγείλατο
2724 1362 2927 1417 εἰπών·
2969 1382 2988 1414 ι
3035 1361 3195 1416 Ἀλλά
3245 1359 3574 1432 πορεύομαι,
3615 1359 3703 1411 ἵνα

2115 1457 2390 1522 ἐξυπνίσω
2433 1457 2627 1510 αὐτόν·
2673 1477 2690 1508 ι
2725 1458 2862 1528 πρὸς
2903 1457 2961 1511 δὲ
3007 1457 3066 1510 τὸ
3091 1496 3107 1521 ,
3144 1475 3162 1508 ι
3203 1454 3510 1517 ἀπέθανεν,
3549 1471 3569 1506 ι
3601 1453 3703 1506 οὐκ

2113 1547 2421 1602 ἀποδέδωκε
2449 1547 2510 1600 τό
2530 1564 2542 1576 ·
2586 1565 2603 1597 ι
2640 1547 2979 1618 Πορεύομαι,
3013 1547 3098 1599 ἵνα
3127 1545 3418 1615 ἀναστήσω
3442 1543 3605 1596 αὑτὸν
3637 1543 3703 1595 ἐκ

2116 1641 2345 1711 νεκρῶν.
2389 1661 2406 1692 ι
2428 1639 2587 1692 Ἀλλά
2610 1641 2638 1691 6
2666 1639 2807 1693 λύων
2832 1638 2929 1711 τὴν
2952 1640 3011 1692 ἐν
3033 1638 3244 1701 τούτοις
3275 1635 3538 1690 δοκοῦσαν
3565 1633 3702 1688 εἶναι

2114 1732 2408 1802 διαφοράν,
2453 1732 2546 1784 καὶ
2586 1731 2761 1794 διδοὺς
2808 1731 2908 1802 τὴν
2954 1729 3049 1782 τοῦ
3087 1730 3336 1800 Λαζάρου
3380 1731 3444 1781 ἐκ
3494 1727 3706 1800 νεκρῶν

421 1821 758 1892 crepantiam
789 1837 911 1892 quae
942 1823 997 1876 in
1048 1823 1135 1876 his
1168 1837 1291 1877 esse
1334 1822 1570 1890 videtur,
1609 1834 1665 1878 et
1693 1824 1788 1878 dat
1815 1825 2010 1880 Lazari

2118 1824 2413 1877 ἀνάστασιν
2446 1823 2623 1876 κοινὸν
2652 1823 2813 1893 ἔργον
2845 1821 3132 1891 γεγονέναι
3171 1820 3302 1874 Υἱοῦ
3345 1820 3441 1874 τοῦ
3467 1819 3702 1891 εὐξαμέ-

421 1927 491 1966 ex
544 1913 779 1968 mortuis
826 1914 1288 1968 resurrectionem
1342 1928 1636 1968 commune
1664 1929 1801 1984 opus
1846 1915 2013 1972 fuisse

425 2013 538 2057 tum
566 2003 690 2057 Filii
722 2005 1026 2073 precantis,
1061 2013 1172 2058 tum
1205 2003 1386 2058 Patris
1411 2004 1780 2074 exaudientis,
1833 2016 2014 2062 utetur

423 2095 740 2150 testimonio
764 2095 975 2152 Domini
1013 2097 1080 2148 ad
1109 2094 1376 2150 Martbam
1405 2096 1634 2152 dicentis
1663 2112 1678 2150 :
1708 2116 1726 2148 ι
1757 2098 1868 2168 Ego
1894 2115 2012 2154 sum

425 2187 757 2242 resurrectio
791 2197 848 2242 et
879 2187 995 2241 vita
1025 2187 1108 2240 "z
1143 2206 1162 2239 ι
1196 2187 1468 2258 addetque
1495 2187 1625 2242 illud
1659 2189 1824 2244 etiam
1858 2207 1873 2243 :
1901 2209 1919 2242 ι
1941 2190 2015 2246 Ut

421 2279 566 2332 enim
604 2277 763 2333 Pater
802 2280 1031 2335 suscitat
1059 2289 1306 2332 mortuos
1338 2288 1392 2332 et
1429 2278 1688 2345 viviﬁcat,
1729 2281 1809 2336 sic
1846 2282 2014 2336 etiam

423 2367 614 2434 Filius,
640 2384 776 2437 quos
792 2370 906 2424 vult
927 2370 1164 2424 viviﬁcat
1186 2369 1253 2424 ⁸ο.
1277 2387 1296 2420 ι

495 2461 549 2515 9.
585 2479 605 2512 ι
636 2459 789 2515 Multi
828 2463 995 2531 igitur
1019 2475 1087 2515 ex
1119 2461 1324 2515 Judaais
1352 2461 1443 2529 qui
1488 2470 1754 2517 venerant
1790 2462 1856 2517 ad
1897 2461 2016 2517 Ma-

423 2556 585 2618 riam,
613 2571 736 2610 cum
764 2554 1026 2609 vidissent
1055 2569 1176 2624 quae
1217 2553 1439 2610 fecisset
1458 2553 1641 2620 Jesus,
1669 2555 2018 2612 crediderunt

428 2649 483 2702 in
516 2663 642 2702 eum
664 2648 734 2700 “.
755 2665 774 2699 ι
815 2647 881 2701 Et
910 2661 1044 2702 sane
1071 2662 1367 2716 quemnam
1405 2662 1598 2703 eorum
1633 2648 1726 2718 qui
1779 2647 2019 2709 demersi

427 2738 723 2794 admodum
782 2738 934 2794 fuere
982 2739 1134 2802 vitio,
1192 2747 1449 2807 tanquam
1503 2738 1923 2796 mortiﬁcatione
1962 2750 2018 2795 et

427 2828 623 2893 fetore,
653 2827 854 2898 quique
884 2843 1095 2883 summa
1123 2829 1420 2883 mutatione
1442 2826 1583 2883 facta
1615 2829 2012 2899 deposuerunt,

429 2919 663 2988 imperio
695 2927 750 2973 et
777 2919 1163 2988 cooperatione
1194 2917 1318 2972 Filii
1352 2917 1470 2985 Dei,
1503 2935 1608 2974 non
1656 2917 1828 2975 Solum
1873 2919 2017 2974 mul-

429 3020 545 3067 tum
599 3011 826 3065 fetorem
858 3026 926 3066 ex
970 3019 1194 3076 peccato
1225 3020 1586 3078 contractum,
1621 3027 1810 3067 verum
1851 3014 2015 3068 etiam

429 3101 646 3155 vincula
673 3101 820 3155 vires
847 3100 1046 3154 anima:
1066 3099 1397 3167 detinentia,
1425 3115 1625 3171 nempe
1673 3102 1820 3158 vires
1853 3103 2014 3159 eundi

425 3201 486 3248 et
511 3193 796 3259 onerandi,
820 3201 986 3257 atque
1013 3191 1178 3246 etiam
1209 3201 1474 3261 praeterea
1505 3194 1613 3248 vim
1639 3195 2015 3266 contemplan-
2045 3174 2087 3231 (ἶ

429 3285 517 3350 di;
554 3300 870 3355 quemnam,
905 3285 1152 3354 inquam,
1187 3299 1293 3338 non
1328 3294 1619 3340 moverunt
1644 3287 1762 3342 haec
1795 3287 1862 3342 ad
1892 3302 2016 3343 cre-

431 3378 688 3440 dendum.
721 3389 888 3448 atque
911 3381 1077 3434 etiam
1107 3381 1174 3434 ad
1206 3394 1337 3434 vere
1369 3381 1702 3435 credendum
1755 3382 2020 3451 praedica-

430 3471 566 3524 tioni
597 3468 763 3525 Jesu?
798 3469 1038 3526 Perculsi
1087 3472 1231 3526 enim
1281 3473 1373 3541 qui
1433 3471 1887 3541 glorificabantur
1937 3487 2018 3537 se,

412 3561 603 3617 multa
657 3563 942 3634 diligentia
992 3563 1264 3628 adhibita,
1315 3563 1562 3619 exerceri
1600 3564 1654 3617 in
1692 3565 1868 3620 verbo
1901 3565 2020 3631 Dei,

433 3653 831 3724 plenitudinem
868 3668 1004 3709 vero
1033 3655 1152 3726 ejus
1195 3671 1301 3710 non
1353 3664 1740 3724 perceperant,
1774 3655 2025 3711 credide-

435 3759 561 3803 runt
591 3748 842 3803 videntes
875 3745 1062 3802 Jesum
1101 3748 1153 3802 in
1195 3748 1401 3808 talibus
1455 3755 1667 3801 tantum
1729 3747 2017 3816 potuisse:

431 3838 596 3911 381
661 3838 1074 3908 prmsertimque
1133 3837 1396 3893 credituri
1443 3845 1602 3892 erant
1654 3838 1748 3908 qui
1805 3845 2026 3906 propter

435 3941 713 3986 mortuum
749 3938 806 3986 et
852 3929 1077 3986 omnino
1109 3929 1476 3999 desperatum,
1514 3942 1678 3999 quem
1707 3935 1765 3983 et
1804 3927 1906 3998 ipsi
1933 3928 2028 3981 de-

437 4023 704 4092 ploratum
741 4023 1040 4088 habebant,
1062 4023 1131 4078 ad
1157 4022 1382 4078 Mariam
1413 4030 1684 4077 venerant
1710 4021 1873 4077 ollicii
1902 4035 2028 4091 gra-

439 4117 532 4183 tia,
582 4116 889 4188 plorantem
942 4117 1013 4172 ob
1071 4115 1256 4171 fratris
1307 4131 1534 4182 casum;
1587 4129 1824 4185 quorum
1859 4115 2027 4170 etiam

438 4226 606 4268 causa
648 4211 830 4280 potius
881 4224 1044 4279 quam
1096 4209 1215 4277 ejus
1246 4209 1338 4279 qui
1380 4219 1627 4265 mortuus
1664 4207 1873 4274 fuerat,
1903 4223 2028 4264 cum

441 4303 680 4358 venisset
724 4303 792 4358 ad
842 4300 1081 4357 defuncti
1125 4301 1468 4372 speluncam,
1510 4320 1530 4354 ι
1573 4300 1798 4356 sustulit
1839 4300 2029 4357 oculos

2115 1934 2208 1971 νου
2269 1916 2363 1970 καὶ
2391 1916 2606 1987 Πατρὸς
2637 1914 2731 1967 τοῦ
2763 1913 3186 1977 ἐπακούσαντος,
3217 1915 3476 1985 χρήσεται
3503 1913 3599 1965 καὶ
3627 1911 3707 1984 τῷ

2116 2008 2390 2080 εἰρημένῳ
2439 2008 2545 2060 ὑπὸ
2577 2005 2671 2059 τοῦ
2719 2007 2927 2076 Κυρίου
2957 2006 3094 2077 πρὸς
3140 2005 3237 2077 τὴν
3268 2005 3496 2076 Μάρθαν
3523 2005 3708 2072 λέγον-

2116 2117 2206 2162 τος
2229 2116 2242 2128 ·
2281 2118 2299 2149 ι
2338 2098 2478 2168 Ἐγώ
2510 2100 2626 2169 εἰμι
2674 2100 2706 2169 ὴ
2750 2098 3048 2161 ἀνάστασις
3085 2097 3180 2150 καὶ
3214 2098 3246 2168 ὴ
3278 2095 3428 2167 ζωή·
3463 2115 3482 2148 ι
3529 2112 3708 2168 παρατ-

2117 2190 2341 2261 θήσεται
2374 2191 2467 2244 καὶ
2515 2191 2606 2243 τό·
2641 2209 2658 2241 ι
2687 2191 2898 2259 ’Ὠσπερ
2931 2189 3038 2262 γάρ
3069 2191 3098 2242 6
3129 2189 3320 2260 Πατὴρ
3352 2188 3554 2260 ἐγείρει
3581 2173 3707 2252 τοὺς

2117 2283 2345 2354 νεκροὺς
2387 2283 2482 2336 καὶ
2527 2281 2816 2346 ζωοποιεῖ,
2858 2279 3031 2344 οὕτως
3071 2282 3164 2334 καὶ
3211 2283 3240 2334 6
3274 2280 3400 2344 Υἱὸς
3433 2279 3527 2343 οὒς
3565 2279 3708 2332 θέλει

2118 2373 2388 2438 ζωοποιεῖ.
2441 2393 2459 2426 ι

2189 2467 2241 2521 9.
2286 2486 2303 2518 ι
2341 2466 2535 2520 Πολλοὶ
2561 2461 2654 2519 οὖν
2681 2467 2745 2519 ἐκ
2771 2463 2881 2517 τῶν
2922 2463 3192 2518 Ἰουδαίων
3216 2465 3264 2516 οἱ
3293 2462 3538 2525 ἐλθόντες
3570 2460 3710 2534 πρὸς

2117 2559 2216 2630 τὴν
2235 2559 2481 2632 Μαρίαν,
2505 2559 2599 2612 καὶ
2621 2557 2943 2628 θεασάμενοι
2965 2556 3002 2611 ἀ
3022 2556 3276 2627 ἐποίησεν
3297 2558 3326 2609 6
3351 2555 3557 2626 Ἰησοῦς
3573 2555 3709 2625 (87),

2119 2649 2447 2702 ἐπίστευσαν
2480 2651 2560 2712 είς
2593 2649 2776 2702 αὐτόν.
2814 2667 2832 2700 ›
2872 2648 2980 2702 Kal.
3013 2646 3135 2701 τίνα
3159 2663 3222 2714 γε
3251 2647 3350 2698 οὐκ
3393 2644 3458 2698 ἂν
3489 2647 3710 2715 κινήσαι

2121 2741 2259 2812 πρὸς
2303 2741 2366 2794 τὸ
2416 2740 2705 2794 πιστεῦσαι
2755 2739 2832 2811 τῷ
2874 2739 2970 2793 τοῦ
3009 2738 3183 2810 Ἰησοῦ
3231 2738 3584 2811 κηρύγματι,
3615 2738 3710 2792 καὶ

2119 2834 2336 2906 ἀληθῶς
2360 2875 2375 2899 ,
2418 2834 2661 2907 ὡσπερεὶ
2707 2836 2772 2888 ἐκ
2804 2832 3131 2904 νεκρότητος
3165 2834 3259 2886 καὶ
3279 2832 3573 2894 δυσωδίας,
3600 2831 3710 2885 τῶν

2121 2926 2263 2980 πάνυ
2299 2926 2404 2979 ὑπὸ
2431 2926 2533 2997 τῆς
2563 2925 2762 2988 κακίας
2787 2923 3401 2994 ηταόεϐαπτισμένων,
3433 2922 3712 2996 ἀκροτάτῃ

2123 3017 2395 3092 μεταϐολῇ
2420 3017 2872 3088 ἀποσεισαμένων
2890 3019 2956 3088 τῇ
2984 3017 3279 3087 προστάξει
3306 3016 3400 3069 καὶ
3425 3013 3712 3087 συνεργείᾳ

2120 3111 2214 3165 τοῦ
2232 3111 2405 3179 Λόγου
2426 3112 2488 3164 ού
2513 3110 2672 3181 μόνον
2694 3110 2790 3181 τὴν
2807 3109 2915 3163 ἀπὸ
2929 3109 3028 3180 τῆς
3043 3109 3314 3181 ἁμαρτίας
3335 3106 3534 3178 πολλὴν
3547 3107 3712 3161 δυσω-

2120 3203 2259 3266 δίαν,
2276 3202 2411 3256 ἀλλά
2435 3203 2529 3256 καὶ
2556 3203 2682 3266 τοὺς
2711 3201 3042 3273 κατέχοντας
3073 3201 3305 3272 δεσμοὺς
3328 3199 3427 3270 τὴν
3463 3215 3711 3274 πορευτι-

2122 3293 2228 3364 κὴν
2247 3293 2340 3346 καὶ
2356 3292 2454 3364 τὴν
2475 3292 2770 3364 δραστικὴν
2792 3293 2893 3362 τῆς
2907 3291 3086 3363 ψυχῆς
3105 3289 3351 3360 δύναμιν,
3369 3289 3448 3343 ἐτι
3467 3289 3524 3342 δέ
3543 3290 3712 3361 χωρὶς

2122 3384 2328 3439 τούτων
2355 3386 2450 3439 καὶ
2485 3385 2582 3458 τὴν
2617 3385 2988 3457 θεωρητικήν;
3024 3383 3485 3452 Καταπλαγέντες
3526 3383 3636 3454 γὰρ
3661 3385 3711 3436 οί

2127 3475 2326 3539 ἰδόντες
2343 3477 2432 3530 τὸν
2461 3477 2667 3546 Ἰησοῦν
2680 3478 2737 3529 ἐν
2750 3480 2861 3540 τοῖς
2875 3475 3137 3539 τοιούτοις
3151 3475 3402 3528 τοσοῦτον
3422 3475 3610 3546 δεδυνη
3619 3475 3714 3546 μέ-

2125 3580 2235 3630 νον,
2270 3570 2319 3621 οἱ
2349 3568 2644 3639 αὐχοῦντες
2684 3570 2781 3640 μὲν
2818 3569 2948 3640 περὶ
2989 3569 3147 3637 λόγον
3179 3567 3524 3638 ἀσχολεῖσθαι
3552 3565 3713 3632 Θεοῦ,

2123 3661 2188 3714 τὸ
2228 3661 2500 3734 πλήρωμα
2540 3661 2598 3715 66
2641 3661 2736 3714 τοῦ
2781 3661 2938 3732 λόγου
2991 3662 3215 3733 μηδέπω
3251 3660 3712 3732 παραδεξάμενοι,

2126 3754 2220 3806 καὶ
2250 3752 2600 3807 πιστεύσαιεν
2644 3753 2712 3809 ἂν
2747 3753 2982 3826 μάλιστα
3014 3756 3128 3809 ὅσοι
3161 3752 3481 3824 ἐληλύθασιν
3509 3751 3586 3814 ὡς
3616 3751 3714 3804 ἐπὶ

2126 3845 2326 3916 νεκρῷ,
2358 3847 2453 3899 καὶ
2477 3847 2654 3916 πάντη
2689 3846 3121 3917 ἀπεγνωσμένῳ,
3153 3845 3248 3898 καὶ
3271 3844 3425 3898 αὐτοὶ
3451 3843 3716 3912 ἀπογνόν-

2125 3953 2218 4000 τες
2243 3937 2335 3989 τδν
2357 3935 2619 4003 τοιοῦτον,
2641 3935 3137 4009 παραμυθήσεσθαι
3169 3937 3269 4008 τὴν
3289 3934 3382 3989 ἐπὶ
3407 3937 3474 4006 τῇ
3503 3933 3716 3987 ἐκπτώ-

2130 4044 2214 4082 σει
2245 4028 2339 4082 τοῦ
2384 4028 2616 4098 ἀδελφοῦ
2665 4029 3010 4100 ὀδυνωμένην
3029 4045 3044 4060 ο
3080 4028 3148 4082 δι’
3181 4027 3276 4092 οὒς
3321 4027 3459 4097 τάχα
3490 4024 3651 4078 πλέον
3679 4022 3714 4093 ἥ

2128 4119 2219 4172 διά
2259 4119 2351 4172 τὸν
2381 4117 2554 4172 ταῦτα
2584 4118 2845 4182 παθόντα,
2891 4118 3062 4172 ἐλθὼν
3112 4117 3204 4170 ἐπὶ
3235 4116 3296 4168 τὸ
3330 4114 3592 4185 σπήλαιον
3618 4109 3715 4165 τοῦ

2129 4212 2347 4284 νεκροῦ,
2383 4231 2402 4264 ι
2424 4207 2530 4284 ἦρε
2560 4214 2686 4276 τοὺς
2717 4211 3029 4282 ὀφθαλμοὺς
3055 4211 3189 4273 ἀνω,
3210 4208 3304 4262 καὶ
3331 4202 3452 4261 εἷπε
3471 4223 3484 4236 ·
3510 4205 3714 4276 Πάτερ,

2129 4302 2439 4373 εὐχαριστῶ
2473 4319 2575 4368 σοι,
2621 4303 2705 4357 ὅτι
2753 4301 2994 4374 ἤκουσάς
3027 4319 3128 4371 μου
3149 4317 3162 4330 ο
3201 4298 3311 4368 ἐγὼ
3340 4297 3396 4351 66
3427 4297 3594 4369 ᾔδειν,
3632 4297 3716 4350 ὅτι

438 4411 676 4460 sursum,
712 4406 768 4451 et
799 4395 939 4450 dixit
978 4413 992 4450 :
1023 4393 1204 4462 Pater,
1242 4395 1446 4465 gratias
1475 4410 1577 4466 ago
1604 4395 1723 4458 tibi,
1753 4393 1898 4465 quod
1927 4404 2017 4448 au-

2131 4393 2363 4448 πάντοτέ
2399 4411 2500 4466 μου
2530 4394 2770 4457 ἀκούεις.
2800 4413 2819 4446 1
2859 4395 2983 4448 Ὅτι
3009 4392 3117 4463 γὰρ
3148 4390 3236 4445 διὰ
3262 4389 3486 4454 τούτους
3517 4387 3717 4460 μᾶλλον

439 4488 568 4543 disti
605 4501 730 4552 me;
757 4502 861 4558 ego
887 4496 1067 4541 autem
1101 4501 1360 4541 noveram
1395 4486 1538 4556 quod
1569 4501 1785 4557 semper
1816 4501 1903 4541 me
1929 4501 2017 4540 au-

2134 4487 2168 4559 ἢ
2194 4487 2284 4542 τὸν
2311 4485 2558 4559 Λάζαρον
2589 4487 2793 4559 ταύτην
2826 4485 3191 4554 ἀνεφθέγξατο
3217 4483 3353 4555 πρὸς
3379 4483 3471 4535 τὸν
3499 4481 3717 4553 Πατέρα

441 4583 527 4637 dis
541 4583 642 4636 θ’.»
662 4580 818 4648 Quod
844 4580 991 4636 enim
1015 4581 1211 4636 horum
1233 4580 1410 4650 gratia
1433 4580 1608 4650 magis
1623 4594 1785 4650 quam
1811 4578 2017 4634 Lazari.

2135 4579 2233 4650 τὴν
2267 4580 2524 4652 εύχαριστ
2534 4579 2638 4647 ίαν,
2673 4579 2831 4649 δῆλον
2854 4579 2919 4631 ἐκ
2938 4577 3031 4632 τοῦ
3051 4593 3064 4608 ·
3101 4595 3121 4627 ι
3158 4574 3319 4628 Ἀλλά
3340 4575 3426 4628 διὰ
3446 4575 3536 4628 τὸν
3560 4572 3718 4644 ὄχλον

443 4673 819 4744 hujuscemodi
874 4673 1172 4742 gratiarum
1223 4672 1496 4727 actionem
1546 4671 1862 4736 reddiderit,
1909 4685 2017 4741 per-

2133 4672 2226 4724 τὸν
2261 4671 2604 4742 περιεστῶτα
2647 4665 2819 4734 εἶπον,
2866 4669 2953 4721 ἵνα
2985 4666 3367 4730 πιστεύσωσιν,
3409 4667 3492 4719 ὅτι
3542 4665 3606 4718 σύ
3645 4681 3717 4736 με

440 4762 689 4831 spicuum
719 4771 803 4817 est
832 4775 900 4816 ex
925 4760 1010 4816 bis
1036 4761 1219 4816 verbis
1252 4779 1265 4815 :
1297 4758 1319 4832 [
1345 4759 1458 4831 (88)
1489 4777 1507 4812 ι
1548 4759 1657 4816 Sed
1685 4769 1907 4831 propter
1936 4775 2017 4830 pot

2133 4763 2479 4826 ἀπέστειλας.
2505 4781 2526 4815 ι
2579 4759 3102 4832 Ἐπραγματεύσατο
3128 4755 3220 4813 οὖν
3255 4759 3382 4830 περὶ
3408 4757 3501 4812 τοῦ
3534 4755 3717 4824 Λαζά-

441 4855 649 4924 pulum,
674 4853 767 4923 qui
798 4854 1138 4920 circumstat,
1172 4853 1309 4919 dixi,
1345 4864 1405 4908 ut
1453 4855 1677 4908 credant
1705 4854 1832 4922 quia
1858 4863 1912 4908 tu
1945 4868 2017 4908 mt

2135 4873 2232 4928 ρου
2281 4855 2369 4910 διὰ
2416 4856 2510 4909 τὸν
2564 4852 2907 4927 περιεστῶτα
2954 4852 3130 4924 ὄχλον,
3171 4851 3238 4906 ἶν’
3285 4853 3335 4905 οἱ
3381 4850 3562 4904 πολλοὶ
3605 4848 3716 4905 τῶν

444 4945 642 5000 misisti
669 4947 736 5000 ’³.
765 4965 786 5000 ι
825 4944 1066 5000 Lazarus
1093 4959 1224 5016 ergo
1251 4944 1301 5000 ei
1333 4958 1479 4999 cura:
1502 4942 1653 5016 fuit,]
1689 4959 1882 5013 nempe
1905 4958 2017 5013 pro«

2147 4950 2436 5013 Ἰουδαίων,
2463 4949 2710 5011 ἐλθόντες
2735 4947 2871 5018 πρὸς
2896 4947 2995 5019 τὴν
3027 4945 3265 5018 Μαρίαν,
3301 4945 3395 4998 καὶ
3442 4943 3714 5014 θεασάμε-

442 5048 567 5108 pter
610 5039 1064 5095 circumstantem
1105 5039 1354 5102 turbam;
1383 5047 1444 5090 ut
1488 5037 1643 5090 multi
1692 5036 2017 5103 Iudaeorum,

2137 5058 2217 5096 νοι
2244 5041 2280 5095 ἃ.
2309 5042 2554 5113 ἐποίησε,
2586 5039 2952 5096 πιστεύσωσιν
2978 5040 3056 5103 είς
3084 5037 3265 5095 αὐτόν.

442 5131 538 5200 qui
594 5133 662 5188 ad
691 5131 920 5187 Mariam
959 5140 1248 5196 venerant,
1280 5132 1488 5202 quique
1525 5131 1779 5186 viderunt
1804 5144 1924 5201 quae
1952 5129 2031 5184 fe-

445 5224 613 5279 cisset
641 5223 824 5292 Jesus,
867 5224 922 5278 in
956 5224 1132 5294 ipsum
1163 5223 1473 5279 crederent.

515 5315 605 5372 10.
648 5315 756 5372 Sed
809 5317 934 5371 audi
975 5317 1138 5371 etiam
1184 5315 1253 5370 de
1302 5315 1412 5379 his,
1439 5328 1629 5369 verum
1679 5328 1786 5368 non
1816 5321 2017 5367 tantum

2207 5316 2296 5371 10.
2341 5316 2499 5372 Ἀλλά
2529 5317 2692 5372 ἄκουε
2716 5317 2810 5370 καὶ
2841 5314 2968 5385 περὶ
2993 5313 3218 5378 τούτων,
3241 5311 3316 5384 μὴ
3348 5311 3506 5381 μόνον
3531 5324 3713 5380 σωμα-

443 5411 823 5482 corporaliter.
865 5429 884 5462 ι
946 5409 1176 5477 Quidam
1231 5417 1415 5463 autem
1450 5422 1520 5462 ex
1557 5407 1638 5462 eis
1671 5407 1928 5460 abierunt
1959 5405 2017 5459 ad

2135 5412 2446 5481 τικώτερον.
2499 5431 2516 5463 ι
2537 5411 2694 5473 Τινὲς
2723 5409 2782 5462 66
2825 5405 2884 5473 ἐξ
2918 5406 3096 5460 αὐτῶν
3133 5403 3374 5476 ἀπῆλθον
3413 5401 3551 5474 πρὸς
3587 5400 3716 5459 τοὺς

447 5503 776 5572 Ριιοτίεωοε,
807 5511 864 5558 et
893 5503 1147 5558 dixerunt
1177 5502 1284 5557 illis
1322 5513 1447 5570 quae
1474 5497 1697 5554 fecisset
1739 5497 1898 5554 Jesus
1923 5496 2017 5551 “.i

2135 5504 2483 5576 1Φαρισαίους,
2518 5505 2613 5559 καὶ
2644 5497 2796 5556 εἷπον
2825 5501 3006 5564 αὐτοῖς
3031 5499 3067 5554 ἃ
3097 5499 3352 5570 ἐποίησεν
3375 5498 3406 5552 6
3448 5492 3712 5566 Ἰησοῦς.»

518 5613 566 5646 ⁸⁸
593 5613 755 5669 Joan.
781 5629 859 5679 xl,
885 5613 976 5669 25.
1055 5615 1104 5647 ⁸ο
1133 5613 1292 5670 Joan.
1322 5629 1376 5678 v,
1406 5613 1496 5666 21.
1575 5612 1615 5644 ⁹¹
1650 5609 1810 5665 Joan.
1843 5625 1919 5677 xi,
1950 5609 2017 5665 45

2118 5616 2158 5650 ³³
2192 5617 2350 5674 Joan.
2382 5636 2460 5684 tu,
2498 5621 2588 5684 41,
2627 5617 2720 5672 42.
2795 5617 2841 5652 ⁸³
2869 5615 2999 5672 ibid.
3038 5613 3128 5668 42.

524 5704 1640 5788 esitaessuveevunusc.Peneum-
2145 5710 2924 5788 sitt'rinrodiceBedlsiano-
2978 5776 3017 5788 η
3085 5775 3097 5787 .
3178 5775 3191 5786 .

525 5707 617 5778 (86
671 5707 797 5761 llmc
827 5707 1200 5786 supplevimus
1231 5719 1270 5788 ο.
1293 5706 1575 5787 Perionio.
1738 5773 1770 5784 η
2145 5717 2292 5788 gitur
2316 5717 2366 5770 in
2392 5716 2577 5770 codice
2603 5710 2924 5767 Bodleiano.
3178 5775 3191 5786 .

525 5706 639 5848 (87;
681 5779 737 5830 Ὀ
780 5778 1029 5846 Ἰησους.
1067 5777 1225 5835 Deest
1258 5793 1311 5833 tn
1334 5778 1573 5834 editione
1596 5773 1796 5844 liuetn,
1834 5771 1928 5832 sed
1963 5772 2040 5830 le-
2219 5787 2332 5858 (88)
2371 5786 2492 5844 lltcc
2526 5782 2893 5855 supplevimus
2923 5794 2951 5836 c
2978 5775 3250 5834 Perionto.
3736 5738 3750 5840 Ι
