4182 6428
423 365 519 423 τοι

1405 381 1759 442 COMMENT.
1801 387 1868 443 IN
1905 389 2096 447 JOAN.
2144 392 2380 453 TOMUS
2420 397 2654 456 XXVIII.

3573 408 3676 466 702

424 489 576 560 Ἔχει
610 487 708 561 μέν
732 507 784 544 τι
811 492 843 564 ή
870 491 1015 558 λέξις
1040 494 1335 566 ἀμφίϐολον
1353 515 1367 532 '
1400 504 1630 576 πότερον
1658 509 1709 560 ot
1732 508 1960 564 ἀπελθόν

2063 513 2352 574 .Nonnibil
2378 519 2618 592 ambigui
2653 521 2815 578 habet
2856 523 2948 580 hic
2996 533 3312 595 contextus;
3355 537 3534 584 utrum
3575 532 3694 602 qui

416 599 510 647 τες
557 583 695 655 πρὸς
739 587 865 648 τοὺς
909 588 1252 659 Φαρισαίους,
1303 593 1396 646 καὶ
1442 597 1688 662 εἰπόντες
1729 601 1912 666 αὐτοῖς
1955 603 1992 658 ὃ.

415 673 670 745 ἐποίησεν
700 677 728 729 6
773 678 999 747 Ἰησοῦς,
1034 681 1142 735 ἀπὸ
1169 683 1277 736 τῶν
1309 685 1519 741 πολλῶν
1558 689 1826 748 Ἰουδαίων
1849 691 1991 768 ἦσαν

412 764 521 819 τῶν
559 765 909 838 θεασαμένων
949 770 985 824 ἃ
1033 773 1277 845 ἐποίησε,
1328 779 1421 830 καὶ
1470 764 1884 840 πιστευσάντων
1909 791 1990 854 είς

412 856 592 922 αὐτὸν,
615 859 923 932 βουλόμενοι
952 863 1042 916 καὶ
1072 865 1198 930 τοὺς
1225 867 1435 940 ἐχθρῶς
1456 871 1831 945 διακειμένους
1852 879 1988 951 πρὸς

412 948 571 1005 αὑτὸν
607 951 919 1024 δυσωπῆσαι
946 953 1034 1008 διὰ
1058 956 1154 1028 τῆς
1183 959 1312 1029 περὶ
1345 962 1438 1013 τοῦ
1471 963 1722 1037 Λαζάρου
1748 948 1986 1039 ἐπαγγε-

411 1043 556 1106 λίας’
587 1044 619 1115 ἦ
654 1045 704 1097 οἱ
725 1044 900 1100 λοιποὶ
933 1049 1084 1120 παρὰ
1106 1051 1230 1114 τοὺς
1265 1051 1510 1119 πολλοὺς,
1538 1057 1632 1109 καὶ¹
1658 1061 1984 1116 πιστεύσαν-

405 1153 498 1200 τες
526 1135 658 1207 (89),
692 1137 768 1200 ὡς
800 1139 874 1209 μὴ
907 1140 1219 1211 κινηθέντες
1243 1144 1308 1196 ἐκ
1334 1144 1427 1198 τοῦ
1459 1150 1749 1219 γενομένου
1777 1155 1857 1215 είς
1885 1154 1983 1226 τὴν

407 1228 536 1300 περὶ
573 1228 746 1299 Ἰησοῦ
777 1230 978 1294 πίστιν,
1013 1233 1094 1286 ὅτι
1135 1234 1194 1287 τὸ
1235 1236 1357 1293 ὅσον
1395 1240 1480 1309 ἐφ’
1510 1241 1722 1306 ἑαυτοῖς
1750 1244 1860 1315 (90)
1889 1247 1982 1300 καὶ

405 1322 525 1374 κατ’
567 1323 734 1376 αὑτοῦ
767 1324 894 1388 τοὺς
926 1327 1249 1398 Φαρισαίους
1292 1330 1383 1385 τὸν
1427 1334 1484 1386 ἐν
1527 1335 1712 1400 αὐτοῖς
1749 1339 1981 1409 πονηρὸν

404 1412 565 1482 ζῆλον
599 1415 900 1484 ἐγείροντες
922 1417 1010 1470 διὰ
1036 1418 1136 1488 τῆς
1169 1422 1294 1494 περὶ
1334 1422 1426 1476 τοῦ
1461 1423 1711 1497 Λαζάρου
1741 1429 1979 1498 ἐπαγγε-

402 1503 541 1568 λίας.
580 1507 689 1559 Καὶ
720 1507 868 1560 δοκεῖ
907 1526 997 1579 μοι
1035 1509 1192 1563 τοῦτο
1232 1513 1430 1583 μᾶλλον
1462 1514 1748 1586 βούλεσθαι
1777 1520 1978 1590 σημαί-

401 1613 510 1648 νειν
542 1599 570 1649 6
593 1597 1027 1670 Εὐαγγελιστής·
1058 1601 1138 1654 διὸ
1170 1603 1263 1656 καὶ
1289 1606 1606 1677 ἐπιφέρεται
1639 1611 1730 1663 τό·
1766 1631 1784 1660 ι
1806 1611 1974 1685 Συνή-

399 1701 567 1754 γαγον
597 1683 690 1739 οὖν
731 1689 781 1740 οἱ
825 1689 1102 1760 ἀρχιερεῖς
1139 1693 1234 1746 καὶ
1283 1697 1330 1748 οἱ
1377 1698 1720 1768 Φαρισαῖοι.)
1769 1704 1863 1758 καὶ
1904 1683 1972 1758 τὰ

397 1774 543 1845 ἐξῆςς
596 1776 832 1842 Πολλοὺς
863 1779 962 1850 μὲν
1001 1776 1094 1836 οὖν
1127 1778 1271 1849 εἷπε,
1297 1778 1430 1850 ¹τοὺς
1459 1788 1545 1844 διὰ
1583 1790 1645 1842 τὸ
1677 1792 1969 1849 θεάσασθαι

2095 613 2222 670 inde
2252 617 2322 671 ad
2359 616 2664 675 Pharisaaos
2707 633 3116 691 concesserant,
3147 626 3508 699 dixerantque
3538 631 3672 701 ipsis

2091 724 2212 780 quae
2239 712 2458 770 fecisset
2487 714 2669 785 Jesus,
2701 729 2884 776 essent
2911 735 2978 776 ex
3018 737 3080 777 ea
3130 722 3444 782 Judazorum
3484 730 3671 788 multi-

2089 807 2276 865 tudine
2311 813 2403 879 qui
2426 812 2777 869 crediderant
2801 817 2858 870 in
2896 832 3048 885 eum,
3089 825 3398 892 conspectis
3427 825 3512 881 his
3545 841 3669 896 qua:

2087 903 2326 972 fecisset,
2377 909 2481 965 hoc
2534 921 2774 981 agentes,
2813 923 2873 968 ut
2920 916 3087 972 etiam
3115 933 3210 974 eos
3255 919 3539 979 flecterent
3571 924 3665 993 qui

2087 998 2268 1054 hostili
2300 1002 2482 1058 animo
2511 1019 2639 1074 erga
2674 1004 2861 1062 Jesum
2913 1019 3072 1065 erant
3111 1010 3326 1080 affecti,
3353 1014 3668 1076 nuntiantes

2085 1105 2207 1161 quae
2229 1092 2436 1148 Lazaro
2461 1097 2810 1166 evenissent;
2843 1115 2914 1154 an
2944 1101 3058 1165 alii,
3077 1114 3279 1172 praeter
3314 1105 3435 1162 illos
3465 1108 3667 1168 multos

2083 1194 2174 1263 qui
2206 1196 2587 1262 crediderant,
2619 1213 2720 1254 ceu
2767 1199 2915 1255 edito
2956 1202 3220 1260 miraculo
3251 1220 3358 1260 non
3408 1209 3538 1263 moti
3593 1209 3663 1266 ad

2082 1293 2409 1347 credendum
2452 1294 2504 1348 in
2539 1293 2766 1363 Jesum;
2800 1296 2908 1351 imo
2955 1299 3158 1368 potius,
3203 1309 3462 1369 quantum
3494 1303 3547 1358 in
3575 1319 3665 1358 se-

2081 1379 2215 1451 ipsis
2232 1383 2693 1449 erat,Pharisaaos
2723 1397 2890 1455 atque
2930 1389 3107 1442 zelum
3149 1391 3352 1445 malum
3379 1392 3432 1446 in
3463 1392 3661 1463 seipsis

2079 1473 2428 1528 exsistentem
2476 1476 2781 1532 excitantes
2813 1489 3004 1534 contra
3047 1479 3250 1545 Jesum,
3294 1497 3391 1552 per
3430 1497 3494 1537 ea
3539 1499 3662 1554 qua:

2077 1572 2144 1627 de
2170 1572 2379 1627 Lazaro
2407 1574 2762 1642 nuntiabant;
2808 1577 2860 1631 id
2900 1581 3044 1648 quod
3077 1581 3292 1635 videtur
3323 1582 3496 1654 magis
3525 1583 3655 1637 mihi

2074 1671 2384 1739 significare
2411 1673 2648 1729 voluisse
2683 1678 3046 1747 evangelista.
3077 1679 3343 1746 Quocirca
3386 1682 3659 1753 subjungi-

2077 1775 2165 1818 tur
2186 1766 2231 1797 ⁸³
2262 1783 2275 1818 :
2314 1783 2334 1817 ι
2363 1766 2710 1836 Collegerunt
2744 1769 2908 1840 igitur
2929 1773 3213 1841 pontifices
3234 1784 3289 1829 et
3312 1774 3598 1845 Pharisaei,
3629 1797 3651 1832 ι

395 1865 464 1920 τὰ
490 1868 618 1939 περὶ
641 1867 732 1921 τὸν
768 1870 1016 1944 Λάζαρον
1042 1875 1439 1942 πιστεύσαντας
1458 1896 1470 1910 ο
1505 1880 1745 1954 ὡσπερεὶ
1774 1885 1830 1938 δὲ
1866 1887 1960 1941 όλι-

2075 1869 2130 1912 et
2177 1873 2297 1928 quae
2331 1873 2652 1928 sequuntur.
2693 1860 2889 1917 Multos
2942 1864 3107 1934 igitur
3149 1865 3352 1934 dicens,
3387 1869 3656 1928 intellexit

393 1958 674 2029 γωτέρους
709 1959 909 2033 ἔφησεν
941 1962 1080 2020 εἶναι
1125 1969 1253 2032 τοὺς
1287 1969 1361 2040 μὴ
1407 1972 1715 2038 τοιούτους,
1761 1977 1930 2032 είπὼν
1953 1996 1968 2010 ο

399 2065 420 2099 α
451 2047 605 2113 Τινὲς
633 2050 688 2103 δὲ
720 2051 780 2116 ἐξ
808 2054 986 2110 αὐτῶν
1009 2058 1269 2129 ἀπῆλθον,
1297 2080 1316 2112 ι
1349 2062 1445 2116 καὶ
1466 2065 1534 2118 τὰ
1554 2065 1703 2131 ἐξῆς.
1727 2069 1970 2141 Πρόσχες

317 2140 322 2142 ’
390 2136 446 2190 δὲ
472 2139 568 2191 καὶ
609 2143 722 2205 τοῖς
754 2141 1172 2216 λεχθησομένοις
1203 2152 1252 2203 εἰ
1283 2151 1505 2208 δύναται
1559 2157 1704 2226 ἡμᾶς
1749 2136 1968 2229 κινῆσαι

391 2231 529 2302 πρὸς
553 2235 970 2304 συγκατάθεσιν,
1001 2241 1123 2295 ἐπεὶ
1144 2244 1217 2313 μὴ
1251 2245 1465 2318 εἴρηται
1501 2249 1622 2318 μέν·
1653 2251 1845 2306 Πολλοὶ¹
1875 2251 1968 2309 οὖν

389 2321 454 2374 ἐκ
481 2323 588 2377 τῶν
630 2325 898 2383 Ἰουδαίων
939 2331 1048 2386 τῶν
1097 2333 1358 2392 ἐλθόντων
1402 2339 1540 2410 πρὸς
1588 2341 1684 2413 τὴν
1723 2345 1963 2416 Μαρίαν,

388 2417 483 2471 ’καὶ
516 2420 863 2492 θεασαμένων
898 2425 934 2480 ἃ
979 2429 1255 2501 ἐποίησεν,
1296 2435 1622 2493 ἐπίστευσαν
1667 2441 1746 2505 είς
1779 2443 1962 2510 αὐτὸν,

389 2507 698 2578 γέγραπται
746 2511 832 2565 δέ·
895 2517 1130 2573 «Πολλοὶ
1181 2517 1273 2575 οὖν
1320 2525 1384 2576 ἐκ
1429 2525 1539 2579 τῶν
1601 2529 1864 2585 Ἰουδαίων
1915 2507 1963 2588 oi

389 2598 634 2665 ἐλθόντες
664 2604 802 2674 πρὸς
831 2605 928 2678 τὴν
959 2611 1200 2682 Μαρίαν,
1236 2611 1330 2669 καὶ
1365 2616 1689 2690 θεασάμενοι
1716 2624 1752 2677 ἃ
1778 2625 1965 2698 ἐποίη-

388 2707 500 2756 σεν,
548 2693 873 2754 ἐπίστευσαν
925 2704 1006 2766 είς
1047 2705 1242 2759 αὐτόν·
1272 2726 1289 2759 ι
1338 2710 1432 2763 καὶ
1461 2714 1695 2782 μάλιστα
1743 2716 1830 2770 διὰ
1863 2693 1962 2789 την

383 2784 673 2856 ἀναγωγὴν
705 2790 983 2862 κινοῢμαι,
1038 2797 1248 2867 μήποτε
1280 2799 1482 2867 πάντες
1527 2807 1578 2858 οἱ
1615 2784 1958 2879 θεασάμενοι,

383 2875 624 2928 τουτέστι
651 2877 1026 2952 θεωρήσαντες
1057 2887 1152 2941 καὶ
1185 2892 1455 2958 συνιέντες
1480 2894 1589 2965 (91)
1624 2897 1659 2951 ἃ
1706 2875 1960 2971 ἐποίησεν

382 2967 412 3021 6
448 2967 673 3038 Ἰησοῦς,
703 2973 1030 3031 ἐπίστευσαν
1066 2980 1147 3044 είς
1193 2982 1388 3037 αὐτόν’
1417 2987 1467 3038 οἱ
1499 2988 1746 3059 μέντοιγε
1787 2967 1958 3046 ἀπελ-

383 3056 567 3123 θόντες
597 3061 733 3132 πρὸς
761 3067 886 3128 τοὺς
916 3068 1262 3140 Φαρισαίους,
1291 3075 1386 3129 καὶ
1423 3056 1670 3144 εἰπόντες
1695 3056 1887 3149 ἀὐτοῖς
1919 3083 1956 3141 ἂ

382 3147 634 3221 ἐποίησεν
684 3155 712 3207 6
779 3156 1003 3228 Ἰησοῦς,
1043 3161 1166 3216 ἐπεὶ
1217 3164 1292 3236 μὴ
1346 3169 1813 3243 μεμαρτύρηνται,
1869 3147 1954 3231 ὄτι
1982 3197 2023 3256 c

382 3241 694 3310 ἐθεάσαντο,
729 3250 935 3321 μήποτε
964 3253 1025 3306 τὸ
1051 3255 1109 3308 ἐν
1137 3257 1344 3330 ἐπαίνῳ
1372 3241 1666 3333 λεγόμενον
1688 3267 1818 3339 περὶ
1848 3269 1957 3324 τῶν

381 3338 780 3392 πιστευσάντων
824 3342 923 3397 οὐκ
967 3343 1144 3416 ἔσχον,
1187 3350 1280 3402 τό·
1337 3353 1685 3411 Ἐθεάσαντο·
1734 3338 1957 3418 ἐδύνατο

377 3426 523 3520 γάρ,
541 3429 697 3520 εἴπερ
723 3433 818 3486 καὶ
844 3428 990 3490 οὗτοι
1017 3438 1328 3508 ἐθεάσαντο,
1359 3449 1687 3519 γεγράφθαι,
1711 3451 1794 3506 ὅτι
1813 3456 1956 3520 τινὲς

378 3516 438 3582 ἐξ
468 3519 648 3574 αὐτῶν
679 3522 921 3595 ἀπῆλθον
953 3529 1089 3601 πρὸς
1115 3533 1242 3598 τοὺς
1273 3516 1618 3609 Φαρισαίους,
1669 3544 1761 3598 καὶ
1801 3516 1956 3603 εἶπον

374 3610 556 3676 αὐτοῖς
594 3612 630 3667 ἃ
676 3615 968 3672 ἐθεάσαντο
1013 3627 1352 3695 πεποιηκότα
1393 3629 1484 3683 τὸν
1547 3633 1870 3709 ’1ησοῦν’ἢ,
1917 3639 1954 3696 ἃ

356 3699 663 3757 ιέθεάσαντο
687 3707 779 3758 καὶ
800 3708 1053 3780 ἐποίησεν
1079 3714 1106 3766 6
1149 3713 1383 3786 Ἰησοῦς·
1413 3721 1532 3775 νυνὶ
1559 3699 1620 3777 δέ
1646 3725 1728 3778 τό’
1771 3699 1954 3783 Ἐθεά-

375 3807 556 3860 σαντο,
593 3797 686 3850 ἐπὶ
714 3797 920 3854 τούτων
955 3803 1053 3874 μὲν
1076 3794 1328 3877 οὖδαμῶς
1359 3809 1605 3883 εἴρηται·
1640 3817 1733 3870 ἐπὶ
1760 3817 1817 3872 δὲ
1843 3820 1952 3876 τῶν

371 3887 798 3958 πιστευσάντων,
842 3894 1037 3958 οἵτινες
1077 3897 1172 3950 καὶ
1216 3897 1461 3966 ἐλθόντες
1499 3898 1639 3975 ἦσαν
1672 3908 1809 3979 πρὸς
1853 3910 1952 3982 τὴν

369 3976 610 4070 Μαρίαν,
659 3982 753 4036 καὶ
799 3981 1123 4056 θεασάμενοι
1152 3987 1189 4042 ἃ
1218 3991 1474 4063 ἐποίησεν
1518 3994 1548 4049 6
1594 3976 1831 4070 Ἰησόῦς’
1880 3976 1950 4056 δἰ’

367 4066 482 4134 οὓς,
516 4063 692 4142 οἶμαι,
735 4074 828 4127 καὶ
859 4071 981 4164 εἶπε
1005 4079 1069 4132 τό
1093 4077 1238 4152 (92)·
1273 4100 1293 4135 ι
1332 4083 1490 4139 Ἀλλὰ
1521 4087 1613 4142 διὰ
1649 4063 1742 4146 τὸν
1781 4063 1949 4164 ’ὄχλον

365 4159 458 4213 τὸν
498 4164 838 4235 περιεστῶτα
881 4163 1056 4238 εἷπον,
1099 4171 1186 4228 ῑνα
1224 4176 1607 4244 πιστεύσωσιν,
1653 4182 1737 4236 ὅτι
1781 4186 1846 4238 σύ
1879 4205 1949 4258 με

368 4249 711 4318 ἀπέστειλας.
735 4275 754 4308 ι
794 4258 945 4329 Ἅμα
984 4259 1040 4314 δὲ
1085 4263 1182 4316 καὶ
1223 4267 1354 4339 περὶ
1395 4267 1588 4324 τούτου
1631 4249 1948 4346 πρόσχεςΙεί

362 4339 589 4396 δύνασαι
613 4347 739 4410 τοὺς
763 4347 1016 4414 ἐλθόντας
1041 4353 1177 4424 πρὸς
1204 4355 1302 4426 τὴν
1343 4359 1582 4431 Μαρίαν,
1611 4339 1707 4416 καλ
1737 4339 1939 4422 θεασα-

367 4431 562 4501 μένους
594 4433 633 4489 ἃ
675 4437 929 4510 ἐποίησεν
961 4443 990 4496 6
1026 4443 1252 4515 Ἰησοῦς,
1289 4447 1386 4499 καὶ
1429 4451 1828 4519 πιστεύσαντας
1861 4457 1946 4521 είς

2072 1961 2167 2000 eos
2194 1947 2310 2014 qui,
2341 1953 2647 2018 conspectis
2690 1953 2776 2008 his
2804 1968 2926 2023 qua:
2954 1953 3098 2008 circa
3149 1956 3416 2013 Lazarum
3443 1969 3651 2030 egerat,

2071 2041 2452 2107 crediderant,
2513 2045 2966 2113 quemadmodum
3025 2050 3312 2117 pauciores
3343 2053 3480 2106 dixit
3530 2067 3654 2109 esse

2069 2132 2160 2200 qui
2198 2131 2505 2202 huiusmodi
2537 2152 2641 2189 non
2661 2147 2868 2204 essent,
2903 2140 3123 2196 dicens:
3160 2161 3178 2194 ι
3207 2142 3434 2210 Quidam
3469 2155 3650 2201 autem

2068 2239 2132 2276 ex
2165 2225 2295 2293 ipsis
2326 2226 2599 2294 abierunt,
2628 2247 2648 2280 ι
2691 2239 2745 2284 et
2766 2245 2888 2300 quae
2931 2245 3250 2303 sequuntur.
3279 2236 3491 2293 Adhibe
3519 2250 3652 2295 vero

2068 2315 2309 2369 animum
2343 2317 2430 2372 his
2480 2320 2643 2373 etiam
2694 2336 2816 2390 quae
2854 2323 3097 2380 dicturus
3143 2342 3295 2391 sum;
3345 2342 3540 2399 nempe
3576 2345 3646 2384 an

2067 2406 2131 2459 ad
2185 2407 2343 2474 hujus
2381 2411 2824 2478 approbationem
2875 2430 3092 2470 movere
3132 2433 3233 2473 nos
3276 2421 3471 2489 possit,
3502 2424 3647 2493 quod

2065 2499 2270 2553 dictum
2320 2516 2426 2555 non
2467 2501 2676 2559 fuerit:
2705 2503 2857 2560 Multi
2889 2507 3054 2578 igitur
3082 2525 3148 2563 ex
3183 2511 3408 2579 .ludzeis,
3451 2528 3648 2584 nempe

2068 2591 2121 2645 hi
2160 2592 2253 2661 qui
2280 2605 2546 2650 venerant
2585 2597 2651 2650 ad
2681 2596 2930 2664 Mariam,
2963 2609 3017 2654 et
3050 2602 3299 2656 viderant
3325 2618 3446 2673 qua:
3480 2603 3646 2661 fecis-

2063 2692 2146 2737 set
2191 2683 2372 2751 Jesus,
2411 2688 2762 2743 crediderunt
2789 2690 2840 2744 in
2880 2704 3041 2757 eum;
3072 2694 3166 2748 sed
3209 2695 3472 2765 scriptum
3514 2698 3588 2752 sit
3626 2714 3641 2750 :

2068 2793 2087 2826 ι
2125 2774 2275 2830 Multi
2306 2778 2471 2846 igitur
2510 2794 2578 2833 ex
2623 2780 2730 2836 illis
2761 2779 2963 2837 Judaeis
3006 2784 3099 2854 qui
3139 2797 3404 2842 venerant
3437 2787 3502 2842 ad
3529 2781 3644 2843 Ma-

2063 2867 2225 2932 riam,
2264 2878 2318 2924 et
2350 2871 2604 2926 viderant
2652 2888 2774 2942 quae
2827 2875 3049 2931 fecisset
3078 2876 3256 2944 Jesus,
3297 2881 3645 2937 crediderunt

2060 2959 2113 3012 in
2143 2973 2320 3016 eum.)
2349 2961 2568 3017 Moveor
2591 2967 2889 3033 przesertim
2909 2968 2980 3023 ob
2997 2959 3162 3039 382
3194 2986 3493 3042 anagogen,
3514 2987 3642 3028 num

2059 3050 2200 3108 forte
2224 3069 2412 3109 omnes
2461 3054 2538 3128 [οἱ
2577 3057 2926 3129 θεασάμενοι,
2970 3062 3213 3116 τουτέστι
3244 3063 3642 3138 θεωρήσαντες,

2059 3144 2154 3197 καὶ
2183 3145 2452 3210 συνιέντες
2475 3189 2491 3214 ,
2523 3149 2623 3204 hoc
2657 3149 2763 3222 est]
2793 3153 2886 3220 qui
2915 3153 3160 3208 viderant
3192 3166 3248 3211 ct
3292 3157 3642 3226 contemplati

2062 3239 2304 3304 fuerant,
2326 3248 2379 3292 et
2412 3240 2797 3298 intellexerant
2819 3259 2939 3313 qua:
2958 3245 3174 3302 fecisset
3189 3245 3369 3313 Jesus,
3389 3249 3642 3304 credide-

2059 3331 2170 3384 rint
2198 3331 2249 3384 in
2278 3346 2422 3395 eum,
2444 3347 2568 3386 cum
2591 3343 2781 3388 contra
2810 3335 2986 3390 dehis
3003 3337 3094 3406 qui
3123 3338 3376 3393 abierunt
3404 3339 3472 3396 ad
3497 3338 3642 3395 Pha-

2059 3421 2332 3489 risaos,et
2363 3423 2617 3480 dixerunt
2643 3425 2749 3480 illis
2782 3443 2903 3498 quae
2921 3429 3327 3498 fecissetJesus,
3351 3448 3458 3488 non
3486 3434 3640 3488 diea-

2058 3521 2146 3566 tur
2167 3515 2310 3584 quod
2349 3513 2589 3570 viderint
2614 3525 2673 3570 et
2696 3519 3042 3589 contemplati
3069 3519 3292 3577 fuerint.
3314 3522 3378 3578 Et
3404 3522 3642 3581 fortasse

2054 3604 2180 3674 quia
2223 3605 2370 3660 laudi
2417 3608 2578 3662 datur
2625 3607 2711 3664 his
2744 3610 2836 3679 qui
2887 3610 3260 3677 crediderunt,
3309 3615 3636 3670 vocabulum

2052 3695 2270 3752 videndi
2303 3711 2399 3752 seu
2434 3699 2862 3769 contemplandi,
2893 3700 2945 3756 hi
2987 3702 3078 3771 qui
3124 3703 3462 3758 abieruntad
3493 3703 3638 3759 Pha-

2054 3789 2262 3856 risaeos,
2301 3805 2408 3845 non
2432 3791 2634 3846 habent
2667 3793 2987 3848 vocabulum
3019 3795 3234 3850 videndi
3264 3810 3360 3850 seu
3391 3807 3638 3852 contem-

2048 3879 2255 3951 plaudi.
2293 3881 2740 3953 Quandoquidem
2771 3885 2816 3939 si
2855 3887 3019 3941 etiam
3059 3886 3116 3941 hi
3145 3887 3238 3958 qui
3277 3887 3332 3943 in
3362 3902 3486 3943 eum
3514 3902 3637 3943 cre-

2050 3969 2325 4038 diderunt,
2347 3974 2697 4042 contemplati
2731 3973 2984 4042 fuissent,
3000 3976 3266 4046 scriptum
3300 3988 3446 4034 esset
3469 3994 3636 4049 quos-

2049 4062 2172 4117 dam
2201 4077 2268 4118 ex
2305 4064 2389 4119 his
2438 4065 2506 4119 ad
2558 4066 2862 4122 Pharisaeos
2907 4069 3248 4134 concessisse
3270 4109 3287 4136 ,
3321 4069 3636 4139 dixisseqne

2047 4153 2180 4225 ipsis
2205 4169 2326 4225 qua
2357 4158 2707 4228 contemplati
2739 4159 2964 4216 fuissent
3005 4160 3200 4216 fecisse
3220 4159 3428 4231 Jesum,
3457 4164 3543 4219 vel
3572 4179 3635 4219 se

2046 4247 2446 4316 contemplatos
2498 4248 2667 4305 fuisse
2707 4253 2851 4321 quod
2893 4252 3330 4316 fecissetJesus;
3366 4270 3509 4310 nunc
3533 4269 3636 4310 au-

2049 4342 2156 4397 tem
2186 4337 2505 4393 vocabulum
2534 4341 2936 4409 contemplandi
2972 4343 3394 4414 haudquaquam
3422 4346 3630 4403 dictum

2044 4438 2128 4482 est
2151 4430 2220 4484 de
2243 4429 2416 4498 hisce,
2441 4433 2534 4487 sed
2567 4435 2633 4489 de
2667 4434 2752 4488 his
2777 4436 2870 4507 qui
2893 4438 3260 4503 crediderant,
3281 4446 3334 4492 et
3365 4447 3634 4498 venerant

363 4526 546 4612 αύτὸν,
594 4529 787 4598 μόνους
829 4531 1026 4603 λέγειν,
1073 4537 1169 4591 ἆτε
1214 4538 1310 4592 καὶ
1359 4541 1587 4607 πολλοὺς
1635 4544 1814 4612 ὄντας,
1861 4519 1944 4604 ὅτι

2063 4519 2212 4575 etiam
2238 4522 2306 4576 ad
2333 4522 2583 4588 Mariam,
2620 4534 2676 4579 et
2715 4526 2968 4582 viderant
2996 4543 3118 4599 quae
3151 4529 3372 4586 fecisset
3409 4528 3569 4586 Jesus
3605 4545 3626 4596 ;

361 4611 507 4672 οὗτοι
536 4615 676 4691 ἦσαν
702 4624 732 4676 6
758 4625 1063 4696 περιεστὼς
1085 4621 1182 4684 τὸν
1220 4631 1428 4702 Ἰησοῦν
1451 4632 1627 4706 ὄχλος,
1645 4637 1715 4692 δι’
1737 4611 1796 4693 ὃν
1820 4637 1940 4696 εἷπε

362 4707 450 4762 τό’
490 4729 510 4762 ι
534 4711 736 4786 Πάτερ,
784 4717 1091 4789 εὐχαριστῶ
1123 4737 1226 4789 σοι,
1268 4725 1350 4778 ὅτι
1383 4726 1624 4798 ἤκουσάς
1653 4747 1755 4801 μου
1776 4749 1790 4762 ’
1827 4732 1940 4803 ἐγὼ

359 4799 417 4854 δὲ
460 4801 629 4873 ᾔδειν,
671 4807 753 4859 ὅτι
781 4808 1016 4863 πάντοτέ
1060 4830 1160 4883 μου
1202 4815 1441 4882 ἀκούεις.
1466 4837 1485 4871 ι
1523 4821 1586 4874 Εἰ
1619 4799 1727 4895 γάρ
1763 4799 1939 4881 ταῦτα

357 4891 448 4946 διὰ
479 4893 568 4948 τὸν
597 4895 753 4967 ὄχλον
794 4899 886 4954 τὸν
931 4904 1272 4973 περιεστῶτα
1307 4903 1479 4974 εἶπεν,
1513 4910 1600 4966 ἵνα
1633 4891 1936 4969 πιστεύσω-

361 5001 467 5051 σιν,
513 4987 596 5074 ὅτι
638 4989 667 5040 6
701 4991 891 5064 Πατὴρ
938 4993 1102 5049 αὐτὸν
1151 4997 1459 5064 ἀπέστειλε,
1503 5003 1598 5057 καὶ
1637 5004 1813 5074 λέγων
1844 5006 1933 5062 διὰ

355 5074 516 5129 τοῦτο
552 5073 726 5144 εἶπεν,
760 5081 846 5134 ἵνα
894 5083 924 5136 6
971 5087 1277 5159 περιεστὼς
1311 5089 1465 5160 ὄχλος
1498 5073 1763 5167 πιστεύσῃ
1785 5114 1799 5127 ·
1833 5098 1934 5153 οὐκ

356 5165 425 5221 ἂν
454 5167 532 5233 δέ,
582 5171 657 5242 μὴ
706 5175 1088 5242 πιστεύσοντός
1117 5197 1261 5245 τινος
1301 5182 1360 5248 ἐξ
1391 5184 1590 5250 αὐτῶν,
1641 5165 1934 5264 τῷῄΠατρὶ

425 5329 473 5363 ’⁵
498 5329 656 5385 Joan.
685 5347 760 5396 ιι,
785 5332 875 5388 46.
951 5334 998 5367 ³⁸
1030 5334 1159 5393 ibid.
1189 5337 1280 5392 47.
1353 5338 1401 5372 ⁹⁶
1429 5341 1558 5397 ibid.
1585 5342 1677 5398 ιε.

562 5445 1166 5535 μαι-πιστεύσαντες.
1214 5452 1572 5511 Scribendum
1604 5458 1826 5515 videtur
1852 5461 1931 5535 μὴ

357 5528 768 5579 πιστεύσαντες.

426 5581 539 5652 (90)
561 5584 684 5662 βίοι-ι
725 5586 791 5640 τὸ
850 5588 1000 5662 ὅσον
1045 5590 1138 5660 ἐφ’
1182 5591 1438 5662 ἑαυτοῖς,
1485 5605 1592 5651 etc.
1633 5596 1930 5656 Persuadet

354 5651 591 5733 ferrarii
631 5655 1034 5733 interpretatio
1077 5651 1134 5715 ut
1179 5665 1256 5718 sic
1280 5651 1542 5733 legamus,
1576 5668 1659 5720 ὅτι
1692 5651 1926 5724 τδήίδσον

353 5722 438 5804 ἔρρ’
468 5722 682 5804 ἑαυτοῖς
716 5722 1038 5804 κατ’μαύτοῦ
1075 5734 1201 5804 τους
1230 5722 1555 5804 Φαρῖσαίους
1597 5737 1692 5791 καὶ
1723 5722 1820 5792 τὸν

351 5793 539 5856 αὐτοῖς
572 5796 804 5866 πονηρὸν
843 5797 1001 5868 ζῆλον
1048 5793 1370 5876 ἐγείροντες.
1421 5793 1600 5862 Malim
1633 5818 1831 5877 tamen,
1860 5793 1920 5865 ἐν

2049 4622 2272 4680 propter
2291 4627 2430 4683 quos
2451 4615 2617 4669 etiam
2646 4615 2841 4685 opinor
2872 4631 2997 4672 eum
3028 4619 3233 4674 dixisse
3263 4636 3276 4673 :
3305 4638 3324 4672 ι
3359 4618 3467 4674 Sed
3499 4633 3628 4689 pro-

2045 4715 2168 4774 pter
2197 4707 2640 4765 eirenmstantem
2691 4711 2905 4766 turbam
2940 4712 3074 4781 dixi,
3112 4721 3170 4768 ut
3207 4715 3434 4770 credant
3479 4717 3626 4786 quod

2050 4805 2107 4850 tu
2140 4811 2226 4852 me
2255 4799 2473 4857 miseris
2497 4802 2564 4858 ".
2611 4821 2629 4856 ι
2672 4801 2885 4859 Pariter
2912 4806 3078 4860 etiam
3121 4808 3226 4861 huc
3254 4817 3490 4862 mentem
3525 4807 3626 4862 ad-

2045 4888 2194 4953 hibe,
2227 4907 2356 4946 num
2387 4895 2564 4963 possis
2587 4911 2683 4951 eos
2704 4896 2856 4952 solos
2878 4899 2970 4968 qui
3005 4899 3073 4952 ad
3093 4898 3318 4952 Mariam
3348 4897 3622 4963 venerint,

2042 4981 2245 5052 quique
2272 4986 2625 5057 contemplati
2659 4987 2866 5043 fuerint
2891 5005 3012 5059 quas
3036 4990 3254 5046 fecisset
3281 4990 3460 5060 Jesus,
3495 4990 3620 5061 qui-

2038 5102 2147 5158 que
2179 5090 2234 5146 in
2260 5091 2436 5162 ipsum
2467 5095 3025 5163 crediderint,dicere
3056 5097 3205 5168 (quia
3237 5095 3390 5150 multi
3413 5097 3621 5165 essent)

2035 5191 2210 5250 fuisse
2245 5196 2457 5252 turbam
2491 5197 2695 5255 circum
2736 5198 2921 5255 Jesum
2961 5208 3236 5265 stantem;
3271 5199 3424 5269 cujus
3451 5214 3617 5258 causa

2041 5462 2650 5548 αῡτξὲςοβυετιιξξ-
2941 5546 2948 5548 Α
3053 5471 3056 5474 '
3182 5533 3197 5548 .
3385 5533 3427 5548 -
3505 5536 3517 5548 .

2111 5533 2227 5604 (91)
2259 5535 2440 5588 Codex
2467 5535 2816 5600 Bodleianus,
2841 5546 3010 5601 recte,
3050 5533 3356 5598 συνιέντεςο
3385 5533 3610 5604 Regius,

2037 5604 2536 5684 malgz‘d'liVéY‘taCL
2977 5683 2982 5684 ν
3118 5669 3144 5684 ,
3289 5674 3304 5684 ,
3387 5675 3422 5684 ,,
3505 5676 3514 5684 .

2112 5672 2230 5742 (92)
2262 5672 2442 5728 Codex
2497 5674 2845 5745 Bodleianus,
2875 5683 3045 5742 recte,
3090 5669 3215 5728 εἷπε
3243 5674 3306 5728 τό
3327 5691 3342 5706 ·
3384 5675 3613 5744 Regius,

2035 5752 2309 5812 corrupte,
2346 5745 2394 5796 εί
2420 5746 2548 5816 περὶ
2567 5745 2646 5798 τό.
