4182 6370
539 337 642 393 705

2020 319 2346 376 ORIGENIS

3706 325 3813 381 ’104

535 452 673 507 dixit
707 449 838 506 illud
881 467 896 503 :
936 466 956 500 ι
993 446 1174 511 Pater,
1208 446 1416 518 gratias
1448 459 1550 514 ago
1579 443 1702 507 tibi,
1732 444 1990 512 quoniam
2019 458 2108 497 au-

2221 442 2428 510 ἐλεγεν,
2460 441 2537 504 ὡς
2567 439 2624 494 εί
2648 458 2732 504 τις
2759 441 2868 494 τῶν
2903 442 2964 495 τὺ
2995 443 3192 513 μέλλον
3233 442 3570 514 ἀγνοούντων
3598 442 3815 514 ἀνθρώ-

534 545 665 599 disti
709 557 794 597 me
822 555 841 608 ‘,
866 555 966 612 ego
995 550 1183 594 autem
1215 537 1456 592 sciebam
1487 535 1630 606 quod
1653 550 1869 604 semper
1903 550 1990 587 uie
2014 550 2113 588 au-

535 639 640 693 dis.
678 656 697 688 r
732 637 866 691 Nam
899 635 946 690 si
978 634 1094 689 haec
1123 632 1259 686 dixit
1292 632 1463 685 turba:
1500 628 1906 684 circumstantis
1932 641 2118 689 causa,

535 740 598 785 ut
623 729 910 784 crederent
937 725 1083 795 quod
1129 723 1294 778 Pater
1329 722 1477 775 illum
1525 720 1782 785 misisset,
1817 727 1871 770 et
1897 725 2120 786 propter

538 824 644 878 hoc
669 823 896 891 loquens
917 821 1054 874 dixit
1077 827 1136 872 ut
1153 818 1311 870 turba
1332 815 1699 870 circumstans
1718 809 2115 871 credat,haud-

537 925 812 982 quaquam
844 913 910 964 ad
934 908 1151 962 Patrem
1177 906 1454 960 locuturus
1484 901 1683 964 fuerat,
1703 899 1927 970 perinde
1956 908 2121 967 atque

533 1005 732 1073 aliquis
767 1004 926 1056 homo
958 1001 1263 1056 futurorum
1297 998 1537 1064 ignarus,
1560 995 1602 1048 si
1650 993 1896 1047 futurum
1927 999 2043 1044 erat
2066 998 2126 1043 ut

2223 549 2341 586 πων
2365 533 2498 602 (95)·
2525 552 2542 582 ι
2569 532 2728 585 Ἀλλὰ
2746 532 2833 586 διὰ
2851 534 2944 586 τὸν
2971 533 3126 604 ὄχλον
3148 536 3237 589 τὸν
3264 534 3606 607 περιεστῶτα
3640 529 3815 599 εἷπον,

2222 623 2308 677 ἵνα
2344 624 2729 689 πιστεύσωσιν,
2764 625 2844 677 ὅτι
2882 625 2946 677 σύ
2984 643 3052 696 με
3082 627 3440 690 ἀπέστειλαςο
3467 646 3485 678 ι
3525 629 3736 699 μήποτε
3768 631 3820 683 οἱ

2223 717 2469 782 ἐλθόντες
2497 719 2632 790 πρὸς
2654 718 2751 790 τὴν
2767 718 3008 790 Μαρίαν,
3032 720 3126 773 καὶ
3155 719 3538 791 θεασάμενοιᾶ
3568 720 3818 792 ἐποίησε,

2223 809 2319 862 καὶ
2347 809 2738 872 πιστεύσαντες
2768 811 2847 873 είς
2874 809 3058 875 αύτδν,
3095 810 3247 882 μόνοι
3276 807 3419 881 ἦσαν
3451 812 3480 864 6
3513 809 3822 876 περιεστὼς

2223 900 2314 953 τὸν
2370 900 2580 972 Ἰησοῦν
2621 901 2808 972 ὄχλος·
2842 902 2891 955 οἱ
2927 901 2986 956 δέ
3034 901 3212 955 λοιποὶ
3265 903 3391 955 οὔτε
3436 901 3733 957 ἐθεάσαντο
3781 902 3820 959 ἃ

2224 988 2502 1060 ἐποίησεν,
2529 989 2653 1043 οὔτε
2682 993 3159 1064 περιειστήκεισαν
3187 993 3373 1050 αὑτόν.
3778 985 3792 997 ’

535 1096 731 1165 aliquis
754 1109 821 1148 ex
849 1093 978 1161 ipsis
1012 1107 1118 1146 non
1147 1089 1398 1145 crederet
1424 1106 1437 1142 :
1465 1106 1483 1139 ι
1521 1085 1626 1140 Sed
1661 1094 1881 1154 pr0pter
1917 1083 2126 1136 turbam
2153 1079 2599 1136 circumstantem
2631 1082 2766 1147 dixi,
2799 1091 2859 1138 ut
2892 1084 3117 1138 credant
3141 1085 3286 1154 quod
3319 1092 3375 1138 tu
3411 1098 3498 1140 me
3533 1083 3752 1138 misisti.
3789 1101 3814 1138 ι

535 1188 771 1243 Proinde
812 1187 936 1240 vide
985 1202 1054 1240 ne
1101 1183 1244 1239 forte
1290 1183 1385 1252 qui
1440 1187 1709 1235 venerant
1755 1177 1822 1230 ad
1873 1174 2139 1238 Mariam,
2194 1183 2249 1228 et
2293 1175 2644 1243 contemplati
2690 1174 2906 1230 fuerant
2944 1191 3066 1246 quae
3105 1177 3338 1242 fecerat,
3374 1185 3430 1232 et
3471 1177 3820 1233 crediderant

537 1281 588 1333 in
623 1295 781 1342 eum,
821 1277 921 1332 soli
956 1279 1067 1332 sint
1111 1275 1266 1329 turba
1309 1275 1674 1330 circumstans
1705 1269 1924 1335 Jesum;
1957 1276 2184 1322 caeteros
2211 1281 2342 1322 vero
2381 1282 2556 1337 neque
2585 1267 2983 1340 contemplatos
3021 1269 3191 1326 fuisse
3232 1285 3355 1340 qua;
3401 1270 3606 1326 fecerat
3634 1267 3813 1335 Iesus,

534 1388 710 1440 neque
746 1373 893 1426 circa
930 1389 1052 1425 eum
1088 1372 1328 1426 stetisse.

612 1467 693 1518 Η.
733 1483 751 1515 ι
787 1465 1130 1534 Collegerunt
1161 1480 1291 1533 ergo
1325 1464 1607 1533 pontifices
1632 1473 1689 1518 et
1709 1461 1969 1518 Pharisaei
1989 1477 2108 1517 con-

2300 1457 2387 1510 11.
2426 1475 2443 1507 t
2473 1457 2787 1528 Συνήγαγον
2815 1452 2910 1512 οῦν
2939 1460 2989 1511 οί
3019 1460 3297 1530 ἀρχιερεῖς
3331 1456 3425 1512 καὶ
3453 1459 3502 1510 οί
3529 1459 3816 1529 Φαρισαῖοι

533 1555 741 1618 cilium,
775 1571 838 1610 ac
865 1557 1120 1610 dicebant
1151 1573 1164 1608 :
1196 1557 1333 1622 Quid
1371 1557 1601 1610 facimus
1623 1595 1636 1620 ,
1666 1557 1793 1624 quia
1826 1555 1915 1610 hic
1954 1557 2108 1609 homo

2227 1547 2520 1618 συνέδριον,
2563 1547 2656 1600 καὶ⁹
2684 1547 2900 1615 ἔλεγον·
2935 1549 3000 1600 Τί
3036 1548 3316 1618 ποιοῦμεν,
3353 1549 3435 1601 ὄτι
3469 1541 3620 1610 οὗτος
3651 1550 3680 1601 6
3719 1549 3813 1602 ἄν·

536 1646 700 1699 multa
729 1647 881 1716 signa
913 1649 1067 1702 edit?
1100 1648 1610 1718 Sipermiserimus
1640 1663 1764 1702 eum
1798 1647 1899 1712 sic,
1923 1662 2108 1703 omnes

2223 1639 2440 1712 θρωπος
2494 1640 2666 1694 πολλὰ
2717 1644 2861 1695 ποιεῖ
2914 1645 3150 1714 σημεῖα;
3211 1643 3336 1695 Ἐὰν
3378 1640 3608 1712 ἀφῶμεν
3650 1642 3815 1697 αὑτὸν

532 1739 758 1792 credent
792 1741 842 1792 in
869 1756 1031 1806 eum;
1068 1741 1395 1809 venientque
1427 1741 1754 1805 Romani,et
1783 1741 1972 1795 tollent
2007 1753 2108 1796 tum

2221 1733 2386 1797 οὕτω,
2421 1734 2623 1796 πάντες
2649 1730 3032 1788 πιστεύσουσιν
3059 1737 3138 1797 είς
3163 1735 3354 1787 αὐτόν·
3381 1735 3478 1788 καὶ
3500 1735 3810 1789 ἐλεύσονται

533 1831 708 1886 locum
745 1843 1015 1898 nostrum,
1049 1845 1158 1888 tum
1209 1847 1422 1906 gentem
1447 1837 1514 1890 ’⁷.
1557 1855 1576 1888 ι
1619 1835 1772 1901 Quod
1821 1834 2018 1889 attinet
2047 1835 2108 1888 ad

2215 1827 2264 1879 οἱ
2310 1828 2594 1897 Ῥωμαῖοι,
2623 1826 2719 1878 καὶ
2747 1826 2973 1897 ἀροῦσιν
3003 1827 3159 1896 ἡμῶν
3189 1826 3398 1880 καὶτὸν
3419 1826 3605 1890 τόπον,
3635 1827 3812 1880 καὶτὸ

532 1935 869 1991 contextum,
915 1927 1173 1981 Pharisaei
1208 1937 1261 1982 et
1313 1927 1596 1997 pontifices
1629 1929 1885 1983 videbant
1919 1927 2116 1982 facilli-

532 2029 679 2067 mum
719 2014 864 2070 factu
901 2009 1039 2077 esse,
1078 2028 1134 2069 ut
1163 2019 1232 2071 ob
1275 2019 1702 2087 magnitudinem
1739 2019 2112 2088 prodigiorum

529 2120 595 2158 ac
643 2107 904 2161 virtutmn
938 2125 1077 2177 quas
1127 2111 1345 2164 fecisset
1388 2109 1569 2176 Jesus,
1607 2121 1753 2165 totus
1799 2110 2113 2166 Judaeorum

529 2199 762 2266 populus
792 2199 955 2269 383
989 2203 1366 2255 traduceretur
1407 2202 1475 2256 ad
1511 2203 1842 2257 credendum
1871 2205 1925 2258 in
1962 2219 2114 2270 eum,

528 2297 582 2340 et
613 2291 897 2343 traductus
926 2291 1230 2359 despiceret
1279 2292 1482 2346 cultum
1536 2292 1681 2346 illius
1720 2293 1823 2348 loci
1857 2309 2115 2362 corpora-

529 2379 660 2442 lem,
690 2389 801 2432 tum
854 2379 1181 2447 Leviticum,
1213 2393 1326 2436 tum
1373 2384 1774 2439 sacerdotalem
1809 2402 1826 2452 ;
1866 2387 2003 2440 adeo
2057 2394 2117 2440 ut

529 2481 616 2521 res
668 2467 1040 2535 hujuscemodi
1097 2481 1392 2540 praue-nus
1433 2473 1610 2539 fieret,
1652 2476 1781 2544 quia
1827 2491 1932 2529 non
1967 2475 2117 2531 fove-

532 2566 649 2611 rent
677 2557 847 2615 Judrei
881 2561 1080 2628 locum,
1117 2574 1173 2617 ut
1209 2565 1437 2619 Romani
1477 2565 1761 2634 haberent,
1794 2582 1956 2622 causa
1986 2567 2115 2622 Ser-

526 2654 757 2717 vatoris,
815 2665 924 2707 tum
985 2655 1162 2710 locum
1199 2656 1429 2722 dictum,
1465 2660 1609 2727 quod
1650 2661 1718 2713 ah
1752 2660 1861 2715 illis
1890 2660 2110 2730 plurimi

529 2741 714 2808 fiebat,
767 2753 876 2798 tum
933 2758 1147 2814 gentem
1195 2747 1505 2803 Judzeorum
1563 2759 1771 2816 totam,
1810 2753 2110 2808 nolentium

524 2835 748 2888 omnino
780 2851 1001 2891 servare
1046 2837 1472 2908 confessionem,
1509 2844 1654 2911 quod
1702 2852 1885 2899 essent
1935 2843 2110 2900 Judaei

525 2923 649 2990 ipsi.
705 2923 906 2979 Deinde
958 2928 1216 2994 quoniam
1257 2930 1464 2984 cultum
1505 2932 1855 2997 divinum,et
1903 2933 2106 2999 locum,

525 3027 579 3067 ct
638 3017 814 3086 gentis
860 3019 1261 3075 multitudinem
1302 3023 1556 3078 omnibus
1583 3023 1963 3094 praeferebant,
1991 3041 2109 3095 qua:

2214 1916 2385 1980 ἔθνος.
2415 1936 2433 1968 ι
2483 1918 2572 1982 Ὠς
2607 1917 2744 1988 πρὸς
2765 1917 2826 1970 τὸ
2853 1916 3016 1987 ῥητὸν
3038 1919 3085 1969 οἱ
3111 1918 3394 1988 Φαρισαῖοι
3428 1919 3522 1970 καὶ
3547 1919 3596 1970 οἱ
3627 1918 3816 1989 ἀρχιε-

2216 2009 2330 2078 ρεῖς
2361 2005 2568 2078 ἐώρων,
2617 2008 2698 2060 ὅτι
2745 2006 2834 2060 διὰ
2875 2007 2937 2061 τὸ
2987 2007 3217 2078 μέγεθος
3248 2001 3323 2061 ὧν
3358 2011 3679 2081 ἐπεποιήκει
3717 2027 3812 2062 τε·

2217 2097 2452 2169 ραστίων
2503 2099 2597 2150 καὶ
2639 2097 2926 2168 δυνάμεων
2967 2097 3079 2169 (94)
3132 2101 3160 2152 6
3224 2099 3450 2169 Ἰησοῦς,
3485 2100 3711 2153 δυνατὸν
3741 2095 3812 2172 ἦν

2215 2191 2310 2244 καὶ
2340 2190 2516 2244 πάντα
2557 2190 2648 2243 τὸν
2680 2190 2809 2243 λαὸν
2853 2191 2944 2244 τὸν
2994 2191 3248 2244 Ἰουδαῖον
3290 2191 3600 2262 ὑπαχθῆναι
3628 2195 3693 2262 τῇ
3730 2195 3814 2257 είς

2213 2281 2374 2334 αὑτὸν
2413 2281 2615 2345 πίστει,
2653 2280 2965 2351 ὑπαχθέντα
2987 2281 3044 2334 δὲ
3069 2281 3481 2352 καταφρονῆσαι
3520 2283 3618 2352 τῆς
3642 2284 3700 2335 ἐν
3731 2281 3811 2354 τῷ

2212 2373 2364 2442 τόπῳ
2395 2373 2717 2444 σωματικῆς
2746 2374 3059 2444 Λευῖτικῆς,
3088 2374 3181 2426 καὶ
3212 2375 3494 2445 ἱερατικῆς
3525 2375 3804 2446 λατρείαςο

2211 2463 2342 2518 ὥστ’
2379 2463 2446 2518 ἂν
2479 2465 2750 2536 πρόφασιν
2784 2465 2846 2518 τὸ
2877 2466 3122 2519 τοιοῦτον
3151 2466 3404 2535 γενέσθαι
3449 2467 3563 2534 τοῦ,
3602 2469 3697 2522 ἆτε
3731 2469 3806 2541 μὴ

2214 2555 2588 2628 περιεπόντων
2627 2557 2896 2611 Ἰουδαίων
2923 2559 3015 2612 τὸν
3041 2559 3225 2622 τόπον,
3266 2558 3559 2630 Ῥωμαίοις
3588 2560 3694 2613 ὑπὸ
3711 2559 3808 2614 τοῦ

2212 2648 2466 2719 Σωτῆρος
2489 2647 2767 2717 γενέσθαι,
2792 2651 2888 2702 καὶ
2917 2651 3007 2704 τὸν
3038 2649 3392 2722 νομιζόμενον
3419 2654 3549 2722 παρ’
3577 2651 3809 2717 ἐκείνοις

2211 2739 2500 2810 εἰρημένον
2539 2740 2726 2803 τόπον,
2783 2741 2881 2795 καὶ
2913 2743 3022 2795 πᾶν
3064 2741 3126 2794 τὸ
3170 2741 3323 2806 ἔθνος
3382 2742 3671 2805 Ἰουδαίων,
3705 2744 3809 2796 οὑκ

2211 2833 2304 2885 ἐπὶ
2329 2835 2492 2886 παντὶ
2513 2833 2700 2904 τρόπῳ
2721 2837 2910 2905 τηρεῖν
2945 2834 3235 2887 ἐθελόντων
3260 2837 3359 2907 τὴν
3383 2835 3511 2905 περὶ
3535 2834 3629 2888 τοῦ
3675 2836 3809 2887 Ἰου-

2209 2927 2396 2990 δαίους
2427 2928 2656 2990 ἐαυτοὺς
2688 2923 2828 2980 εἶναι
2859 2927 3173 2998 ὁμολογίαν.
3217 2923 3328 2980 Εἶτ’
3363 2927 3486 2979 ἐπεὶ
3531 2927 3642 2998 (95)
3672 2925 3807 2980 πάν-

2210 3036 2319 3073 των
2349 3021 2677 3092 προέκρινον
2701 3019 2798 3090 τὴν
2825 3019 3106 3090 λατρείαν,
3141 3019 3234 3071 καὶ
3257 3019 3348 3070 τὸν
3370 3017 3555 3084 τόπον,
3585 3018 3682 3070 καὶ
3705 3017 3806 3089 τὴν

525 3123 634 3183 prae
666 3109 748 3162 his
777 3109 998 3177 majoris
1043 3127 1163 3166 esse
1207 3115 1466 3169 momenti
1519 3115 1926 3184 censebantur;
1964 3119 2107 3174 hanc

2209 3110 2305 3164 τοῦ
2331 3111 2514 3174 ἔθνους
2537 3111 2816 3176 σύστασιν,
2833 3111 2942 3164 τῶν
2971 3109 3335 3181 νομισθέντων
3360 3109 3427 3164 ἂν
3451 3106 3586 3164 εἶναι
3615 3127 3802 3183 κρειτ-

523 3198 597 3252 ob
629 3214 848 3253 causam
879 3203 1165 3257 consilium
1199 3207 1406 3273 agitant
1449 3217 1638 3262 contra
1673 3207 1879 3275 Jesum,
1922 3226 1988 3265 ne
2029 3213 2105 3267 si-

525 3297 659 3341 nant
711 3303 832 3343 eum
872 3292 1087 3349 ,vivcre.
1147 3294 1508 3364 Arbitrorque
1560 3312 1655 3353 eos
1717 3301 1880 3354 simili
1943 3302 2106 3358 modo

521 3379 764 3456 dixisse,
800 3381 936 3437 «hic
985 3383 1188 3452 homo,
1236 3407 1255 3440 ι
1291 3397 1548 3457 tauquam
1598 3391 1664 3446 ad
1718 3395 2104 3449 destruendam

524 3467 748 3554 gloriam
772 3470 923 3541 ejus;
959 3489 1057 3529 nec
1086 3476 1229 3530 enim
1255 3481 1556 3536 credebant
1590 3482 1674 3536 his
1705 3499 1826 3552 quae.
1857 3486 2106 3554 superius

517 3559 752 3642 dixerat,
785 3579 980 3635 nempe
1007 3569 1149 3634 quod
1177 3580 1320 3624 esset
1362 3571 1479 3641 ipse
1508 3573 1670 3638 Deus,
1703 3591 1828 3630 cum
1861 3577 2105 3646 lapidare

514 3665 645 3735 cum
675 3652 979 3718 voluerunt,
1013 3668 1270 3727 tauquam
1323 3676 1419 3729 pro
1450 3663 1787 3732 blasphemia
1814 3684 1829 3732 ;
1861 3667 2104 3724 dicentes

517 3739 599 3824 illi
633 3759 648 3795 :
691 3762 710 3795 ι
744 3743 823 3798 Tu
862 3738 1024 3802 homo
1050 3766 1170 3803 cum
1206 3754 1300 3816 sis,
1335 3754 1472 3808 facis
1523 3756 1755 3827 teipsum
1783 3757 1950 3814 Deum
1976 3761 2098 3827 ⁹⁹;›

518 3835 739 3914 quando
786 3839 948 3892 etiam
1009 3858 1104 3895 sua
1161 3845 1496 3914 benignitate
1553 3852 2102 3916 respondit,docens

515 3937 734 3979 Ornuem
769 3929 835 3981 ad
865 3944 1025 3998 quem
1058 3949 1238 3987 sermo
1276 3937 1366 3989 Dei
1407 3937 1581 3994 factus
1615 3942 1842 4005 est,dici
1877 3943 2043 3999 Deum
2069 3960 2101 4001 a

508 4011 669 4094 _Deo;
698 4030 820 4071 cum
873 4037 977 4074 non
1017 4023 1195 4078 valeat
1236 4028 1370 4082 solvi
1418 4031 1501 4083 vel
1544 4030 1766 4087 dissolvi
1817 4032 2102 4104 Scriptura

517 4107 833 4176 prophetica
867 4128 988 4181 qua:
1023 4117 1124 4170 hoc
1178 4122 1447 4176 enuntiat.
1490 4122 1641 4178 Licet
1691 4127 1858 4180 etiam
1911 4143 1978 4182 ex
2013 4129 2101 4184 his

516 4212 634 4264 qua:
683 4199 938 4257 Pharisaei
990 4215 1044 4258 et
1094 4210 1380 4276 pontifices
1418 4211 1712 4280 dixerunt,
1745 4217 2100 4274 considerare

515 4289 726 4343 illorum
759 4305 1000 4363 apertam
1037 4302 1324 4366 malitiam,
1366 4314 1675 4370 etcmcam;
1709 4319 1951 4375 apertam
1974 4309 2097 4378 qui-

512 4381 656 4445 dem,
687 4387 938 4452 quoniam
981 4393 1382 4448 attestabantur
1430 4394 1505 4450 illi
1541 4412 1664 4450 eum
1699 4399 1865 4452 multa
1903 4398 2097 4456 fecisse
2127 4437 2173 4492 Β

509 4472 681 4538 signa,
715 4491 980 4547 posseque
1021 4482 1167 4547 huic,
1195 4489 1284 4552 qui
1331 4497 1408 4540 tot
1441 4488 1599 4558 signa
1631 4499 1838 4558 egerat,
1873 4490 2096 4547 insidias

514 4562 685 4627 strui;
724 4567 948 4632 perinde
977 4574 1132 4639 quasi
1178 4574 1261 4630 sui
1301 4591 1463 4632 causa
1501 4579 1638 4632 nihil
1673 4592 1858 4649 posset
1901 4593 2095 4638 contra

503 4652 682 4743 iactas
709 4656 809 4710 sibi
845 4658 1098 4729 insidias;
1136 4665 1186 4718 id
1229 4671 1374 4736 quod
1418 4669 1594 4737 ipsum
1627 4673 1790 4726 etiam
1823 4673 2097 4729 nihilomi-

509 4756 613 4797 nus
643 4747 903 4805 cazcitatis
948 4763 1088 4818 erat,
1121 4771 1246 4810 cum
1292 4759 1536 4828 ejusdem
1578 4772 1746 4830 esset,
1785 4766 1875 4831 qui
1922 4765 2093 4821 multa

506 4833 729 4893 fecisset
757 4843 1037 4913 miracula,
1057 4848 1283 4906 insidias
1311 4855 1475 4908 etiam
1499 4870 1759 4925 superare
1787 4857 2088 4914 nolentium

509 4940 632 4980 eum
660 4930 740 4985 sic
770 4934 1065 4997 dimittere.
1098 4940 1208 4997 Nisi
1242 4943 1382 5000 forte
1414 4947 1714 5003 credebant
1738 4963 1862 5004 eum
1905 4949 2092 5006 facere

505 5022 792 5092 miracula,
825 5038 880 5084 et
913 5031 1042 5086 item
1066 5037 1573 5104 suspicabantur'ea
1596 5057 1703 5096 non
1741 5042 1854 5098 fleri
1887 5045 2092 5099 virtute

501 5115 714 5180 divina,
743 5117 815 5172 ita
851 5131 907 5176 ut
939 5124 1080 5180 hanc
1106 5128 1177 5183 ob
1216 5142 1440 5184 causam
1469 5131 1653 5185 omnia
1685 5131 1800 5200 ipse
1828 5148 1934 5195 non
1960 5148 2088 5202 pos-

504 5217 607 5269 set,
641 5225 816 5279 neque
850 5228 910 5267 se
939 5217 1151 5287 eripere
1181 5235 1249 5275 ex
1282 5220 1497 5276 illorum
1536 5223 1769 5278 insidiis.
1803 5225 1981 5294 Atque
2013 5223 2089 5279 illi

569 5347 614 5379 ⁹⁷
638 5344 790 5402 Joan.
819 5365 893 5414 ιιι,
931 5350 1022 5416 47,
1054 5352 1145 5408 48.
1223 5355 1270 5388 ⁸⁸
1300 5357 1428 5413 ibid.
1457 5357 1547 5412 47.
1622 5358 1668 5391 "’
1693 5356 1851 5413 Joan.
1885 5375 1942 5425 χ,
1971 5357 2064 5426 3'5,
2087 5359 2177 5416 35.

565 5464 680 5530 (93)
714 5466 891 5544 codex
906 5467 1136 5544 _Bodleia
1144 5487 1269 5544 nus,
1303 5480 1468 5538 recte,
1491 5473 1598 5526 τῶν
1624 5473 1684 5526 τὸ
1709 5474 1901 5544 μέλλον
1924 5476 2086 5542 ἀγνο-

501 5534 706 5616 ςιὺντων
747 5537 1049 5616 ἀνθρώπων
1069 5557 1101 5616 °_
1124 5542 1342 5616 Regius,
1381 5534 1662 5612 corrupte,
1700 5534 1808 5596 τῶν
1852 5546 1910 5600 τὸ
1958 5534 2087 5616 μέλ-

507 5606 596 5680 λον
608 5606 682 5680 *τὸ
713 5606 981 5680 ..τούντων
1012 5606 1335 5680 ἀνθρώπων.

723 5678 902 5755 Editio
929 5674 1148 5755 _l_luetii,
1181 5681 1479 5755 τεραστίων
1509 5681 1812 5755 δυνάμεων.

573 5746 686 5814 (95)
719 5745 896 5803 Edttio
929 5749 1126 5815 lluetii,
1155 5745 1313 5818 maie,
1348 5752 1459 5806 ἐπί.

2210 3202 2384 3255 τόνων
2428 3201 2582 3274 παρὰ
2628 3201 2829 3255 ταῦτα·
2879 3200 2970 3254 διὰ
3005 3199 3164 3253 τοῦτο
3211 3200 3474 3254 σκοποῦσι
3521 3201 3666 3254 κατά
3705 3199 3800 3255 τοῦ

2222 3295 2420 3364 Ἰησοῦ,
2443 3296 2532 3347 ἵνα
2559 3294 2722 3347 αὑτὸν
2750 3292 2823 3363 μὴ
2855 3293 3058 3346 ἐάσωσι
3081 3291 3200 3362 ζῇν.
3236 3293 3331 3354 Ὣς
3354 3291 3397 3344 δ’
3425 3293 3622 3355 αὑτοὺς
3649 3288 3802 3362 οἶμαι

2209 3390 2304 3442 καὶ
2353 3389 2446 3441 ἐπὶ⁹
2493 3387 2811 3458 καθαιρέσει
2844 3387 2942 3456 τῆς
2985 3385 3143 3453 δόξης
3188 3384 3354 3437 αὑτοῦ
3404 3385 3683 3455 εἰρηκέναι
3709 3386 3798 3439 τό·

2214 3497 2235 3530 ι
2259 3474 2426 3541 Οὗτος
2456 3481 2484 3532 6
2533 3478 2846 3550 ἄνθρωπος·
2869 3496 2887 3528 ι
2941 3477 3202 3545 ἠπίστουν
3238 3475 3347 3547 γὰρ
3377 3481 3491 3540 τοῖς
3531 3478 3626 3531 καὶ
3658 3479 3801 3530 ἀνω-

2205 3571 2350 3642 τέρω
2373 3570 2682 3641 εἰρημένοις
2700 3569 2828 3640 περὶ
2849 3568 2943 3621 τοῦ
2964 3568 3076 3639 (96)
3107 3568 3240 3622 Θεὸν
3267 3569 3428 3622 αὑτὸν
3450 3567 3613 3634 εἶναι,
3639 3569 3802 3640 ἡνίκα

2203 3662 2446 3727 λιθάζειν
2479 3663 2641 3715 αὑτὸν
2676 3661 2977 3724 ἐϐούλοντο,
3014 3661 3091 3724 ὠς
3131 3662 3260 3734 περὶ
3307 3662 3674 3733 βλασφημίας,
3709 3660 3800 3715 λέ-

2206 3771 2394 3824 γοντες
2411 3754 2577 3826 αὐτῷ’
2610 3774 2627 3806 ι
2647 3755 2741 3818 Σὺ,
2763 3753 2859 3806 ἄνθ
2870 3769 3048 3824 ρωπος
3068 3753 3164 3818 ὢν,
3188 3758 3362 3818 ποιεῖς
3391 3755 3580 3808 ἐαυτὸν
3600 3753 3731 3807 Θεόν
3745 3769 3794 3804 ο»

2201 3849 2294 3902 ὅτε
2356 3847 2500 3902 κατὰ
2554 3848 2652 3918 τὴν
2707 3845 2902 3899 ἐαυτοῦ
2963 3845 3374 3917 φιλανθρωπίαν
3438 3847 3794 3920 ἀπεκρίνατο,

2203 3941 2492 4004 διδάσκων,
2521 3940 2603 3992 ὅτι
2634 3939 2742 4000 πᾶς
2776 3937 2911 4008 πρὸς
2941 3937 2999 3990 ὃν
3031 3939 3059 3990 6
3088 3937 3242 4006 λόγος
3274 3939 3368 3992 τοῦ
3393 3939 3526 3992 Θεοῦ
3558 3939 3796 4007 ἐγένετο,

2199 4033 2336 4096 Θεὸς
2370 4032 2586 4100 λέγεται
2618 4031 2722 4083 ὑπὸ
2757 4031 2853 4083 τοῦ
2899 4030 3053 4084 Θεοῦο
3090 4031 3166 4102 μὴ
3217 4030 3526 4100 δυναμένης
3570 4029 3799 4099 λυθῆναι

2203 4125 2298 4178 καὶ
2361 4123 2731 4192 καταλυθῆναι
2785 4123 2887 4192 τῆς
2950 4121 3383 4192 ἀποφηναμένης
3447 4119 3795 4190 προφητικῆς

2201 4217 2446 4289 Γραφῆς.
2483 4217 2638 4268 Ἔστι
2667 4215 2725 4267 δὲ
2769 4215 2834 4268 ἐκ
2870 4215 2978 4267 τῶν
3012 4214 3324 4284 λεγομένων
3357 4211 3465 4265 ἀπὸ
3495 4211 3601 4264 τῶν
3630 4212 3799 4281 Φαρι-

2200 4310 2374 4363 σαίων
2416 4309 2511 4362 καὶ
2554 4308 2663 4362 τῶν
2701 4307 3006 4380 ἀρχιερέων
3040 4305 3374 4374 κατανοῆσαι
3407 4302 3585 4358 αὐτῶν
3613 4300 3797 4358 καὶτὸ

2196 4401 2300 4470 τῆς
2342 4400 2544 4464 κακίας
2585 4398 3085 4470 ἀνομολογούμενον
3131 4397 3225 4450 καὶ
3258 4395 3456 4464 τυφλόν
3476 4412 3488 4425 ·
3528 4395 3801 4466 ἀνομολο-”

2199 4491 2487 4562 γούμενον,
2536 4492 2619 4544 ὅτι
2652 4489 3000 4560 ἐμαρτύρουν
3033 4487 3182 4558 αὑτῷ
3221 4487 3315 4541 καὶ
3360 4485 3528 4541 πολλὰ
3556 4504 3791 4560 πεποιη-

2197 4583 2352 4637 κέναι
2385 4585 2606 4654 σημεῖα,
2659 4581 2753 4635 καὶ
2785 4577 3047 4632 δύνασθαι
3080 4577 3158 4648 τῷ
3189 4578 3426 4630 τοσαῦτα
3456 4581 3657 4648 σημεῖα
3690 4596 3790 4631 πε-

2198 4675 2448 4746 ποιηκότι
2481 4672 2884 4734 ἐπιϐουλεῦσαι,
2914 4671 2990 4734 ὼς
3022 4669 3189 4741 μηδὲν
3222 4669 3366 4740 ὑπὲρ
3399 4669 3594 4723 ἐαυτοῦ
3625 4671 3683 4722 ἐν
3711 4671 3790 4742 τῷ

2197 4765 2651 4823 ἐπιϐουλεύεσθαι
2678 4763 2962 4834 δυναμένῳ
2979 4780 2995 4794 ο
3023 4762 3222 4832 τυφλὸν
3244 4762 3301 4815 δὲ
3327 4761 3478 4815 οὐδὲν
3495 4762 3608 4834 (97)
3626 4759 3789 4834 ἦττον

2195 4862 2293 4916 xai.
2335 4860 2466 4914 αὑτὸ
2513 4859 2672 4912 τοῦτο
2718 4854 2814 4929 ῆν·
2847 4855 2989 4910 κατὰ
3023 4855 3132 4926 γὰρ
3173 4857 3264 4908 τὸν
3313 4854 3482 4906 πολλά
3532 4853 3788 4906 ποιοῦντα

2197 4957 2401 5026 σημεῖα
2440 4949 2510 5024 ῆν
2545 4953 2637 5006 καὶ
2667 4951 2729 5004 τὸ
2757 4952 3003 5024 κρεῖττον
3035 4943 3175 5002 εἶναι
3223 4947 3322 5018 τῆς
3357 4946 3649 5016 ἐπιϐουλῆς
3677 4945 3788 4998 τῶν

2197 5045 2417 5114 ἀφιέναι
2447 5043 2609 5098 αὑτὸν
2647 5044 2721 5114 μὴ
2761 5041 3022 5095 θελόντων
3041 5057 3056 5072 θ
3092 5043 3141 5094 εί
3170 5039 3245 5110 μὴ
3275 5040 3382 5110 ἄρα
3416 5038 3509 5092 καὶ
3536 5038 3788 5090 ἐπίστευ-

2197 5153 2278 5199 ον,
2304 5137 2386 5189 ὅτι
2409 5137 2556 5189 ποιεῖ
2589 5137 2811 5205 σημεῖα,
2834 5133 2929 5187 καὶ
2958 5132 3216 5186 ὑπενόουν
3239 5130 3377 5182 αὐτὸ.
3402 5129 3479 5200 μὴ
3506 5128 3615 5180 ἀπὺ
3635 5127 3785 5190 θείας

2194 5229 2440 5297 γίνεσθαι
2467 5229 2750 5299 δυνάμεως
2775 5268 2790 5291 ,
2818 5226 2961 5280 ὥστε
2990 5225 3079 5280 διὰ
3115 5223 3274 5278 τοῦτο
3301 5222 3378 5292 μὴ
3412 5221 3590 5275 πάντα
3621 5221 3784 5274 αὑτὸν

2270 5472 2382 5550 (θϐ)
2409 5472 2610 5550 Code§_
2640 5472 2990 5550 Bodleianus,
3026 5482 3204 5550 recte,
3247 5469 3371 5550 τοῦ,
3401 5469 3625 5539 Regius,
3660 5465 3777 5550 τόν,

2195 5537 2514 5604 πιιι’1ο.ὀιιηι
2551 5543 2803 5597 Christus
2833 5545 3134 5597 secundum
3167 5542 3460 5610 Origenem
3491 5537 3613 5593 'non
3648 5538 3721 5610 sit
3748 5537 3780 5591 6

2192 5615 2344 5676 Θεός.
2372 5643 2439 5653 -—
2472 5614 2576 5668 Sex
2614 5613 2813 5667 abhinc
2849 5614 3029 5676 lineis,
3072 5608 3450 5682 suppleﬁtooco
3483 5619 3610 5665 ante
3635 5608 3783 5664 ἀπο-

2232 5684 2535 5754 ηναμένης.
2579 5683 2736 5754 Ent'r.
2774 5683 3018 5737 Ριιτιιοιη

2264 5750 2374 5825 (97)
2405 5750 2585 5810 Codex
2626 5753 2852 5824 Regius,
2879 5755 3039 5818 male,
3080 5751 3263 5822 τυφλῷ
3287 5751 3347 5805 δὲ
3386 5750 3562 5805 οὐδέν.
