4182 6414
425 336 531 392 705

1425 329 1778 386 COMMENT.
1819 326 1888 380 IN
1927 322 2121 380 JO.\N.
2165 320 2406 377 TOMUS
2441 320 2659 375 XXVIII

3609 327 3709 382 706

423 455 741 526 δυνηθῆναι,
797 453 930 525 μηδὲ
973 452 1136 507 αὑτὸν
1189 451 1455 524 ῥύσασθαι
1492 451 1601 504 ἀπὸ
1649 451 1750 520 τῆς
1793 448 2014 502 ἐκείνων

2121 442 2336 510 quidcm
2369 441 2688 512 cogitabant
2735 453 2840 491 non
2879 438 3159 492 dimittere
3194 452 3356 506 eum,
3388 438 3704 493 existimati.

423 548 718 618 ἐπιϐουλῆς
749 546 880 616 (98).
929 547 1156 599 Ἐκεῖνοι
1185 545 1284 614 μὲν
1317 538 1409 597 οὖν
1439 543 1706 596 ἐσκόπουν
1741 542 1816 613 μὴ
1850 543 2011 610 ἀφιέτ-

423 657 514 696 ναι
534 639 720 702 αὐτὸν,
737 639 970 709 οἰόμενοι
990 638 1079 692 διὰ
1098 637 1255 690 τοῦτο
1276 635 1587 707 ἐμποδίσειν
1607 638 1718 699 τοῖς
1735 635 2014 689 πιστεύου-

409 748 512 788 -σιν
542 734 622 795 είς
648 731 812 785 αὐτὸν
843 731 936 784 καὶ
974 729 1267 800 Ῥωμαίοις
1299 728 1582 799 μέλλουσιν
1624 727 1800 802 αἴρειν
1834 726 2013 780 αὐτῶν

2123 543 2206 588 tes
2242 533 2485 587 futurum
2516 541 2578 586 ut
2604 531 2744 585 banc
2766 531 2836 584 ob
2862 544 3084 584 causam
3111 529 3499 599 impedimento
3523 543 3705 584 essent

2113 625 2468 680 credentibus
2508 624 2562 678 in
2592 637 2740 686 eum,
2778 629 2833 674 et
2861 619 3146 686 Romanis,
3171 622 3261 689 qui
3293 621 3527 675 ablaturi
3554 632 3710 674 erant

2113 718 2183 772 ab
2212 717 2292 771 eis
2328 724 2438 769 tum
2485 716 2684 780 locum,
2734 721 2846 766 tum
2877 723 3119 783 gentem.
3155 715 3350 770 Verum
3387 715 3514 783 quia
3549 732 3567 764 ‹
3604 713 3711 768 Do-

428 823 517 878 τὺν
542 823 729 886 τόπον,
762 823 856 875 xui.
889 822 948 875 τὸ
981 820 1152 884 ἔθνος.
1183 819 1322 872 Ἀλλ’
1353 820 1477 872 ἐπεὶ
1510 839 1528 871 ι
1559 818 1765 891 Κύριος
1793 819 2012 872 διασκε-

2121 808 2295 862 minus
2328 806 2561 874 dissipat
2590 802 2819 860 consilia
2864 803 3130 870 gentium,
3167 813 3221 859 et
3259 804 3518 873 reprobat
3555 803 3710 871 cogi-

427 914 576 978 δάζει
615 913 808 984 βουλὰς
860 911 1058 974 ἐθνῶν,
1104 911 1199 964 xui.
1244 910 1427 964 ἀθετεῖ
1451 910 1746 982 λογισμοὺς
1796 908 1961 973 λαῶν,
1991 927 2008 960 ι

427 1006 580 1058 οὐδὲν
605 1000 767 1077 ἦττον
797 1004 891 1057 xui.
917 1003 1017 1056 οὐκ
1044 1003 1265 1073 ἀφῆκαν
1300 1003 1482 1066 αὐτὸν,
1511 1003 1606 1056 xui.
1637 1003 1666 1054 ὁ
1693 1001 1826 1065 Θεὸς
1855 1001 2016 1056 αὐτὸν

429 1097 718 1166 ἀνέστησε,
753 1095 846 1148 καὶ
876 1095 1079 1165 ἀφῆκε,
1103 1095 1199 1148 xui.
1232 1094 1411 1148 πάντα
1442 1095 1509 1148 τὰ
1541 1093 1667 1165 ἔθνη
1695 1092 2016 1146 ἐδούλευσαν

430 1189 602 1260 αὐτῷ,
646 1191 741 1242 καὶ
784 1188 1029 1252 ἐλθόντες
1082 1190 1131 1241 οἱ
1193 1188 1454 1260 Ῥωμαῖοι
1509 1184 1654 1260 ἦραν
1701 1189 1880 1242 αὐτῶν
1923 1187 2016 1240 τὸν

429 1283 625 1334 τόπον·
666 1280 803 1349 (ποῦ
849 1281 957 1351 γὰρ
1002 1282 1030 1333 ὃ
1073 1297 1238 1349 φασιν
1273 1283 1470 1334 ἐκεῖνοι
1517 1281 1838 1352 ἁγίασμας)
1875 1276 2016 1352 ἦραν

429 1372 487 1424 δὲ
520 1372 613 1424 καὶ
643 1371 703 1423 τὺ
746 1370 914 1434 ἔθνος,
951 1370 1304 1434 ἐκϐάλλοντες
1333 1372 1530 1435 αὐτοὺς
1563 1371 1674 1424 ἀπὸ
1702 1371 1796 1424 τοῦ
1828 1371 2014 1437 τόπου,

435 1462 525 1516 xui.
576 1461 733 1531 μόγις
768 1461 1162 1533 ἐπιτρέψαντες
1209 1463 1393 1526 αὐτοῖς
1440 1458 1576 1516 εἶναι
1617 1463 1751 1516 ὅπου
1804 1461 2057 1532 βούλον-,

431 1571 520 1606 ται
540 1553 648 1622 (99)
677 1555 772 1606 xui
801 1555 858 1605 ἐν
891 1556 956 1624 τῇ
996 1554 1284 1625 διασπορᾷ.
1321 1555 1384 1608 Ei
1409 1555 1466 1608 δὲ
1503 1554 1610 1626 χρὴ
1631 1554 1899 1626 τολμῆσαι
1923 1557 2018 1609 καὶ

431 1647 513 1710 είς
535 1646 824 1716 ἀναγωγὴν
854 1645 962 1699 τῶν
991 1646 1135 1700 κατά
1167 1646 1236 1700 τὰ
1263 1649 1484 1718 ῥήματα
1519 1647 1716 1710 ταῦτα,
1754 1650 2016 1720 φήσομεν,

431 1739 514 1792 ὅτι
547 1739 638 1791 τὸν
676 1739 844 1792 τόπον
895 1739 1005 1792 τῶν
1053 1742 1118 1793 ἐκ
1163 1741 1471 1811 περιτομῆς
1511 1740 1702 1796 ἔλαϐον
1745 1741 1814 1795 τὰ
1855 1742 2012 1813 ἔθνη·

440 1831 556 1902 (τῷ
599 1833 708 1902 γὰρ
771 1831 998 1885 ἐκείνων
1041 1832 1450 1905 παραπτώματι
1519 1834 1762 1906 σωτηρία
1826 1836 2019 1904 γέγονε

431 1926 544 1986 τοῖς
570 1922 798 1986 ἔθνεσιν,
834 1924 914 1985 είς
943 1924 1004 1977 τὸ
1035 1925 1428 1996 παραζηλῶσαι
1453 1926 1650 1991 αύτούς
1674 1944 1687 1958 ·
1715 1947 1733 1979 ι
1773 1929 1854 1991 είς
1874 1927 1930 1982 δὲ
1953 1931 2023 1982 τὰ

430 2014 557 2085 ἔθνη
607 2015 868 2086 Ῥωμαῖοι
918 2015 1367 2088 παρελήφθησαν,
1414 2017 1522 2070 ἀπὸ
1567 2018 1676 2071 τῶν
1715 2018 2024 2089 βασιλευόν-

429 2125 539 2161 των
577 2108 628 2160 οἱ
671 2107 1080 2180 βασιλευόμενοι
1106 2109 1495 2180 ὀνομασθέντες
1517 2127 1530 2142 ·
1565 2112 1660 2165 xui.
1689 2113 1749 2165 τὸ
1787 2112 1937 2176 ἔθνος
1964 2113 2022 2166 δὲ

432 2196 538 2251 ὑπὸ
559 2199 666 2251 τῶν
691 2199 749 2266 ἐξ
788 2199 956 2252 ἐθνῶν
986 2199 1128 2272 ήρθη
1149 2219 1162 2231 ·
1197 2202 1388 2270 γέγονε
1417 2201 1525 2274 γὰρ
1553 2205 1581 2256 ό
1612 2203 1739 2268 λαὸς
1776 2205 1836 2257 ού
1861 2203 2018 2269 λαός·

431 2289 528 2344 καὶ
563 2292 613 2342 οἱ
641 2289 700 2357 ἐξ
743 2291 957 2364 Ἰσραὴλ
974 2293 1159 2346 ούκέτι
1179 2293 1319 2346 εἰσιν
1363 2294 1612 2366 Ἰσραήλ·
1640 2295 1734 2349 καὶ
1766 2295 1828 2348 τὸ
1857 2297 2025 2366 σπέρ-

436 2397 512 2451 μα
541 2381 642 2435 οὐκ
678 2381 916 2452 ἔφθασεν
954 2385 1048 2436 ἐπὶ
1082 2384 1143 2437 τὸ
1175 2385 1429 2454 γενέσθαι
1457 2385 1645 2439 τέκνα.
1677 2388 1787 2440 Καὶ
1817 2387 2023 2442 τούτων

432 2472 604 2525 αἴτιον
646 2473 714 2526 τά
754 2474 925 2528 πολλά
956 2475 1050 2528 τοῦ
1095 2475 1270 2546 Ἰησοῦ
1307 2480 1532 2548 σημεῖα,
1568 2479 1662 2531 καὶ
1695 2479 1777 2531 ὅτι
1809 2479 2023 2549 ἀφῆκεν

433 2565 595 2618 αὐτὸν
616 2566 644 2616 ό
676 2565 867 2636 Πατὴρ
897 2567 1186 2636 κρείττονα
1229 2568 1524 2639 γενόμενον
1569 2571 1667 2642 τῆς
1696 2571 1805 2624 τῶν
1840 2573 2024 2644 ἀρχιε-

435 2656 576 2727 ρέων
634 2657 729 2710 xui.
788 2658 1100 2728 Φαρισαίων
1171 2660 1642 2730 ωνεδρευσάντων
1695 2663 1816 2716 κατ’
1855 2663 2021 2718 αὐτοῦ

435 2746 748 2817 ἐπιϐουλῆς.
810 2747 1112 2818 Ἀρχιερείς
1155 2748 1211 2800 δὲ
1251 2749 1344 2802 καὶ
1385 2752 1534 2802 πᾶσα
1575 2752 1608 2821 ή
1646 2752 1933 2823 σωματικὴ
1965 2754 2023 2804 ἐν

445 2838 718 2901 Ἰουδαίοις
747 2837 990 2910 λατρεία,
1020 2841 1302 2911 Φαρισαῖοι
1337 2859 1397 2894 τε
1424 2843 1518 2895 xui.
1551 2845 1700 2896 πᾶσα
1730 2844 1764 2915 ή
1795 2843 1938 2897 κατὰ
1962 2843 2024 2897 τὸ

434 2932 669 3002 γράμμα
701 2929 794 2983 τοῦ
842 2932 1027 3002 Νόμου
1058 2932 1378 2986 διδασκαλία
1419 2934 1762 2988 ἐπιϐουλεύει
1821 2934 2020 3008 Ἰησοῦ,

435 3025 503 3095 τῇ
550 3022 798 3094 ἀληθείᾳ,
851 3025 946 3077 xui.
1002 3024 1247 3095 βούλεται
1295 3029 1324 3080 ό
1371 3026 1542 3090 τύπος
1595 3027 1682 3080 ἵνα
1738 3028 2021 3102 ὑφεστήκῃ

434 3113 739 3224 ἐμποδίζων
763 3116 837 3185 (I)
866 3119 931 3187 τῇ
956 3116 1258 3187 φανερώσει
1277 3118 1377 3188 τῆς
1402 3119 1686 3190 ἀληθείας·
1712 3122 1806 3173 καὶ
1831 3119 2020 3192 ῶσπερ
2049 3164 2095 3226 C

436 3205 470 3276 ή
499 3203 634 3276 σὰρξ
665 3206 758 3260 καί
793 3209 933 3261 κατὰ
977 3207 1136 3261 τοῦτο
1181 3209 1440 3280 ἐπιθυμεῖ
1469 3211 1611 3264 κατὰ
1642 3211 1737 3265 τοῦ
1769 3212 2018 3284 πνεύμα-

434 3313 544 3360 τος.
599 3297 737 3350 Ἀλλ’
785 3299 1132 3369 ίσχυρότερον
1173 3299 1231 3353 ὃν
1270 3301 1329 3353 τὸ
1381 3301 1685 3372 ἐπιθυμοῦν
1732 3305 1874 3356 κατά
1920 3304 2020 3374 τῆς

437 3391 636 3462 σαρκὸς
673 3390 907 3462 πνεῦμα,
969 3393 1064 3445 καὶ
1099 3395 1132 3464 ή
1163 3393 1370 3464 ἀληθὴς
1419 3393 1513 3446 τοῦ
1557 3395 1811 3466 Σωτῆρος
1861 3396 2020 3466 ἡμῶν

435 3482 836 3554 ἀρχιερωσύνη,
867 3484 1028 3555 xuii)
1073 3485 1416 3557 πνευματικὴ
1463 3487 1628 3539 αὐτοῦ
1682 3487 2018 3554 διδασκαλία,

433 3575 638 3628 διαλύει
659 3577 717 3628 τὸ
730 3576 839 3628 τῶν
864 3578 984 3630 κατ’
1001 3575 1166 3628 αὐτοῦ
1199 3577 1598 3648 βουλευομένων
1624 3576 1699 3646 (2)
1719 3579 2022 3650 ἀρχιερέων

434 3668 529 3719 καὶ
555 3666 865 3736 Φαρισαίων
906 3666 1201 3737 συνέδριον.
1247 3667 1430 3720 Ταῦτα
1461 3667 1516 3720 δὲ
1543 3667 1882 3738 ὑποληπτέον
1928 3670 2022 3722 καὶ

434 3757 530 3811 νῦν
561 3757 826 3826 γίνεσθαι,
855 3758 1045 3829 ὥσπερ
1084 3759 1232 3812 ἔστιν
1267 3759 1394 3814 ἰδεῖν
1425 3762 1484 3813 ἐν
1512 3763 1624 3823 τοῖς
1655 3759 1748 3812 τοῦ
1781 3778 2022 3830 σωματι-

433 3847 536 3902 κοῦ
560 3850 650 3903 τοῦ
707 3850 1045 3921 Ἰουδαῖσμοῦ
1091 3852 1402 3916 συστάσεως
1447 3853 1539 3905 xui.
1570 3853 1858 3906 καταλύειν
1905 3854 2024 3908 ἐθέ-

433 3938 582 3994 λουσι
618 3941 719 4011 τὴν
758 3941 1134 4013 πνευματικὴν
1165 3943 1402 4014 Χριστοῦ
1435 3943 1806 3998 διδασκαλίαν.
2025 4014 2027 4016 η

507 4032 594 4086 ιε.
632 4052 649 4084 ι
681 4027 776 4097 Εἷς
807 4033 977 4098 δέτις
1007 4034 1066 4100 ἐξ
1099 4035 1278 4088 αὐτῶν
1306 4035 1583 4104 Καϊάφας,
1616 4037 1908 4108 ἀρχιερεὺς
1946 4038 2022 4091 ὢν

435 4123 527 4176 τοῦ
583 4125 830 4178 ἐνιαυτοῦ
910 4126 1141 4188 ἐκείνου,
1196 4123 1348 4179 εἶπεν
1401 4129 1609 4191 αὐτοῖς·
1675 4129 1866 4199 Ὑμεῖς
1921 4130 2022 4182 ούκ

434 4217 611 4269 οἴδατε
645 4219 816 4282 οὐδὲν,
845 4219 963 4271 οὐδὲ
996 4219 1298 4287 λογίζεσθε,
1337 4220 1418 4272 ὅτι
1457 4220 1728 4291 συμφέρει
1763 4223 1896 4292 ἡμῖν
1935 4222 2022 4275 ἵνα

435 4303 514 4370 εἷς
543 4309 827 4380 ἄνθρωπος
861 4310 1106 4381 ἀποθάνῃ
1140 4311 1280 4382 ὑπὲρ
1320 4311 1413 4364 τοῦ
1461 4311 1610 4378 λαοῦ,
1662 4315 1757 4368 καὶ
1794 4314 1869 4385 μὴ
1903 4315 2024 4368 ὅλον

434 4399 495 4451 τὸ
529 4399 679 4464 ἔθνος
707 4402 995 4473 ἀπόληται.
1047 4403 1217 4455 Τοῦτο
1249 4402 1304 4454 δέ
1351 4405 1441 4472 ἀφ’
1473 4404 1668 4457 ἐαυτοῦ
1702 4405 1801 4458 οὐκ
1836 4402 2017 4459 εἶπεν·

2117 897 2348 952 taliones
2371 895 2694 966 populorum
2728 896 2771 959 ‘,
2811 914 2829 947 ι
2864 895 3224 949 nihilominus
3248 895 3462 948 etiarnsi
3488 908 3595 947 nOn
3628 894 3708 946 di-

2116 991 2384 1044 miserunt
2411 1003 2561 1053 eum,
2595 995 2652 1042 et
2696 987 2841 1040 Dcus
2870 1002 2996 1042 eum
3025 986 3292 1040 excitavit
3323 994 3377 1039 et
3412 984 3712 1049 dimisit,et

2115 1090 2306 1132 Omnes
2337 1085 2527 1146 gentes
2581 1075 2897 1130 servierunt
2927 1077 3000 1139 ei,
3051 1085 3108 1130 et
3144 1075 3374 1128 Romani
3426 1075 3712 1130 venieuu-s

2119 1169 2362 1222 tulerunt
2390 1167 2610 1221 illorum
2641 1167 2815 1222 locum
2853 1169 2965 1237 (ubi
2998 1169 3143 1223 enim
3196 1169 3342 1236 quod
3389 1167 3465 1220 illi
3517 1178 3706 1220 vocant

2118 1259 2496 1312 sanctuarium
2522 1256 2584 1328 ⁸1)
2615 1269 2779 1326 atque
2810 1259 2976 1312 etiam
3014 1259 3186 1312 tulere
3227 1267 3441 1326 gentem
3467 1300 3482 1322 ,
3513 1257 3712 1312 ablatis

2119 1349 2226 1403 illis
2249 1363 2280 1402 e
2319 1348 2635 1421 3841000
2667 1365 2685 1414 ;
2727 1351 2819 1404 vix
2878 1352 3244 1405 concedentes
3294 1351 3402 1405 illis
3439 1361 3584 1405 stare
3619 1353 3708 1405 ubi

2119 1440 2343 1506 vellent,
2378 1441 2544 1494 etiam
2583 1441 2635 1494 in
2695 1441 3060 1510 dispersione.
3089 1440 3244 1506 Quod
3275 1443 3317 1496 si
3367 1441 3568 1495 audere
3613 1457 3711 1495 ne-

2119 1548 2273 1590 cesse
2294 1542 2380 1588 est
2412 1533 2466 1588 in
2498 1548 2716 1588 sensum
2769 1535 3126 1605 anagogicunt
3170 1536 3362 1589 horum
3393 1537 3708 1599 verborum,

2120 1626 2364 1680 dicemus
2390 1625 2607 1688 horum,
2636 1627 2726 1694 qui
2759 1639 2827 1678 ex
2871 1625 3300 1680 circumcisione
3344 1637 3492 1692 sunt,
3533 1627 3711 1681 locum

2123 1726 2312 1788 gentes
2339 1717 2637 1786 accepisse,
2675 1719 2802 1786 quia
2837 1736 2856 1768 ι
2899 1717 3112 1772 illorum
3147 1717 3298 1786 lapsu
3327 1718 3475 1773 salus
3506 1719 3715 1772 venerit

2051 1808 2424 1879 Bgentibus,
2480 1823 2590 1878 quo
2646 1809 2781 1879 ipsis
2839 1807 3008 1864 Judaei
3068 1809 3452 1862 aemularentur
3482 1811 3526 1874 ³,
3575 1829 3596 1861 ι
3659 1819 3714 1862 et

2122 1916 2223 1970 pro
2268 1902 2524 1972 gentibus
2560 1901 2836 1957 Romanos
2871 1902 3043 1956 fuisse
3085 1901 3292 1956 dictos:
3335 1904 3439 1958 hoc
3485 1913 3588 1968 est,
3616 1917 3714 1971 pro

2122 1993 2380 2058 subditis,
2405 2006 2500 2048 eos
2532 1994 2626 2063 qui
2661 2008 2845 2048 rerum
2886 1996 3274 2063 potiebantur;
3317 1993 3549 2064 proinde
3581 2008 3715 2062 gens

2123 2100 2152 2139 a
2184 2084 2439 2150 gentibus
2470 2086 2648 2140 ablata
2680 2088 2784 2141 fuit
2819 2105 2834 2153 ;
2878 2088 2969 2156 qui
3001 2089 3145 2143 enim
3197 2087 3428 2158 populus
3455 2095 3596 2148 crat,
3633 2084 3716 2138 fa-

2123 2185 2245 2231 ctus
2271 2186 2354 2230 est
2381 2192 2492 2231 non
2525 2177 2758 2248 pepulus
2785 2178 2806 2209 ³
2835 2196 2850 2246 ;
2887 2187 2942 2233 et
2971 2180 3062 2248 qui
3094 2194 3156 2233 ex
3194 2178 3360 2233 Israel
3396 2187 3575 2238 erant,
3609 2191 3714 2228 nor.

2123 2266 2360 2334 amplius
2391 2275 2518 2321 sunt
2567 2266 2818 2333 Israelis;
2851 2268 3057 2338 quique
3087 2283 3272 2322 semen
3301 2276 3475 2331 erant,
3507 2280 3574 2320 eo
3605 2280 3714 2319 non

2124 2369 2493 2428 pervenerunt
2541 2368 2601 2412 ut
2651 2359 2742 2412 lilii
2786 2359 3002 2415 ﬁerent.
3045 2359 3288 2426 Quarum
3319 2372 3501 2413 rerum
3549 2370 3712 2410 causa

2124 2450 2295 2503 multa
2329 2449 2481 2504 fuere
2510 2449 2638 2504 Jesu
2687 2450 2996 2514 miracula;
3035 2459 3090 2504 et
3123 2449 3256 2520 quia
3309 2448 3517 2501 dimisit
3565 2446 3714 2500 illum

2125 2540 2288 2593 Pater
2312 2541 2652 2608 superiorem
2694 2538 2896 2594 factum
2939 2539 3257 2609 pontiﬁcum
3300 2549 3357 2594 et
3412 2537 3718 2592 Pltariszeo-

2126 2647 2268 2695 rum,
2303 2634 2395 2700 qui
2426 2632 2719 2686 concilium
2761 2632 3022 2686 adversus
3052 2647 3175 2685 eum
3218 2630 3572 2700 collegerant,
3597 2645 3722 2685 con-

2123 2725 2275 2780 cilio.
2317 2727 2388 2779 At
2417 2740 2546 2780 vero
2575 2725 2884 2794 pontiﬁces,
2917 2734 2972 2778 et
3006 2731 3156 2778 totus
3188 2721 3498 2778 Judmorum
3530 2726 3721 2791 corpo-

2126 2813 2256 2870 ralis
2287 2814 2488 2880 cultus,
2537 2814 2932 2885 Pbarisaaique,
2976 2823 3034 2869 et
3086 2823 3199 2871 tota
3234 2813 3394 2884 Legis
3447 2814 3720 2879 doctrina,

2118 2905 2272 2976 juxta
2309 2908 2546 2963 litteram
2589 2905 2818 2961 insidias
2865 2905 3093 2960 molitur
3126 2906 3344 2960 veritati
3381 2902 3554 2977 (Jesu)
3582 2905 3724 2959 vult-

2124 3015 2231 3069 que
2259 2999 2488 3070 ﬁguram
2549 2999 2854 3054 subsistere
2881 3040 2897 3064 ,
2930 2997 3184 3052 veritatis
3223 2997 3718 3052 manifestatiouem

2127 3092 2464 3162 impediens;
2499 3099 2555 3145 et
2609 3105 2714 3145 non
2743 3103 2902 3144 secus
2943 3102 3010 3142 ac
3049 3102 3215 3153 caro,
3251 3088 3417 3141 etiam
3459 3088 3604 3142 hanc
3648 3089 3720 3142 ob

2126 3199 2347 3238 causam
2377 3181 2719 3251 concupiscit
2741 3182 3004 3236 adversus
3028 3180 3281 3248 spiritum
3310 3180 3351 3236 ‘.
3379 3181 3486 3236 Sed
3525 3180 3722 3236 fortior

2125 3293 2250 3332 cum
2289 3277 2360 3332 sit
2412 3275 2640 3345 spiritus
2689 3273 3088 3341 concupiscens
3139 3273 3406 3326 adversus
3443 3287 3709 3336 carnem,

2124 3380 2181 3424 et
2213 3384 2375 3424 verus
2415 3368 2726 3424 Servatoris
2785 3365 2958 3420 nostri
3021 3365 3359 3434 principatus
3417 3367 3712 3419 sacerdotii

2125 3462 2532 3532 spiritualisque
2563 3459 2707 3514 illius
2731 3458 3005 3520 doctrina,
3049 3457 3370 3526 pontiﬁcum
3415 3455 3720 3510 Pharisaeo-

2126 3570 2355 3624 rumque
2385 3553 2682 3609 concilium
2744 3551 3011 3606 adversus
3048 3565 3170 3606 eam
3215 3549 3440 3604 insidias
3499 3559 3716 3604 struen-

2127 3651 2260 3702 tium
2293 3649 2564 3702 dissolvit.
2604 3645 2730 3700 Haec
2771 3655 2952 3700 autem
2983 3643 3284 3699 etiamnum
3334 3644 3450 3696 ﬁeri
3482 3658 3716 3697 censen-

2125 3744 2249 3794 dum
2281 3750 2398 3802 est,
2452 3749 2510 3792 ut
2559 3749 2644 3792 est
2699 3750 2924 3790 cernere
2981 3735 3036 3789 in
3089 3735 3176 3788 bis
3231 3733 3322 3802 qui
3377 3733 3715 3802 spiritualetn

2123 3833 2326 3888 Christi
2359 3832 2667 3886 doctrinam
2727 3843 2825 3897 per
2872 3827 3216 3896 corporalem
3267 3823 3532 3880 Judaismi
3585 3839 3718 3880 con-

2126 3927 2479 3997 spirationem
2507 3923 2807 3979 dissolvere
2832 3919 3041 3974 volunt.

2197 4039 2286 4092 12.
2332 4056 2350 4088 ι
2386 4036 2537 4092 Unus
2563 4045 2740 4088 autem
2772 4032 3040 4102 quispiam
3073 4046 3137 4084 ex
3165 4032 3270 4096 bis,
3306 4031 3524 4085 nomine
3556 4029 3719 4087 Caia-

2123 4131 2279 4201 pbas,
2320 4145 2444 4184 cum
2482 4136 2626 4182 esset
2660 4126 2904 4194 pontifex
2931 4125 3057 4177 anni
3090 4124 3253 4189 illius,
3292 4126 3421 4177 dixit
3455 4125 3573 4179 eis:
3609 4123 3717 4180 Vos

2124 4222 2352 4277 nescitis
2387 4220 2707 4289 quidquam,
2745 4231 2847 4270 nec
2871 4217 3215 4286 perpenditis
3251 4217 3508 4286 expedire
3558 4219 3718 4273 nobis

2125 4325 2185 4370 ut
2211 4329 2351 4368 unus
2397 4313 2560 4366 homo
2617 4311 2884 4364 moriatur
2933 4324 3030 4377 pro
3078 4309 3302 4378 populo,
3349 4325 3414 4362 ac
3467 4325 3570 4362 non
3603 4318 3714 4364 to:a

2124 4421 2258 4478 gens
2286 4413 2492 4474 pereat.
2529 4402 2642 4456 Iloc
2666 4411 2848 4456 autem
2877 4416 2906 4453 a
2930 4400 3226 4468 semetipso
3255 4417 3359 4453 non
3391 4401 3528 4454 dixit
3555 4417 3570 4464 ;
3595 4408 3716 4464 sed,

435 4489 550 4543 ἀλλ’
583 4493 873 4564 ἀρχιερεὺς
899 4492 974 4546 ὣν
1004 4493 1097 4546 τοῦ
1131 4493 1378 4548 ἐνιαυτοῦ
1408 4496 1640 4561 ἐκείνου,
1677 4499 2019 4570 προεφήτευ-

2125 4513 2246 4554 cum
2283 4505 2427 4551 esset
2456 4493 2695 4565 pontifex
2723 4494 2846 4546 anni
2875 4492 3040 4554 illius,
3067 4492 3393 4545 vaticinatus
3416 4498 3501 4545 est"
3526 4491 3711 4547 Jesuut

437 4600 549 4648 σεν,
575 4585 656 4637 ὅτι
684 4585 905 4656 ἔμελλεν
929 4587 1135 4656 Ἰησοῦς
1162 4587 1522 4658 ἀποθνήσκειν
1537 4589 1675 4660 ὑπὲρ
1693 4590 1788 4642 τοῦ
1812 4589 2020 4655 ἔθνους·

435 4676 530 4731 xui.
565 4678 664 4748 ούχ
695 4679 835 4750 ὑπὲρ
854 4678 948 4731 τοῦ
973 4678 1158 4743 ἔθνους
1184 4679 1363 4750 μόνον,
1383 4679 1495 4733 ἀλλ’
1521 4680 1607 4734 ἵνα
1641 4681 1732 4734 xui.
1758 4683 1826 4735 τὰ
1855 4682 2021 4735 τέκνα

434 4769 528 4823 τοῦ
563 4771 698 4824 Θεοῦ
722 4772 789 4825 τά
815 4771 1275 4844 διεσκορπισμένα
1309 4774 1591 4846 συναγάγῃ
1626 4776 1705 4837 εἰς
1731 4775 1808 4827 ἓν.
1838 4794 1855 4825 ι
1885 4776 2021 4845 061i.

435 4862 490 4914 εῐ
521 4880 604 4926 τις
637 4863 992 4933 προφητεύει,
1029 4867 1315 4936 προφήτης
1349 4867 1498 4920 ἐστὶν
1531 4867 1759 4928 ἐκεῖνος.
1800 4868 1860 4920 '0
1887 4867 2020 4935 γοῦν

434 4953 712 5022 Καῖάφας,
748 4974 766 5006 ι
790 4956 1080 5027 ἀρχιερεὺς
1107 4955 1181 5009 ῶν
1209 4957 1302 5010 τοῦ
1331 4956 1577 5011 ἐνιαυτοῦ
1605 4957 1834 5021 ἐκείνου,
1860 4976 2022 5031 προε-

437 5044 670 5113 φήτευσε
710 5046 826 5115 μὲν,
861 5047 943 5098 ὄτι
977 5046 1200 5117 ἔμελλεν
1247 5047 1451 5116 Ἰησοῦς
1483 5046 1847 5118 ἀποθνήσκειν
1877 5050 2020 5121 ὑπὲρ

435 5131 528 5186 τοῦ
563 5132 779 5198 ἔθνους·
816 5137 910 5189 καὶ
942 5138 1040 5208 οὐχ
1072 5137 1213 5209 ὑπὲρ
1270 5138 1362 5191 τοῦ
1425 5138 1612 5202 ἔθνους
1669 5140 1845 5210 μόνον,
1906 5137 2034 5193 ἀλλ’

435 5225 522 5278 ἵνα
584 5229 678 5280 xui.
742 5227 814 5282 τὰ
875 5229 1040 5282 τέκνα
1100 5230 1196 5284 τοῦ
1259 5229 1394 5283 Θεοῦ
1461 5231 1530 5284 τὰ
1595 5231 2020 5304 διεσκορπισμέ-

435 5333 502 5369 να
563 5320 845 5392 συναγάγῃ
895 5322 976 5384 είς
1032 5320 1113 5384 ἓν,
1188 5342 1208 5375 ι
1264 5323 1324 5376 ού
1391 5325 1499 5398 μὴν
1562 5324 1657 5376 καὶ
1731 5325 2016 5396 προφήτης

437 5403 522 5478 ἦν.
572 5409 636 5464 Ei
682 5411 738 5464 δὲ
774 5412 870 5464 xui.
925 5412 1154 5484 Βαλαὰμ
1213 5418 1585 5486 προεφήτευσε
1650 5412 1720 5466 τὰ
1778 5417 1836 5466 ἐν
1905 5416 2018 5476 τοῖς

509 5600 528 5633 ⁸
555 5599 896 5665 Psal.xxxn,
925 5600 1010 5656 ιο.
1087 5603 1106 5632 ²
1139 5600 1292 5653 Rom.
1327 5615 1403 5666 xt,
1437 5601 1518 5654 ll.

509 5735 624 5807 (98)
653 5737 834 5792 Codex
861 5736 1085 5808 Regius,
1115 5737 1339 5808 ἀπδτῆς
1364 5737 1421 5802 ἐξ
1447 5736 1670 5789 ἐκείνων
1697 5733 2008 5804 ἐπιϐουλῆς.

511 5806 626 5880 (99)
658 5809 836 5863 Codex
873 5806 1096 5879 Regius,
1125 5806 1392 5876 βούλεται.

2129 4591 2452 4645 moriturum
2480 4601 2600 4641 esse
2627 4601 2724 4655 pro
2746 4594 3008 4656 gente;et
3031 4599 3135 4637 non
3162 4593 3370 4637 tantum
3408 4601 3506 4652 pro
3529 4596 3687 4653 gente

2128 4683 2224 4736 sed
2251 4691 2309 4734 ut
2343 4681 2508 4734 etiam
2546 4678 2687 4731 ﬁlios
2726 4676 2840 4739 Dei,
2869 4677 2960 4744 qui
2998 4685 3156 4728 erant
3196 4676 3452 4744 dispersi,
3487 4692 3713 4746 congre-

2128 4785 2281 4844 garet.
2311 4775 2363 4826 in
2395 4771 2615 4825 unum".
2640 4789 2659 4822 ι
2697 4769 2835 4831 Non,
2862 4771 2906 4823 si
2931 4769 3054 4838 quis
3073 4769 3386 4837 prophetat,
3429 4770 3551 4822 ideo
3581 4786 3708 4839 pro-

2127 4867 2290 4936 pheta
2313 4863 2697 4932 est.Caiapbas
2727 4861 2887 4929 igitur
2909 4878 2928 4912 ι
2965 4860 3204 4931 pontifex
3239 4877 3363 4916 cum
3409 4873 3552 4916 esset
3579 4865 3708 4918 anui

2129 4956 2294 5020 illius,
2324 4953 2666 5025 prophetavit
2700 4971 2719 5003 ι
2747 4951 2966 5021 quidem
3003 4970 3022 5003 ι
3046 4951 3232 5007 Jesum
3265 4953 3588 5008 moriturum
3612 4970 3711 5025 pro

2130 5056 2391 5116 gentezet
2414 5063 2521 5101 non
2549 5061 2647 5115 pro
2671 5055 2830 5116 gente
2853 5053 3084 5108 tantum,
3105 5046 3199 5099 sed
3225 5054 3282 5098 ut
3313 5044 3451 5098 ﬁlios
3477 5045 3592 5112 Dei,
3616 5047 3708 5116 qui

2129 5150 2285 5194 erant
2313 5139 2566 5210 dispersi,
2605 5147 2960 5210 congregaret
2983 5139 3038 5192 in
3068 5153 3272 5202 unum;
3304 5156 3322 5189 ι
3348 5137 3489 5190 baud
3529 5148 3710 5196 tamen

2131 5231 2394 5299 propheta
2429 5240 2568 5284 erat.
2614 5230 2770 5297 Quod
2815 5230 2862 5284 si
2907 5230 3074 5284 etiam
3114 5229 3326 5283 Balaam
3364 5231 3713 5296 propltetavit

2124 5338 2247 5392 quae
2266 5325 2317 5377 in
2342 5323 2705 5379 Numerorum
2732 5323 2869 5377 libro
2890 5335 3015 5377 sunt
3037 5325 3264 5391 scripta,
3293 5322 3509 5376 dicens:
3532 5339 3550 5373 ι
3579 5323 3712 5378 Ver-

2124 5417 2252 5471 bum
2285 5415 2448 5487 385
2491 5417 2635 5486 quod
2676 5417 2964 5473 immiserit
3009 5417 3150 5471 Deus
3187 5416 3236 5469 in
3254 5428 3315 5470 os
3363 5429 3568 5482 meum,
3603 5414 3710 5474 hoc

1599 5599 1619 5630 ³
1644 5599 1658 5652 I
1686 5599 1830 5654 Petr.
1857 5613 1917 5660 ιι,
1948 5598 2036 5652 I0.
2113 5597 2133 5628 ⁸
2161 5597 2336 5653 Galat.
2367 5613 2420 5661 ν,
2447 5597 2532 5651 l7.
2601 5599 2621 5630 ⁵
2644 5597 2802 5655 Joan.
2831 5597 2998 5659 “.49
3023 5613 3140 5667 seq.

2197 5734 2272 5804 (li
2304 5733 2445 5787 hient
2471 5733 2645 5804 codex
2669 5732 2880 5804 Regius
2911 5731 3240 5804 ἐμποδίζειν.

2201 5804 2276 5874 (‘2)
2309 5805 2488 5858 Codex
2521 5803 2740 5871 Regius,
2776 5803 3129 5872 βουλομένων.
