4182 6362
405 286 509 340 71ο9

1390 275 1745 335 COMMENT.
1782 273 1845 326 IN
1885 270 2078 327 JOAN.
2119 264 2360 322 TOMUS
2404 263 2641 320 XXVIII.

3563 265 3667 321 710

408 421 430 456 ι
461 401 526 456 0I
556 401 616 458 et
644 402 921 474 ἀρχιερεῖς
954 401 1047 454 καὶ⁵
1084 400 1145 453 τὸ
1189 399 1464 470 συνέδριον
1495 397 1572 470 (8)
1604 397 1829 468 ἐζήτουν
1858 395 1988 463 ψευ-

2093 388 2422 459 prehensum
2448 385 2634 440 Jcsum
2676 385 3025 442 abduxerunt
3049 387 3114 440 ad
3130 387 3426 456 Caiapham
3459 389 3668 458 princi—

399 495 769 568 δομαρτυρίαν
818 496 958 548 κατά
991 495 1084 548 τοῦ
1131 494 1306 565 Ἰησοῦ
1332 536 1348 560 ,
1398 496 1548 557 ὅπως
1588 493 1984 550 θανατώσουσιν

401 587 565 643 αὐτόν
590 605 605 618 ·
637 587 731 640 καὶ
761 587 859 658 οὐχ
884 580 1064 660 εὖρον,
1096 586 1308 640 πολλῶν
1340 585 1747 659 προσελθόντων
1790 585 1984 655 ψευδο-

406 679 721 752 μαρτύρων·
766 677 993 750 ὕστερον
1036 679 1093 732 δὲ
1143 679 1528 751 προσελθόντες
1559 678 1654 732 δύο
1681 678 1987 749 ψευδομάρ-

400 789 563 844 τυρες
621 768 806 824 εἷπον·
855 766 1025 834 Οὗτος
1067 770 1207 843 ἔφη·
1252 771 1495 842 Δύναμαι
1546 770 1846 824 καταλῦσαι
1895 770 1986 824 τὸν

401 866 529 922 ναὸν
571 865 665 919 τοῦ
704 864 861 931 Θεοῦ,
898 867 994 919 καὶ
1024 865 1112 918 διά
1148 864 1314 937 τριῶν
1353 864 1578 937 ἡμερῶν
1609 865 1982 936 οἰκοδομῆσαι.

402 961 513 1014 Καὶ
546 959 787 1022 ἀναστὰς
821 960 850 1013 ὀ
882 959 1172 1030 ἀρχιερεὺς
1220 952 1374 1010 εἶπεν
1421 957 1597 1028 αὐτῷ·
1633 956 1800 1010 Οὐδὲν
1852 957 1988 1010 ἀπο-

402 1053 596 1123 κρίνῃ;
633 1051 696 1103 Τί
727 1044 873 1104 οὗτοί
908 1069 999 1103 σου
1033 1049 1579 1122 καταμαρτυροῦσιν;
1614 1050 1672 1102 '0
1692 1050 1749 1102 δὲ
1777 1047 1988 1120 Ἰησοῦς

404 1141 635 1196 ἐσιώπα.
667 1143 774 1196 Καὶ
803 1145 831 1196 6
860 1143 1152 1213 ἀρχιερεὺς
1193 1137 1347 1196 εἶπεν
1386 1140 1560 1212 αὐτῷ·
1601 1141 1895 1213 Ἐξορκίζω
1927 1156 1986 1192 σε

403 1236 547 1289 κατά
575 1235 668 1289 τοῦ
697 1235 831 1288 Θεοῦ
867 1233 1068 1299 ζῶντος
1087 1274 1102 1299 ,
1133 1235 1219 1287 ἵνα
1239 1236 1373 1305 ἡμῖν
1402 1233 1564 1306 είπῃς
1589 1237 1637 1287 εἰ
1659 1233 1722 1286 σὺ
1740 1231 1832 1288 εϊό
1855 1236 1989 1305 Χρι-

404 1327 529 1391 στὸς
574 1328 604 1381 ὁ
649 1327 778 1391 Υίὸς
817 1327 913 1381 τοῦ
961 1327 1118 1380 Θεοῦ.
1159 1327 1324 1395 Λέγει
1371 1325 1519 1398 αὐτῷ
1555 1328 1584 1380 ὀ
1620 1327 1859 1397 Ἰησοῦς·
1912 1327 1986 1380 Σὺ

405 1415 586 1482 εἶπας.
632 1419 780 1490 Πλὴν
803 1418 945 1487 λέγω
967 1419 1117 1490 ὑμῖν,
1152 1418 1358 1490 ἀπάρτι
1382 1419 1577 1487 ὄψεσθε
1613 1419 1702 1473 τὸν
1731 1419 1861 1472 Υίόν
1889 1418 1985 1473 τοῦ

401 1510 690 1584 ἀνθρώπου
724 1511 1031 1582 καθήμενον
1061 1512 1127 1564 ἐκ
1163 1509 1353 1576 δεξιῶν
1396 1511 1496 1581 τῆς
1545 1510 1847 1582 δυνάμεως,
1893 1512 1988 1566 καὶ⁵

401 1604 694 1676 ἐρχόμενον
720 1605 812 1656 ἐπὶ
848 1603 956 1658 τῶν
989 1603 1229 1673 νεφελῶν
1262 1604 1355 1657 τοῦ
1392 1604 1644 1675 οὐρανοῦ.
1672 1605 1808 1658 Τότε
1837 1606 1865 1657 ὁ
1889 1606 1989 1677 ἀρ-

402 1700 619 1772 χιερεὺς
658 1699 909 1771 διέρρηξε
942 1699 1011 1754 τὰ
1057 1701 1250 1771 ίμάτια
1298 1698 1488 1762 αὑτοῦ,
1540 1699 1749 1768 λέγων·
1794 1701 1984 1755 Ἐϐλα-

404 1794 679 1864 σφήμησε·
716 1791 768 1843 τί
797 1791 874 1845 ἔτι
903 1793 1094 1862 χρείαν
1126 1791 1324 1863 ἔχομεν
1355 1791 1684 1863 μαρτύρων;
1726 1793 1854 1845 Ἰδοὺ
1889 1793 1985 1848 νῦν

403 1884 678 1955 ἠκούσατε
721 1885 819 1950 τὴν
872 1883 1221 1955 βλασφημίαν
1275 1883 1479 1937 αὑτοῦ·
1535 1885 1588 1937 τί
1637 1885 1766 1956 ὑμῖν
1801 1887 1982 1951 δοκεῖς

401 1978 463 2030 Ol
497 1976 553 2030 δὲ
585 1976 980 2048 ἀποκριθέντες
1011 1972 1184 2030 εἷπον·
1225 1977 1450 2048 Ἔνοχος
1477 1977 1707 2032 θανάτου
1746 1979 1915 2032 ἐστίν.
1961 1998 1979 2030 ι

400 2063 531 2120 Εἶτα
563 2067 722 2120 πάλιν
754 2067 871 2138 μεθ’
904 2067 1097 2138 ἕτερα·
1135 2086 1152 2119 ι
1194 2068 1306 2119 Καὶ
1335 2070 1392 2120 ἐν
1434 2067 1513 2138 τῷ
1564 2069 1985 2142 κατηγορεῖσθαι

399 2158 564 2213 αὐτὸν
603 2159 709 2212 ὑπὸ
741 2158 850 2212 τῶν
894 2159 1194 2231 ἀρχιερέων
1247 2159 1342 2213 ναὶ
1394 2160 1781 2232 πρεσϐυτέρων
1833 2162 1985 2215 οὐδὲν

401 2251 748 2322 ἀπεκρίνετο.
789 2270 807 2302 ι
857 2251 968 2304 Καὶ
999 2250 1162 2306 πάλιν
1195 2252 1312 2322 μετ’
1342 2252 1516 2322 ὀλίγα·
1555 2271 1574 2304 ι
1608 2255 1669 2305 υἱ
1697 2253 1755 2306 δὲ
1795 2253 1986 2324 ἀρχιε-

404 2345 516 2415 ρεῖς
556 2345 651 2396 καὶ
683 2346 730 2396 οί
759 2343 1116 2415 πρεσϐύτεροι
1157 2344 1381 2398 ἔπεισαν
1407 2345 1532 2409 τοὺς
1562 2345 1753 2415 ὄχλους
1787 2346 1873 2398 ἵνα
1905 2347 1989 2399 al-

401 2439 670 2507 τήσωνται
698 2437 788 2489 τὸν
829 2435 1122 2506 Βαραϐϐᾶν
1149 2479 1164 2502 ,
1201 2437 1293 2490 τὸν
1339 2438 1397 2491 δὲ
1446 2436 1652 2509 Ἰησοῦν
1701 2436 1986 2491 ἀπολέσω-

403 2545 508 2582 σιν.
548 2548 566 2579 ι
622 2524 754 2581 Εἶτα
801 2529 939 2599 μετά
983 2528 1081 2600 τὴν
1138 2531 1432 2584 ἀνάστασιν
1477 2529 1568 2583 τοῦ
1606 2531 1858 2600 Σωτῆρος
1891 2545 1989 2582 πο-

404 2621 712 2690 ρευομένων
741 2621 960 2692 Μαρίας
1007 2623 1104 2692 τῆς
1138 2623 1525 2693 Μαγδαληνῆς,
1558 2623 1653 2675 καὶ⁸
1686 2621 1786 2692 τῆς
1819 2621 1987 2691 ἄλλης

401 2715 639 2787 Μαρίας,
672 2735 689 2766 ι
727 2715 835 2769 ίδού
855 2733 999 2779 τινες
1019 2714 1120 2786 τῆς
1151 2715 1480 2778 κουστωδίας
1509 2714 1754 2777 ἐλθόντες
1782 2715 1862 2777 είς
1891 2713 1987 2784 τὴν

403 2804 558 2857 πόλιν
583 2803 925 2875 ἀπήγγειλαν
962 2805 1074 2868 τοῖς
1108 2802 1426 2876 ἀρχιερεῦσι
1480 2803 1660 2858 πάντα
1708 2802 1779 2855 τὰ
1831 2802 1986 2870 γενό-

395 2910 577 2956 ιμενα·
632 2894 728 2946 καὶ
782 2893 1139 2963 συναχθέντες
1202 2893 1342 2965 μετά
1386 2893 1494 2947 τῶν
1554 2893 1944 2965 πρεσϐυτέρων
1970 2933 1985 2955 ,

404 2985 727 3057 συμϐούλιόν
757 3003 818 3038 τε
853 2985 1108 3050 λαϐόντες
1128 3024 1144 3049 ,
1177 2985 1417 3057 ἀργύρια
1447 2983 1611 3039 ἰκανά
1640 2971 1845 3038 ἔδωκαν
1877 2987 1989 3048 τοῖς

405 3077 783 3150 στρατιώταις,
817 3077 1066 3148 λέγοντες
1085 3095 1098 3108 ·
1150 3078 1354 3132 Εἴπατε
1373 3118 1388 3143 ,
1418 3079 1503 3131 ὅτι
1541 3079 1591 3130 οἱ
1625 3078 1861 3148 μαθηταὶ
1893 3077 1990 3130 αὑ-
2018 3108 2063 3168 c

403 3163 519 3231 τοῦ,
546 3165 792 3230 ἐλθόντες
825 3166 1048 3229 νυκτὸς,
1099 3165 1333 3236 ἔκλεψαν
1381 3165 1564 3230 αὐτὸν,
1599 3166 1757 3237 ἡμῶν
1785 3183 1993 3238 κοιμω-

407 3256 585 3327 μένων
605 3272 620 3286 ·
657 3256 762 3310 κᾶν
788 3256 1029 3327 ἀκουσθῇ
1057 3257 1218 3309 τοῦτο
1251 3256 1344 3310 ἐπὶ
1371 3255 1466 3308 τοῦ
1499 3256 1788 3327 ἡγεμόνος,
1828 3259 1994 3328 ἡμεῖς

403 3350 668 3417 πείσομεν
711 3348 873 3401 αὑτὸν
923 3347 1039 3420 (9),
1075 3349 1170 3402 καὶ
1204 3349 1352 3418 ὑμᾶς
1388 3348 1730 3421 ἀμερίμνους
1771 3351 1994 3422 ποιήσο-

403 3453 560 3507 μεν.)
596 3438 810 3500 Λουκᾶς
830 3437 887 3490 δὲ
917 3435 1226 3508 ἀνέγραψεν
1245 3477 1260 3500 ,
1291 3437 1396 3499 ὅτι,
1434 3455 1453 3487 ι
1485 3436 1715 3508 Εἰσῆλθε
1745 3438 1994 3501 Σατανᾶς

406 3526 726 3604 είςὶΊούδαν
760 3527 1186 3600 ἐπικαλούμενον
1231 3527 1604 3599 Ἰσκαριώτην,
1632 3528 1758 3582 ὄντα
1793 3531 1857 3582 ἐκ
1899 3529 1992 3583 τοῦ

406 3619 642 3692 ἀριθμοῦ
685 3616 801 3674 τῶν
823 3621 1052 3684 δώδεκα,
1093 3622 1188 3676 καὶ
1222 3621 1473 3675 ἀπελθὼν
1521 3621 1850 3693 συνελάλησε
1882 3626 1995 3685 τοῖς

407 3711 723 3784 ἀρχιερεῦσι
769 3714 865 3767 καὶ
919 3715 1248 3785 στρατηγοῖς
1280 3752 1296 3776 ,
1354 3713 1504 3776 ὅπως
1549 3713 1712 3767 αὐτὸν
1766 3713 1996 3785 παραδῷ

409 3809 614 3871 αὐτοῖς.
643 3826 663 3857 ι
698 3804 830 3860 Εἶτα
855 3807 973 3878 μετ’
1001 3805 1177 3875 ὀλίγα·
1208 3824 1226 3856 ι
1252 3803 1417 3870 Εἷπε,
1475 3805 1661 3877 φησὶν,
1699 3807 1728 3858 ὀ
1789 3804 1996 3876 Ἰησοῦς

411 3899 547 3969 πρὸς
577 3899 703 3962 τοὺς
744 3897 1222 3970 παραγενομένους
1267 3897 1354 3949 ἐπ’
1385 3897 1545 3951 αὑτὸν
1578 3897 1854 3968 ἀρχιερεῖς
1901 3897 1998 3951 καὶ

413 3989 754 4059 στρατηγοὺς
804 3986 900 4040 τοῦ
955 3985 1140 4058 ἱεροῦ,
1181 3987 1277 4040 καὶ
1308 3986 1732 4061 πρεσϐυτέρους·
1779 3987 1868 4050 Ὠς
1901 3986 1996 4040 ἐπὶ

410 4079 615 4152 λῃστὴν
646 4078 1072 4152 ἐξήλθετεμετὰ
1129 4078 1411 4151 μαχαιρῶν
1465 4079 1559 4132 καὶ⁸
1617 4077 1807 4144 ξύλων·
1845 4098 1864 4131 ι
1903 4079 1998 4134 καὶ

413 4173 532 4244 μετ’
563 4172 720 4241 ὀλίγα
743 4190 757 4204 ·
794 4191 813 4224 ι
846 4171 1214 4235 Συλλαϐόντες
1260 4171 1426 4225 αὑτὸν
1461 4167 1599 4242 ἦγον
1621 4212 1636 4236 ,
1691 4173 1788 4225 καὶ
1846 4172 1998 4243 εἰσή-

410 4283 582 4336 γαγον
607 4268 688 4330 εἰς
713 4266 812 4338 τὴν
847 4265 1026 4319 οίκίαν
1066 4263 1161 4317 τοῦ
1202 4264 1527 4336 ἀρχιερέως·
1557 4283 1576 4315 ι
1607 4265 1702 4318 καὶ
1751 4263 1831 4318 ἔτι
1877 4262 1995 4335 μετ’

409 4357 586 4424 ὀλίγα·
613 4376 632 4411 ι
667 4358 1030 4430 Είστήκεισαν
1058 4358 1109 4410 oi.
1133 4357 1413 4427 ἀρχιερεῖς
1439 4355 1536 4408 καὶ
1568 4357 1616 4408 οί
1645 4357 1995 4427 γραμματεῖς

2086 495 2208 549 pem
2241 477 2610 539 sacerdotum.
2653 477 2745 530 ubi
2781 476 2990 532 Scriba:
3019 487 3071 531 et
3098 479 3345 534 seniores
3397 494 3670 534 convene-

2090 580 2257 636 rant;
2291 588 2309 622 ι
2349 580 2472 639 post
2505 584 2678 638 pauca
2699 570 2865 625 etiam
2902 569 3071 626 infert
3094 569 3137 602 “
3165 588 3180 623 :
3218 589 3236 622 ι
3272 569 3554 639 Principes
3576 587 3672 624 au-

2089 672 2196 715 tem
2229 661 2574 717 sacerdotum
2599 673 2656 716 et
2684 662 2978 717 concilium
3013 663 3334 731 quaerebant
3363 662 3558 716 falsum
3589 674 3672 717 te-

2087 753 2404 807 stimonium
2439 762 2632 806 contra
2661 751 2868 820 Jesum,
2902 765 2963 807 ut
2999 754 3161 808 morti
3189 769 3312 807 eum
3345 753 3669 819 traderent,

2087 855 2142 899 et
2167 860 2274 899 non
2308 845 2680 912 inveniebant,
2705 846 2869 900 etiam
2896 861 3018 901 cum
3044 847 3198 900 multi
3228 845 3345 900 falsi
3383 855 3547 901 testes
3575 860 3668 900 ac-

2087 935 2387 992 cessissent
2417 954 2432 991 :
2488 944 2770 1007 postremo
2798 948 2980 992 autem
3028 937 3369 992 advenerunt
3408 939 3516 992 duo
3545 936 3669 992 falsi

2089 1035 2277 1094 testes,
2319 1039 2375 1083 et
2417 1030 2720 1084 dixerunt:
2756 1028 2854 1084 l-Iic
2897 1031 3070 1088 dixit:
3109 1029 3337 1086 Possum
3384 1032 3672 1086 destruere

2091 1118 2350 1187 templum
2381 1118 2497 1183 Dei,
2529 1119 2668 1174 etin
2693 1119 2882 1174 triduo
2917 1120 3192 1174 aediﬁcare
3230 1119 3383 1174 illud.
3432 1121 3501 1174 Et
3552 1136 3675 1175 sur-

2089 1227 2222 1282 gens
2243 1211 2497 1281 princeps
2518 1213 2864 1266 sacerdotum
2898 1213 2977 1266 ait
3008 1212 3084 1265 illi
3114 1230 3128 1265 :
3160 1210 3308 1266 Nihil
3334 1213 3674 1282 respondes?

2090 1303 2200 1359 Cur
2221 1303 2306 1359 isti
2331 1306 2618 1359 adversum
2657 1313 2709 1358 te
2733 1304 3141 1358 testiﬁcantur?
3169 1302 3330 1359 Jesus
3381 1314 3560 1359 autem
3591 1313 3673 1358 la-

2090 1397 2267 1453 cebat.
2300 1395 2367 1450 Et
2400 1395 2655 1466 princeps
2684 1397 3029 1451 sacerdotum
3071 1394 3208 1449 dixit
3235 1395 3306 1451 illi
3340 1414 3353 1450 :
3393 1395 3598 1465 Adjuro
3622 1404 3676 1450 te

2089 1501 2186 1556 per
2215 1487 2384 1541 Deum
2405 1486 2611 1552 vivum,
2648 1493 2709 1540 ut
2743 1486 2892 1541 dicas
2931 1485 3086 1540 nobis
3116 1501 3184 1540 an
3217 1496 3272 1540 tu
3320 1487 3397 1541 sis
3421 1485 3675 1541 Christus

2089 1579 2265 1635 Filius
2285 1580 2403 1635 Dei.
2437 1579 2581 1634 Dicit
2605 1577 2894 1634 illiJesus:
2927 1577 3006 1631 Tu
3045 1577 3256 1632 dixisti.
3282 1577 3673 1634 Verumtamen

2091 1675 2214 1730 dico
2247 1674 2404 1729 vobis
2433 1692 2444 1727 :
2479 1672 2595 1742 jam
2630 1673 2758 1727 hinc
2792 1671 3048 1727 videbitis
3075 1671 3270 1726 Filium
3315 1673 3555 1727 hominis
3580 1685 3670 1727 se-

2018 1749 2060 1803 B
2091 1768 2309 1823 dentem
2332 1781 2364 1821 a
2388 1765 2597 1822 dextris
2625 1765 2906 1834 potentiae,
2936 1775 2990 1818 et
3013 1765 3321 1819 venientem
3351 1765 3405 1818 in
3438 1763 3678 1820 nubibus

2091 1858 2238 1914 cmli.
2261 1857 2414 1913 Tunc
2436 1857 2693 1926 princeps
2721 1855 3068 1910 sacerdotum
3092 1854 3326 1923 disrupit
3349 1854 3673 1909 vestimenta

2093 1968 2190 2008 sua
2222 1953 2449 2008 dicens:
2479 1950 2802 2005 Prolocutus
2835 1957 2922 2002 est
2966 1947 3397 2017 blasphemiam;
3447 1946 3578 2016 quid
3604 1947 3678 1999 in-

2093 2057 2257 2113 super
2277 2056 2499 2112 egemus
2531 2038 2806 2094 testibus?
2835 2037 2976 2093 Ecce
3007 2054 3150 2092 nunc
3172 2038 3403 2092 audistis
3427 2035 3678 2105 blasphe-

2095 2136 2262 2190 miam
2287 2135 2408 2204 ejus
2437 2151 2453 2201 ;
2489 2133 2621 2203 quid
2650 2130 2806 2186 vobis
2835 2130 3096 2185 videtur?
3124 2131 3193 2183 At
3235 2129 3306 2183 illi
3341 2129 3677 2198 responden-

2093 2238 2175 2284 tes
2201 2230 2498 2282 dixerunt:
2539 2227 2684 2280 Reus
2712 2232 2798 2279 est
2848 2225 3065 2278 mortis.
3121 2241 3141 2274 ι
3197 2222 3407 2277 Deinde
3456 2237 3674 2276 rursum

2093 2332 2218 2391 post
2237 2321 2343 2375 alia
2377 2322 2467 2374 ‘5:
2509 2338 2529 2371 ι
2574 2319 2639 2374 Ει
2691 2335 2815 2375 cum
2869 2328 3283 2372 accusaretura
3333 2315 3678 2386 principibus

2096 2413 2442 2469 sacerdotum
2471 2421 2527 2466 et
2554 2411 2887 2474 senioribus,
2941 2409 3081 2463 nihil
3134 2407 3436 2475 respondit.
3473 2423 3493 2458 ι
3533 2405 3678 2460 Rur-

2094 2521 2324 2576 sumque
2370 2517 2494 2576 post
2549 2520 2723 2574 pauca
2755 2505 2802 2536 ¹⁸
2833 2521 2846 2557 :
2883 2520 2902 2553 ι
2945 2501 3226 2570 Principes
3265 2509 3444 2554 autem
3494 2513 3671 2554 sacer-

2094 2603 2280 2656 dotum
2321 2609 2376 2654 et
2403 2599 2648 2653 seniores
2683 2605 3083 2665 persuaserunt
3106 2591 3475 2656 multitudini,
3504 2601 3564 2645 ut
3586 2606 3681 2660 pe-

2097 2703 2274 2749 tereut
2311 2691 2634 2758 Barabbam,
2669 2688 2855 2744 Je’sum
2904 2703 3035 2740 vero
3063 2686 3374 2755 perderent.
3407 2703 3428 2736 ι
3484 2682 3678 2738 Postea

2093 2793 2219 2854 post
2241 2783 2699 2838 resurrectionem
2742 2779 3085 2843 Servatoris,
3128 2777 3457 2833 abeuntibus
3509 2773 3679 2828 Maria

2095 2878 2412 2949 Magdalena
2440 2887 2494 2931 et
2531 2874 2702 2930 altera
2733 2871 2927 2938 Maria,
2956 2892 2976 2925 ι
3023 2885 3156 2926 ecce
3189 2870 3409 2939 quidam
3460 2883 3529 2923 ex
3586 2882 3682 2921 cu-

2097 2970 2268 3025 stodia
2305 2977 2570 3024 venerunt
2599 2967 2651 3020 in
2684 2968 2986 3030 civitatem,
3019 2979 3085 3019 ac
3123 2963 3443 3017 mmtiarunt
3471 2959 3678 3030 princi-

2098 3061 2255 3129 pibus
2303 3063 2646 3115 sacerdotum
2697 3058 2881 3111 omnia
2915 3069 3037 3125 qua;
3088 3055 3401 3110 acciderant
3430 3069 3445 3105 :
3474 3058 3682 3104 etcou-

2095 3151 2300 3223 gregali
2353 3167 2477 3206 cum
2529 3151 2872 3213 senioribus,
2906 3147 3138 3203 consilio
3176 3153 3356 3214 captu,
3393 3141 3678 3213 pecuniam

2094 3258 2441 3299 numerosam
2476 3242 2743 3296 dederunt
2790 3239 3066 3293 militibus
3119 3237 3363 3291 dicentes
3396 3251 3410 3287 :
3454 3233 3630 3286 Dicite
3662 3249 3676 3286 :

2095 3335 2352 3406 Discipuli
2391 3335 2507 3404 ejus
2536 3345 2695 3389 nocte
2717 3339 3010 3396 venerunt,
3054 3339 3109 3386 et
3145 3329 3309 3382 furati
3345 3335 3472 3380 sunt
3507 3339 3632 3379 eum
3661 3365 3678 3388 ,

2095 3429 2252 3483 nobis
2288 3427 2728 3492 dormientibus;
2768 3434 2824 3481 et
2874 3425 2919 3478 si
2955 3425 3060 3478 hoc
3086 3420 3334 3476 auditum
3359 3419 3523 3472 fuerit
3575 3417 3680 3475 sub

2096 3517 2344 3588 praeside,
2371 3531 2470 3570 nos
2499 3517 2946 3585 persuadebimus
2983 3513 3059 3577 ei,
3095 3522 3150 3566 et
3186 3525 3412 3566 securos
3455 3524 3551 3564 vos
3599 3507 3684 3562 fa-

2095 3609 2304 3664 ciemus
2332 3609 2396 3662 ".
2438 3626 2458 3659 ι
2501 3609 2568 3662 At
2598 3608 2774 3662 Lucas
2802 3607 2845 3639 ’⁸
2878 3604 3096 3675 scripsit
3121 3603 3261 3672 quod
3293 3621 3311 3654 ι
3341 3601 3621 3671 ingressus
3655 3619 3674 3652 ι

2095 3699 2263 3756 fuerit
2297 3717 2316 3751 ι
2359 3698 2591 3754 Satanas
2625 3700 2676 3753 in
2703 3698 2920 3758 Iudam,
2949 3697 3033 3751 cui
3061 3707 3360 3766 cognomen
3389 3701 3509 3746 erat
3539 3689 3682 3746 lsca—

2096 3793 2286 3859 riotes,
2311 3793 2403 3862 qui
2430 3803 2551 3846 erat
2590 3809 2653 3846 ex
2698 3805 2926 3846 numero
2946 3787 3255 3852 duodecim,
3287 3785 3530 3854 abiitque
3552 3822 3568 3847 ,
3626 3793 3684 3837 et

2094 3883 2310 3940 locutus
2325 3893 2410 3938 est
2429 3899 2552 3940 cum
2579 3880 2917 3953 principibus
2939 3879 3305 3943 sacerdotum,
3323 3892 3387 3931 ac
3403 3875 3685 3946 magistra-

2098 3978 2268 4043 tibus,
2294 3977 2568 4046 quomodo
2602 3989 2729 4031 eum
2777 3975 3020 4029 traderet
3072 3969 3197 4026 illis.
3241 3989 3260 4022 ι
3301 3969 3508 4024 Deinde
3559 3978 3685 4037 post

2095 4085 2265 4141 pauca
2298 4071 2340 4102 “
2372 4085 2387 4124 :
2422 4086 2442 4121 ι
2491 4067 2661 4136 Dixit,
2717 4062 3098 4137 inquit,.lesus
3150 4062 3216 4117 iis
3270 4060 3366 4131 qui
3413 4067 3684 4114 venerant

2095 4163 2261 4234 387
2295 4163 2361 4218 ad
2395 4177 2475 4229 se,
2496 4159 2836 4232 principibus
2860 4157 3224 4218 sacerdotum,
3257 4169 3322 4208 ac
3357 4151 3692 4221 magistrati-

2097 4257 2200 4312 bus
2229 4253 2432 4323 templi,
2457 4263 2512 4308 et
2531 4251 2841 4307 senioribus
2863 4267 2875 4302 :
2901 4247 3070 4314 Quasi
3098 4246 3164 4300 ad
3194 4245 3462 4299 latronem
3490 4239 3690 4296 existis

2098 4360 2220 4400 cum
2248 4343 2445 4415 gladiis
2495 4353 2551 4398 et
2589 4339 2841 4396 fustibus.
2873 4358 2892 4392 ι
2922 4339 2982 4392 Et
3006 4346 3127 4407 post
3149 4350 3320 4407 pauca
3338 4334 3384 4366 ¹⁰
3418 4351 3433 4389 :
3465 4353 3484 4384 ι
3521 4331 3690 4388 Com-

411 4451 642 4514 εὐτόνως
677 4423 1111 4523 κατηγοροῦντες
1142 4423 1328 4502 αὑτοῦ·
1369 4468 1388 4500 ι
1422 4449 1516 4504 καὶ
1549 4423 1710 4502 πάλιν
1747 4423 1863 4520 μετ’
1883 4446 1992 4502 ὀλί-

2099 4438 2430 4507 prehensum
2457 4443 2642 4489 autem
2675 4446 2798 4489 eum
2831 4432 3131 4494 duxerunt,
3160 4438 3216 4484 et
3248 4428 3582 4482 induxerunt
3630 4423 3684 4479 in

412 4557 504 4611 γα·
548 4561 569 4594 ι
609 4541 696 4606 Ὦς
726 4543 911 4614 ἡμέρα
939 4541 1048 4612 (10)
1077 4541 1294 4611 ἐγένετο
1319 4581 1334 4604 ,
1367 4539 1609 4612 συνήχθη
1654 4539 1717 4592 τὺ
1759 4539 2000 4611 πρεσϐυ-

412 4634 596 4706 τέριον
646 4633 741 4686 τοῦ
789 4631 943 4695 λαοῦ,
980 4633 1257 4704 ἀρχιερεῖς
1285 4648 1345 4684 τε
1373 4630 1468 4685 καὶ
1496 4631 1867 4701 γραμματεῖς,
1904 4628 2000 4682 καὶ

414 4727 703 4798 ἀπήγαγον
743 4726 907 4781 αὐτὸν
955 4728 1035 4788 είς
1087 4725 1150 4778 τὺ
1203 4724 1479 4794 συνέδριον
1526 4721 1729 4777 αὐτῶν.
1765 4740 1784 4774 ι
1831 4723 1890 4774 '0
1939 4721 1998 4774 δὲ

413 4820 640 4893 Μάρκος
673 4819 837 4890 φησὶν
865 4858 880 4882 ,
935 4818 1019 4871 ὅτι
1073 4835 1093 4868 ι
1130 4814 1332 4879 Ἰούδας
1368 4811 1744 4884 Ἰσκαριώτης,
1774 4805 1855 4877 εἷς
1888 4810 1998 4865 τῶν

414 4911 646 4976 δώδεκα,
683 4909 956 4983 προσῆλθε
989 4908 1126 4981 πρὸς
1148 4909 1274 4971 τοὺς
1312 4907 1624 4979 ἀρχιερεῖς,
1652 4905 1741 4959 ἵνα
1771 4900 2001 4974 παραδῷ

416 5002 600 5059 αὐτόν·
627 5005 679 5057 ol.
710 5002 768 5056 δέ
807 5001 1141 5063 ἀκούσαντες
1167 4998 1467 5070 ἐχάρησαν.
1503 4997 1600 5052 καὶ
1631 4993 2006 5067 ἐπηγγείλαν-

415 5111 480 5149 το
501 5093 613 5167 (11)
631 5092 781 5164 αὐτῷ
795 5091 1057 5164 ἀργύριον
1077 5089 1280 5145 δοῦναι·
1312 5107 1330 5140 ι
1361 5089 1454 5142 καὶ
1479 5087 1596 5159 μετ’
1624 5086 1803 5156 ὀλίγα·
1841 5086 2000 5139 «Ἔτι

418 5185 513 5242 τοῦ
546 5183 720 5256 Ἰησοῦ
743 5179 1052 5247 λαλοῦντος,
1081 5181 1442 5256 παραγίνεται
1480 5178 1683 5242 Ἰούδας
1714 5174 1999 5249 Ἰσκαριώ-

492 5277 540 5311 ¹⁵
565 5276 759 5332 Matth.
785 5291 935 5338 xxVI,
962 5275 1030 5330 59
1076 5289 1195 5344 seq.

1273 5273 1316 5306 ¹⁵
1343 5271 1542 5326 Matth.
1576 5285 1747 5334 xxvn,
1771 5269 1888 5323 1‘2.-
1958 5266 2003 5298 "
2025 5264 2160 5320 ibid.
2190 5263 2285 5319 9.0.
2356 5263 2395 5294 ¹“¹
2420 5262 2616 5334 Matth.
2646 5276 2845 5334 xxvm,
2869 5259 2932 5334 ιι
2959 5275 3075 5332 seq.

2105 4531 2326 4586 domum
2384 4526 2648 4597 principis
2698 4525 3046 4580 sacerdotum
3087 4538 3102 4589 ;
3161 4539 3181 4573 ι
3235 4529 3292 4575 et
3342 4519 3520 4574 adhuc
3565 4527 3688 4588 post

2104 4635 2275 4693 pauca
2296 4620 2342 4653 ’ί
2375 4637 2391 4674 :
2429 4637 2450 4672 ι
2490 4617 2724 4674 Stabant
2755 4627 2940 4672 autem
2966 4613 3243 4686 principes
3260 4611 3606 4667 sacerdomm
3632 4617 3690 4663 et

2106 4713 2301 4769 scriba:
2331 4712 2534 4768 acriter
2583 4719 2903 4764 accusantes
2932 4721 3098 4774 eum;
3144 4724 3164 4757 ι
3211 4717 3540 4771 rursumque
3565 4708 3690 4770 post

2103 4818 2278 4878 pauca
2309 4808 2355 4846 ³¹
2386 4824 2402 4864 :
2437 4823 2458 4860 ι
2494 4805 2568 4863 Ut
2623 4803 2827 4868 illuxit,
2861 4806 3234 4858 convenerunt
3291 4795 3542 4851 seniores
3586 4805 3687 4862 po-

2106 4899 2238 4970 puli,
2275 4897 2662 4970 principesque
2698 4893 3068 4957 sacerdotum,
3119 4899 3176 4946 et
3221 4888 3416 4946 scriba:
3449 4924 3466 4951 ,
3517 4885 3690 4940 duxe-

2107 4999 2342 5060 runtque
2373 4987 2522 5042 illum
2561 4987 2616 5041 in
2656 4984 2951 5040 concilium
2985 4997 3171 5039 suum.
3202 4999 3222 5032 ι
3255 4978 3428 5034 Porro
3464 4974 3685 5030 Marcus

2106 5083 2284 5152 inquit
2314 5080 2362 5114 “
2396 5098 2412 5136 :
2447 5097 2466 5132 ι
2500 5077 2664 5134 ludas
2691 5077 3000 5142 lscariotes,
3032 5088 3172 5130 unus
3199 5088 3267 5128 ex
3295 5083 3524 5126 numero
3550 5069 3690 5123 duo-

2105 5172 2310 5239 decim,
2343 5170 2573 5226 accessit
2603 5170 2668 5224 ad
2693 5183 2936 5225 summos
2959 5167 3292 5226 sacerdotes,
3323 5169 3385 5217 ut
3432 5160 3690 5232 proderet

3153 5258 3197 5292 ¹⁸
3226 5256 3360 5312 Luc.
3382 5267 3520 5318 xm,
3543 5253 3602 5318 ὅ,
3627 5251 3686 5308 ι.

423 5348 468 5382 ¹⁹
495 5331 634 5404 ibid.
660 5346 751 5406 53.
827 5347 872 5378 '°
895 5331 1026 5400 ibid.
1056 5331 1171 5400 54..
1223 5343 1268 5374 ¹¹
1306 5342 1440 5396 Luc.
1475 5357 1633 5404 χχιιι,
1661 5331 1752 5395 10.
1828 5339 1875 5369 ²¹
1905 5337 2038 5392 Luc.
2080 5334 2312 5401 xxtt,66.
2390 5333 2438 5366 ”
2478 5331 2649 5386 Marc.
2683 5347 2799 5396 xw,
2826 5331 2918 5385 10.

381 5511 385 5514 ι
493 5441 576 5514 (8)
606 5444 674 5514 οι
785 5438 1080 5514 ἀρχιερεῖς
1105 5437 1205 5514 καὶ
1227 5437 1293 5492 τὸ
1329 5437 1674 5514 συκέδριον.
1705 5433 1798 5488 Sic
1822 5433 2002 5514 ‘habe‘t

423 5503 594 5568 codex
625 5503 980 5571 Bodleianus';
1024 5503 1226 5578 Regius
1257 5524 1406 5575 vero,
1435 5509 1464 5560 6
1493 5503 1549 5560 δὲ
1592 5503 1884 5579 ἀρχιερεὺς
1907 5503 2001 5555 καὶ

423 5581 811 5655 τδευνωριον.
864 5649 899 5655 _
1070 5651 1082 5655 _
1244 5647 1277 5655 η
1402 5645 1442 5655 _
1523 5645 1536 5655 .
1725 5645 1736 5655 _
1805 5644 1817 5655 _
1891 5642 1904 5652 ,

500 5644 818 5717 (91Αὗτόν.
864 5649 1027 5707 Deest
1069 5651 1124 5706 in
1159 5647 1348 5704 codice
1402 5645 1596 5718 Regio,
1644 5645 1738 5703 sed
1805 5644 2001 5714 legitur

428 5727 482 5782 in
515 5721 834 5780 Bodleiano.
1203 5757 1206 5760 η

2172 5429 2290 5500 (10)
2315 5426 2439 5500 Καὶ
2465 5426 2652 5500 πάλιν
2668 5425 2797 5494 μετ’
2827 5423 3032 5500 ὀᾴζτα·
3079 5419 3173 5486 Ὦς
3200 5420 3426 5500 ἡμέρα,-
3441 5426 3547 5500 etc.
3571 5413 3683 5496 Imc

2105 5490 2381 5556 locus'ille
2409 5490 2805 5561 praecedentem
2839 5490 2999 5547 debet
3037 5497 3373 5559 praecedere,
3413 5490 3505 5561 hic
3533 5490 3681 5561 enim

2107 5555 2337 5626 habetur
2384 5555 2520 5624 Luc.
2576 5581 2713 5632 xxu,
2754 5561 2846 5629 66,
2891 5563 2982 5617 ille
3014 5555 3152 5616 an.
3199 5555 3489 5627 xxm,10.
3534 5555 3684 5616 HUI-

2111 5655 2290 5782 Tu(llsl)
2323 5709 2502 5766 Codex
2547 5706 2770 5778 Regius,
2795 5701 2954 5770 male,
2989 5697 3356 5771 ἐπηγγείλατο
