4182 6376
507 240 608 295 ’111

2001 236 2329 295 ΟΠΙΟΕΝΙΒ

3694 257 3798 311 ’112

507 377 631 415 eum
661 360 764 415 illis
798 379 812 414 :
847 360 950 414 hoc
1004 369 1186 415 autem
1242 359 1318 414 illi
1353 360 1538 414 audito
1577 359 1746 429 gavisi
1804 371 1934 415 sunt
1961 402 1978 425 ,
2039 375 2080 417 el

2197 381 2316 434 της,
2337 356 2418 427 εἷς
2440 363 2548 417 τῶν
2575 364 2805 430 δώδεκα,
2831 369 2925 422 καὶ
2951 371 3072 439 μετ’
3103 369 3266 424 αὐτοῦ
3293 369 3448 440 δχλος
3473 373 3640 436 πολὺς
3660 379 3801 444 μετά

508 452 732 525 polliciti
776 464 904 506 sunt
941 453 989 504 ci
1038 453 1324 520 pecuniam
1352 467 1414 505 se
1442 451 1664 506 daturos
1693 452 1779 516 ἰς
1817 472 1835 504 ι
1873 464 1928 507 et
1975 465 2100 522 post

2205 457 2490 528 μαχαιρῶν
2523 459 2618 513 καὶ
2649 459 2843 526 ξύλων,
2864 462 3016 533 παρά
3034 462 3144 516 τῶν
3171 463 3472 535 ἀρχιερέων
3491 465 3586 519 καὶ
3612 483 3798 538 γραμ-

507 560 678 616 pauca
711 562 724 597 :
772 563 792 594 ι
825 545 1019 597 Adhuc
1045 543 1301 612 loquente
1335 540 1483 606 Jesu,
1521 543 1738 596 accedit
1759 541 1926 598 Judas
1953 543 2080 598 lsca‘

2204 548 2422 618 ματέων
2450 551 2542 603 καὶ
2576 551 2685 604 τῶν
2711 553 3046 624 Φαρισαίων,
3082 557 3175 608 καὶ
3206 556 3614 628 πρεσϐυτέρων·
3650 578 3667 608 ι
3700 558 3798 612 καὶ

508 639 697 702 riotes,
729 637 820 707 qui
855 645 974 691 erat
997 651 1138 689 unus
1168 651 1199 688 e
1231 635 1542 698 duodecim,
1574 644 1777 688 etcum
1807 635 1902 691 illo
1938 638 2095 692 turba

487 731 678 806 multa
719 745 842 784 cum
876 729 1092 799 gladiis,
1124 737 1181 784 et
1213 727 1487 792 fustibus,
1513 742 1544 781 a
1578 730 1808 784 summis
1836 729 2094 784 sacerdo-

507 824 671 889 tibus,
707 831 762 877 et
800 822 1018 886 scribis,
1057 831 1112 876 et
1147 820 1496 886 senioribus;
1529 839 1548 872 ι
1584 831 1640 874 et
1670 831 1790 890 post
1815 837 1984 890 pauca
2011 823 2092 877 ’ἐ

509 933 528 966 ι
553 913 912 968 Abduxerunt
941 911 1126 967 Iesum
1156 914 1223 967 ad
1252 926 1524 967 summum
1563 913 1904 968 sacerdotem
1932 913 2096 969 Caia-

500 1005 688 1073 pham,
725 1014 779 1057 et
820 1011 1195 1059 convenerunt
1228 1004 1296 1058 ad
1351 1003 1502 1057 illum
1534 1018 1726 1061 omnes
1762 1003 1959 1057 summi
2005 1016 2094 1055 sa-

499 1098 776 1160 cerdotes,
809 1108 862 1150 et
909 1096 1124 1163 scriba,
1159 1105 1213 1151 et
1245 1097 1532 1161 seniores;
1568 1116 1587 1147 ι
1626 1097 1820 1151 deinde
1876 1110 2091 1148 rursum

499 1200 623 1258 post
648 1204 820 1259 pauca
852 1190 897 1221 “
933 1208 944 1244 :
985 1207 1004 1240 ι
1045 1188 1114 1243 Ει
1166 1203 1396 1255 surgens
1429 1203 1680 1243 summus
1724 1187 1985 1241 sacerdos
2016 1187 2095 1240 in-

498 1283 793 1351 terrogavit
815 1280 1022 1346 Jesum,
1047 1281 1271 1336 dicens:
1299 1279 1414 1333 Non
1440 1278 1737 1348 respondes
1759 1277 2093 1348 quidquam?

496 1375 627 1444 quid
657 1375 743 1430 isti
773 1376 1065 1430 adversum
1099 1385 1148 1428 te
1186 1372 1587 1427 testiﬁcantur?
1631 1371 1703 1425 At
1734 1371 1822 1425 ille
1853 1370 2090 1438 tacebat,

494 1483 671 1535 neque
696 1468 991 1536 quidquam
1030 1468 1414 1536 respondebat.
1463 1465 1700 1520 Rursum
1729 1479 1974 1521 summus
2002 1480 2091 1520 sa-

495 1561 688 1614 cerdos
724 1561 1094 1629 interrOgabat
1143 1573 1268 1612 eum
1295 1559 1532 1614 secundo
1557 1558 1744 1613 dicens
1781 1557 1889 1614 :Es
1917 1567 1972 1612 tu
2003 1556 2092 1612 ille

492 1652 744 1708 Christus
770 1651 810 1706 F
817 1652 940 1706 ilius
972 1651 1116 1723 illius
1139 1650 1454 1706 Benedicti?
1481 1651 1546 1706 At
1566 1651 1727 1706 Jesus
1757 1651 2090 1720 respondens

492 1744 626 1799 dicit
660 1744 732 1797 illi
762 1759 779 1798 :
812 1745 890 1798 Tu
923 1744 1146 1809 dixisti;
1193 1758 1293 1813 ego
1319 1759 1474 1799 sum:
1507 1755 1562 1798 et
1587 1743 1846 1799 videbitis
1871 1743 2072 1799 Filium

493 1836 729 1890 hominis
755 1837 1040 1892 sedentem
1093 1852 1122 1890 a
1169 1837 1364 1891 dextra
1395 1836 1672 1906 potentiae,
1696 1846 1751 1891 et
1777 1836 2083 1891 venientem

490 1941 611 1980 cum
646 1928 880 1983 nubibus
922 1929 1067 1983 cwli.
1105 1929 1175 1982 At
1207 1943 1456 1982 summus
1486 1928 1744 1983 sacerdos
1772 1927 2084 1982 dilaceratis

489 2021 674 2074 statim
706 2021 948 2076 vestibus
971 2023 1088 2075 suis
1117 2018 1274 2091 [dicit
1306 2037 1319 2073 :
1361 2017 1504 2085 Quid
1535 2027 1800 2088 praeterea
1828 2032 1964 2088 opus
1982 2017 2081 2072 ha-

489 2113 683 2168 bemus
740 2114 1007 2168 testibus?
1058 2112 1304 2167 Audistis
1335 2109 1779 2179 blasphemiam.]
1818 2127 1836 2160 ι
1884 2107 2086 2163 Deinde

487 2212 612 2274 post
645 2219 816 2272 pauca
843 2205 887 2235 ’⁷
920 2222 932 2258 :
973 2223 992 2256 ι
1042 2202 1110 2257 Ει
1143 2201 1382 2256 diluculo
1422 2199 1651 2255 consilio
1698 2199 1835 2254 inito
1883 2200 2084 2254 summi

487 2299 800 2352 sacerdotes
830 2313 953 2352 cum
983 2295 1296 2352 senioribus
1320 2333 1336 2356 ,
1363 2303 1419 2346 et
1450 2293 1670 2362 scribis,
1703 2307 1769 2347 ac
1803 2300 1916 2347 toto
1951 2306 2085 2346 con-

487 2404 670 2452 sessu,
694 2389 937 2443 vinctum
961 2387 1150 2444 Jesum
1179 2389 1530 2442 abduxerunt
1560 2387 1612 2439 in
1643 2384 1850 2449 aulam,
1911 2383 2084 2438 tradi-

489 2481 799 2548 deruntque
830 2480 1023 2534 Pilato.
1065 2499 1083 2532 i
1123 2480 1330 2535 Deinde
1354 2488 1476 2548 post
1507 2492 1678 2546 pauca
1708 2476 1793 2532 ’3:
1838 2495 1857 2528 ι
1895 2477 2076 2530 Accu-

487 2570 684 2624 sabant
708 2584 833 2624 eum
859 2571 1057 2625 summi
1099 2569 1415 2625 sacerdotes
1443 2567 1512 2622 de
1541 2565 1754 2632 multis,
1808 2567 1928 2636 ipse
1947 2578 2077 2619 vero

486 2659 625 2715 nihil
655 2660 958 2730 respondit.
995 2679 1011 2710 ι
1045 2660 1286 2716 Joannes
1319 2675 1450 2715 vero
1495 2660 1675 2728 inquit
1696 2659 1740 2690 "
1775 2675 1786 2709 :
1828 2676 1847 2707 ι
1888 2655 2077 2710 Addu-

487 2763 620 2806 cunt
645 2750 833 2807 Jesum
866 2769 895 2806 a
922 2754 1164 2822 Caiapha
1201 2755 1252 2807 in
1288 2753 1633 2829 praetorium.
1665 2770 1683 2802 ι
1716 2749 1842 2804 llaec
1889 2760 2072 2803 autem

486 2845 695 2900 diutius
721 2845 1100 2914 exposuimus,
1129 2855 1188 2900 ut
1216 2846 1404 2901 multis
1435 2845 1679 2899 omnium
1713 2840 2067 2911 evangelista-

487 2951 609 2990 rum
644 2937 971 2992 testimoniis
993 2937 1415 2992 ostenderemus
1449 2933 1772 2990 eﬂusionem
1803 2931 2076 2987 vitiosita-

2204 643 2323 710 μετ’
2349 641 2537 710 ὀλίγα·
2581 661 2600 694 ‹
2646 645 2963 716 ’Δπήγαγον
3002 647 3092 700 τὸν
3139 648 3344 718 Ἰησοῦν
3367 649 3502 720 πρὸς
3534 651 3796 720 Καϊάφαν

2198 727 2290 780 τὸν
2325 729 2612 800 ἀρχιερέα,
2650 734 2746 786 καὶ
2782 735 3137 805 συνέρχονται
3168 737 3371 802 πάντες
3411 741 3460 791 οἱ
3513 739 3793 812 ἀρχιερεῖς

2200 818 2295 872 καὶ
2329 825 2680 892 γραμματεῖς
2736 825 2830 878 καὶ
2864 826 3248 899 πρεσϐύτεροι·
3274 848 3292 880 ι
3333 826 3452 883 εἶτα
3479 832 3642 884 πάλιν
3675 835 3792 903 μετ’

2196 911 2385 980 ὀλίγα·
2426 931 2446 965 ι
2496 915 2758 981 Ἀναστὰς
2787 920 2816 971 6
2843 919 3136 990 ἀρχιερεὺς
3188 922 3514 992 ἐπηρώτησε
3549 924 3640 977 τὸν
3685 926 3792 995 Ἰη-

2198 1003 2346 1066 σοῦν,
2376 1005 2572 1074 λέγων·
2601 1009 2714 1062 Οὐκ
2744 1010 3018 1084 ἀποκρίνῃ
3037 1012 3188 1066 οὐδέν
3210 1030 3224 1079 ;
3250 1015 3302 1067 τί
3333 1009 3479 1068 οὗτοί
3499 1033 3592 1069 σου
3619 1034 3791 1070 κατα-

2197 1097 2606 1168 μαρτυροῦσιν;
2657 1101 2714 1154 Ὀ
2742 1101 2801 1155 δὲ
2835 1101 3065 1168 ὲσιὼπα,
3093 1105 3187 1158 καὶ
3215 1106 3370 1160 οὐδὲν
3422 1108 3782 1176 ἀπεκρίνατο.

2194 1187 2366 1242 Πάλιν
2407 1191 2436 1243 6
2469 1191 2764 1264 ἀρχιερεὺς
2802 1193 3160 1268 ἐπηρώτησεν
3195 1196 3357 1250 αὑτὸν
3391 1197 3456 1250 ὲκ
3491 1196 3744 1268 δευτέρου
3768 1235 3786 1260 ,

2193 1277 2401 1348 λέγων·
2450 1286 2523 1338 Σὺ
2567 1284 2620 1339 εἷ
2653 1289 2689 1352 ὁ¹
2725 1286 2961 1356 Χριστὸς
2987 1287 3015 1338 ὁ
3049 1287 3176 1352 Υἱὸς
3200 1287 3296 1340 τοῦ
3331 1285 3675 1358 Εὑλογητοῦ;
3725 1285 3790 1342 Ὁ

2206 1372 2416 1444 Ἰησοῦς
2455 1375 2779 1448 ἀποκριθεὶς
2815 1379 2964 1447 λέγει
3002 1380 3172 1450 αύτῷ·
3223 1381 3294 1433 Σὺ
3329 1376 3522 1443 εἶπας,
3555 1381 3637 1432 ὅτι
3674 1377 3790 1448 ἐγώ

2191 1469 2308 1538 εἰμι
2334 1485 2348 1499 ·
2392 1470 2486 1522 καὶ
2525 1471 2721 1540 ὄψεσθε
2741 1473 2832 1527 τὸν
2868 1473 2995 1526 Υἱὸν
3022 1473 3116 1526 τοῦ
3156 1473 3446 1544 ἀνθρώπου
3479 1472 3788 1543 καθήμενον

2193 1560 2259 1612 ὲκ
2291 1557 2484 1623 δεξιῶν
2536 1561 2634 1632 τῆς
2686 1561 2993 1632 δυνάμεως,
3035 1564 3130 1616 καὶ
3185 1563 3476 1632 ἐρχόμενον
3509 1562 3648 1632 μετὰ
3677 1561 3786 1614 τῶν

2191 1652 2431 1721 νεφελῶν
2475 1653 2569 1706 τοῦ
2622 1654 2884 1724 ούρανοῦ.
2926 1655 2984 1708 '0
3035 1655 3093 1708 δὲ
3147 1655 3440 1724 ἀρχιερεὺς
3487 1651 3786 1726 διαρρήξας

2114 1730 2158 1789 Β
2186 1742 2391 1807 εὐθέως
2435 1744 2562 1807 τοὺς
2591 1744 2825 1813 χιτῶνας
2853 1743 3021 1799 αὐτοῦ
3055 1745 3233 1815 (12)...
3269 1764 3286 1794 ι
3317 1741 3433 1796 εἶτα
3465 1747 3580 1815 μετ’
3605 1745 3780 1811 ὀλίγα·

2195 1853 2216 1886 ί
2242 1831 2394 1905 Πρωῒ
2438 1833 2760 1904 συμϐούλίον
2805 1833 3067 1904 ἐποίησαν
3098 1833 3146 1885 οἱ
3179 1834 3456 1904 ἀρχιερεῖς
3507 1831 3646 1902 μετὰ
3675 1830 3786 1884 τῶν

2191 1924 2581 1998 πρεσϐυτέρων
2627 1925 2720 1980 καὶ
2773 1924 2883 1978 τῶν
2939 1925 3350 1996 γραμματέων,
3410 1926 3504 1978 καὶ
3558 1923 3677 1977 ὅλον
3721 1919 3788 1978 τὸ

2193 2019 2496 2090 συνέδριον,
2533 2019 2628 2072 καὶ
2655 2018 2918 2090 δήσαντες
2951 2018 3060 2091 (13)
3108 2019 3199 2072 τὸν
3243 2017 3452 2088 Ἰησοῦν
3493 2017 3787 2088 ἀπήγαγον

2189 2113 2270 2174 είς
2303 2111 2400 2182 τὴν
2432 2110 2622 2184 αύλὴν,
2659 2111 2752 2164 καὶ
2800 2111 3131 2181 παρέδωκαν
3170 2110 3438 2180 Πιλάτῳ.»
3477 2105 3611 2162 Εἶτα
3664 2108 3784 2179 μετ’

2186 2202 2372 2272 ὀλίγα·
2411 2221 2430 2254 ι
2466 2203 2828 2275 Κατηγόρουν
2863 2203 3029 2256 αὑτοῦ
3058 2205 3108 2256 οἱ
3134 2204 3408 2275 ἀρχιερεῖς
3427 2200 3614 2276 ,πολλὰ
3639 2243 3654 2266 ,
3682 2201 3783 2252 αύ-

2183 2291 2275 2356 τὸς
2327 2292 2385 2346 δὲ
2439 2293 2591 2347 οὐδὲν
2631 2293 2990 2364 ἀπεκρίνατο.
3030 2313 3048 2344 ι
3097 2295 3154 2347 Ὀ
3189 2294 3245 2345 δὲ
3287 2291 3542 2362 Ἰωάννης
3593 2292 3778 2360 φησὶν,

2190 2387 2273 2440 ὅτι
2314 2405 2332 2438 ι
2362 2388 2590 2456 Ἀγουσι
2636 2387 2730 2441 τὸν
2786 2387 2997 2458 Ἰησοῦν
3041 2389 3150 2442 ἀπὸ
3199 2385 3294 2439 τοῦ
3343 2385 3570 2453 Καῖὰφα
3605 2386 3684 2447 είς
3721 2383 3783 2436 τὸ

2183 2479 2556 2553 πραιτώριον..
2581 2500 2599 2532 ι
2639 2480 2828 2534 Ταῦτα
2878 2481 2935 2534 δὲ
2977 2481 3069 2534 ἐπὶ
3116 2481 3298 2534 πλεῖον
3344 2479 3452 2550 (14)
3485 2475 3782 2547 ὲξεθέμεθα

2182 2571 2326 2644 ὑπὲρ
2373 2573 2467 2626 τοῦ
2521 2572 2611 2626 διά
2659 2571 2871 2625 πολλῶν
2923 2572 3180 2626 ἁπάντων
3215 2571 3324 2625 τῶν
3372 2566 3780 2640 εύαγγελιστῶν

2182 2666 2528 2736 παραστῆναι
2551 2665 2652 2737 τὴν
2698 2665 2853 2736 χύσιν
2885 2665 2997 2737 (15)
3021 2666 3122 2736 τῆς
3149 2665 3246 2719 τοῦ
3292 2664 3520 2732 Καῖὰφα
3557 2661 3777 2726 κακίας,

2181 2759 2280 2812 καὶ
2311 2759 2393 2812 ὃτι
2450 2758 2599 2812 κατά
2640 2759 2736 2813 τοῦ
2779 2759 2959 2830 Ἰησοῦ
3009 2759 3410 2828 ἀγωνιζόμενος
3437 2755 3589 2810 οὐδὲν
3616 2748 3779 2826 ἦττον

2184 2852 2620 2920 προεφήτευσεν·
2667 2850 2750 2904 ὃτι
2806 2850 2906 2920 μὲν
2951 2846 3044 2904 οὖν
3108 2851 3509 2922 προεφήτευσε,
3591 2840 3780 2915 σαφῶς

2184 2938 2420 3005 ἐδίδαξεν
2455 2942 2604 3012 ἡμᾶς
2628 2943 2657 2994 6
2690 2942 2968 3012 Ἰωάννης.

487 3029 560 3084 tis
578 3029 832 3098 Caiapha:
861 3047 876 3096 ;
907 3038 962 3084 et
1005 3031 1148 3099 quod
1180 3029 1470 3084 adversum
1499 3025 1684 3082 Jesum
1724 3028 2060 3081 contendens
2090 3027 2444 3088 nihilominus
2468 3035 2829 3103 prophetarit.
2859 3035 3037 3104 Atque
3073 3035 3219 3105 quod
3266 3034 3627 3104 pr0phetarit,
3653 3050 3774 3090 ma-
3835 3034 3841 3037 ⁷

485 3123 682 3190 nileste
716 3120 899 3176 docuit
922 3135 1020 3175 nos
1055 3118 1299 3175 Joannes
1325 3119 1394 3172 3°.

554 3215 724 3288 388
750 3217 835 3270 15.
863 3213 968 3270 Sed
997 3230 1209 3285 quaeres
1231 3230 1298 3269 an
1323 3213 1417 3286 qui
1438 3213 1756 3285 prophetat,
1774 3212 1820 3267 is
1849 3212 2077 3268 omnino

2255 3219 2344 3273 15.
2380 3217 2649 3289 Ζητήσεις
2683 3216 2739 3269 δὲ
2769 3217 2818 3268 εἰ
2853 3217 3094 3279 πάντως,
3127 3215 3288 3278 εἴτις
3324 3212 3677 3286 προφητεύει,
3712 3214 3778 3266 ὲκ

483 3321 515 3361 e
545 3308 752 3376 Spiritu
792 3313 983 3360 sancto
1030 3305 1356 3376 prophetet,
1393 3303 1612 3358 etiamsi
1665 3303 1937 3372 aliquibus
1965 3317 2072 3357 non

481 3398 732 3453 videatur
758 3398 865 3454 hoc
907 3399 1114 3453 dictum
1146 3399 1503 3468 quaestionem
1534 3396 1837 3468 postulare.
1872 3396 2073 3451 Verum

482 3493 760 3559 quomodo
795 3507 903 3546 non
949 3499 1034 3545 est
1080 3491 1184 3548 hoc
1233 3492 1464 3562 quaesito
1503 3489 1725 3560 dignum
1756 3531 1772 3557 ,
1825 3489 1869 3545 si
1904 3489 2074 3544 David

481 3597 606 3656 post
645 3600 928 3657 peccatum
961 3587 1015 3639 in
1047 3585 1234 3640 Uriain
1267 3584 1652 3647 commissum,
1691 3583 1888 3637 timens
1918 3596 1984 3636 ne
2009 3581 2076 3635 ab

483 3694 545 3734 se
576 3678 888 3734 auferretur
933 3677 1172 3747 Spiritus
1207 3685 1456 3740 sanctus,
1490 3673 1710 3744 inquit:
1749 3690 1769 3723 ι
1807 3671 2073 3741 Spiritum

482 3781 734 3826 sanctqu
780 3778 932 3823 tuum
974 3783 1041 3824 ne
1071 3768 1294 3824 auferas
1345 3783 1374 3821 a
1404 3781 1491 3821 me
1517 3767 1604 3821 “1’
1640 3786 1659 3818 ι
1690 3765 1844 3833 Quod
1869 3765 1917 3820 si
1951 3766 2076 3834 quis

481 3863 648 3917 etiam
676 3861 930 3915 admittat
955 3859 1083 3913 illud
1117 3878 1130 3913 :
1181 3877 1200 3910 ι
1233 3859 1476 3929 Spiritus
1506 3868 1730 3912 sanctus
1768 3855 2076 3926 disciplina:

485 3952 711 4020 effugiet
747 3952 1017 4017 dolosum,
1048 3960 1103 4007 et
1131 3955 1352 4006 recedet
1377 3967 1405 4003 a
1432 3949 1615 4019 pravis
1642 3949 1888 4004 consiliis
1914 3948 1960 3980 ⁸²
1992 3989 2009 4013 ,
2048 3967 2068 4000 ι

482 4055 671 4115 aperte
704 4045 981 4098 videbitur
1001 4045 1291 4098 ostendere
1333 4038 1600 4109 Spiritum
1649 4048 1903 4094 sanetum
1949 4039 2068 4092 ani--

481 4155 624 4194 mam
649 4139 894 4194 dolosam
927 4138 1150 4208 fugere,
1179 4136 1394 4190 etiamsi
1425 4138 1477 4189 in
1511 4151 1573 4188 ea
1609 4145 1735 4189 ante
1777 4135 1964 4189 dolum
2019 4143 2076 4188 et

480 4242 764 4303 peccatum
795 4231 1150 4286 habitaverit.
1208 4229 1299 4283 Sic
1355 4239 1538 4282 autem
1571 4228 1804 4298 qiiazsitu
1853 4227 2072 4295 dignum

479 4332 565 4379 est
597 4323 726 4377 illud
757 4324 823 4377 de
851 4322 1058 4390 Spiritu
1085 4331 1296 4384 saneto,
1335 4336 1402 4374 an
1441 4320 1493 4372 in
1518 4320 1826 4388 peccatrice
1852 4333 2076 4386 quoque

479 4414 660 4469 anima
688 4428 811 4468 esse
844 4413 1034 4482 possit,
1083 4421 1144 4466 ut
1178 4412 1374 4481 aliquis
1429 4411 1679 4466 dicturus
1731 4412 1803 4466 sit
1853 4395 1905 4465 in
1943 4412 2075 4480 ipsis

478 4521 695 4577 quoque
720 4505 1102 4574 peccatoribus
1130 4517 1251 4559 esse
1282 4502 1549 4573 Spiritum
1593 4512 1868 4566 sanctum,
1901 4519 2071 4572 quat)-

2178 3311 2497 3382 Πνεύματος
2523 3310 2679 3378 ἁγίου
2717 3307 3075 3380 προφητεύει,
3107 3307 3209 3361 κάν
3240 3324 3350 3360 τισι
3380 3307 3636 3377 φαίνηται
3662 3305 3774 3375 (16)

2179 3402 2455 3474 μηδεμιᾶς
2489 3401 2771 3472 ζητήσεως
2818 3399 3038 3468 ἔχεσθαι
3086 3397 3150 3450 τὸ
3200 3397 3514 3468 λεγόμενον.
3562 3397 3688 3460 Πῶς
3718 3396 3773 3448 δὲ

2175 3494 2237 3546 ού
2289 3492 2572 3564 ζητήσεως
2605 3490 2754 3555 ἄξιόν
2796 3491 2907 3561 (17)
2937 3491 3107 3554 ἐστιν,
3139 3488 3279 3558 εἴγε
3317 3488 3481 3542 Δαυῒδ
3514 3489 3651 3559 μετὰ
3679 3487 3774 3558 τὴν

2177 3586 2272 3638 ἐπὶ
2299 3585 2391 3638 τοῦ
2423 3584 2622 3655 Οὐρίου
2647 3583 2944 3655 ἁμαρτίαν,
2979 3580 3378 3652 εὐλαϐούμενος
3411 3580 3772 3652 ἀφαιρεθῆναι

2177 3677 2273 3729 ἀπ’
2306 3675 2473 3730 αὑτοῦ
2525 3675 2585 3729 τὸ
2617 3675 2770 3743 ἅγιον
2797 3675 3050 3745 Πνεῦμα,
3089 3673 3256 3742 φησί·
3299 3692 3314 3723 ι
3344 3673 3416 3724 Τὸ
3448 3671 3672 3742 Πνεῦμα
3713 3672 3772 3724 τὸ

2178 3767 2334 3836 ἅγιόν
2367 3785 2460 3821 σου
2495 3767 2570 3839 μὴ
2601 3767 2896 3840 ἁντανέλῃς
2921 3767 3015 3818 ἀπ’
3048 3764 3221 3837 ὲμοῦ;
3259 3785 3276 3816 ι
3311 3765 3373 3817 Ei
3403 3764 3460 3817 δέ
3486 3781 3568 3828 τις
3599 3781 3740 3834 προσ
3761 3796 3772 3803 -

2179 3861 2315 3914 ίεται
2372 3861 2466 3913 καὶ
2515 3859 2606 3911 τό·
2662 3878 2679 3909 ι
2718 3859 2909 3927 ’Ἀγιον
2945 3858 3171 3930 Πνεῦμα
3235 3857 3483 3920 παιδείας
3519 3856 3772 3926 φεύξεται

2177 3955 2270 4007 καὶ
2298 3953 2478 4015 δόλον,
2505 3954 2599 4006 καὶ
2630 3953 3080 4023 ἀπαναστὴσεται
3124 3951 3232 4005 ἀπὸ
3276 3951 3551 4022 λογισμῶν
3580 3952 3774 4003 ἀσυνέ-

2176 4063 2338 4108 των,›
2371 4045 2558 4113 σαφῶς
2585 4043 2726 4108 δόξει
2756 4045 3148 4116 παρίστασθαι,
3187 4046 3268 4098 ὅτι
3301 4043 3489 4114 φεύγει
3534 4043 3641 4095 ἀπὸ
3672 4043 3772 4112 τῆς

2175 4137 2584 4208 δεδολιευμένης
2638 4137 2750 4209 (18)
2781 4137 2984 4209 ψυχῆς,
3027 4137 3129 4191 κᾶν
3175 4136 3438 4208 πρότερον
3477 4134 3615 4206 τύχῃ
3665 4135 3773 4204 πρὸ

2175 4229 2325 4283 δόλου
2357 4231 2451 4283 καὶ
2484 4230 2763 4301 ἁμαρτίας
2804 4231 3096 4300 γενόμενον
3131 4231 3246 4281 ἐκεῖ
3265 4228 3324 4280 τὸ
3349 4229 3502 4296 ἅγιον
3523 4225 3768 4295 Πνεῦμα.

2177 4321 2335 4374 υῦτω
2381 4322 2439 4374 δὲ
2486 4320 2772 4393 ζητήσεως
2824 4320 2973 4386 ἄξιόν
3027 4323 3145 4374 ἐστι
3209 4322 3270 4374 τὸ
3313 4322 3438 4393 περὶ
3481 4322 3569 4374 τί
3612 4323 3771 4389 ἁγίου

2177 4415 2494 4484 Πνεύματος
2517 4454 2531 4477 ,
2561 4417 2608 4467 εί
2639 4413 2860 4467 δύναται
2884 4409 3024 4466 εἶναι
3051 4415 3146 4466 καὶ
3172 4415 3229 4465 ὲν
3252 4413 3555 4484 ἀμαρτωλιξ.
3655 4417 3768 4485 δχῇ,

2176 4505 2305 4559 ὣστ’
2331 4506 2397 4561 ἄν
2430 4524 2552 4559 τινα
2582 4507 2757 4559 εἰπεῖν
2799 4507 2880 4558 ὅτι
2901 4545 2915 4568 ,
2949 4505 3108 4576 εἴπερ
3157 4524 3175 4556 ι
3209 4505 3387 4568 οὐδεὶς
3433 4504 3594 4558 δύνατ
3695 4508 3769 4558 εί-

477 4598 768 4666 doquidem
799 4614 817 4647 ι
849 4596 1066 4650 nemine
1095 4595 1310 4650 valente
1335 4594 1522 4648 dicere
1545 4593 1832 4648 Dominum
1856 4592 2062 4658 Iesum.

2183 4602 2294 4651 πεῖν
2319 4639 2333 4662 ,
2369 4598 2574 4670 Κύριος
2600 4597 2812 4669 Ἰησοῦς
2833 4638 2846 4661 ,
2896 4599 2944 4650 εἰ
3003 4599 3077 4668 μὴ
3111 4599 3169 4649 ὲν
3221 4597 3498 4669 Πνεύματι
3527 4599 3670 4670 ἁγίῳ
3691 4639 3706 4663 ,
3743 4618 3762 4650 ›

455 4691 582 4743 ιιιίεί
622 4689 674 4744 in
711 4688 917 4757 Spiritu
965 4697 1159 4742 sancto
1184 4688 1254 4753 ³³,
1291 4706 1310 4740 ι
1348 4686 1504 4740 multi
1539 4697 1718 4740 tamen
1752 4695 2073 4757 peccatores

479 4779 656 4833 allecti
689 4779 1034 4834 inveniantur
1069 4793 1199 4848 erga
1238 4777 1446 4840 Jesum,
1506 4786 1767 4848 tanquam
1801 4793 1930 4848 erga
1967 4777 2072 4832 Do-

479 4874 704 4928 lninum.
733 4872 812 4926 Ac
843 4869 1011 4936 forte,
1041 4871 1301 4940 quoniam
1336 4871 1430 4939 qui
1471 4878 1739 4940 peccant,
1776 4879 2070 4938 postquam

550 5013 597 5046 “
628 5012 796 5067 Marc.
849 5026 968 5076 xw,
1001 5010 1093 5064 45.
1205 5011 1251 5044 ’⁸
1277 5009 1410 5064 ibid.
1450 5010 1540 5064 5'5.

1639 5009 1685 5040 ’°
1714 5009 1847 5062 ibid.
1871 5008 1941 5062 60
1973 5023 2088 5072 seq.

2180 4692 2365 4745 πολλοὶ
2396 4691 2451 4744 δὲ
2499 4692 2594 4746 καὶ
2639 4691 2749 4744 τῶν
2781 4690 3117 4761 ἁμαρτωλῶν
3151 4690 3448 4745 διάκεινται
3492 4692 3629 4763 πρὸς
3675 4691 3767 4745 τὸν

2179 4783 2410 4854 Ἰησοῦν,
2443 4783 2519 4846 ὡς
2551 4783 2690 4854 πρὸς
2718 4783 2921 4854 Κύριον
2951 4823 2966 4846 ,
3007 4784 3100 4834 καὶ
3135 4785 3193 4836 ἐν
3225 4785 3411 4847 αὐτοῖς
3459 4783 3526 4837 ἂν
3571 4783 3658 4854 εἴη
3705 4783 3768 4836 τὸ

2181 4875 2338 4947 ἅγιον
2376 4873 2624 4946 Πνεῦμα.
2656 4875 2766 4928 Kal.
2790 4876 2932 4945 τάχα
2973 4877 3096 4928 ἐπεὶ
3130 4878 3179 4928 οἱ
3217 4875 3354 4946 μετά
3381 4875 3441 4928 τὸ
3466 4879 3650 4947 τυχεῖν
3672 4877 3771 4930 αὑ.
3813 4885 3820 4892 ’

2185 5008 2228 5038 ⁸⁷
2255 5005 2422 5059 Marc.
2473 5023 2562 5072 xv,
2594 5007 2646 5061 1.
2752 5006 2800 5038 ⁸⁸
2827 5007 2956 5061 ibid.
2993 5008 3046 5072 5,
3074 5007 3127 5063 5.
3235 5009 3280 5038 ³⁸
3301 5005 3460 5063 Joan.
3485 5025 3643 5071 xvm,
3671 5009 3766 5067 28.

479 5084 526 5123 ⁸⁸
558 5083 714 5139 Joau.
746 5099 824 5149 ιι,
849 5083 939 5137 51.
1014 5082 1059 5114 ³⁸
1085 5080 1228 5136 Psal.
1262 5097 1313 5145 ι..
1334 5081 1421 5135 15.
1501 5081 1545 5111 ³³
1576 5080 1705 5149 Sap.
1751 5096 1791 5143 I,
1821 5081 1877 5133 5.
1957 5081 2004 5111 ³³
2043 5079 2064 5133 1

2183 5096 2214 5131 ⁵.
2243 5093 2342 5140 XII,
2371 5078 2426 5131 5.

550 5198 661 5271 (12)
697 5197 959 5264 Χιτῶνας
983 5197 1370 5271 qiztofv._l_’ost
1399 5199 1518 5271 hiec
1539 5199 1704 5271 verba
1733 5198 1952 5253 videtur
1989 5197 2067 5271 le—

479 5267 624 5340 gis'sc
645 5267 964 5340 Ferrarius,
993 5269 1142 5336 λέγει
1161 5285 1174 5297 ·
1206 5268 1270 5340 Τί
1294 5267 1374 5320 ἐτι
1401 5268 1822 5340 χρείανῄέχομεν
1840 5267 2069 5340 μαρτύ-

484 5338 594 5416 ρων
615 5339 1058 5416 ἐνοξρετὶορίιιβ,
1087 5338 1406 5416 ,Ἠκούσατε
1433 5338 1941 5416 tﬁ§_3116:p'qpiq;.

557 5412 671 5482 (15)
698 5411 888 5482 Codex
916 5407 1260 5482 Bodleianus,
1308 5407 1810 5480 recte,'6ﬁsav55;‘
1866 5410 2070 5480 liegius

484 5478 769 5554 perperam
792 5479 971 5554 habet
998 5478 1132 5554 λαλή
1143 5495 1353 5554 σαντες.

587 5551 668 5616 14)
693 5550 874 5604 Codex
912 5548 1259 5614 Bodleiauus,
1289 5548 1562 5603 πλεῖστον.

587 5553 668 5616 14)
693 5553 874 5604 Codex
912 5553 1259 5614 Bodleiauus,
1289 5553 1562 5603 πλεῖστον.

556 5553 1261 5691 (15)(ὶοι1εχΒοιιιθὶιιιιιις,
1305 5617 1487 5691 χύσιν,
1529 5629 1582 5673 et
1627 5621 1696 5672 ita
1748 5616 2064 5691 legendum,

490 5687 596 5753 non
631 5687 688 5746 ut
711 5690 1001 5746 Ferrarius
1023 5690 1117 5743 "ui
1149 5687 1355 5747 codicis
1391 5689 1546 5762 llcgii
1593 5691 1880 5746 lcctionem
1909 5687 2066 5742 λύσιν

2177 5209 2400 5252 secutus
2429 5205 2531 5255 est.
2561 5211 2722 5264 quam
2760 5196 2936 5249 reddit
2987 5211 3084 5264 per
3115 5197 3537 5250 dissolutionem.
3592 5197 3768 5264 Χύσις

2177 5277 2260 5321 est
2288 5269 2552 5326 cumulus,
2589 5266 2670 5319 vel
2695 5269 2859 5320 etiam
2895 5270 3088 5334 exponi
3119 5278 3298 5335 potest
3322 5267 3424 5320 hoc
3459 5268 3598 5326 loco,
3629 5270 3764 5336 eﬂ'u—

2177 5340 2282 5397 sio.
2315 5351 2383 5391 ex
2419 5354 2580 5390 sensu
2611 5352 2721 5406 quo
2745 5337 2982 5404 aliquem
3012 5337 3062 5389 iu
3092 5353 3253 5390 omne
3281 5340 3472 5390 vitium
3533 5340 3762 5406 c/fusmn

2177 5408 2432 5461 dicimus.
2471 5407 2583 5461 Vox
2615 5406 2836 5476 Origeni
2869 5407 3099 5475 aliisque
3137 5406 3344 5462 Graecis
3397 5408 3651 5464 l’atribus
3682 5408 3767 5464 fu-

2178 5479 2436 5532 Iniliaris.

2248 5548 2360 5618 (16)
2395 5549 2576 5602 Codex
2607 5546 2832 5617 Regius.
2863 5546 3134 5618 φαίνεται.

2247 5615 2358 5686 (17)
2395 5618 2539 5672 Idem
2567 5615 2739 5672 codex
2783 5615 3003 5686 Regius,
3035 5617 3198 5674 male.
3231 5615 3402 5682 ἄξιος.

2243 5688 2356 5760 (18)
2392 5687 2538 5744 Idem
2571 5689 2742 5745 codex
2771 5686 2992 5757 Regius,
3017 5686 3424 5758 δεδολισμένης.
