4182 6418
409 393 517 448 7i5

1393 391 1749 450 COMMENT.
1786 394 1854 449 IN
1890 392 2085 451 JOAN.
2129 394 2364 450 'I'OMUS
2402 392 2643 449 XXVIII.

3552 399 3660 454 7η

403 511 499 567 τοῦ
545 512 970 585 ἁμαρτάνοντες,
1004 513 1105 566 οὐκ
1150 512 1215 566 ἂν
1246 513 1563 583 τυγχάνοιεν
1595 512 1863 580 ἀφέσεως,
1896 510 1987 565 διὰ

2093 519 2268 586 ipsum
2300 511 2631 582 acceperint,
2658 526 2760 564 non
2784 511 3088 565 assecuturi
3113 521 3240 566 sunt
3264 511 3662 579 remissionem,

403 605 563 661 τοῦτο
597 606 815 675 λέγεται
856 607 986 678 περὶ
1022 606 1131 660 τῶν
1179 605 1285 677 πρὸ
1326 604 1419 659 τοῦ
1472 605 1626 673 ἁγίου
1674 606 1984 677 Πνεῦματός

403 716 510 755 τινι
549 698 955 771 ἡμαρτημένων
991 698 1080 752 τό·
1114 717 1132 749 ι
1163 699 1321 751 Πᾶσα
1346 697 1588 770 ἁμαρτία
1615 697 1710 751 καὶ
1743 696 1986 767 βλασφη-

409 791 508 862 μία
553 790 890 863 ἀφεθήσεται
931 793 1045 854 τοῖς
1090 792 1230 855 υἱοῖς
1277 790 1386 843 τῶν
1422 791 1747 863 ἀνθρώπωνι
1784 812 1802 844 ι
1859 794 1989 865 περὶ

405 884 462 937 δὲ
491 883 602 936 τῶν
633 882 770 955 μετὰ
797 883 859 937 τὸ
885 885 1071 954 τυχεῖν
1105 883 1267 953 ἁγίου
1303 884 1620 956 Πνεύματος
1649 885 1987 941 ἐπταικότων

405 977 498 1031 τό·
541 997 561 1028 ‹
600 979 661 1031 ὐ
684 978 740 1031 δὲ
775 979 854 1040 εἰς
885 976 946 1030 τὸ
972 977 1082 1047 (I9)
1113 977 1266 1047 ἁγιον
1303 977 1531 1049 Πνεῦμα
1566 978 1985 1050 βλασφημήσας,

320 1148 326 1154 _
405 1071 506 1124 οὐκ
537 1070 650 1142 ἔχει
682 1071 895 1140 ἄφεσιν,
936 1069 1060 1124 οὔτε
1099 1072 1158 1125 ἐν
1190 1070 1364 1144 τούτῳ
1414 1072 1493 1144 τῷ
1540 1072 1718 1137 αἰῶνι,
1753 1072 1878 1127 οὗτε
1929 1075 1988 1126 ἐν

405 1163 487 1235 τῷ
547 1164 813 1235 μέλλοντι·
844 1184 862 1217 ι
925 1164 1237 1237 βλασφημεῖ
1286 1167 1393 1238 γὰρ
1447 1165 1632 1238 ἔργοις
1675 1167 1771 1221 καὶ
1803 1167 1986 1236 λόγοις

408 1257 684 1329 ἁμαρτίας
715 1258 795 1320 είς
817 1257 878 1309 τὸ
902 1256 1076 1328 παρὸν
1104 1255 1328 1329 Πνεῦμα
1362 1258 1425 1311 τὸ
1460 1258 1615 1327 ἁγιον
1653 1257 1764 1329 (ἓθ)
1788 1298 1802 1323 ,
1832 1260 1863 1312 6
1896 1257 1991 1311 καὶ

410 1350 675 1421 παρόντος
705 1344 869 1403 αὐτοῦ
898 1351 954 1403 ἐν
980 1352 1045 1421 τῇ
1076 1349 1219 1422 ψυχῇ
1250 1351 1601 1421 ἁμαρτάνων.
1643 1350 1799 1404 υῦτω
1824 1350 1882 1404 δέ
1906 1368 1990 1414 τις

348 1518 357 1523 ι
409 1441 573 1512 φήσει
605 1440 857 1513 εἰρῆσθαι
890 1441 985 1494 καὶ
1017 1441 1079 1494 τὸ
1106 1443 1163 1494 ἐν
1195 1444 1261 1513 τῇ
1295 1441 1430 1511 πρὸς
1472 1440 1758 1512 Ἐϐραίους
1800 1439 1990 1493 τοῦτον

407 1534 900 1607 ἀναγεγραμμένον
934 1533 1035 1622 τὸν.
1065 1533 1285 1606 τρόπον’
1326 1552 1345 1586 ι
1377 1533 1665 1588 Ἀδύνατον
1719 1533 1827 1604 γάρ
1863 1534 2013 1615 τοὺς.

409 1628 556 1695 ἅπαξ
597 1627 967 1696 φωτισθέντας
986 1668 1000 1693 ,
1034 1627 1405 1698 γευσαμένους
1433 1644 1493 1680 τε
1519 1626 1621 1697 τῆς
1650 1626 1855 1695 δωρεᾶς
1887 1624 1990 1695 τῆς

407 1722 733 1795 ἐπουρανίου
762 1763 776 1787 ,
831 1723 925 1777 καλ⁵
979 1722 1237 1793 μετόχους
1294 1719 1622 1793 γενηθέντας
1671 1718 1989 1790 Πνεύματος

406 1815 586 1883 ἁγίου,
621 1814 786 1869 καλὸν
828 1814 1199 1886 γευσαμένους
1231 1812 1366 1867 Θεοῦ
1414 1814 1586 1885 ῥῆμα,
1622 1810 1882 1882 δυνάμεις
1928 1830 1987 1867 τε

412 1907 698 1979 μέλλοντος
727 1907 941 1973 αἰῶνος,
974 1909 1070 1963 καὶ
1091 1909 1530 1981 παραπεσόντας,
1558 1910 1719 1965 πάλιν
1753 1913 1985 1965 ἀνακαι-

2093 606 2234 659 hanc
2265 603 2334 656 ob
2359 615 2581 654 causam
2632 599 2834 655 dicitur
2859 600 3076 656 cuidam
3109 602 3177 656 dc
3216 601 3302 656 his
3336 604 3427 672 qui
3463 619 3664 674 pecca-

2091 701 2289 748 verunt
2318 702 2446 747 ante
2482 699 2765 760 acceptum
2804 690 3065 762 Spiritum
3095 702 3341 749 sanetum
3373 712 3387 750 :
3429 713 3450 747 ι
3491 695 3667 752 Omne

2092 796 2374 858 peccatum
2429 794 2483 841 et
2525 783 2864 853 blasphemia
2937 784 3246 840 remittetur
3305 785 3430 842 ﬁliis
3488 788 3671 842 homi-

2091 894 2219 934 num
2246 877 2324 945 “;
2364 895 2385 929 ι
2419 885 2476 931 at
2500 890 2633 931 vero
2663 875 2728 930 de
2753 876 2857 940 his,
2889 876 2980 945 qui
3017 887 3140 946 post
3184 887 3469 948 acceptum
3497 877 3671 949 Spirio

2092 981 2205 1026 tum
2230 980 2483 1026 sanctum
2509 971 2876 1041 peccaverint,
2906 970 3066 1025 illud:
3106 989 3124 1022 ι
3162 969 3265 1039 Qui
3305 987 3434 1027 vero
3461 973 3515 1028 in
3543 972 3669 1044 Spi-

2092 1065 2256 1118 ritum
2286 1074 2532 1119 sanctum
2567 1063 2958 1133 blasphemiam
2989 1065 3225 1128 dixerit,
3254 1080 3358 1119 non
3383 1066 3547 1122 habet
3574 1082 3666 1123 re-

2093 1155 2406 1211 missionem
2430 1170 2606 1225 neque
2624 1157 2680 1210 in
2703 1155 2807 1210 hoc
2827 1155 3046 1217 saeculo.
3062 1171 3236 1226 neque
3262 1157 3315 1210 in
3342 1155 3522 1212 l‘uluro
3544 1157 3611 1213 ⁸⁸.
3640 1177 3660 1209 ι

2091 1248 2440 1317 BlaSphemat
2466 1250 2611 1304 enim
2646 1249 2903 1319 operibus
2955 1258 3008 1303 et
3058 1249 3407 1305 sermonibus
3453 1250 3664 1320 peccati

2092 1342 2146 1395 in
2181 1354 2419 1409 praesens
2476 1340 2531 1394 in
2562 1338 2824 1409 Spiritum
2847 1348 3125 1405 sanctum,
3184 1340 3276 1409 qui
3323 1351 3514 1409 peccat
3548 1339 3669 1411 Spi-

2098 1433 2204 1488 ritu
2239 1444 2427 1487 sancto
2456 1442 2722 1500 prasente
2754 1434 2806 1486 in
2833 1431 2951 1501 ejus
2980 1431 3183 1485 anima.
3218 1430 3311 1486 Sic
3359 1440 3538 1493 autem
3584 1432 3666 1486 di-

2096 1536 2182 1580 cet
2213 1525 2409 1594 aliquis
2433 1525 2631 1580 dictum
2665 1525 2829 1579 etiam
2864 1523 2997 1579 illud
3050 1522 3242 1589 fuisse,
3269 1526 3412 1594 quod
3455 1525 3509 1579 in
3544 1522 3669 1593 Epi-

2094 1616 2230 1672 stula
2260 1617 2327 1669 ad
2357 1616 2613 1684 Hebraeos
2639 1615 2784 1669 hunc
2817 1614 2872 1669 in
2908 1615 3125 1668 modum
3177 1614 3438 1683 scriptum
3467 1623 3552 1670 est
3575 1615 3622 1648 “
3645 1627 3663 1646 ο

2098 1728 2116 1759 ι
2156 1707 2492 1778 lmpossibile
2521 1707 2663 1762 enim
2693 1716 2822 1773 est,
2880 1721 2975 1761 eos
3024 1707 3116 1777 qui
3172 1707 3341 1760 semel
3374 1706 3637 1762 illuminat

2091 1798 2315 1862 fuerint,
2345 1797 2788 1868 gnstaverintque
2811 1796 3015 1850 donum
3045 1796 3452 1864 supercmleste,
3495 1797 3646 1867 parti-

2091 1894 2347 1963 cipesque
2373 1890 2503 1945 facti
2530 1889 2732 1945 fuerint
2756 1890 2994 1959 Spiritus
3025 1888 3224 1953 sancti,
3253 1897 3308 1944 et
3334 1890 3535 1945 bonum
3565 1888 3663 1947 Dei

404 1996 572 2061 νίζειν
621 1999 702 2062 είς
752 1998 1038 2070 μετάνοιαν
1068 2038 1082 2063 ,
1122 1979 1596 2073 ἀνασταυροῦντας
1648 2001 1859 2065 ἑαυτοῖς
1895 1999 1985 2052 τόν

2092 1986 2317 2042 verbum
2369 1983 2709 2054 degustarint
2759 1981 3136 2052 potentiasque
3206 1979 3372 2037 futuri
3430 1983 3662 2050 saeculi,

405 2087 536 2140 Υίδν
564 2087 658 2142 τοῦ
689 2087 846 2151 Θεοῦ,
891 2090 984 2142 καὶ
1035 2089 1649 2161 παραδειγματίζοντας.
1686 2109 1705 2142 ι
1742 2089 1987 2161 Πρόσχες

405 2182 515 2253 γὰρ
582 2182 639 2234 ἐν
694 2179 906 2245 τούτοις
960 2181 1051 2234 τό·
1091 2201 1109 2232 ι
1139 2181 1420 2251 Μετόχους
1452 2182 1776 2253 γενομένους
1816 2180 1986 2236 Πνεύ-

409 2292 577 2346 ματος
608 2273 784 2343 ἁγίου.
820 2294 838 2326 ι
869 2275 963 2338 El;
1007 2274 1065 2328 δὲ
1092 2274 1154 2327 τὸ
1180 2274 1440 2339 ἐναντίον,
1470 2275 1574 2338 ὡς,
1611 2275 1659 2328 εί
1710 2274 1805 2328 καὶ
1850 2290 1985 2345 προ-

408 2372 708 2441 εφήτευσεν
734 2369 762 2421 ὁ
786 2369 1064 2438 Καϊάφας,
1107 2368 1259 2422 οὐδὲν
1299 2364 1461 2440 ἦττον
1500 2367 1601 2421 οὐκ
1650 2362 1720 2439 ἦν
1762 2367 1986 2438 Πνεῦμα

409 2462 564 2531 ἀγιον
597 2462 654 2514 ἐν
684 2459 832 2530 αὐτῷ
851 2501 865 2524 ,
896 2458 1114 2531 λεχθείη
1143 2458 1209 2513 ἂν
1245 2459 1307 2512 τό
1352 2457 1485 2530 (21)·
1524 2476 1542 2510 ‹
1570 2455 1736 2511 Ούπω
1767 2457 1876 2529 γὰρ
1919 2453 1987 2528 ἦν

406 2551 654 2621 Πνεῦμα,
679 2553 761 2605 ὅτι
782 2550 993 2622 Ἰησοῦς
1014 2548 1167 2604 οῦπω
1199 2549 1477 2619 ἐδοξάσθη·
1514 2567 1534 2601 ι
1573 2548 1666 2601 καὶ¹
1697 2547 1854 2619 εἴπερ
1874 2546 1984 2617 (929)

405 2643 509 2696 οὐκ
529 2639 598 2714 ἦν
618 2643 842 2713 Πνεῦμα
865 2641 1014 2695 οὐδὲν
1043 2644 1101 2694 ἐν
1131 2643 1245 2704 τοῖς
1272 2640 1588 2702 ἀποστόλοις
1612 2638 1717 2710 πρὸ
1742 2637 1838 2692 τοῦ
1882 2638 1989 2709 Ἰη-

411 2734 504 2788 σοῦ
544 2733 886 2804 ὼξασθῆναι,
923 2733 1073 2802 πόσῳ
1101 2732 1262 2786 πλέον
1293 2732 1393 2786 οὐκ
1415 2727 1484 2804 ἦν
1517 2733 1575 2784 ἐν
1616 2730 1694 2802 τῷ
1724 2729 1983 2802 Καϊάφας

407 2825 674 2888 Ἀναστὰς
721 2825 778 2879 δέ
828 2826 856 2878 6
905 2825 1097 2896 Σωτὴρ
1148 2823 1449 2895 ἐνεφύσησε
1505 2825 1618 2887 τοῖς
1670 2820 1940 2894 μαθηταῖς
1968 2861 1984 2887 ,

415 2934 434 2965 ι
472 2916 562 2968 καὶ
590 2913 733 2981 λέγει
767 2913 948 2975 αὐτοῖς
973 2929 987 2945 ο
1056 2915 1265 2971 Λάόετε
1306 2913 1531 2983 Πνεῦμα
1581 2914 1736 2982 ἆγιον
1762 2953 1777 2979 ,
1823 2933 1841 2966 ι
1893 2911 1988 2968 καὶ

408 3010 479 3063 τά
508 3010 654 3079 ἑξῆς.
682 3001 984 3078 Τολμηρῶς
1014 3007 1110 3078 μέν
1144 3001 1237 3060 οῦν
1263 3022 1347 3070 τις
1380 3003 1756 3075 παραθήσεται
1790 3002 1862 3057 τά
1898 3003 1988 3057 λε-

408 3101 722 3175 χθησόμενα
751 3099 886 3174 πρὸς
914 3098 974 3152 τὸ
998 3099 1070 3170 μὴ
1107 3096 1215 3152 ἀπὸ
1242 3095 1399 3164 ἁγίου
1431 3094 1750 3167 Πνεύματος
1778 3110 1988 3167 προπε-

410 3194 741 3267 φητευκέναι
779 3192 871 3246 τδν
915 3190 1207 3259 Καϊάφαν,
1268 3190 1418 3259 ὅμως
1462 3187 1508 3240 δ’
1549 3183 1642 3241 οὖν
1682 3187 1796 3257 (25)
1851 3188 1985 3258 ἐρεῖ,
2018 3227 2061 3285 c

410 3288 491 3344 ὅτι
519 3287 739 3341 δύναται
773 3285 868 3339 καὶ
901 3282 1112 3355 πονηρά
1146 3281 1433 3352 πνεύματα
1464 3283 1761 3352 μαρτυρεῖν
1789 3277 1866 3349 τῷ
1888 3280 1988 3349 Ἰη-

414 3376 530 3443 σοῦ,
559 3377 655 3431 καὶ
699 3373 1060 3452 προφητεύειν
1093 3371 1222 3443 περὶ
1252 3368 1453 3449 αύτοῦη
1493 3369 1525 3441 ἢ
1567 3371 1864 3440 μαρτυρεῖν
1889 3369 1991 3452 αὐ-

410 3472 489 3544 τῷ
521 3471 655 3541 (24).
698 3451 887 3540 ὥσπερ
936 3467 997 3521 τὸ
1039 3465 1222 3535 λέγον·
1264 3482 1285 3515 ι
1340 3462 1573 3535 Οἴδαμέν
1620 3479 1682 3515 σε
1732 3461 1819 3524 τίς
1853 3451 1923 3524 ετ,
1963 3462 1993 3515 6

416 3567 603 3634 Ἀγιος
626 3561 720 3617 τοῦ
745 3559 882 3614 Θεοῦ
906 3576 922 3591 ’
950 3580 968 3612 ι
1002 3560 1094 3612 καὶ
1133 3559 1203 3612 τὰ
1236 3554 1659 3629 παρακαλοῦντα
1689 3554 1873 3621 αὐτὸν,
1903 3554 1992 3607 ἵνα

417 3658 491 3730 μὴ
521 3654 750 3728 ἐπιτάξῃ
776 3653 960 3717 αὐτοῖς
989 3654 1069 3714 εἰς
1090 3650 1188 3721 τὴν
1218 3648 1451 3704 ἄϐυσσον
1478 3646 1752 3711 ἀπελθεῖν,
1782 3649 1877 3701 καὶ
1902 3646 1992 3700 λέ-

412 3767 607 3821 γοντα*
650 3746 882 3812 mnes;
917 3744 1177 3800 ἀπολέσαι
1219 3744 1366 3812 ἡμᾶς
1395 3740 1544 3812 (25);
1576 3761 1594 3792 ι
1634 3742 1746 3795 Καὶ
1778 3742 1836 3794 ἐν
1874 3744 1995 3805 ταῖς

413 3842 652 3916 Πράξεσι
681 3841 737 3896 δέ
760 3840 867 3894 τῶν
899 3838 1210 3893 ἀποστόλων
1232 3836 1542 3908 γέγραπται
1567 3832 1741 3886 ταῦτα
1759 3849 1775 3863 ο
1808 3853 1827 3884 ι
1851 3832 1994 3901 Ἐγέ-

412 3952 555 4001 νετο,
573 3933 951 4007 πορευομένων
967 3929 1123 4002 ἡμῶν
1139 3930 1217 3993 είς
1230 3929 1329 4001 τὴν
1350 3926 1679 3999 προσευχὴν,
1703 3924 1993 3996 παιδίσκην

413 4029 537 4085 τινὰ
570 4028 797 4100 ἔχουσαν
843 4023 1061 4095 πνεῦμα
1090 4022 1318 4077 Πύθωνα
1362 4021 1665 4091 ὑπαντῆσαι
1693 4020 1848 4090 ἡμῖν,
1871 4017 1994 4088 ἥτις

413 4121 675 4195 ἐργασίαν
697 4118 897 4189 πολλὴν
925 4119 1150 4188 παρεῖχε
1176 4116 1287 4177 τοῖς
1306 4114 1514 4184 κυρίοις
1546 4112 1716 4182 αὐτῆς
1740 4127 2015 4181 μαντευο-·

418 4213 584 4285 μένη·
637 4209 775 4281 αὕτη
838 4205 1354 4276 κατακολουθήσασα
1424 4202 1622 4274 Παύλῳ
1688 4202 1784 4255 καὶ
1837 4202 1991 4272 ἡμῖν,

415 4305 614 4377 ἔκραξε
626 4304 876 4372 λέγουσα,
891 4301 989 4352 ὅτι·
1013 4291 1168 4351 Οὗτοι
1186 4298 1234 4350 oi
1252 4295 1348 4351 ἄνθ
1358 4313 1527 4369 ρωποι
1550 4293 1726 4381 δοῦλοι
1740 4291 1833 4346 τοῦ
1859 4290 1992 4346 Θεοῦ

414 4395 508 4450 τοῦ
543 4393 770 4464 ὑψίστου
810 4393 966 4454 εἰσὶν,
999 4391 1192 4453 οἵτινες
1223 4386 1680 4456 καταγγέλλουσιν
1712 4386 1845 4456 ἡμῖν
1878 4383 1995 4437 ὁδὸν

418 4487 710 4559 σωτηρίας.
735 4504 754 4535 ι
793 4485 959 4555 (Itque;
1006 4478 1098 4534 οὖν
1146 4483 1174 4535 6
1210 4478 1420 4543 τούτοις
1458 4474 1866 4549 συγχρώμενος,
1910 4474 1993 4528 ὃτι

2091 2080 2441 2151 prolapsique
2461 2077 2683 2142 fuerint,
2714 2076 2783 2131 ah
2818 2077 3030 2146 integro
3081 2074 3332 2130 renovari
3380 2073 3447 2129 ad
3490 2076 3667 2145 pmnio

2094 2170 2340 2234 tentiam,
2373 2167 2757 2236 eruciligentes
2808 2165 3160 2236 sibimetipsis
3206 2162 3404 2219 Filium
3460 2165 3554 2220 Dei
3608 2175 3666 2220 et

2092 2245 2439 2318 infamantes.
2470 2279 2491 2315 ι
2521 2261 2754 2315 Attende
2781 2259 2923 2314 enim
2953 2260 3041 2313 his
3066 2258 3244 2313 verbis
3264 2299 3280 2324 ,
3318 2276 3337 2310 ι
3372 2259 3666 2328 participes

2091 2354 2218 2410 facti
2247 2353 2482 2425 Spiritus
2513 2352 2716 2409 sancti.
2739 2370 2759 2403 ι
2781 2350 2859 2405 Ex
2883 2349 3110 2404 adverso
3130 2358 3308 2404 autem
3335 2348 3478 2420 quod
3509 2347 3667 2403 Caia-

2092 2450 2249 2518 phas,
2288 2445 2501 2502 etiamsi
2549 2444 2922 2514 prophetarit,
2988 2442 3339 2497 nihilominus
3401 2458 3508 2498 non
3571 2441 3666 2497 ha-

2091 2540 2272 2595 buerit
2306 2540 2360 2593 in
2392 2554 2452 2594 se
2481 2537 2745 2608 Spiritum
2803 2546 3047 2592 sanctum
3068 2575 3084 2599 ,
3119 2534 3225 2591 dici
3275 2542 3454 2604 potest
3485 2535 3614 2589 illud
3646 2556 3661 2590 :

2099 2648 2119 2682 ι
2151 2628 2399 2685 Nondum
2427 2629 2571 2683 enim
2603 2637 2722 2683 erat
2746 2626 3019 2698 Spiritus,
3051 2626 3194 2695 quod
3238 2627 3481 2689 nondum
3517 2636 3666 2681 esset

2092 2720 2250 2778 Jesus
2276 2720 2607 2790 gloriﬁcatus
2631 2719 2696 2772 ⁸⁷.
2733 2739 2752 2772 ι
2787 2719 2939 2786 Quod
2963 2719 3008 2773 si
3048 2731 3117 2773 ne
3162 2717 3216 2771 in
3249 2715 3508 2786 apostolis
3542 2718 3667 2789 qni-

2094 2817 2215 2873 dem
2245 2825 2365 2872 erat
2384 2815 2641 2885 Spiritus,
2675 2823 2965 2884 antequam
3011 2810 3407 2881 gloriﬁcaretur
3458 2808 3620 2866 Jesus
3643 2849 3662 2875 ,

2093 2917 2295 2979 quanto
2359 2907 2530 2979 magis
2596 2905 2704 2961 non
2754 2914 2872 2960 erat
2927 2905 2983 2958 in
3056 2901 3298 2971 Caiapha
3336 2902 3362 2956 ’ἔ
3430 2901 3665 2959 Proinde

2094 3015 2217 3056 cum
2258 2999 2587 3056 surrexisset
2656 2997 2948 3059 Servatur,
2998 2994 3290 3050 insumavit
3339 2993 3657 3064 discipulis.

2101 3107 2122 3145 ι
2155 3100 2211 3145 et
2240 3090 2371 3146 dicit
2393 3090 2537 3145 illis:
2590 3089 2837 3159 Accipite
2892 3086 3155 3158 Spiritum
3207 3087 3536 3148 sanctum".
3562 3105 3579 3138 I
3609 3095 3665 3141 et

2094 3182 2261 3254 389
2289 3197 2409 3251 qua:
2443 3190 2762 3250 sequuntur.
2804 3180 2980 3249 Atque
3034 3180 3293 3234 audacter
3316 3179 3535 3248 quidem
3567 3179 3665 3232 ad-

2094 3273 2187 3326 det
2228 3271 2423 3340 aliquis
2471 3271 2537 3325 ad
2584 3270 2738 3334 illud,
2772 3267 2915 3337 quod
2961 3282 3028 3324 ex
3077 3268 3282 3338 Spiritu
3334 3278 3523 3323 sancto
3552 3284 3663 3323 non

2093 3354 2499 3432 prephetaverit
2518 3362 2807 3431 Caiaphas,
2824 3376 2943 3432 quae
2978 3361 3203 3415 dicenda
3227 3369 3374 3416 sunt.
3396 3360 3665 3416 Similiter

2097 3455 2262 3524 igitur
2285 3455 2429 3510 dicet
2456 3455 2560 3510 iste
2590 3454 2761 3509 malos
2784 3455 2952 3508 etiam
2990 3452 3213 3522 spiritus
3240 3467 3399 3521 posse
3420 3452 3667 3507 testimo-

2098 3545 2245 3598 nium
2282 3546 2527 3615 praebere
2556 3542 2708 3609 Jesu,
2741 3554 2793 3598 et
2820 3543 3150 3613 prophetare
3176 3544 3245 3597 de
3277 3557 3343 3597 eo
3374 3557 3479 3597 non
3507 3557 3666 3597 secus

2096 3649 2260 3705 atque
2282 3637 2373 3690 ille
2403 3635 2493 3706 qui
2525 3637 2662 3690 dixit
2690 3650 2705 3688 :
2747 3654 2765 3687 ι
2794 3635 3055 3689 Novimus
3091 3643 3143 3688 te
3168 3633 3290 3703 quis
3322 3634 3438 3699 sis;
3471 3648 3667 3703 nempe

2099 3730 2187 3785 ille
2216 3730 2451 3782 Sanctus
2495 3728 2584 3782 Dei
2604 3727 2683 3793 ⁸⁹;
2715 3746 2734 3779 ι
2771 3737 2827 3782 et
2860 3736 2914 3780 ut
2958 3726 3033 3780 illi
3067 3728 3159 3795 qui
3205 3727 3471 3797 rogabant
3503 3742 3663 3791 eum,

2098 3836 2166 3876 ne
2191 3820 2513 3889 praeciperet
2539 3818 2647 3872 illis
2696 3817 2750 3872 in
2776 3819 3033 3888 abyssum
3067 3816 3242 3881 abire,
3283 3825 3339 3870 et
3365 3816 3617 3872 dicebant
3647 3836 3660 3872 :

2100 3932 2121 3966 ι
2147 3911 2363 3969 Venisti
2408 3910 2477 3965 ad
2523 3909 2855 3980 perdendum
2888 3924 2989 3964 nos
3005 3907 3053 3940 ⁵⁸
3075 3908 3100 3963 ‘2
3125 3927 3145 3960 ι
3172 3906 3311 3975 Quin
3346 3907 3399 3961 in
3440 3916 3665 3977 aposto-

2096 4006 2272 4061 lorum
2303 4015 2520 4073 quoque
2549 4002 2699 4057 Actis
2735 4001 2850 4057 haec
2882 4000 3083 4080 scripta
3113 4009 3240 4055 sunt
3262 3999 3306 4031 δι
3335 4015 3351 4054 :
3387 4016 3407 4052 ι
3429 3999 3668 4069 Contigit

2095 4107 2157 4152 ut
2203 4096 2461 4152 euntibus
2504 4094 2659 4150 nobis
2697 4093 2765 4148 ad
2804 4090 3390 4162 precationem,puella
3422 4092 3665 4162 quadam

2096 4189 2343 4259 spiritum
2390 4187 2658 4257 Pythonis
2704 4185 2913 4241 habens
2954 4184 3115 4239 nobis
3154 4193 3505 4246 occurreret,
3546 4197 3668 4252 qua

2097 4291 2361 4350 quaestum
2405 4293 2658 4348 magnum
2687 4277 2984 4348 praestabat
3017 4275 3255 4331 dominis
3282 4281 3395 4330 suls
3415 4275 3651 4329 divinan-

2096 4378 2164 4430 tlo
2192 4391 2206 4429 :
2237 4375 2350 4429 hate
2392 4373 2676 4427 subsecuta
2718 4370 2984 4436 Paulum,
3025 4376 3082 4425 et
3123 4383 3247 4435 nos,
3279 4366 3556 4422 clamabat
3581 4366 3669 4420 dio

2098 4484 2227 4524 cens
2254 4482 2270 4522 :
2297 4466 2391 4522 Isti
2426 4465 2674 4521 homines
2707 4463 2851 4517 servi
2883 4463 2977 4517 Dei
3009 4460 3368 4515 excelsissimi
3397 4469 3542 4523 sunt,
3573 4459 3666 4528 qui

414 4551 584 4634 οὐδὲν.
602 4579 791 4632 ἀποδεῖ
815 4551 1149 4647 προφητείας
1175 4573 1203 4625 ὁ
1227 4572 1320 4627 τοῦ
1347 4570 1602 4633 Πύθωνος
1634 4568 1811 4638 λόγος,
1844 4584 1988 4639 μαρ-

2096 4561 2422 4615 annuntiant
2462 4559 2618 4613 nobis
2673 4561 2818 4611 viam
2874 4554 3084 4609 salutis.
3117 4572 3137 4604 ι
3175 4552 3412 4606 Proinde
3441 4552 3532 4620 qui
3584 4551 3667 4605 his

416 4671 593 4744 τυρῶν
613 4673 724 4733 τοῖς
740 4666 1073 4731 ἀποστόλοις,
1087 4665 1183 4719 καὶ
1199 4662 1522 4736 προτρέπων
1538 4662 1616 4724 ὡς
1632 4660 1726 4714 ἐπὶ
1748 4659 1869 4713 όδδν
1888 4675 1992 4710 σω-

415 4766 610 4838 τηρίας
631 4761 1139 4832 καταγγελλομένην
1168 4756 1444 4813 πιστεύειν
1469 4756 1595 4818 τοὺς
1623 4751 1982 4813 ἀκούσαντας.

429 4857 583 4912 Ἐπεὶ
609 4857 666 4910 δέ
689 4856 783 4909 καὶ
807 4853 876 4908 τὰ
901 4852 993 4907 τοῦ
1018 4850 1246 4922 Βαλαὰμ
1271 4845 1633 4921 περιεθέμεθα
1658 4844 1816 4914 (Ξῦἡ,
1836 4841 1999 4913 πρόσ-

417 4967 511 5021 χες
534 4950 582 5001 εἰ
605 4946 827 5001 δύναται
853 4944 946 4998 καὶ
972 4943 1099 5015 περὶ
1118 4940 1284 4994 αὑτοῦ
1316 4937 1588 5008 λέγεσθαι,
1613 4935 1696 4988 ὅτι
1726 4933 1787 4986 ού
1813 4929 1995 4984 θεόθεν

418 5042 677 5098 ἐλάλησεν
739 5038 854 5091 ἀλλ’
885 5036 993 5089 ἀπὸ
1030 5033 1261 5103 ἀγγέλου
1283 5049 1297 5063 ο
1330 5051 1349 5082 ι
1374 5031 1545 5099 Ἔπη
1592 5046 1609 5077 ι
1648 5026 1777 5098 γὰρ,
1806 5023 1992 5094 φησὶν,

2096 4652 2424 4707 testimoniis
2476 4650 2669 4715 utitur,
2700 4649 2846 4703 dicet
2896 4646 3030 4701 nihil
3076 4647 3282 4701 distare
3318 4660 3348 4697 a
3382 4643 3664 4713 prophetia

2097 4746 2397 4798 orationem
2450 4743 2674 4812 spiritus
2718 4738 3061 4801 divinatoris,
3113 4734 3484 4791 testimonium
3528 4748 3666 4803 prm-

2097 4837 2276 4890 bentis
2322 4833 2606 4904 apostolis,
2636 4841 2692 4886 et
2723 4828 3064 4885 admonentis
3119 4827 3403 4881 audientes
3432 4834 3493 4879 ut
3521 4826 3667 4880 viam

2097 4928 2307 4990 salutis.
2354 4940 2474 4994 qua:
2530 4921 2991 4984 annuntiabatur,
3037 4919 3348 4975 crederent.
3398 4915 3666 4981 Quoniam

2098 5029 2279 5074 autem
2328 5020 2381 5071 in
2432 5016 2668 5072 medium
2717 5013 3039 5071 adduximus
3082 5025 3204 5080 qua:
3248 5008 3385 5063 dixit
3424 5005 3664 5070 Balaam,

527 5184 573 5216 ³⁵
598 5181 789 5236 Matth.
836 5194 908 5230 xu
936 5217 951 5238 ,
981 5175 1069 5237 5|,
1142 5173 1186 5205 ³⁵
1215 5172 1343 5225 ihid.
1375 5171 1465 5225 52.
1541 5169 1587 5201 ³⁸
1624 5161 1992 5238 ιιειπτγιηι-ιὲ

2100 5158 2143 5189 ⁸⁷
2170 5156 2456 5238 .Io_an_._vu,
2485 5151 2575 5207 '59.
2650 5148 2698 5181 ³⁸
2718 5147 2880 5203 Joan.
2923 5163 3016 5210 xx,
3044 5144 3136 5203 22.
3231 5146 3274 5176 "
3301 5141 3465 5196 Marc.
3495 5155 3535 5207 ι,
3577 5139 3666 5193 21.

421 5254 467 5288 ⁸⁵
489 5254 622 5310 Luc.
657 5265 773 5315 νιιι,
804 5248 902 5314 51;
936 5245 1100 5301 Marc.
1135 5260 1174 5308 ι,
1203 5242 1303 5308 9.4;
1335 5240 1465 5295 Luc.
1497 5254 1573 5303 tv,
1600 5238 1692 5292 54.

494 5367 605 5439 (l9)
638 5366 781 5420 Idem
836 5362 1009 5418 codex
1057 5359 1280 5430 Regius,
1326 5353 1703 5409 ἐπταικότων·
1744 5349 1863 5404 τόδε
1912 5350 1992 5411 εἰς

421 5438 506 5492 τὸ.
536 5438 643 5492 etc.

490 5478 821 5569 Elii-Codex
840 5502 1064 5569 Regius,
1091 5501 1171 5564 εἰς
1185 5498 1248 5553 τὸ
1272 5497 1443 5569 παρὸν
1465 5492 1692 5569 Πνεῦμα
1722 5490 1898 5560 ἅγιον.

518 5565 608 5640 ﬁl)
643 5578 784 5632 Idem
805 5565 975 5631 cullei
1001 5571 1224 5640 Regius,
1246 5565 1461 5640 λεχθείη
1489 5565 1571 5640 τό,

493 5635 603 5720 (τις
633 5648 776 5720 Idem
807 5645 973 5720 code;
1001 5635 1217 5720 Regius,
1249 5635 1640 5720 05;‘ttspllnt£tIe.

424 5764 429 5768 _
496 5699 611 5787 ὶέἑί)
633 5699 925 5789 Ἑέιτενίιιε
957 5699 1167 5789 legebat
1195 5699 1400 5789 ὁμοίως
1424 5699 1466 5784 δῖ
1492 5699 1608 5789 οὖν.

416 5845 422 5851 _
639 5769 720 5843 ΫἮ
740 5769 1065 5856 μιιρτυρεῗόκ⁵
1085 5769 1264 5844 αὐτῷ.
1279 5776 1399 5829 [νιςιειι
1420 5775 1664 5830 videntur
1679 5769 1992 5841 παρέλκειν.

825 5878 1102 5937 Puram.
1150 5873 1243 5934 Gn
1313 5867 1483 5931 XIV.

1791 5236 1836 5267 ’⁵³
1873 5233 1996 5286 Act.
2025 5245 2137 5292 ενι,
2178 5229 2267 5290 16,
2297 5225 2388 5279 17.

2159 5342 2273 5413 (ἓὸ)
2312 5340 2442 5413 ,Καὶ
2509 5338 2795 5413 λέγοντας
2860 5330 3076 5413 T3408;-
3130 5326 3432 5413 ἀπολέσαι
3486 5325 3664 5413 ’ἡμᾶς

2090 5402 2270 5472 verba
2308 5412 2424 5465 hmc
2458 5424 2563 5462 non
2589 5402 2830 5461 hominis
2860 5406 3020 5471 hujus
3048 5411 3197 5463 sunt,
3237 5402 3289 5452 in
3338 5412 3663 5472 _tttun_untett-

2063 5468 2163 5539 'tis
2185 5468 2475 5541 versantis,
2510 5487 2566 5532 et
2593 5478 2806 5547 legione
2832 5468 3142 5547 daniionum
3173 5469 3350 5547 vexati
3378 5483 3394 5530 ;
3446 5468 3513 5519 (le
3559 5480 3666 5547 quq

2089 5535 2371 5616 Ϊᾷιιοίνιιι,
2403 5535 2474 5605 21
2501 5558 2555 5602 et
2576 5535 2717 5616 seq.,
2746 5556 2805 5600 ut
2833 5546 2922 5616 hic
2959 5541 3154 5616 scribit
3174 5610 3184 5616 _
3207 5538 3504 5616 Origenes;
3548 5535 3664 5615 .sed

2092 5607 2326 5678 heroinis
2346 5607 2515 5682 illius,
2538 5619 2630 5686 qui
2655 5607 2942 5686 immundo
2975 5610 3344 5686 sumi-tulerat
3360 5607 3626 5658 obnoxius
3648 5619 3663 5669 ;

2094 5677 2160 5749 de
2185 5708 2292 5755 (tuo
2326 5677 2684 5750 Mare.'t,'95,
2714 5698 2768 5740 et
2793 5685 2920 5737 Luc.
2954 5677 3025 5736 tv.
3061 5679 3151 5755 δῇ..
3185 5677 3273 5755 δέ.
3307 5678 3569 5755 “genus.

2165 5746 2712 5834 (2'5‘)Hspt80ép86d.
2744 5755 2782 5810 F
2787 5763 2903 5809 orte
2941 5746 3309 5820 παρεθέμεθα.
3343 5747 3501 5802 Εοιτ.

3268 5838 3349 5898 23
