4182 6380
541 364 647 419 715

2020 358 2346 417 ORIGENIS

3705 383 3810 437 718

538 483 738 539 adhibe
782 488 1020 535 mentem
1053 493 1122 533 an
1153 477 1223 534 de
1248 476 1342 533 illo
1373 491 1590 549 quoque
1620 476 1726 533 dici
1756 474 1952 547 possit,
1975 475 2098 531 divi-

2182 514 2192 535 ,
2226 494 2246 527 ι
2269 477 2300 530 6
2321 477 2552 547 ἄγγελος
2597 482 2694 535 τοῦ
2726 483 2861 539 Θεοῦ
2890 488 2949 540 ἐν
2980 490 3046 561 τῇ
3076 488 3183 560 ὀδῷ
3210 488 3577 546 ἐνδιαϐάλλειν
3619 496 3806 565 αὐτὸν,

537 578 687 631 nitus
734 589 857 629 eum
921 587 1029 627 non
1090 570 1256 627 fuisse
1308 572 1569 637 locutum,
1605 573 1700 627 sed
1754 572 1822 627 ab
1879 570 2111 640 angelo:

548 687 569 720 ι
606 666 772 722 Stetit
808 667 975 729 enim,
1018 664 1285 732 inquit“,
1322 664 1547 736 angelus
1598 665 1689 719 Dei
1738 664 1792 718 in
1846 664 1953 728 via,
1985 665 2111 717 dum

538 759 799 815 transiret
851 758 987 826 ipse,
1037 758 1389 827 ascenditque
1429 757 1649 811 Balaam
1701 771 1869 825 super
1899 755 2109 811 asinam

532 869 714 920 suam,
759 861 814 908 et
848 852 956 906 duo
1001 851 1085 906 sui
1119 850 1282 919 pueri
1333 864 1539 904 secum.
1587 850 1897 918 Vidensque
1954 849 2108 903 asina

534 948 784 1019 angelum
816 946 909 1001 Dei
941 955 1176 1001 stantem
1217 961 1250 1003 e
1282 947 1504 1017 regione
1533 947 1587 1000 in
1622 947 1727 1012 via,
1758 946 2110 1017 gladiumque

532 1038 846 1097 districtum
898 1041 951 1095 in
999 1056 1161 1094 manu
1201 1040 1336 1109 ejus.
1368 1040 1663 1097 declinavit
1705 1040 1859 1096 asina
1898 1040 1965 1095 de
1996 1040 2104 1105 via,

524 1146 584 1190 et
616 1135 716 1189 ivit
742 1132 800 1190 in
841 1147 1117 1203 campum.
1160 1132 1231 1186 At
1276 1131 1492 1186 Balaam
1539 1132 1848 1187 verberavit
1893 1131 2103 1186 asinam

526 1229 704 1296 virga,
736 1235 797 1280 ut
837 1225 1037 1280 rediret
1072 1225 1125 1279 in
1154 1225 1295 1278 viam
1329 1241 1342 1277 :
1373 1223 1523 1278 stetit
1546 1233 1725 1279 autem
1757 1223 1985 1294 angelus
2009 1223 2104 1278 Dei

526 1321 582 1375 in
623 1326 855 1390 angusta
895 1317 1090 1373 semita
1136 1315 1442 1381 vinearum,
1479 1325 1707 1385 eratque
1744 1331 1812 1371 ex
1857 1326 2097 1387 utraque

526 1421 683 1481 parte
737 1410 996 1466 maceria.
1022 1429 1040 1461 ι
1096 1408 1299 1463 Deinde
1352 1418 1477 1478 post
1526 1424 1698 1478 pauca
1719 1408 1767 1441 “
1799 1427 1812 1463 :
1849 1426 1868 1461 ι
1899 1409 2103 1465 Videus

525 1504 679 1560 asina
711 1503 961 1574 angelum
1006 1501 1123 1566 Dei,
1156 1502 1444 1556 succubuit
1472 1500 1573 1555 sub
1604 1499 1846 1557 Balaam.
1872 1518 1896 1556 ι
1933 1502 2100 1557 Dein-

2218 570 2315 624 καὶ
2338 572 2500 637 αὐτὸς
2532 575 2851 649 ἐπιϐεϐήκει
2873 580 2967 633 ἐπὶ
3001 582 3102 652 τῆς
3123 582 3246 636 ὖνου
3275 585 3464 651 αὑτοῦ,
3491 587 3588 641 καὶ
3626 591 3680 642 οἱ
3711 590 3810 646 δύο

2215 662 2404 727 παῖδες
2432 664 2599 719 αὐτοῦ
2631 669 2749 738 μετ’
2782 670 2970 725 αὐτοῦ.
3011 673 3123 726 Καὶ
3162 673 3346 727 ἰδοῦσα
3381 676 3415 746 ἡ
3440 676 3560 741 ὄνος
3580 676 3674 732 τὸν
3701 681 3807 749 ἀγ·-

2213 756 2369 824 γελον
2395 758 2488 812 τοῦ
2512 760 2647 813 Θεοῦ
2685 761 3058 834 ἀνθεστηκότα
3085 766 3143 817 ἐν
3169 768 3235 837 τῇ
3265 766 3390 838 ὁδῷ,
3427 767 3522 821 κα)⁸
3542 769 3642 841 τὴν
3672 773 3806 841 ῥομ-

2212 850 2378 919 φαίαν
2406 851 2572 905 αὑτοῦ
2608 855 2959 925 ἐσπασμένην
2986 858 3045 909 ἐν
3077 859 3143 928 τῇ
3174 858 3319 929 χειρὶ
3346 858 3532 925 αὑτοῦ,
3578 863 3673 915 καὶ
3717 862 3806 929 ἐξ·

2210 942 2465 1015 έκλινενή
2488 944 2607 1009 ὄνος
2630 948 2694 999 ἐκ
2712 947 2811 1017 τῆς
2835 948 2977 1012 ὀδοῦ,
3006 949 3299 1020 ἐπορεύετο
3318 951 3375 1004 δὲ
3401 954 3481 1016 εὶς
3501 953 3564 1007 τὸ
3596 955 3801 1014 πεδίον.

2208 1036 2321 1090 Καὶ
2362 1037 2601 1105 ἐπάταξε
2647 1039 2876 1111 Βαλαὰμ
2913 1042 3014 1112 τὴν
3035 1042 3155 1096 ³5νον
3186 1044 3246 1097 ἐν
3268 1047 3334 1116 τῇ
3372 1045 3555 1118 ῥάϐδῳ
3577 1047 3670 1101 τοῦ
3709 1044 3804 1103 εὐι-

2207 1125 2363 1181 θῦναι
2383 1128 2551 1201 αὐτὴν
2579 1131 2638 1184 ἐν
2675 1135 2742 1203 τῇ
2775 1131 2884 1203 ὁδῷ
2903 1150 2917 1163 ⁸
2948 1135 3042 1188 καὶ
3068 1134 3198 1206 ἔστη
3226 1136 3255 1189 6
3279 1136 3510 1207 ἄγγελος
3534 1141 3630 1194 τοῦ
3661 1142 3800 1197 Θεοῦ

2206 1218 2267 1271 ἐν
2300 1222 2423 1283 ταῖς
2443 1220 2638 1287 αὓλαξι
2662 1223 2771 1276 τῶν
2796 1224 3077 1294 ἀμπέλων,
3112 1230 3366 1299 φραγμὸς
3398 1232 3668 1298 ἐντεῦθεν,
3700 1235 3800 1290 καὶ

2204 1311 2457 1382 φραγμὸς
2477 1314 2745 1371 ἐντεῦθεν.
2774 1334 2793 1366 ι
2823 1312 2956 1370 Εἶτα
2981 1320 3098 1388 μετ’
3121 1319 3278 1386 ὀλίγα
3301 1338 3315 1349 ⁸
3348 1338 3369 1374 ι
3393 1323 3596 1377 ’ἰδοῦσα
3616 1326 3651 1397 ἡ
3676 1326 3798 1391 live;

2200 1403 2292 1459 τὸν
2317 1404 2546 1474 ἄγγελον
2564 1406 2659 1460 τοῦ
2682 1408 2818 1461 Θεοῦ
2841 1410 3191 1465 συνεκάθισεν
3223 1414 3480 1469 ὑποκάτω
3498 1416 3745 1490 Βαλαάμ.
3766 1439 3788 1472 ι

2200 1496 2311 1550 Καὶ
2360 1497 2522 1552 πάλιν
2554 1499 2671 1569 μετ’
2698 1500 2852 1569 ὀλίγα
2871 1519 2885 1533 ·
2943 1521 2963 1554 ι
2985 1499 3151 1558 Εἶπεν
3184 1506 3334 1577 αὐτῷ
3359 1507 3389 1559 ὁ
3429 1508 3661 1577 ἄγγελος
3698 1510 3794 1566 τοῦ

522 1612 631 1666 que
678 1604 801 1667 post
853 1594 1128 1664 pauca“:
1165 1611 1186 1646 ι
1220 1594 1365 1649 Dixit
1405 1593 1629 1663 angelus
1684 1594 1777 1648 Dei
1834 1593 1954 1649 illi:
1992 1593 2098 1649 Cur

2198 1588 2331 1642 Θεοῦ
2352 1607 2366 1620 ·
2399 1589 2498 1643 Διά
2524 1592 2577 1644 τί
2602 1592 2879 1658 ἐπάταξας
2914 1595 3015 1665 τὴν
3060 1595 3179 1651 ὄνον
3233 1615 3329 1652 σου
3370 1599 3528 1654 τοῦτο
3574 1602 3791 1675 τρίτονς

516 1690 629 1755 jam
685 1697 768 1741 ter
809 1686 1110 1741 verberasti
1156 1688 1367 1741 asinam
1401 1685 1584 1739 tuam?
1605 1684 1682 1739 En
1714 1699 1816 1757 ego
1844 1700 2098 1756 egressus

2211 1678 2342 1734 Ἰδοὺ
2371 1680 2482 1749 ἐγὼ
2508 1681 2733 1752 ἐξῆλθον
2755 1685 2835 1747 εἰς
2867 1684 3123 1758 διαϐολήν
3152 1705 3268 1751 σου,
3301 1689 3384 1743 ὅτι
3413 1690 3514 1744 οὐκ
3540 1691 3725 1747 εὐθεῖα
3750 1695 3786 1765 ή

520 1792 640 1833 sum
680 1785 741 1833 ut
770 1786 821 1833 te
855 1775 1213 1845 impedirem;
1245 1775 1466 1830 aberrat
1493 1776 1639 1831 enim
1670 1777 1757 1831 via
1791 1788 1878 1831 tua
1910 1793 2094 1833 coram

2196 1771 2313 1834 ὁδός
2340 1789 2434 1825 σου
2464 1774 2705 1828 ἐναντιον
2738 1793 2860 1845 μου.
2906 1776 3018 1830 Kal.
3066 1778 3249 1833 ἰδοῦσά
3275 1797 3342 1850 με
3371 1782 3404 1850 ἡ
3431 1780 3551 1845 ὄνος
3577 1782 3788 1848 ἐξέκλι-

518 1884 606 1925 me
634 1891 647 1925 :
676 1879 733 1926 et
761 1869 953 1925 videns
982 1884 1068 1925 me
1100 1869 1251 1924 asina
1279 1868 1574 1923 declinavit
1595 1869 1707 1937 jam
1746 1878 1861 1936 ter;
1897 1885 2017 1939 qua:
2048 1871 2094 1925 si

2198 1879 2288 1916 vsv
2311 1862 2406 1915 ἀπ’
2437 1863 2573 1934 ἐμοῦ
2619 1864 2778 1919 τοῦτο
2808 1868 2990 1937 τρίτον
3014 1884 3028 1898 ο
3060 1868 3156 1931 καὶ
3203 1870 3252 1922 εἰ
3288 1869 3363 1941 μὴ
3394 1870 3667 1937 ἐξέκλινεν
3685 1873 3787 1928 ἀπ’

519 1976 624 2015 non
688 1960 1012 2018 declinasset
1075 1974 1261 2015 coram
1320 1975 1429 2025 me,
1488 1974 1636 2015 nunc
1699 1970 1753 2016 te
1806 1961 2097 2017 interfecto

2198 1955 2331 2025 ἐμοῦ
2364 1955 2499 2027 (26),
2544 1956 2638 2010 νῦν
2688 1976 2750 2012 σε
2791 1960 2889 2030 μὲν
2930 1961 2997 2015 ἂν
3042 1961 3362 2026 ἀπέκτεινα,
3398 1964 3615 2037 ἐκείνην
3639 1966 3683 2020 δ’
3717 1966 3786 2021 ἄν

517 2054 687 2125 ipsam
733 2053 1064 2110 incolumem
1111 2067 1439 2107 servassem.
1471 2053 1539 2108 Et
1579 2053 1719 2109 dixit
1749 2053 1968 2109 Balaam
2000 2072 2098 2111 au-

2198 2050 2691 2121 περιεποιησάμην.
2723 2052 2834 2106 Και
2860 2051 2983 2107 εἷπε
3021 2054 3253 2127 Βαλαὰμ
3278 2055 3356 2127 τῷ
3389 2057 3609 2129 ἀγγέλῳ
3637 2057 3781 2129 (27)·

514 2145 676 2215 gelo:
705 2144 954 2211 Domine,
985 2144 1229 2212 peccavi,
1260 2145 1515 2213 quoniam
1566 2160 1675 2200 non
1705 2147 2004 2216 noviquod
2037 2157 2093 2201 tu

2195 2138 2389 2207 Κύριε,
2415 2142 2748 2213 ἡμάρτηκα·
2800 2144 2860 2196 οὐ
2904 2144 3014 2217 γὰρ
3039 2146 3381 2219 ἠπιστάμην,
3415 2148 3499 2201 ὃτι
3530 2148 3596 2200 σὺ
3625 2148 3784 2203 avet-

512 2235 803 2289 adversum
843 2248 929 2290 me
975 2233 1031 2288 in
1082 2232 1169 2287 via
1205 2245 1415 2301 stares;
1450 2244 1505 2290 et
1538 2251 1683 2291 nunc
1710 2235 1754 2290 si
1788 2236 1886 2291 tibi
1908 2238 2094 2307 displi-

2195 2247 2403 2302 στηκας
2428 2234 2508 2296 εἰς
2534 2235 2857 2306 συνάντησιν
2883 2254 2974 2307 μοι
3001 2239 3061 2291 ἐν
3089 2241 3154 2310 τῇ
3187 2239 3292 2311 ὁδῷ
3315 2257 3328 2271 ·
3356 2240 3452 2294 καὶ
3476 2240 3573 2295 νῦν
3620 2243 3669 2295 εἰ
3700 2245 3777 2315 μή

511 2335 619 2393 cet,
650 2318 917 2382 revertar.
944 2325 1140 2394 Aitque
1171 2325 1393 2395 angelus
1428 2325 1522 2381 Dei
1556 2327 1623 2381 ad
1653 2325 1871 2381 Balaam
1892 2346 1906 2382 :
1927 2328 2095 2399 390

2195 2338 2276 2375 σοι
2306 2323 2553 2395 ἀρέσκει.
2586 2325 3101 2400 ἀποστραφήσομαι.
3147 2333 3258 2386 Καὶ
3298 2330 3452 2389 εἶπεν
3487 2338 3516 2389 6
3549 2333 3778 2404 ἄγγελος

512 2416 667 2473 Vade
715 2431 837 2472 cum
889 2416 1023 2470 viris
1070 2415 1209 2479 illis;
1261 2417 1354 2472 sed
1422 2419 1801 2474 tantummodo
1861 2422 2089 2475 verbum

2190 2412 2283 2467 τοῦ
2309 2414 2446 2469 Θεοῦ
2473 2417 2610 2488 πρὸς
2641 2419 2873 2491 Βαλαάμ
2895 2438 2909 2451 ·
2948 2423 3364 2497 Συμπορεύθητι
3394 2434 3532 2500 μετά
3556 2431 3663 2484 τῶν
3689 2432 3779 2486 ἀν-

509 2510 872 2578 quodcunque
916 2506 1135 2562 locutus
1174 2506 1327 2563 fuero
1374 2509 1440 2563 ad
1498 2519 1568 2572 te,
1620 2510 1723 2566 boc
1770 2513 2090 2569 observabis

2190 2504 2425 2576 θρώπων
2447 2523 2461 2538 ο
2521 2509 2662 2581 πλὴν
2708 2511 2770 2565 τὸ
2811 2513 2965 2583 ῥῆμα
2996 2514 3025 2567 ὃ
3051 2514 3116 2569 ἂν
3153 2515 3293 2570 εἴπω
3340 2520 3476 2591 πρὸς
3502 2521 3583 2587 σέ,
3615 2522 3777 2576 τοῦτο

508 2602 681 2671 luqtti.
712 2620 731 2655 ι
763 2601 1006 2657 Observa
1044 2601 1189 2654 enim
1218 2603 1364 2672 quod
1391 2603 1613 2673 angelus
1642 2605 1737 2672 sit,
1778 2606 1870 2675 qui
1906 2606 2041 2661 dicit
2069 2623 2085 2662 :

2189 2597 2400 2673 φυλάξῃ
2429 2599 2677 2671 λαλῆσαι.
2703 2621 2723 2655 ι
2755 2605 3072 2678 Παρατήρει
3099 2607 3231 2680 γὰρ,
3254 2611 3338 2663 ὅτι
3368 2611 3597 2682 ἄγγελός
3621 2616 3771 2668 ἐστιν

510 2710 534 2747 ι
565 2692 794 2749 Verbum
824 2692 1190 2765 quodcunque
1225 2694 1437 2748 locutus
1470 2693 1627 2749 fuero
1664 2694 1729 2748 ad
1757 2705 1828 2762 te,
1857 2694 1962 2751 hoc
1990 2696 2088 2751 ob-

2186 2690 2216 2742 6
2248 2688 2420 2757 λέγων
2440 2708 2456 2723 ·
2489 2709 2508 2743 ι
2532 2691 2606 2745 Τὸ
2636 2693 2786 2765 ῥῆμα
2813 2694 2843 2747 6
2866 2695 2962 2749 ἐὰν
2995 2699 3134 2752 εἴπω
3160 2700 3298 2772 πρὸς
3321 2701 3403 2764 σὲ,
3428 2703 3586 2758 τοῦτο
3605 2705 3776 2774 φυλά-

510 2786 754 2843 servabis
792 2786 1011 2856 loqui.)
1060 2785 1257 2841 Verum
1330 2786 1479 2841 dices
1528 2786 1689 2856 paulo
1736 2798 1860 2857 post
1915 2788 2085 2843 Deum

2187 2777 2254 2851 ξῃ
2286 2778 2536 2849 λαλῆσαι.
2566 2801 2585 2834 ι
2636 2782 2796 2837 Ἀλλά
2840 2787 3054 2857 φήσεις,
3096 2788 3179 2841 ὃτι
3211 2790 3329 2860 μετ’
3357 2790 3513 2860 ὀλίγα
3546 2794 3716 2865 ἐφάνη
3741 2796 3775 2848 6

508 2882 610 2951 ipsi
636 2879 862 2935 Balaam
910 2878 1252 2951 apparuisse,
1285 2877 1599 2949 dixisseque
1638 2878 1711 2934 illi
1754 2878 2033 2934 Balaam"
2065 2894 2081 2935 :

2184 2867 2319 2931 Θεὸς
2384 2869 2463 2941 τῷ
2507 2871 2756 2944 Βαλαὰμ,
2806 2877 2899 2928 καὶ
2949 2871 3072 2931 εἶπε
3123 2879 3260 2950 πρὸς
3306 2881 3473 2935 αὑτὸν
3517 2883 3765 2955 Βαλαάμ’

505 2992 530 3026 ι
570 2972 786 3042 Septem
824 2985 949 3027 aras
990 2969 1202 3041 paravi,
1254 2977 1312 3025 et
1367 2970 1597 3041 imposui
1656 2971 1709 3026 in
1758 2985 2085 3041 unaquaque

2190 2977 2209 3011 ι
2228 2959 2367 3024 Τοὺς
2392 2962 2535 3017 ἑπτὰ
2564 2963 2781 3036 βωμοὺς
2808 2967 3103 3039 ήτοίμασα,
3130 2971 3225 3024 καὶ
3247 2971 3546 3029 ἀνεϐίϐασα
3571 2976 3772 3047 μόσχον

503 3066 736 3119 vitulum
767 3073 823 3120 et
855 3064 1107 3120 arietem.
1137 3063 1205 3119 Et
1242 3064 1386 3120 Deus
1417 3078 1725 3120 sermonem
1764 3064 1962 3120 indidit
1989 3064 2075 3120 ori

2184 3053 2280 3108 καὶ
2311 3054 2475 3126 κριὸν
2494 3056 2589 3110 ἐπὶ
2616 3057 2710 3112 τὸν
2740 3057 2946 3129 βωμόν.
2976 3061 3086 3114 Kal.
3110 3062 3363 3118 ἐνέϐαλεν
3389 3068 3418 3119 6
3449 3044 3585 3131 Θεὸς

502 3157 748 3221 Balaam,
777 3167 835 3215 et
861 3156 1003 3213 dixit
1034 3176 1047 3212 :
1077 3156 1348 3213 Reversus
1379 3157 1447 3212 ad
1477 3156 1640 3212 Balac
1664 3156 1745 3212 sic
1778 3156 2074 3227 loqueris.»

2182 3144 2264 3207 εἰς
2295 3144 2356 3198 τὸ
2383 3146 2559 3219 στόμα
2587 3147 2837 3221 Βαλαὰμ,
2868 3151 2961 3204 καὶ
2983 3149 3133 3208 εἶπεν
3152 3170 3165 3184 ·
3211 3154 3599 3228 Ἐπιστραφεὶς
3629 3161 3766 3232 πρὸς

504 3256 574 3308 At
608 3268 738 3308 vero
779 3262 834 3306 tu
863 3253 1084 3307 attende
1118 3251 1391 3322 quomodo
1421 3260 1650 3320 utraque
1680 3264 1808 3305 vera
1839 3258 1988 3314 sunt,
2023 3260 2078 3305 et

500 3347 644 3416 quod
696 3345 765 3401 ab
818 3345 1011 3416 angelo
1080 3345 1306 3409 dicitur,
1376 3356 1613 3412 nempe:
1655 3341 2080 3413 «Quodcunque
2148 3402 2153 3405 _

498 3438 712 3496 locutus
759 3437 914 3492 fuero
943 3437 1008 3490 ad
1054 3446 1127 3502 te,
1157 3437 1261 3491 hoc
1304 3432 1625 3490 observabis
1673 3432 1927 3502 loqui“;
1965 3451 1985 3485 ι
2021 3442 2079 3488 et

384 3580 387 3585 .
496 3531 640 3613 quod
691 3528 974 3599 Scriptura
1004 3527 1328 3598 pronuntiat
1360 3545 1373 3580 :
1407 3544 1426 3577 ι
1460 3524 1659 3580 lndidit
1697 3525 1838 3579 Deus
1864 3538 2075 3580 sermo-

499 3637 621 3676 nem
655 3621 737 3677 ori
767 3620 1011 3684 Balaam,
1035 3627 1091 3675 et
1122 3616 1348 3674 dixit".
1377 3635 1397 3669 ι
1429 3615 1697 3672 ϐαιιετυιη
1725 3629 1855 3669 veru
1892 3625 2074 3670 trans-

499 3716 720 3771 ﬁximus
768 3714 884 3769 haec
931 3713 1137 3769 verba:
1183 3730 1202 3765 ι
1231 3711 1432 3767 Factus
1481 3720 1568 3766 est
1612 3709 1836 3780 Spiritus
1880 3710 1971 3765 Dei
2018 3710 2072 3765 in

495 3808 640 3877 ipso,
675 3827 695 3861 ι
736 3807 879 3877 quod
928 3821 1103 3876 neque
1146 3805 1233 3861 bis
1264 3804 1446 3860 simile
1496 3803 1790 3873 quidquam
1822 3805 1877 3858 in
1907 3814 2072 3859 caete-

495 3915 680 3957 t'orum
730 3898 1055 3954 editionibus
1103 3897 1492 3952 invenerimus.
1543 3897 1889 3966 Rursumque
1931 3896 2099 3951 edi»

495 4000 656 4041 verso
678 3994 802 4056 post
828 3999 995 4055 pauca
1031 4003 1047 4039 :
1081 3983 1392 4045 «Occurrit.
1423 3984 1619 4054 inquit,
1656 3985 1801 4039 Deus
1826 3983 2070 4052 Balaam,

490 4089 549 4134 et
588 4079 782 4134 indidit
834 4092 1148 4134 sermonem
1179 4078 1231 4132 in
1262 4091 1361 4132 ore
1386 4075 1527 4142 ejus,
1559 4087 1615 4131 et
1647 4077 1824 4131 dixit:
1861 4075 2071 4131 Rever-

494 4185 610 4227 tere
625 4172 703 4228 ad
737 4171 920 4235 Balae,
962 4179 1019 4225 et
1056 4170 1173 4225 haec
1196 4169 1447 4239 loqueris
1471 4168 1538 4224 ⁸⁸.
1575 4188 1594 4221 ι
1632 4168 1688 4223 In
1723 4169 1839 4223 haec
1887 4177 2067 4222 autem

487 4265 669 4320 omnia
700 4264 909 4319 audens
942 4261 1162 4331 aliquis,
1190 4261 1333 4316 dicet
1365 4261 1429 4315 de
1467 4258 1634 4314 Saule
1667 4259 1832 4315 etiam
1860 4259 2065 4314 dictum

487 4359 657 4414 fuisse
687 4373 700 4410 :
731 4375 749 4407 ι
782 4355 1021 4426 Spiritus
1071 4354 1163 4411 Dei
1218 4354 1393 4409 maius
1446 4350 1773 4407 suffocabat‘
1799 4351 2008 4406 eum".
2040 4370 2061 4406 ι

487 4449 627 4517 Quin
662 4449 826 4502 etiam
856 4464 978 4502 cum
1003 4447 1205 4503 exisset
1235 4446 1462 4516 spiritus
1507 4442 1745 4498 mendax
1772 4441 1951 4498 lactus
1980 4451 2066 4497 est

2181 3238 2364 3293 Βαλὰκ
2385 3240 2518 3312 (28),
2545 3241 2688 3296 οὕτω
2713 3243 2990 3316 λαλήσεις.
3012 3264 3031 3294 ι
3065 3247 3177 3301 Καὶ
3205 3248 3270 3301 σὺ
3296 3248 3351 3302 δὲ
3381 3252 3624 3323 πρόσχες
3647 3254 3767 3319 πῶς

2177 3324 2464 3404 ἀμφότερα
2497 3333 2673 3404 ἁληθῆ
2699 3336 2835 3399 ἐστι,
2866 3336 2961 3389 καὶ
2989 3337 3053 3390 τὸ
3080 3338 3187 3391 ὑπὸ
3210 3338 3304 3392 τοῦ
3340 3340 3573 3410 ἀγγέλου
3607 3343 3763 3413 λεγό-

2181 3440 2340 3492 μενον
2373 3425 2430 3477 ἐν
2450 3424 2563 3496 τῷ,
2600 3445 2619 3477 ι
2648 3428 2715 3479 Ὃ
2747 3426 2842 3481 ἐὰν
2875 3428 3014 3482 ετπω
3065 3430 3204 3501 πρὸς
3232 3431 3315 3496 σὲ,
3363 3432 3523 3486 τοῦτο
3551 3435 3765 3509 φυλάξῃ

2176 3517 2427 3589 λαλῆσαι,
2467 3537 2485 3570 ι
2516 3519 2611 3572 καὶ
2649 3519 2710 3572 τὸ
2748 3520 2854 3573 ὑπὸ
2884 3520 2985 3590 τῆς
3010 3520 3233 3594 Γραφῆς
3262 3524 3759 3596 ἀπαγγελλόμενον,

2175 3608 2278 3661 ὄπ’
2332 3627 2350 3660 ι
2390 3609 2672 3663 Ἐνέϐαλεν
2698 3611 2727 3662 6
2749 3611 2879 3675 Θεὸς
2906 3612 3057 3683 ῥῆμα
3089 3615 3169 3676 εἰς
3213 3613 3273 3667 τὺ
3304 3615 3476 3687 στόμα
3506 3617 3757 3690 Βαλαὰμ,

2175 3702 2271 3756 καὶ
2301 3696 2446 3755 εῐπε’
2477 3721 2497 3755 ι
2528 3703 2590 3756 τὸ
2630 3703 2711 3769 δὲ,
2749 3722 2768 3754 ι
2794 3704 3056 3776 Ἐγενήθη
3107 3704 3323 3777 πνεῦμα
3369 3709 3504 3762 Θεοῦ
3551 3711 3639 3762 ἐπ’
3663 3711 3759 3763 αὑ-

2173 3794 2313 3866 τῷ,ι
2351 3795 2693 3867 ὠϐελξσαμεν
2723 3796 2855 3867 (29),
2915 3800 3051 3868 μήτε
3094 3799 3247 3864 αὐτὸ,
3287 3801 3423 3872 μήτε
3470 3804 3757 3874 παραπλήο

2175 3888 2290 3943 σιόν
2314 3905 2368 3941 τι
2392 3888 2542 3960 αὑτῷ
2584 3889 2837 3959 εὑρόντες
2881 3891 2941 3943 ἐν
2967 3892 3087 3954 ταῖς
3117 3891 3330 3956 λοιπαῖς
3357 3893 3619 3949 ἐκδόσεσι.
3653 3895 3759 3949 [Ιά-

2172 3980 2255 4035 λιν
2295 3997 2354 4034 τε
2387 3976 2455 4035 αὖ
2492 3983 2608 4052 μετ’
2633 3981 2808 4050 ὀλίγα,
2847 3997 2865 4029 t
2891 3983 3231 4054 Συνήντησε,
3301 3985 3465 4055 φησὶν
3485 4018 3500 4044 ,
3565 3986 3595 4039 6
3624 3985 3756 4050 Θεὸς

2171 4074 2251 4146 τῷ
2297 4073 2547 4143 Βαλαὰμ,
2583 4074 2679 4127 καὶ⁹
2707 4072 2926 4128 ἐνέϐαλε
2959 4074 3108 4145 ῥῆμα
3139 4076 3220 4138 εἰς
3252 4074 3313 4128 τὸ
3342 4076 3518 4148 στόμα
3564 4077 3752 4145 αὐτοῦ,

2172 4167 2267 4222 καὶ
2291 4162 2410 4221 εἷπε
2429 4184 2444 4198 °
2507 4167 2913 4239 Ἀποστράφηθι
2942 4167 3080 4239 πρὸς
3125 4168 3311 4222 Βαλὰκ
3346 4168 3478 4242 (50),
3504 4172 3599 4225 καὶ
3622 4173 3751 4227 τάδε

2169 4262 2440 4332 λαλήσεις.
2470 4279 2488 4311 ι
2531 4260 2628 4324 Εἰς
2653 4260 2826 4314 ταῦτα
2867 4260 2925 4314 δέ
2953 4261 3131 4314 πάντα
3157 4263 3186 4314 6
3214 4262 3534 4333 ἀποτολμῶν
3563 4265 3748 4335 φήσει,

2168 4353 2249 4406 ὅτι
2275 4353 2370 4406 καὶ
2404 4352 2496 4405 ἐπὶ
2523 4339 2618 4405 ⁴ἑοῦ
2643 4350 2816 4405 Σαοὺλ
2845 4351 3059 4422 εἴρηται
3077 4368 3092 4382 ·
3134 4371 3152 4404 ι
3174 4352 3399 4423 Πνεῦμα
3418 4353 3553 4408 Θεοῦ
3580 4373 3751 4427 πονη-

2172 4444 2264 4516 ρὸν
2294 4444 2513 4512 ἔπνιγεν
2545 4443 2726 4496 αὐτόν.
2755 4461 2774 4495 ι
2820 4441 2979 4495 Ἀλλά
3009 4442 3105 4495 καὶ
3132 4443 3350 4514 πνεῦμα
3382 4444 3578 4514 ψευδὲς
3602 4446 3751 4512 ἐξελ.

482 4545 540 4599 in
568 4557 664 4597 ore
693 4541 932 4596 omnium
966 4541 1355 4611 prophetarum
1380 4536 1588 4601 Achab,
1625 4535 1843 4590 dicente
1875 4534 2060 4589 Domi-
2091 4538 2098 4594 1

2182 4537 2256 4590 »δν
2301 4535 2523 4605 γέγονεν
2554 4537 2612 4589 ἐν
2658 4535 2885 4605 στόματι
2913 4534 3130 4589 πάντων
3170 4534 3280 4589 τῶν
3328 4539 3623 4609 προφητῶν
3650 4541 3746 4595 τοῦ

485 4650 601 4688 no:
633 4652 653 4685 ι
681 4632 815 4701 Quis
868 4631 1103 4703 decipiet
1148 4627 1425 4684 Achab?»
1470 4637 1525 4681 et
1575 4634 1809 4681 exeunte
1860 4625 2056 4693 spiritu

484 4723 759 4788 mendaci,
792 4732 848 4776 et
870 4722 1081 4776 dicente
1116 4738 1132 4774 :
1167 4736 1187 4769 ι
1210 4716 1324 4788 Ego
1351 4717 1618 4785 decipiam
1652 4727 1776 4768 eum
1796 4712 1865 4765 ".
1899 4732 1918 4763 ι
1951 4712 2050 4766 At-

2178 4628 2381 4701 Ἀχαὰϐ
2415 4628 2549 4698 (51),
2582 4627 2840 4690 εἰπόντος
2868 4626 3074 4697 Κυρίου
3094 4641 3110 4657 '
3165 4647 3183 4679 ι
3212 4628 3308 4692 Τίς
3353 4630 3624 4703 ἀπατήσει
3654 4634 3747 4687 τὸν

2174 4720 2407 4790 Ἀχαάϐ;
2437 4739 2455 4770 ι
2511 4719 2607 4771 καὶ
2637 4717 2943 4782 ἐξελθόντος
2994 4716 3303 4789 πνεύματος
3346 4721 3596 4790 ψευδοῦς,
3649 4726 3745 4779 καὶ

481 4831 587 4885 que
635 4817 748 4870 hare
790 4813 1126 4883 quitlem‘his
1157 4812 1210 4865 in
1242 4810 1375 4864 locis
1414 4807 1723 4861 examinata
1758 4815 1907 4867 sunt,
1934 4821 2056 4857 cum

2182 4808 2405 4873 εἰπόντος
2425 4824 2438 4838 ·
2477 4827 2495 4859 ε
2521 4805 2661 4874 Ἐγὼ
2694 4807 2977 4876 ἀπατήσω.
3008 4825 3025 4857 ι
3064 4807 3250 4862 Ταῦτα
3275 4811 3373 4881 μὲν
3397 4807 3492 4864 οὖν
3514 4814 3594 4876 εἰς
3618 4816 3744 4879 τοὺς

482 4907 720 4978 alioquin
771 4906 951 4960 valeat
1000 4903 1382 4972 unusquisque
1437 4916 1466 4955 a
1522 4899 2060 4968 semetipso.couse-

481 5009 713 5068 quenter
754 4999 839 5052 bis
889 4995 1211 5053 testimoniis
1253 5009 1374 5064 qua:
1416 4996 1470 5046 iu
1527 4991 1763 5046 medium
1830 4991 2059 5059 protuli-

481 5108 623 5157 uiuis,
651 5090 1000 5145 considerare
1031 5086 1309 5159 quomodo
1326 5085 1732 5156 prophetaverit
1758 5084 2052 5154 Caiaphas.

552 5231 598 5263 ⁶¹
633 5230 790 5285 Num.
820 5246 958 5293 xxu,
984 5229 1179 5283 22-24.
1255 5228 1299 5260 “
1331 5226 1466 5281 ibid.
1492 5227 1585 5281 27.
1661 5225 1705 5257 “
1737 5226 1870 5280 ibid.
1901 5226 1970 5280 52
2003 5243 2121 5296 seq.

833 5302 878 5334 ⁸⁸
902 5291 1035 5356 ibid.
1071 5298 1158 5354 16.
1233 5297 1280 5331 ’⁵³
1308 5297 1326 5350 1
1375 5298 1507 5367 Reg.
1532 5312 1644 5361 xvr,
1676 5297 1767 5351 14.
1841 5297 1887 5328 ⁵⁸
1916 5296 1983 5351 Ill
2013 5291 2147 5369 Reg.
2179 5310 2313 5358 xxii,
2343 5291 2532 5346 20-22.

480 5319 637 5365 sxnl,
673 5304 729 5358 5.

552 5422 665 5495 (26)
704 5421 767 5495 In
805 5422 990 5495 codice
1028 5420 1603 5495 Regiodesideratur,
1640 5420 1801 5495 τοῦτο
1834 5423 2074 5495 τρίτον,-

482 5494 661 5574 Ξαὶηεζ
704 5492 779 5563 μὴ
816 5492 1086 5557 ἐξέκλινεν
1119 5490 1231 5545 ⁷ἀπ’
1276 5490 1447 5561 ἐμοῦ,
1496 5491 1591 5545 sed
1636 5490 1941 5548 restituitur
1987 5509 2052 5549 ex

480 5561 791 5617 Bodleiano.

556 5633 667 5704 (27)
705 5632 885 5704 Cede;
922 5632 1150 5704 Regius,
1186 5647 1492 5704 perperam,
1528 5629 1606 5702 τῷ
1644 5632 1980 5704 Εὐαγγελίῳ.

482 5702 666 5840 λαις-ξ)
706 5701 933 5756 Βαλὰκ.
967 5701 1029 5757 In
1059 5703 1180 5759 eod.
1214 5702 1381 5774 Regio
1413 5701 1692 5774 perperam
1720 5702 1914 5775 legitur
1934 5701 2058 5758 Ba-

561 5841 669 5911 (29‘)
715 5841 786 5899 Τὸ
821 5842 908 5896 δέ.
955 5861 975 5895 ι
1034 5843 1319 5914 Ἐγενήοη
1358 5843 1591 5915 πνεῦμα
1629 5842 1800 5899 Θεοῦο
1828 5844 1920 5898 ἐπ’
1953 5846 2057 5901 αὐ-

2157 4901 2357 4964 τόπους
2404 4897 2708 4971 ἐζητήσθω,
2754 4897 3055 4968 δυναμένου
3102 4900 3246 4962 τινὸς
3292 4903 3386 4972 ἀφ’
3438 4904 3632 4959 ἑαυτοῦ
3674 4910 3744 4962 τὰ

2157 4992 2427 5046 ἀκόλουθα
2453 4993 2567 5054 τοῖς
2606 4988 2872 5043 ἐκτεθεῖσι
2925 4991 3109 5062 ῥητοῖς
3165 4994 3435 5064 σκοπῆσαι
3468 4997 3595 5067 περὶ
3623 4998 3741 5052 τοῦ.

2161 5085 2277 5149 πῶς
2309 5085 2711 5154 προεφήτευσεν
2742 5084 2771 5135 6
2801 5083 3074 5152 Καϊάφας.
3105 5085 3335 5155 Μήποτε
3362 5086 3420 5140 δέ
3448 5088 3541 5141 καὶ
3569 5089 3737 5144 ταῦτα

2223 5225 2269 5257 ⁸⁸
2299 5221 2456 5276 Num.
2484 5235 2641 5283 xxut,
2668 5220 2726 5285 Ii,
2748 5218 2804 5274 5.
2908 5218 2956 5250 “
2983 5217 3143 5273 Num.
3165 5235 3306 5287 uti,
3332 5221 3423 5277 '55.
3499 5223 3542 5255 "
3575 5225 3735 5282 Num.

2156 5423 2257 5489 τῷ,
2281 5443 2310 5499 ἰ
2332 5426 2729 5499 Αώὄελίσᾳμεν.
2761 5426 2936 5499 Yerba
2975 5428 3092 5484 haec
3128 5429 3477 5499 reperiuntur
3515 5430 3569 5483 in
3607 5432 3734 5482 Aie-

2159 5493 2421 5548 xandrino
2458 5493 2642 5550 codice
2679 5507 2733 5551 et
2779 5493 3259 5553 Sixtinacditiohe
3301 5517 3313 5553 :
3354 5500 3732 5555 desiderantur

2161 5564 2214 5616 in
2245 5563 2630 5643 compluteusi,
2663 5567 2804 5643 utin
2846 5568 3109 5643 Hebraico
3137 5572 3458 5643 archetypo,
3485 5568 3733 5640 reliquis-

2158 5649 2264 5704 que
2296 5636 2828 5704 interpretationibus
2856 5638 3009 5704 plane
3034 5639 3306 5695 omnibus.

2159 5702 2343 5841 lafp?)
2385 5702 2606 5759 Emam
2647 5706 2708 5761 In
2744 5702 2928 5762 codice
2980 5709 3152 5780 R9330
3191 5711 3330 5767 male
3382 5710 3576 5783 legitur
3620 5709 3731 5763 Βα-

2232 5811 2343 5915 Si.)
2380 5843 2560 5901 Codex
2597 5842 2813 5917 Regius,
2855 5847 3086 5919 Ἀχαάμ.
