4182 6404
341 411 443 466 717

1327 410 1689 468 COMMENT.
1729 410 1794 466 IN
1832 406 2022 464 JOAN.
2061 406 2299 462 TOMUS
2339 404 2575 461 XXVIII.

3487 402 3586 460 7I8

340 533 420 595 είς
441 531 542 602 τὴν
570 529 906 604 προφητείαν
934 530 1097 584 αὐτοῦ
1125 530 1362 596 λεκτέον,
1393 533 1496 596 ὅτι,
1522 532 1643 584 ἐπεὶ
1677 532 1750 603 μὴ
1774 533 1924 600 ἅγιος

2041 529 2161 582 Vide
2190 544 2318 582 vero
2348 545 2414 582 an
2455 527 2596 582 forte
2642 528 2753 581 haec
2784 527 2946 581 etiam
2979 525 3204 581 dicenda
3231 527 3340 581 sint
3367 527 3433 583 de
3460 543 3588 597 pro-

341 618 429 693 ἦν,
467 623 518 675 εἰ
553 623 648 675 xui
688 621 1114 693 προεφήτευσεν,
1145 622 1258 676 ἀλλ’
1298 624 1396 675 οὐκ
1430 623 1537 676 ἀπὸ
1570 622 1920 694 ἐμπνεύσεως

343 714 658 786 Πνεύματος
700 715 858 784 ἀγίου
890 717 1294 786 προεφήτευσεν
1324 715 1455 788 (52).
1503 716 1710 786 Ὥσπερ
1737 715 1792 768 δὲ
1829 715 1922 784 ζη-

341 809 552 878 τήσεως
586 805 734 871 ἄξιόν
767 810 906 870 ἐστι,
937 808 1054 870 πῶς
1081 810 1452 879 προεφήτευσε
1477 809 1750 877 Καϊάφας,
1780 807 1922 860 οὕτω

343 900 435 952 καὶ
462 902 520 952 ὲν
560 901 626 969 τῇ
669 897 864 970 πρώτῃ
893 897 1001 950 τῶν
1031 898 1326 951 Βασιλειῶν
1360 899 1636 970 ζητήσεις,
1664 897 1782 960 πῶς
1811 896 1921 967 (55)

342 991 758 1062 προεφήτευσαν
803 990 852 1042 οἱ
894 989 1113 1058 ἄγγελοι
1153 990 1246 1042 τοῦ
1295 989 1465 1043 Σαοὺλ
1512 989 1792 1051 σταλέντες
1832 987 1925 1040 ἐπὶ

343 1081 434 1135 τὸν
464 1081 648 1146 Δαϐὶδ,
677 1081 772 1134 xui.
806 1082 920 1151 μετ’
947 1081 1142 1145 αὐτοὺς
1175 1083 1203 1134 6
1225 1080 1413 1136 Σαούλ.
1445 1079 1759 1153 Γέγραπται
1786 1080 1920 1150 γάρ·

348 1187 367 1222 ι
388 1170 498 1224 Καὶ
524 1170 808 1241 ἀπηγγέλη
835 1169 912 1240 τῷ
935 1171 1127 1235 Σαοὺλ,
1153 1171 1400 1240 λέγοντες
1421 1187 1434 1200 °
1472 1171 1602 1224 Ἰδοὺ
1623 1169 1788 1222 Δαυῒδ
1813 1168 1925 1240 (54)

343 1261 421 1323 είς
453 1259 610 1312 Αύὼθ
657 1263 714 1314 ἐν
761 1261 958 1332 Ῥαμᾷ.
994 1261 1105 1315 Καὶ
1136 1261 1422 1315 ἀπέστειλε
1463 1261 1636 1315 Σαοὺλ
1663 1260 1929 1329 ἀγγέλους

344 1348 530 1402 λαϐεῖν
555 1349 647 1402 τὸν
669 1349 850 1407 Δαυῒδ,
874 1350 969 1404 xui.
990 1349 1202 1405 εἴδοσαν
1225 1352 1322 1423 τὴν
1348 1351 1640 1421 ἐκκλησίαν
1663 1349 1772 1404 τῶν
1802 1367 1930 1420 προ-

347 1440 554 1510 φητῶν,
577 1440 676 1494 xui:
698 1440 950 1512 Σαμουὴλ
969 1443 1208 1514 εἱστήκει
1235 1441 1588 1513 καθεστηκὼς
1610 1443 1696 1495 ἐπ’
1719 1441 1926 1495 αὐτῶν’

347 1535 444 1588 xui.
471 1533 703 1604 ἐγενήθη
751 1534 847 1588 ἐπὶ
884 1535 1008 1598 τοὺς
1054 1535 1317 1604 ἀγγέλους
1355 1535 1526 1589 Σαοὺλ
1575 1535 1792 1605 πνεῦμα
1819 1537 1931 1588 Κυ-

350 1625 493 1696 ρίου,
525 1623 620 1676 xui.
653 1624 1061 1695 προεφήτευσαν
1088 1623 1182 1677 xui.
1209 1623 1382 1676 αὐτοί.
1411 1624 1523 1678 Καὶ
1550 1622 1835 1693 ἀπηγγέλη
1854 1622 1931 1693 τῷ

351 1713 542 1777 Σαοὺλ,
571 1714 664 1769 xui.
696 1714 1017 1768 ἀπέστειλεν
1064 1714 1328 1782 ἀγγέλους
1377 1715 1618 1784 ἐτέρους,
1661 1715 1754 1768 xui.
1793 1732 1930 1786 προ-

349 1805 656 1875 εφήτευσαν
682 1807 776 1860 xui.
806 1807 980 1864 αὐτοί.
1009 1807 1120 1859 Καὶ
1151 1805 1406 1877 ἐθυμώθη
1433 1807 1569 1878 ὀργῇ
1598 1807 1792 1873 Σαοὺλ,
1836 1807 1938 1862 καῖ’

2023 622 2204 688 phetia
2229 621 2368 690 ejus,
2401 620 2658 688 quoniam
2686 634 2790 674 non
2821 630 3041 675 sanctus
3063 628 3200 683 erat,
3225 620 3434 674 etiamsi
3465 637 3591 690 pro-

2023 711 2284 780 phetarit,
2317 725 2424 765 non
2463 721 2642 764 tamen
2677 725 2742 766 ex
2770 711 2949 764 amato
2990 711 3224 781 Spiritus
3260 713 3430 766 sancti
3463 729 3594 785 pro-

2023 800 2276 870 phetasse
2311 801 2632 870 Caiapham.
2657 799 2728 855 Ut
2760 811 2938 855 autem
2969 803 3199 870 qtrmsitu
3227 802 3448 873 dignum
3485 815 3593 872 est,

2026 891 2300 959 quomodo
2337 891 2751 960 prophetaverit
2776 891 3067 960 Caiaphas,
3098 893 3176 948 sic
3207 893 3370 948 etiam
3403 894 3455 948 in
3484 895 3594 965 pri-

2027 997 2115 1036 mo
2162 982 2370 1053 Regum
2423 998 2655 1053 quaeres,
2702 985 2973 1052 quomodo
3012 985 3388 1053 prophetarint
3419 985 3595 1042 mmtii

2029 1073 2210 1129 Saulis
2239 1075 2388 1129 missi
2423 1076 2490 1129 ad
2521 1075 2801 1140 Davidem,
2829 1084 2884 1130 et
2914 1087 3035 1146 post
3076 1081 3224 1148 ipsos
3256 1077 3411 1133 Saul.
3444 1078 3598 1134 Scri-

2027 1178 2178 1238 ptmn
2223 1175 2309 1222 est
2343 1167 2486 1221 enim
2513 1167 2556 1199 ⁸⁸
2590 1186 2604 1222 :
2639 1186 2657 1218 ι
2683 1168 2747 1221 Ει
2783 1169 3089 1223 nuntiatum
3139 1181 3222 1225 est
3252 1170 3400 1225 Sauli
3444 1171 3598 1226 hisce

2029 1258 2213 1312 verbis
2241 1274 2255 1310 :
2288 1256 2428 1312 Ecce
2461 1257 2630 1312 David
2660 1267 2745 1313 est
2777 1259 2828 1312 in
2857 1259 3053 1327 Avoth,
3088 1260 3141 1314 in
3173 1259 3366 1315 Rama.
3395 1259 3462 1315 Et
3493 1261 3597 1314 ml-

2028 1349 2099 1403 sit
2132 1347 2263 1402 Sanl
2301 1349 2518 1404 nuntios
2547 1349 2639 1418 qnl
2674 1350 3004 1404 adducerent
3056 1351 3333 1416 Davidem,
3367 1359 3420 1405 et
3447 1350 3597 1404 vide-

2032 1451 2156 1495 runt
2198 1455 2425 1495 cuneum
2469 1441 2875 1511 prophetarum,
2915 1451 2971 1496 et
3020 1443 3326 1496 Samuelem
3365 1451 3596 1498 stantem

2033 1532 2336 1588 antistitem
2371 1547 2536 1602 super
2565 1547 2662 1587 eos
2691 1548 2706 1597 ;
2739 1531 3024 1601 factusque
3057 1543 3139 1586 est
3168 1533 3392 1602 spiritus
3417 1533 3602 1590 Domi-

2035 1627 2088 1679 ni
2142 1640 2306 1695 super
2349 1627 2571 1679 nuntios
2611 1623 2806 1688 Saulis,
2858 1633 2916 1677 ut
2957 1637 3012 1679 et
3055 1625 3155 1696 ipsi
3197 1627 3598 1696 prophetarent.

2033 1715 2462 1784 Nuntiatumque
2495 1724 2579 1769 est
2622 1715 2792 1779 Sauli,
2826 1713 2984 1784 391
3030 1725 3085 1769 et
3117 1716 3264 1770 misit
3299 1717 3434 1772 alios
3466 1735 3604 1772 nun-

2036 1807 2162 1870 tios,
2195 1805 2286 1874 qui
2317 1805 2479 1860 etiam
2521 1805 2618 1871 ipsi
2652 1805 3066 1874 prophetarunt.
3100 1804 3164 1858 Et
3194 1805 3488 1859 excanduit
3522 1806 3601 1860 ira

349 1872 616 1965 ἐξωρεύθη
647 1897 726 1959 είς
759 1893 1093 1966 Ἀρμαθαῗμ,
1129 1895 1222 1946 xui
1254 1872 1477 1964 ἔρχεται⁷
1635 1893 1730 1947 τοῦ
1761 1894 1930 1966 φρέα-

2041 1898 2186 1962 Saul,
2224 1896 2610 1965 concessitque
2658 1896 2820 1950 etiam
2865 1908 2980 1964 Ipse
3025 1896 3080 1949 in
3134 1896 3520 1962 Armathmam,
3550 1907 3605 1952 et

349 2002 442 2049 τος
469 1986 562 2038 τοῦ
586 1987 842 2057 μεγάλου,
865 1987 958 2040 xui.
978 1988 1036 2039 ἐν
1056 1990 1122 2058 τῇ
1149 1987 1254 2058 ὁδῷ
1295 1989 1374 2050 είς
1412 1987 1651 2056 Σωφείμ·
1690 1987 1786 2040 xui.
1837 1988 1932 2039 ἐπ-

349 2079 621 2153 ηρώτησε,
650 2080 744 2133 καὶ
776 2076 915 2133 εἷπε·
943 2079 1053 2134 Ποῦ
1087 2080 1357 2151 Σαμουὴλ,
1384 2080 1478 2133 xui.
1500 2080 1693 2144 Δαϐίδ;
1723 2079 1834 2131 Καὶ
1859 2074 1934 2131 εἷ-

351 2190 452 2225 πον
481 2173 590 2242 (55)
616 2189 629 2202 ·
696 2172 824 2226 Ἰδοὺ
869 2173 948 2236 είς
992 2172 1148 2226 Αύὼθ
1183 2175 1241 2226 ἐν
1289 2173 1485 2245 Ῥαμᾷ.
1526 2174 1636 2227 Καὶ
1665 2172 1932 2244 ἐπορεύθη

353 2263 561 2316 ἐκεῖθεν
588 2265 668 2327 είς
688 2263 846 2318 Αύὼο
874 2267 932 2318 ἐν
963 2265 1141 2336 Ῥαμᾷ
1162 2264 1272 2336 (56)
1291 2281 1304 2296 °
1342 2267 1436 2318 xui.
1468 2265 1696 2336 ἐγενήθη
1725 2266 1810 2318 ἐπ’
1839 2265 1936 2318 αὐ-

351 2357 446 2411 τὸν
490 2357 707 2427 πνεῦμα
734 2357 890 2422 Θεοῦ,
939 2358 1032 2410 xui.
1071 2357 1364 2429 ἐπορεύετο
1409 2357 1790 2428 πορευόμενος,
1841 2357 1938 2410 xui.

355 2448 736 2520 προφητεύων,
768 2449 873 2513 ἕως
893 2449 1065 2503 ἐλθὼν
1088 2452 1168 2514 είς
1191 2450 1348 2504 Λύὼθ
1375 2452 1433 2505 ἐν
1470 2453 1680 2524 Ῥαμᾷ⁶
1717 2453 1811 2505 xui.
1852 2449 1938 2516 ἐξ·

357 2537 583 2592 εδύσατο
614 2539 685 2592 τά
717 2539 907 2610 ἱμάτια
934 2540 1122 2608 αὐτοῦ,
1155 2542 1250 2594 xui.
1276 2543 1680 2614 προεφήτευσεν
1708 2542 1940 2597 ἐνώπιον

357 2630 642 2702 Σαμουῆλε
679 2632 774 2686 xui.
804 2632 968 2686 ἔπεσε
1018 2633 1225 2704 γυμνὸς
1269 2634 1396 2705 ὃλην
1431 2635 1530 2706 τὴν
1557 2634 1769 2707 ἡμέραν
1798 2634 1942 2688 ἐκεί-

358 2739 480 2792 νην,
507 2723 602 2774 xu‘t
646 2723 774 2794 ὃλην
811 2725 910 2796 τὴν
954 2724 1144 2780 νύκτα.
1186 2725 1285 2778 Διά
1318 2726 1476 2780 τοῦτο
1507 2726 1690 2796 ἔλεγον
1712 2743 1727 2758 ο
1755 2727 1817 2779 Ei
1846 2726 1941 2779 xui.

361 2812 533 2866 Σαοὺλ
565 2814 623 2866 ἐν
654 2817 999 2887 προφήταις;
1031 2835 1050 2868 ι
1113 2817 1447 2886 ’Δναγκαίως
1498 2818 1556 2871 δέ
1601 2817 1808 2889 νομίζω
1847 2817 1943 2871 xui.

360 2901 536 2958 ταῦτα
570 2907 995 2976 παρατεθεῖσθαι
1028 2907 1166 2980 ὑπὲρ
1198 2908 1289 2961 τοῦ
1321 2910 1555 2979 φανῆναι
1604 2909 1723 2972 πῶς
1765 2909 1945 2980 ἁμαρ-

359 2995 522 3072 τωλοὶ
542 2997 967 3068 προφητεύουσι,
990 2999 1082 3053 καὶ
1101 2999 1228 3052 πότε
1238 3016 1327 3072 ρον
1349 3002 1409 3064 ἐξ
1429 3000 1584 3068 ἁγίου
1605 2999 1746 3054 Πνεύ
1753 3016 1941 3070 ματος,

362 3063 422 3158 ἢ,
434 3087 535 3142 ἀπὸ
753 3089 1054 3161 δυνάμεως,
1083 3091 1206 3144 ὅσον
1228 3063 1292 3159 γε
1322 3063 1416 3143 ἐπ).
1442 3063 1519 3161 ei?)
1553 3063 1848 3163 μαρτυρεῖν
1874 3063 1942 3162 τῇ

2033 1992 2184 2045 venit
2219 2004 2393 2059 usque
2441 1987 2510 2043 ad
2551 1997 2767 2057 puteum
2817 2002 3094 2057 magnum,
3120 1996 3175 2041 et
3218 1987 3283 2040 ad
3313 1987 3453 2040 viam
3483 2003 3604 2057 quae

2035 2093 2122 2137 est
2178 2082 2232 2136 in
2283 2081 2554 2146 Sophem;
2606 2087 2661 2133 et
2703 2079 3044 2149 interrogans
3090 2079 3162 2133 ait
3200 2097 3213 2133 :
3248 2078 3349 2134 Ubi
3385 2091 3468 2134 est
3503 2081 3604 2134 ὃλ-

2036 2175 2204 2241 nmel,
2259 2183 2314 2229 et
2354 2173 2558 2227 David?
2598 2171 2668 2226 Et
2717 2172 3014 2227 dixerunt:
3047 2171 3184 2226 Ecce
3229 2173 3282 2225 in
3330 2171 3505 2226 Avotb
3549 2171 3604 2226 in

2038 2268 2229 2322 Rama.
2262 2266 2328 2320 Et
2351 2265 2599 2320 concedit
2622 2264 2770 2318 illine
2799 2264 2850 2317 in
2868 2263 3042 2317 Avoth
3074 2263 3126 2317 in
3160 2262 3329 2316 Rama
3359 2279 3371 2314 :
3398 2262 3603 2318 factus-

2039 2373 2144 2430 que
2183 2368 2268 2414 est
2299 2358 2524 2426 spiritus
2564 2354 2772 2410 Domini
2807 2368 2972 2422 super
3000 2368 3145 2416 eum,
3176 2365 3230 2408 et
3265 2354 3443 2409 eundo
3473 2355 3606 2420 ibat,

2039 2461 2203 2520 atque
2251 2449 2632 2518 prophetabat,
2672 2447 2845 2500 donec
2893 2460 3014 2499 cum
3067 2445 3305 2500 venisset
3350 2445 3607 2502 inAvoth

2041 2544 2094 2597 in
2129 2543 2318 2607 Rama,
2347 2540 2527 2596 exutis
2547 2537 2888 2594 vestimentis
2922 2537 3033 2592 suis
3057 2537 3396 2607 prOphetavit
3425 2552 3609 2592 coram

2043 2634 2330 2701 Samuele;
2378 2643 2435 2687 et
2488 2631 2722 2702 procidit
2760 2629 2938 2685 nudus
2975 2636 3087 2682 tota
3132 2628 3221 2682 illa
3255 2629 3367 2694 die,
3407 2639 3463 2682 et
3499 2637 3612 2683 tota

2043 2737 2222 2783 nocte.
2275 2725 2412 2782 Hinc
2447 2725 2648 2780 dicitur
2679 2741 2693 2777 :
2725 2721 2863 2776 Num
2911 2730 2967 2776 et
3014 2720 3146 2776 Saul
3192 2720 3332 2776 inter
3381 2721 3614 2792 prophe-

2045 2821 2173 2875 tas?
2200 2839 2218 2872 ι
2249 2819 2374 2874 Haec
2405 2832 2535 2872 vero
2561 2815 2873 2871 necessario
2907 2815 3150 2885 apposita
3186 2813 3354 2868 fuisse
3385 2828 3529 2873 reor.
3554 2820 3612 2865 ut

2045 2913 2280 2967 clareret
2325 2916 2644 2979 peccatores
2677 2919 2894 2976 quoque
2938 2904 3299 2974 prOphctare;
3343 2911 3396 2957 et
3431 2911 3612 2957 utrum

2047 3013 2113 3051 ex
2166 2996 2374 3065 Spiritu
2419 3002 2628 3058 sancto,
2674 3007 2742 3046 an
2791 3007 2856 3046 ex
2905 2991 3011 3045 alia
3053 2992 3291 3062 potentia
3326 3005 3430 3044 non
3463 3004 3615 3044 men-

2050 3087 2238 3152 tiente,
2269 3093 2531 3156 quantum
2585 3085 2652 3139 ad
2691 3082 3089 3138 testiﬁcandum
3132 3082 3343 3136 veritati
3394 3081 3614 3146 attinet,

360 3177 609 3250 ἀληθείᾳ,
663 3182 737 3252 μὴ
770 3181 1124 3254 ψευδομένης.
1182 3183 1351 3236 Πάλιν
1380 3201 1439 3236 τε
1468 3179 1534 3236 αὖ
1570 3186 1627 3236 ἐν
1656 3185 1722 3254 τῇ
1755 3182 1941 3254 πρώτῃ

2051 3178 2105 3232 hi
2133 3179 2478 3247 prophetent.
2505 3175 2846 3242 Rursumque
2873 3173 2924 3225 in
2956 3171 3132 3240 primo
3158 3169 3360 3239 Regum
3380 3167 3430 3200 "
3462 3169 3616 3221 iuve—

362 3267 472 3321 τῶν
515 3269 809 3326 Βασιλειῶν
868 3275 1211 3344 εὑρίσκονται
1251 3277 1300 3328 οἱ
1350 3275 1459 3329 τῶν
1503 3275 1738 3328 εἰδώλων
1805 3276 1943 3346 μάν-

365 3378 478 3425 τεις
527 3364 940 3429 ύποδεικνύντες
983 3367 1052 3420 τὰ
1088 3367 1217 3439 περὶ
1263 3367 1362 3438 τῆς
1411 3366 1666 3432 κιϐωτοῦ,
1703 3367 1797 3420 xui.
1841 3367 1944 3430 ὅτι,

366 3453 506 3508 ἐπὰν
539 3455 660 3526 βόες
692 3458 1132 3527 πρωτοτοκοῦσαι
1179 3459 1314 3529 (57),
1341 3459 1442 3530 τὴν
1491 3459 1610 3512 ὁδδν
1650 3457 1825 3530 Ἰησοῦ
1851 3456 1946 3510 τοῦ

370 3544 783 3616 Βεθσαμυσαίου
814 3548 1141 3620 πορευθῶσι,
1177 3548 1532 3620 σημαίνουσιν
1562 3549 1669 3603 ἀπὸ
1693 3549 1828 3603 Θεοῦ
1857 3567 1950 3619 γε-

370 3638 584 3704 γονέναι
617 3639 713 3711 τὴν
759 3640 972 3712 πληγὴν
1009 3643 1123 3705 τοῖς
1153 3641 1527 3704 Φυλιστιαίοις.
1565 3641 1700 3695 Οὐδὲ
1725 3642 1795 3694 τά
1822 3641 1951 3714 περὶ

369 3731 468 3803 τὴν
501 3731 936 3804 ἐγγαστρίμυθον
981 3732 1076 3786 xui.
1114 3731 1206 3786 τὸν
1250 3733 1500 3804 Σαμουὴλ
1545 3735 1603 3786 ὲν
1630 3736 1741 3796 τοῖς
1766 3734 1951 3796 τόποις

371 3823 579 3887 τούτοις
608 3825 1080 3896 παρασιωπητέον,
1117 3823 1211 3892 ἀφ’
1250 3818 1325 3880 ὧν
1357 3823 1558 3895 ἔμαθεν
1586 3827 1615 3878 6
1651 3825 1842 3888 Σαοὺλ,
1869 3826 1950 3878 ὅτι

373 3917 437 3986 τῇ
478 3914 604 3986 ἐξῆς
632 3915 854 3987 ἔμελλεν
880 3916 995 3986 ἅμα
1025 3917 1140 3980 τοῖς
1161 3917 1297 3980 υἱοῖς
1335 3915 1787 3988 ἀναιρεθήσεσθαι
1818 3915 1952 3987 ἡμέ-

375 4025 468 4082 ρᾳ.
515 4009 587 4060 Τὸ
615 4009 672 4062 δὲ
694 4010 918 4081 ἀκριϐὲς
947 4013 1004 4064 ἐν
1032 4013 1146 4074 τοῖς
1173 4009 1358 4073 τόποις
1389 4009 1579 4078 ὄψεται
1603 4009 1631 4062 ὁ
1657 4009 1953 4080 δυνάμενος

374 4095 647 4152 διαλαϐεῖν
701 4099 829 4170 περὶ
874 4099 1145 4171 διαφόρων
1197 4097 1498 4169 δυνάμεων,
1552 4098 1808 4169 χειρόνων
1859 4099 1955 4150 καὶ

377 4188 721 4260 κρειττόνων,
745 4192 793 4243 εί
825 4189 882 4243 δὲ
903 4190 998 4244 xui.
1018 4187 1128 4243 εἶέν
1152 4207 1296 4253 τινες
1319 4189 1544 4260 μεταξὺ,
1573 4190 1668 4242 xui.
1687 4189 1815 4260 περὶ
1833 4187 1956 4241 τού-

379 4297 504 4334 των.
542 4281 712 4335 Πάλιν
755 4299 812 4334 τε
843 4278 910 4335 αὖ
941 4284 968 4334 6
1000 4281 1318 4352 βουλόμενος
1347 4280 1456 4334 ἀπὸ
1504 4281 1744 4351 χείρονος
1790 4279 1954 4334 δυνά-

381 4387 528 4442 μεως
565 4373 1074 4444 προπεφητευκέναι
1101 4372 1191 4426 τὸν
1225 4371 1500 4442 Καϊάφαν,
1538 4371 1700 4443 φησὶν
1727 4371 1956 4434 ὅτι,ὀύ-

373 4461 461 4514 es»;
483 4463 781 4533 παράδοξόν
806 4464 919 4516 ἐστι
942 4463 1182 4535 πονηρὰν
1203 4462 1430 4533 δύναμιν
1455 4461 1627 4515 ταῦτα
1653 4462 1952 4534 εἰρηκέναι,

2050 3271 2274 3323 niumur
2328 3266 2594 3322 idolorum
2644 3273 2817 3327 vates,
2867 3262 3217 3318 ostendentes
3246 3260 3314 3314 de
3342 3274 3490 3325 arca,
3523 3258 3619 3313 de-

2049 3359 2468 3428 nuntiantesque
2493 3354 2841 3419 Philisthmis,
2877 3353 3018 3422 quod
3049 3351 3095 3407 si
3125 3349 3331 3406 bucula:
3360 3350 3620 3404 lactentes

2049 3445 2103 3500 in
2134 3447 2275 3500 viam
2311 3441 2865 3499 ambulaverintJesu
2891 3441 3280 3505 Bethsamusae,
3316 3439 3490 3494 sciant
3515 3437 3620 3494 sibi

2051 3554 2082 3592 a
2125 3538 2236 3593 Deo
2288 3536 2488 3590 factam
2533 3533 2701 3588 fuisse
2735 3533 2967 3604 plagam.
2998 3531 3078 3585 Ae
3122 3544 3188 3584 ne
3239 3531 3365 3584 illud
3401 3531 3617 3600 quidem

2051 3631 2118 3685 de
2151 3629 2378 3684 muliere
2422 3629 2654 3683 habente
2693 3625 2942 3694 spiritum
2989 3622 3273 3695 Pythonis,
3300 3623 3471 3692 deque
3521 3619 3623 3676 Sa-

2053 3723 2228 3777 muele
2262 3723 2314 3776 in
2339 3721 2424 3775 his
2456 3720 2588 3774 locis
2619 3717 2956 3772 reticendum
2995 3725 3082 3770 est
3109 3733 3122 3768 :
3145 3730 3209 3769 ex
3243 3715 3442 3784 quibus
3469 3713 3616 3770 didi—

2053 3817 2128 3870 cit
2159 3813 2287 3869 Saul
2335 3812 2594 3875 Inturum,
2632 3818 2690 3863 ut
2716 3819 2937 3879 postero
2968 3807 3054 3862 die
3086 3821 3206 3863 cum
3255 3805 3378 3862 [iliis
3415 3807 3623 3860 interii-

2055 3916 2271 3962 ceretnr
2294 3904 2341 3936 ⁸³
2367 3921 2382 3958 :
2407 3917 2638 3973 quorum
2669 3899 2912 3954 locorum
2957 3910 3275 3953 accuratam
3314 3900 3622 3968 intelligen-

2055 4003 2183 4055 tiam
2211 4001 2256 4053 is
2283 3998 2498 4051 visurus
2519 4006 2622 4062 est,
2656 3997 2745 4063 qui
2780 3997 3051 4049 disserere
3078 4000 3256 4060 potest
3303 3993 3366 4046 de
3393 3994 3624 4046 diversis

2053 4088 2334 4159 potentiis,
2371 4095 2484 4140 tum
2513 4084 2674 4140 bonis
2708 4093 2819 4137 tmn
2852 4083 3026 4143 malis,
3064 4091 3226 4150 atque
3249 4081 3315 4134 de
3343 4081 3424 4134 his
3453 4083 3620 4136 etiam

2057 4197 2176 4252 quae
2207 4181 2351 4234 inter
2381 4179 2478 4232 has
2507 4176 2695 4232 media:
2723 4177 2870 4238 sont,
2898 4174 2940 4228 si
2967 4188 3089 4242 quze
3115 4183 3263 4226 sunt.
3300 4171 3508 4226 Rursus
3529 4175 3622 4239 qui

2056 4271 2187 4327 velit
2261 4269 2556 4338 Caiapham
2610 4267 2964 4336 prophetasse
3019 4263 3068 4316 vi
3133 4263 3383 4328 potentiae
3435 4263 3622 4327 malas,

2057 4364 2300 4419 dicturus
2333 4369 2418 4415 est
2468 4358 2542 4413 nil
2588 4359 2784 4412 mirum
2813 4371 2956 4420 esse,
2981 4355 3025 4408 si
3063 4355 3204 4408 mala
3231 4353 3471 4423 potentia
3511 4353 3627 4406 haec

2060 4457 2280 4520 dixerit,
2308 4451 2746 4522 quandoquidem
2775 4449 3081 4503 inveniatur
3103 4445 3350 4501 diabolus
3371 4459 3473 4500 nan
3505 4462 3627 4500 om-

375 4552 510 4605 ὅπου
539 4569 603 4620 γε
636 4553 698 4606 οὐ
727 4554 901 4626 πάντη
934 4555 1147 4623 ἀγνοῶν
1179 4557 1271 4609 καί
1304 4557 1332 4608 6
1360 4555 1602 4619 διάϐολος
1639 4555 1941 4625 εὑρίσκεται

2059 4551 2187 4603 nino
2219 4549 2470 4616 ignorare
2511 4543 2698 4599 Jesum
2737 4544 2942 4596 dictmn
2987 4539 3156 4593 fuisse
3189 4540 3240 4592 in
3291 4539 3377 4592 his
3410 4553 3531 4608 qua:
3559 4539 3628 4592 ab

377 4643 467 4697 τὸν
501 4644 626 4697 Υίὸν
673 4644 800 4697 ὄντα
829 4645 986 4709 Θεοῦ,
1021 4647 1080 4702 ἐν
1110 4651 1222 4711 τοῖς
1263 4647 1654 4719 ἀναγραφείσιν
1693 4647 1798 4700 ὑπὸ
1843 4648 1954 4702 τῶν

377 4733 777 4802 εὖαγγελιστῶν
811 4737 1063 4807 είρῆσθαι
1106 4738 1196 4790 ὑπ’
1227 4737 1390 4791 αὑτοῦ
1422 4739 1558 4809 πρὸς
1594 4737 1686 4790 τὸν
1724 4736 1948 4808 Κύριον.

375 4825 540 4894 Φήσει
563 4825 639 4887 δέ,
657 4826 740 4879 ὅτι
753 4827 846 4880 xui.
863 4826 1095 4898 πονηρία
1111 4845 1194 4891 τις
1207 4826 1448 4881 ἔκκειται
1465 4829 1600 4900 (57')
1617 4830 1682 4898 τῇ
1703 4828 1954 4900 ἐνεργού-

382 4931 449 4988 σῃ
492 4915 719 4986 δυνάμει
754 4916 930 4971 ταῦτα
949 4917 1384 4988 προφητεύεσθαι
1410 4919 1540 4990 περὶ
1559 4918 1651 4971 τοῦ
1674 4919 1947 4989 Σωτῆρος·

381 5007 582 5070 σκοπὸς
612 5008 719 5078 γὰρ
745 5005 812 5079 ἦν
841 5009 976 5080 αὐτῇ
1007 5010 1068 5062 οὐ
1095 5011 1156 5062 τὸ
1188 5010 1570 5079 πιστοποιῆσαι
1603 5011 1726 5073 τοὺς
1753 5011 1955 5082 ἀκροω-

383 5100 595 5170 μένους,
631 5100 746 5155 ἀλλ’
773 5101 1012 5172 ἐρεθίσαι
1037 5102 1164 5165 τοὺς
1195 5104 1252 5156 ἐν
1289 5102 1368 5173 τῷ
1397 5103 1655 5174 συνεδρίῳ
1685 5104 1956 5174 ἀρχιερεῖς

450 5242 495 5273 ⁵³
523 5242 540 5294 Ι
572 5243 708 5312 Reg.
742 5259 855 5307 χιχ,
888 5243 954 5297 I9
988 5257 1101 5311 seq.

461 5334 570 5404 (52)
585 5334 737 5388 Ἀλλ’
759 5335 869 5385 οὐκ
887 5331 1006 5404 ἀπὸ
1026 5331 1403 5404 ἐμπνεύσεως
1423 5332 1768 5404 Πνεύματος
1783 5333 1954 5404 ἁγίου

386 5400 853 5472 προεφήτευσεν.
887 5402 1010 5455 [hec
1045 5402 1098 5454 in
1132 5401 1314 5472 codice
1342 5400 1527 5470 Regio,
1561 5417 1624 5472 ac
1645 5402 1873 5472 proinde
1900 5403 1954 5455 in

385 5469 515 5528 edit.
534 5469 746 5534 IIuetii,
775 5472 1169 5532 desiderantur,
1196 5469 1290 5524 sed
1317 5469 1530 5524 exstant
1559 5470 1612 5522 in
1643 5471 1950 5524 Bodleiano.

460 5545 569 5611 (55)
602 5543 732 5608 Πῶς
776 5541 1185 5609 προεφήτευσε
1222 5538 1515 5611 Καὶξάρᾳς,
1556 5540 1713 5611 οὕτω
1752 5541 1956 5611 καὶέν

386 5607 474 5681 τῇ
514 5607 717 5681 πρώτη
769 5607 888 5664 τῶν
924 5607 1271 5681 ήΒασιλεινῶν
1295 5609 1587 5681 ζητήσεις
1630 5607 1774 5672 πῶς.
1831 5610 1956 5664 Ilzec

387 5679 601 5752 quoque
641 5679 707 5736 in
731 5683 916 5737 codice
952 5680 1120 5751 Regio
1157 5679 1565 5746 desiderantur,
1605 5681 1702 5735 sed
1742 5688 1956 5735 exstant

387 5754 442 5806 in
481 5752 789 5807 Bodleiano.

461 5824 570 5892 (5-4)
606 5825 712 5876 Καὶ
742 5824 869 5892 μετ’
897 5820 1118 5892 αὐτοὺς
1146 5823 1179 5874 ὁ
1207 5819 1424 5892 Σαούλ.
1465 5819 1795 5892 Γέγραπται

387 5887 493 5948 Καὶ
525 5887 832 5962 ἀπηγγέλη
862 5892 942 5958 τῷ
975 5891 1191 5960 Σαοὺλ,
1226 5887 1522 5958 λέγοντες·
1557 5887 1717 5945 Ἰδοὺ
1755 5889 1948 5942 Δ-τιυΐὸ.

2057 4638 2407 4707 evangelistis
2429 4645 2556 4690 sunt
2591 4635 2814 4704 scripta,
2841 4632 3036 4687 Filium
3073 4631 3165 4685 Dei
3193 4645 3333 4696 esse,
3362 4645 3484 4684 cum
3515 4630 3630 4699 ipse

2055 4733 2371 4801 loqueretur
2421 4728 2489 4782 ad
2545 4725 2856 4780 Dominum.
2915 4723 3069 4777 Dicet
3131 4731 3309 4776 autem
3365 4719 3627 4774 malitiam

2057 4824 2220 4876 etiam
2256 4820 2544 4888 quamdam
2572 4817 2750 4870 inesse
2779 4815 2834 4866 in
2868 4813 3107 4882 potentia
3133 4821 3392 4880 operante
3427 4821 3486 4866 ut
3511 4811 3629 4866 haec

2058 4920 2124 4970 de
2179 4914 2471 4967 Servatore
2503 4911 2996 4979 prophetareutur:
3027 4907 3226 4975 quippe
3273 4897 3360 4960 cui
3429 4921 3630 4975 scopus

2061 5017 2206 5062 eSset
2236 5022 2342 5060 non
2373 5002 2560 5056 ﬁdeles
2586 4999 2767 5054 facere
2796 4999 3098 5060 auditores,
3125 4998 3218 5052 sed
3268 5013 3512 5052 summos
3535 5014 3627 5053 sa-

2061 5101 2309 5154 cerdotes
2351 5096 2780 5165 Pharisatosque,
2820 5093 2911 5163 qui
2949 5101 3316 5147 convenerant
3357 5091 3409 5144 in
3446 5095 3629 5146 com-i-

1208 5243 1255 5276 ³²
1291 5242 1462 5311 IReg.
1495 5259 1572 5309 vt,
1607 5243 1662 5298 9.
1737 5241 1784 5274 ⁸³
1813 5243 1833 5296 I
1860 5243 1992 5309 Reg.
2034 5251 2228 5297 xxvut,
2262 5235 2342 5289 l9.

2064 5333 2197 5452 μωρί
2217 5332 2376 5453 etiam
2411 5333 2464 5386 in
2496 5335 2679 5390 codice
2708 5333 2876 5403 Regio
2901 5335 3098 5388 omissa
3122 5345 3267 5400 sunt,
3300 5335 3393 5390 sed
3420 5347 3632 5394 exstant

2064 5418 2115 5453 ιη
2199 5417 2250 5453 0t
2290 5419 2462 5453 etano.

2062 5418 2115 5454 ιη
2161 5417 2462 5456 ιςοιιιειτιηο.

2079 5474 2085 5480 ’
2136 5471 2245 5537 (55)
2281 5471 2459 5526 Codex
2493 5473 2715 5542 Regius,
2757 5473 2925 5526 εἶπεν.

2135 5542 2244 5611 (56)
2284 5543 2393 5594 Καὶ
2427 5541 2716 5610 ἐπορεύθη
2755 5543 2982 5596 ἐκεῖθεν
3014 5541 3293 5612 είςᾼὺὼθ
3319 5543 3388 5595 ἐν
3433 5543 3629 5612 Ῥαμᾷ.

2063 5610 2186 5665 Ilaec
2217 5612 2591 5666 desiderantur
2621 5613 2673 5666 in
2707 5614 2941 5667 editione
2971 5611 3167 5665 Hnetii.

2134 5681 2243 5750 (57)
2289 5683 2794 5749 Πρωτοτοκοῦσαι.
2835 5683 2924 5736 Sic
2972 5697 3071 5736 nos
3108 5697 3230 5735 cum
3271 5680 3503 5747 Huetio;
3542 5683 3631 5737 alii

2061 5751 2581 5821 πρωτοτοκεύουσαι.
2620 5753 2768 5821 Enn.

2061 5889 2104 5944 Ε
2135 5822 2265 5888 (57')
2302 5824 2616 5876 Ἔκκειται.
2645 5820 2955 5892 Legendum
2978 5821 3188 5878 videtur
3214 5836 3333 5877 esse
3363 5820 3608 5890 ἔγκειται

2109 5907 2213 5944 υιτ.
2348 5907 2360 5920 ο

2109 5907 2213 5944 υιτ.
2348 5907 2360 5920 ⁹
