4182 6366
568 339 677 396 719

2044 346 2366 404 ORIGENIS

3726 354 3834 406 720

571 461 704 513 lium
748 457 1008 512 adversus
1043 455 1251 522 Jesum,
1291 458 1533 527 irritare,
1561 468 1623 514 ut
1663 460 1841 531 ipsum
1878 464 2116 519 interﬁce

2250 462 2345 514 καὶ
2368 462 2694 533 Φαρισαίους
2723 462 2865 517 κατά
2892 462 2986 517 τοῦ
3031 464 3227 536 Ἰησοῦ,
3270 466 3358 519 ἵνα
3386 464 3548 519 αὐτὸν
3577 467 3834 520 ἀποκτεί-

574 561 691 604 rent
724 567 739 604 :
774 566 895 620 quae
928 554 1178 622 Operatio
1209 567 1316 606 non
1347 562 1474 606 erat
1497 568 1562 607 ex
1597 552 1803 624 Spiritu
1834 564 2047 610 sancto.

640 641 729 696 M.
771 641 905 697 Vide
945 658 1077 699 vero
1110 658 1177 697 an
1227 658 1336 698 non
1387 644 1667 698 concitare
1699 644 1830 698 velit
1866 646 2145 700 auditores

567 740 682 796 sive
744 739 1031 811 Caiaphas.
1078 741 1193 796 sive
1245 741 1291 796 is
1340 742 1431 810 qui
1483 741 1560 793 illi
1612 740 1722 793 vim
1779 737 2141 807 prophetandi

566 831 967 901 suppeditabat,
1002 831 1070 884 ad
1121 829 1557 886 interﬁciendum
1606 830 1793 884 Jesum
1830 827 1982 883 hisce
2014 843 2141 881 ver-

565 923 650 977 bis
681 939 696 977 :
733 942 751 974 ι
783 922 888 977 Vos
921 923 1143 978 nescitis
1164 923 1485 992 quidquam,
1519 936 1694 990 neque
1734 920 1990 990 wgitatis
2013 921 2140 988 quia

562 1013 779 1082 expedit
814 1012 967 1067 nobis
1002 1021 1063 1067 ut
1102 1029 1242 1068 unus
1295 1013 1459 1068 homo
1484 1014 1754 1067 moriatur
1785 1026 1883 1081 pro
1918 1011 2139 1081 populo,

564 1113 753 1159 etnon
786 1102 949 1175 392
985 1114 1093 1158 tota
1138 1118 1271 1173 gens
1311 1104 1585 1173 pereat“.
1625 1124 1644 1156 ο
1680 1103 1872 1159 Utrum
1914 1101 2009 1172 qui
2054 1102 2140 1156 di-

564 1194 679 1262 cit,
709 1213 727 1246 r
752 1195 975 1264 expedit
1023 1196 1243 1258 nobis,i
1277 1212 1396 1266 qua:
1445 1196 1611 1250 verba
1663 1203 1792 1250 sunt
1840 1193 2139 1264 praphetim

560 1287 733 1356 ipsius
758 1302 907 1356 pars,
928 1304 1055 1343 vera
1087 1299 1275 1344 narrat
1308 1303 1376 1341 an
1411 1286 1715 1343 mentitur?
1741 1286 1799 1341 Si
1831 1300 1958 1341 vera
2004 1302 2136 1341 nar-

558 1388 666 1443 rat,
706 1390 958 1436 servatur
1004 1381 1299 1451 Caiaphas.
1360 1395 1483 1435 cum
1530 1379 1614 1433 his
1663 1378 1758 1449 qui
1814 1378 1868 1432 in
1906 1377 2136 1433 concilio

559 1473 819 1527 adversus
842 1471 1023 1527 Jesunt
1061 1474 1412 1537 contendunt,
1435 1470 1563 1541 quia
1596 1481 1842 1526 mortuus
1867 1480 1951 1524 est
1975 1468 2135 1526 Iesus

558 1575 657 1630 pro
677 1562 895 1630 populo,
935 1570 1457 1629 consequunturque
1493 1573 1684 1613 omnes
1726 1558 1779 1614 hi
1820 1558 2132 1622 utilitatem,-

556 1656 602 1708 si
642 1670 772 1709 vero
794 1656 1086 1709 absurdum
1114 1662 1200 1709 est
1237 1652 1420 1707 dicere
1453 1651 1774 1721 Caiapbam.
1805 1664 2009 1720 eosque
2032 1650 2130 1719 qui

556 1747 791 1803 concilio
832 1747 1064 1800 aderant
1116 1745 1379 1798 adversus
1421 1742 1631 1808 Jesnm,
1661 1743 1869 1798 servari
1902 1756 2127 1798 assecu-

2248 569 2427 605 vatV'
2462 554 2600 624 ὅπερ
2628 553 2727 607 οὐκ
2750 549 2818 624 ἦν
2843 554 2981 607 κατά
3006 554 3068 607 τὸ
3093 555 3247 623 ἅγιον
3276 555 3498 627 Πνεῦμα
3518 557 3828 629 ἐνεργῆσαι.

2318 644 2406 699 14.
2443 645 2583 715 Ὅρα
2602 643 2709 715 γάρ
2725 646 2772 697 εί
2796 644 2872 716 μὴ
2891 644 3189 717 παροξῦναι
3213 646 3458 717 βούλεται
3474 649 3599 713 τοὺς
3614 651 3829 722 ἀκροω-

2246 734 2440 803 μένους
2472 736 2583 807 (58)
2612 735 2720 790 εἴτε
2767 739 2796 790 6
2829 737 3105 806 Καϊάφας,
3154 738 3265 792 εἴτε
3312 740 3374 793 τὸ
3422 740 3681 812 ἐνεργοῦν
3736 742 3830 794 αὑ-

2243 824 2335 877 τὸν
2367 829 2749 899 προφητεύειν,
2786 827 2921 900 πρὸς
2945 828 3005 881 τὸ
3027 830 3342 883 ἀποκτεῖναι
3365 831 3455 884 τὸν
3487 831 3715 902 Ἰησοῦν,
3744 833 3831 889 διὰ

2243 916 2335 970 τοῦ
2356 934 2367 946 °
2414 937 2431 967 ι
2456 917 2643 988 Ὑμεῖς
2672 919 2772 972 ούκ
2799 918 2974 973 οἱδατε
3021 920 3175 973 οὐδὲν
3203 920 3337 991 (59),
3372 923 3494 976 ούδέ
3526 923 3827 992 λογίζεσθε,

2242 1009 2324 1061 ὅτι
2354 1009 2618 1080 συμφέρει
2664 1010 2794 1079 ἡμῖν
2825 1009 2911 1062 ἵνα
2958 1006 3038 1074 εἷς
3068 1010 3353 1083 ἄνθρωπος
3407 1013 3657 1089 ἀποθάνῃ
3687 1016 3829 1087 ὑπὲρ

2240 1097 2333 1152 τοῦ
2368 1097 2518 1162 λαοῦ,
2550 1100 2644 1153 καὶ
2692 1098 2768 1171 μὴ
2794 1099 2913 1152 ὅλον
2942 1100 3002 1153 τὸ
3039 1100 3191 1164 ἔθνος
3215 1101 3502 1173 ἀπόληται.
3530 1123 3549 1157 i
3583 1099 3731 1177 Ἀρά
3761 1123 3824 1175 γε

2240 1191 2268 1242 6
2287 1188 2481 1258 λέγων,
2505 1210 2523 1241 ι
2548 1191 2825 1262 Συμφέρει
2854 1192 3005 1263 ἡμῖν,
3021 1212 3038 1243 ι
3059 1192 3196 1264 ὅπερ
3214 1193 3380 1265 μέρος
3403 1189 3471 1265 ἦν
3486 1195 3585 1267 τῆς
3609 1214 3824 1269 προφη-

2237 1281 2389 1345 τείας
2417 1281 2603 1349 αύτοῦ,
2634 1282 2910 1354 ἀληθεύει,
2943 1284 3289 1355 ῆψεύδεταη
3323 1287 3385 1340 Ei
3425 1288 3522 1358 μὲν
3552 1288 3660 1361 γὰρ
3693 1290 3826 1363 ἀλη-

2239 1371 2404 1438 θεύει,
2438 1373 2671 1439 σώζεται
2693 1378 2721 1428 6
2742 1376 3018 1445 Καϊάφας,
3054 1377 3149 1430 καὶ
3170 1378 3219 1430 oi
3250 1379 3307 1431 ἐν
3340 1378 3417 1450 τῷ
3439 1380 3697 1452 συνεδρίῳ
3725 1400 3823 1436 κα-

2235 1464 2305 1517 τὰ
2335 1464 2430 1518 τοῦ
2474 1464 2647 1537 Ἰησοῦ
2674 1467 3084 1538 ἀγωνιζόμενοι,
3123 1468 3489 1535 ἀποθανόντος
3515 1470 3610 1525 τοῦ
3646 1473 3820 1545 Ἰησοῦ

2236 1556 2376 1627 ὑπὲρ
2408 1556 2501 1610 τοῦ
2531 1556 2684 1621 λαοῦ,
2734 1558 2829 1611 καὶ
2857 1559 3187 1629 τυγχάνουσι
3210 1559 3304 1614 τοῦ
3336 1561 3707 1634 συμφέροντος
3726 1579 3740 1593 ·
3770 1566 3819 1618 εί

2233 1648 2289 1701 δέ
2317 1650 2518 1704 ἄτοπον
2551 1649 2781 1718 φάσκειν
2807 1649 2897 1703 τὸν
2927 1650 3179 1720 Καϊάφαν
3213 1652 3308 1704 καὶ
3339 1653 3465 1715 τοὺς
3496 1655 3555 1707 ἐν
3576 1653 3653 1725 τῷ
3678 1655 3818 1708 κατά

2233 1740 2325 1795 τοῦ
2360 1741 2533 1813 Ἰησοῦ
2568 1741 2830 1811 συνεδρίῳ
2853 1739 3145 1807 σώζεσθαι,
3191 1743 3284 1796 καὶ
3315 1742 3409 1796 τοῦ
3447 1745 3817 1816 συμφέροντος

555 1848 749 1910 tosque
793 1852 887 1894 eos
931 1837 1101 1893 fuisse
1155 1836 1470 1900 utilitatem,
1506 1835 1630 1906 quia
1689 1846 1933 1891 mortuus
1967 1835 2116 1890 fuerit

2230 1833 2538 1903 τετευχέναι
2578 1831 2941 1895 ἀποθανόντος
2980 1832 3074 1887 τοῦ
3125 1834 3323 1904 Ἰησοῦ,
3362 1834 3519 1907 δῆλον
3558 1837 3691 1909 (39')
3718 1839 3817 1909 οὐχ

552 1930 732 1997 Jesus,
763 1930 1107 2001 perspicuum
1142 1938 1228 1984 est
1264 1943 1369 1983 non
1407 1929 1515 1984 dici
1570 1928 1832 1997 Spiritum
1877 1940 2127 1983 sanctum

550 2024 676 2077 talia
722 2030 1003 2092 operatum
1051 2019 1221 2075 fuisse
1254 2037 1269 2074 :
1297 2019 1537 2087 Spiritus
1585 2018 1731 2072 enim
1770 2027 1992 2073 sanctus
2019 2034 2125 2073 non

550 2113 831 2169 mentitur.
870 2112 971 2179 Qui
1008 2125 1137 2165 vero
1198 2109 1331 2164 velit
1371 2107 1694 2176 Caiapham,
1735 2116 1898 2178 atque
1933 2119 2127 2177 poten-

554 2207 679 2261 tiam
735 2205 789 2260 iii
833 2204 953 2274 ipso
998 2210 1318 2272 operantem
1382 2216 1511 2255 vera
1577 2214 1802 2255 narrare
1846 2201 2123 2257 dicendo:

553 2313 574 2350 ι
603 2296 836 2364 Expedit
885 2294 1063 2358 nobis,
1110 2302 1171 2347 ut
1204 2305 1347 2345 unus
1400 2290 1562 2344 homo
1595 2288 1862 2345 moriatur
1894 2304 1994 2359 pro
2027 2305 2125 2359 po-

547 2390 695 2460 pulo,
723 2406 743 2440 ι
775 2384 1098 2457 profundius
1127 2382 1395 2450 intelliget
1425 2381 1530 2436 hoc
1558 2381 1765 2436 dictum
1794 2424 1809 2448 ,
1848 2398 1869 2432 ι
1901 2381 2123 2449 expedit

548 2482 726 2548 nobis,
752 2498 771 2531 ι
801 2487 1028 2547 propter
1063 2476 1329 2530 rationem
1366 2473 1513 2537 ﬁnis.
1551 2485 1845 2543 uteturque
1872 2487 1939 2528 eo
1966 2473 2122 2528 testi-

547 2574 730 2629 monio
762 2589 776 2626 :
814 2590 831 2623 ι
865 2568 937 2626 Ut
968 2584 1064 2639 per
1094 2567 1327 2638 gratiam
1361 2567 1452 2620 Dei
1480 2565 1548 2633 ⁸⁸,
1582 2585 1602 2619 ι
1648 2566 1754 2630 vel,
1788 2584 1806 2616 ι
1845 2565 1962 2620 sine
1982 2565 2116 2631 Deo,

546 2680 646 2734 pro
691 2662 838 2717 omni
902 2667 1149 2732 gustaret
1195 2666 1476 2721 mortem;
1523 2674 1542 2707 ι
1582 2665 1637 2709 et
1686 2655 1893 2709 notabit
1944 2654 2117 2719 illud,

551 2774 571 2806 ι
593 2769 693 2824 pro
715 2751 899 2816 omni,
923 2768 943 2803 ο
974 2758 1029 2804 et
1065 2748 1216 2813 illud,
1254 2765 1272 2799 ι
1297 2745 1415 2800 sine
1447 2743 1575 2811 Deo,
1615 2759 1713 2814 pro
1735 2744 1905 2799 omni.
1928 2763 1947 2798 ι
1987 2744 2120 2802 Ute—

545 2859 635 2904 tur
674 2846 879 2917 pariter
916 2844 1080 2899 etiam
1137 2842 1227 2897 illo
1257 2864 1269 2897 :
1311 2840 1450 2908 «Qui
1477 2851 1558 2896 est
1584 2838 1847 2894 Servatur
1872 2839 2117 2893 omnium

541 2939 848 2998 hominum,
876 2934 1180 3005 praesertim
1229 2930 1467 2985 lidelitttn
1486 2929 1575 2995 ⁸⁶;
1615 2945 1635 2981 ι
1688 2935 1745 2983 et
1791 2926 1926 2980 illo:
1968 2942 1987 2975 ι
2017 2924 2118 2979 Hic

540 3040 628 3086 est
671 3029 761 3083 ille
791 3028 976 3097 Agnus
1003 3024 1118 3089 Dei.
1147 3023 1240 3093 qui
1270 3022 1447 3077 aufert
1479 3028 1761 3091 peccatum
1789 3015 1977 3071 mundi
1993 3015 2063 3081 ⁸⁷,
2089 3032 2109 3066 ι

2229 1926 2381 1996 ἆγιον
2405 1926 2629 1997 Πνεῦμα
2650 1921 2717 1998 ἦν
2738 1926 2799 1979 τὸ
2824 1925 2999 1980 ταῦτα
3025 1928 3325 1999 ἐνεργῆσαν
3359 1928 3631 1999 λέγεσθαι’
3664 1931 3815 2000 ἆγιον

2227 2018 2335 2090 γάρ
2361 2017 2585 2088 Πνεῦμα
2610 2019 2669 2070 ού
2693 2016 2967 2087 ψεύδεται.
3013 2019 3070 2073 Ὀ
3097 2019 3154 2073 δὲ
3184 2020 3505 2093 βουλόμενος
3528 2023 3817 2096 ἀληθεύειν

2226 2110 2321 2163 καὶ
2360 2112 2417 2163 ἐν
2445 2110 2622 2182 τούτῳ
2649 2109 2710 2162 τὸ
2748 2111 3002 2183 ἐνεργοῦν
3026 2112 3116 2166 τὸν
3145 2114 3420 2183 Καϊάφαν,
3464 2114 3609 2183 λέγω
3649 2115 3708 2169 δὲ
3739 2115 3817 2187 τῷ

2226 2204 2478 2272 φάσκειν,
2510 2222 2528 2254 ι
2552 2202 2828 2276 Συμφέρει
2855 2206 3009 2275 ἡμῖν,
3040 2205 3128 2259 ἵνα
3150 2199 3229 2269 εἷς
3258 2205 3543 2278 ἄνθρωπος
3570 2208 3817 2284 ἀποθάνῃ

2224 2295 2365 2366 ὑπὲρ
2391 2294 2484 2347 τοῦ
2517 2294 2668 2363 λαοῦ,
2693 2312 2711 2344 ›
2744 2293 3041 2366 βαθύτερον
3083 2295 3439 2360 ἐξακούσεται
3470 2297 3588 2362 τοῦ,
3625 2318 3646 2351 ι
3670 2299 3816 2370 Συμ-

2224 2386 2379 2457 φέρει
2413 2388 2565 2457 ἡμῖν,
2596 2404 2614 2438 ι
2650 2386 2738 2440 διὰ
2761 2386 2851 2440 τὸν
2882 2387 3011 2458 περὶ
3037 2387 3223 2451 τέλους
3243 2387 3423 2457 λόγον,
3451 2389 3546 2443 καὶ
3575 2391 3812 2463 συγχρή-

2224 2493 2374 2530 σεται
2406 2477 2505 2548 τῷ,
2540 2495 2559 2527 ‹
2588 2478 2775 2542 Ὅπως
2821 2477 3024 2549 χάριτι,
3049 2495 3070 2529 ι
3116 2477 3174 2548 ἢ,
3219 2493 3237 2526 t
3274 2476 3441 2546 χωρὶς
3473 2478 3641 2544 Θεοῦ,
3673 2480 3814 2552 ὑπὲρ

2222 2568 2422 2632 παντὸς
2449 2568 2713 2641 γεύσηται
2746 2568 2976 2625 θανάτου
2999 2586 3012 2599 ’
3040 2588 3058 2621 ι
3093 2570 3188 2623 καὶ
3218 2570 3500 2641 ἐπιστήσει
3523 2571 3602 2644 τῷ
3622 2611 3638 2637 ,
3676 2592 3694 2624 ι
3718 2573 3810 2625 ’Υ-

2221 2660 2326 2732 πὲρ
2359 2661 2583 2725 παντὸς,
2606 2679 2624 2712 ι
2659 2662 2753 2715 καὶ
2780 2661 2881 2732 τῷ,
2920 2679 2939 2710 ι
2962 2661 3135 2732 χωρὶς
3161 2660 3320 2726 Θεοῦ,
3356 2662 3499 2734 ὑπὲρ
3534 2662 3753 2727 παντός.
3782 2680 3806 2715 ο

2217 2751 2560 2824 Σγχρήσεται
2587 2752 2644 2806 δέ
2664 2752 2758 2806 καὶ
2794 2752 2893 2826 τῷ*
2932 2771 2952 2804 ι
2987 2753 3083 2816 ’ος
3105 2755 3221 2807 ἐστι
3242 2753 3433 2826 Σωτὴρ
3461 2754 3681 2810 πάντων
3714 2756 3810 2809 ἀν-

2219 2841 2473 2913 θρώπων,
2493 2844 2725 2915 μάλιστα
2744 2844 2968 2899 πιστῶνο
2995 2864 3015 2897 ι
3038 2846 3119 2899 ὅτι
3138 2844 3315 2919 [Litt]
3336 2846 3416 2910 δέ,
3440 2866 3458 2898 ι
3484 2840 3810 2911 Οὗτόςέστιν

2216 2935 2247 2987 6
2263 2931 2451 3001 Ἀμνὺς
2467 2934 2558 2988 τοῦ
2573 2933 2708 2989 Θεοῦ
2733 2938 2762 2989 ὁ
2781 2936 2951 3009 αἴρων
2971 2936 3071 3009 τὴν
3101 2937 3374 3007 ἁμαρτίαν
3401 2936 3495 2990 τοῦ
3530 2938 3759 3008 κόσμου,
3784 2957 3803 2988 ν

2219 3026 2364 3091 ἰδίως
2388 3025 2603 3082 ἀκούων
2633 3026 2726 3081 τοῦ
2755 3028 3007 3100 αἴρεσθαι
3031 3029 3131 3100 τὴν
3156 3028 3432 3099 ἁμαρτίαν
3454 3029 3548 3083 τοῦ
3577 3030 3806 3100 κόσμου,

539 3120 763 3193 proprie
808 3116 1117 3187 intelligens
1168 3111 1372 3168 auferri
1425 3120 1711 3179 peccatum
1762 3107 1972 3175 mundi,
2005 3120 2112 3159 non

666 3215 678 3219 -
775 3211 788 3219 .
920 3208 955 3219 η
1012 3218 1015 3219 ,
1304 3204 1316 3215 ο
1370 3216 1551 3219 ,κηημμ
1598 3213 1708 3219 Α---
1753 3199 1875 3219 J:-!.
1912 3214 1927 3219 -
1968 3196 2079 3219 ,ο-

2219 3118 2313 3175 καὶ
2338 3118 2458 3189 οὐχὶ
2480 3118 2681 3190 μέρους
2706 3117 2891 3172 αὐτοῦ.
2937 3119 2995 3172 Ὀ
3019 3118 3074 3171 δὲ
3107 3118 3283 3188 λέγων
3310 3118 3507 3190 ἀληθὲς
3533 3114 3674 3173 εἶναι
3721 3119 3803 3182 τὸ,

537 3215 713 3286 partis
739 3211 881 3283 ejus.
915 3208 1181 3264 (laterum
1226 3204 1317 3274 qui
1368 3216 1558 3257 verum
1590 3213 1712 3255 esse
1748 3199 1881 3254 dicit
1911 3214 1928 3254 :
1963 3214 1984 3248 ι
2007 3196 2114 3251 Ex-

2221 3211 2533 3283 «Συμφέρει
2560 3213 2716 3282 ἡμῖν,
2752 3211 2838 3264 ἵνα
2864 3207 2945 3276 εἷς
2977 3209 3264 3281 ἄνθρωπος
3285 3210 3554 3283 ἀποθάνῃ,
3585 3229 3603 3261 ι
3644 3211 3807 3282 φήσει

538 3306 689 3377 pedit
717 3303 892 3366 nobis,
925 3308 984 3355 ut
1021 3312 1161 3355 unus
1190 3296 1355 3351 homo
1395 3292 1685 3353 moriatur,
1709 3308 1729 3343 ι
1761 3289 1905 3344 dicet
1939 3296 2111 3342 totum

534 3405 860 3470 pmsentem
920 3391 1098 3448 locum
1159 3403 1346 3444 veram
1394 3383 1734 3457 prophetiam
1779 3396 1921 3447 esse,
1968 3381 2112 3470 inci-

537 3469 773 3559 pientetn
802 3486 872 3541 ab
903 3483 995 3538 illo
1026 3501 1041 3538 ς
1076 3498 1095 3532 ι
1125 3480 1235 3535 Vos
1282 3477 1507 3532 nescitis
1554 3472 1875 3544 quidquam.
1910 3489 1929 3523 ι
1963 3469 2110 3526 Nihil

534 3582 681 3637 enim
760 3586 959 3634 norant
1023 3574 1218 3631 sumini
1280 3571 1596 3627 sacerdotes
1675 3578 1731 3624 et
1809 3565 2106 3632 Pharisaei,

534 3671 843 3727 nescientes
911 3666 1095 3723 Jesum
1156 3665 1440 3718 veritatem
1513 3674 1673 3723 esse,
1748 3656 2106 3728 sapientiam,

530 3763 796 3834 justitiam
860 3768 915 3814 et
964 3770 1198 3828 pacem:
1241 3753 1409 3822 «Ipse
1473 3751 1620 3806 enim
1691 3758 1775 3804 est
1831 3763 1938 3820 pax
2007 3762 2107 3803 no-

534 3865 647 3910 stra
680 3854 750 3911 ⁸⁸.
788 3870 808 3904 ι
851 3850 992 3917 Quin
1049 3848 1214 3904 etiam
1284 3861 1390 3899 non
1473 3841 1785 3913 cogitabant
1850 3839 1905 3894 bi
1971 3838 2106 3894 nihil

532 3944 789 4005 scientes,
825 3953 1062 4010 quonam
1097 3947 1255 4007 pacto
1296 3935 1631 3991 conduceret
1666 3934 1829 3987 etiam
1881 3930 2009 3995 illis,
2048 3939 2108 3986 ut

536 4048 681 4089 unus
735 4033 845 4092 liic.
881 4039 1147 4101 quatenus
1178 4028 1340 4083 homo
1373 4034 1475 4091 est,
1517 4033 1820 4079 moreretur
1866 4037 1966 4094 pro
2011 4037 2105 4093 po-

531 4124 680 4193 pulo.
709 4121 868 4178 Jesus
889 4121 1055 4185 enim,
1087 4117 1180 4188 qui
1207 4126 1456 4171 mortuus
1479 4124 1589 4180 est,
1617 4114 1779 4168 homo
1822 4122 1939 4180 est;
1961 4128 2104 4183 quo-

532 4218 679 4272 circa
732 4216 847 4284 ipse
902 4212 1064 4269 etiam
1112 4210 1334 4279 inquit:
1372 4226 1392 4259 ι
1426 4206 1581 4262 Nunc
1627 4215 1809 4260 autem
1857 4207 2103 4276 queritis

532 4323 620 4363 tne
653 4308 982 4370 interﬁcere,
1017 4302 1318 4365 hominem,
1357 4301 1447 4369 qui
1480 4300 1696 4357 loculus
1747 4313 1865 4353 sum
1897 4297 2101 4352 verita-

532 4398 763 4454 tent”.i
808 4397 872 4450 Et
913 4393 1169 4464 quoniam
1222 4391 1384 4446 homo
1439 4390 1654 4460 quidem
1693 4398 1799 4454 est,
1831 4387 1922 4458 qui
1957 4400 2103 4440 mor-

2213 3302 2310 3357 καὶ
2336 3303 2433 3357 ὅλα
2461 3302 2533 3356 τά
2574 3303 2717 3358 κατὰ
2742 3306 2833 3356 τὸν
2863 3305 3027 3359 τόπον
3055 3303 3395 3374 προφητείαν
3438 3299 3577 3357 εἶναι
3607 3303 3807 3376 ἀληθῆ,

2211 3395 2524 3468 ἀρχομένην
2557 3396 2665 3449 ἀπὸ
2690 3395 2786 3449 τοῦ
2809 3413 2822 3427 ·
2856 3414 2875 3446 t
2898 3396 3087 3467 Ὑμεῖς
3113 3397 3214 3450 οὐκ
3245 3396 3424 3450 οίδατε
3454 3396 3636 3451 οὐδέν’
3666 3415 3685 3448 ι
3717 3398 3807 3451 ού-

2209 3486 2299 3540 δέν
2325 3486 2437 3558 γὰρ
2466 3486 2686 3557 ⁴ᾔδεισαν
2714 3488 2763 3539 οἱ
2816 3485 2908 3540 τὸν
2952 3486 3158 3559 Ἰησοῦν
3194 3484 3270 3558 μὴ
3310 3485 3674 3558 γνωρίζοντες
3701 3489 3806 3540 Φα-

2211 3581 2410 3652 ρισαῖοι
2442 3579 2536 3633 καὶ
2564 3580 2861 3651 ἀρχιερεῖς,
2887 3580 3014 3634 ὄντα
3045 3580 3322 3651 ἀλήθειαν,
3345 3580 3438 3634 καὶ
3466 3580 3675 3649 σοφίαν,
3708 3579 3805 3633 καὶ

2208 3670 2578 3742 δικαιοσύνην,
2609 3672 2705 3725 καὶ
2729 3673 2954 3743 εἰρήνην
2974 3688 2987 3701 °
3025 3691 3043 3722 ι
3073 3672 3246 3736 Αὐτὸς
3274 3672 3381 3742 γάρ
3414 3672 3561 3725 ἐστιν
3586 3673 3620 3742 ἡ
3654 3671 3805 3743 είρηο

2208 3779 2274 3832 νη
2308 3761 2487 3833 ἡμῶν.
2518 3781 2537 3813 ι
2589 3762 2749 3817 Ἀλλά
2774 3763 2869 3816 καὶ
2911 3763 3012 3816 οὐκ
3038 3762 3343 3831 ἐλογίζοντο
3375 3755 3520 3816 οὗτοι
3548 3765 3598 3816 οί
3634 3764 3801 3835 μηδὲν

2208 3854 2430 3918 εἰδότες,
2460 3854 2582 3909 τίνα
2606 3855 2807 3926 τρόπον
2842 3855 3107 3927 συνέφερε
3140 3856 3235 3908 καὶ
3281 3855 3488 3919 αὐτοῖς,
3540 3855 3629 3909 ἵνα
3657 3855 3685 3907 6
3718 3850 3800 3919 εἷς

2206 3941 2383 4011 οὗτος,
2444 3946 2582 4000 καθὸ
2630 3946 2914 4019 ἄνθρωπός
2969 3950 3156 4012 ἐστιν,
3203 3946 3450 4022 ἀποθάνῃ
3512 3948 3653 4019 ὑπὲρ
3701 3948 3799 4002 τοῦ

2206 4037 2361 4091 λαοῦ·
2421 4037 2707 4111 ἄνθρωπος
2782 4038 2891 4113 γάρ
2952 4039 3101 4093 ἐστιν
3169 4037 3456 4092 ἀποθανὼν
3538 4036 3743 4109 Ἰησοῦς
3779 4053 3794 4067 ο

2205 4128 2286 4183 διὸ
2314 4129 2407 4184 καὶ
2434 4130 2595 4193 αὑτός
2623 4146 2753 4201 φησι
2781 4147 2794 4159 ·
2832 4148 2850 4181 Ι
2875 4130 2989 4184 Νῦν
3008 4130 3065 4184 δὲ
3097 4128 3312 4200 ζητεῖτέ
3356 4146 3425 4202 με
3479 4129 3797 4183 ἀποκτεῖναι

2204 4220 2511 4291 ἄνθρωπον,
2538 4220 2597 4285 ὃς
2621 4219 2719 4291 τὴν
2747 4219 3006 4291 ἀλήθειαν
3028 4220 3320 4294 λελάληκα.
3351 4240 3371 4272 ›
3404 4221 3515 4273 Καὶ
3546 4218 3666 4273 ἐπεὶ
3704 4218 3798 4273 ἀν-

2205 4314 2423 4386 θρωπος
2455 4312 2553 4385 μὲν
2600 4314 2745 4367 ἔστιν
2775 4316 2803 4367 6
2837 4312 3147 4377 ἀποθανὼν,
3181 4314 3281 4366 ούκ
3308 4309 3377 4384 ἦν
3421 4313 3478 4366 δέ
3510 4314 3795 4385 ἄνθρωπος

2205 4407 2238 4478 ἡ
2267 4404 2513 4476 ἀλήθεια,
2545 4404 2698 4476 καὶὴ
2733 4404 2918 4474 σοφία,
2954 4403 3049 4458 καὶ
3084 4405 3118 4475 ἡ
3152 4404 3364 4475 εἰρήνη,
3397 4403 3490 4457 καὶ
3519 4404 3552 4474 ὴ
3586 4402 3792 4457 δικαιο-

530 4500 658 4544 tuus
689 4499 807 4554 est;
844 4500 948 4540 non
984 4496 1104 4539 erat
1135 4492 1316 4538 autem
1360 4481 1523 4536 homo
1551 4480 1778 4544 veritas,
1806 4477 2097 4547 sapientia,

2219 4497 2357 4568 τύνη,
2391 4499 2487 4550 καὶ
2539 4496 2668 4566 περὶ
2699 4486 2761 4548 οῦ
2802 4495 3131 4567 γέγραπται,
3164 4514 3182 4546 t
3207 4494 3337 4557 Θεὸς
3370 4489 3438 4564 ἧν
3472 4494 3501 4545 6
3534 4494 3722 4564 Λόγος,
3766 4511 3788 4546 ›

530 4595 637 4651 pax
676 4586 732 4645 et
770 4576 1001 4647 justitia,
1030 4582 1086 4630 et
1111 4573 1177 4628 de
1198 4586 1306 4642 quo
1327 4570 1591 4642 scriptum
1614 4578 1697 4625 est
1723 4586 1737 4623 :
1770 4586 1789 4621 ι
1813 4568 1955 4622 Deus
1982 4577 2102 4622 erat

531 4672 725 4727 Sermo
743 4668 831 4728 ⁶⁰;
862 4685 880 4718 ι
918 4680 1023 4720 uou
1068 4674 1315 4718 mortuus
1349 4671 1434 4717 est
1467 4660 1554 4714 ille
1606 4661 1750 4715 Deus
1788 4658 2001 4725 Sermo,
2047 4668 2103 4713 et

525 4775 753 4841 veritas,
783 4782 840 4828 et
868 4769 1158 4841 sapientia,
1195 4777 1251 4821 et
1296 4766 1508 4838 justitia
1535 4779 1550 4819 :
1578 4764 1623 4819 si
1654 4764 1872 4836 quidem
1923 4764 2103 4833 imago

526 4880 816 4941 invisibilis
840 4878 961 4943 Dei,
988 4873 1388 4945 Primogenitus
1434 4871 1612 4927 omnis
1655 4879 1922 4927 creatum
1945 4871 1987 4901 ⁸⁸
2021 4871 2103 4924 iii-

524 5002 698 5059 capax
733 4992 817 5040 est
850 4981 1062 5037 mortis.
1118 4977 1224 5033 Pro
1274 4974 1474 5047 populo
1512 4983 1695 5031 autem
1748 4976 1984 5031 moritur
2012 4974 2102 5030 bic

525 5096 687 5148 homo
729 5089 984 5147 omnibus
1034 5085 1406 5141 animantibus
1463 5083 1675 5154 purior,
1729 5082 1824 5152 qui
1873 5091 2098 5152 peccata

523 5174 714 5256 nostra
765 5195 890 5253 tulit
925 5206 981 5252 et
1017 5193 1362 5250 inﬁrmitates
1386 5191 1456 5258 α’,
1480 5190 1609 5262 quia
1636 5197 1837 5260 posset
1875 5190 2094 5247 univer-

521 5321 640 5363 sum
693 5302 861 5359 totius
919 5299 1103 5355 mundi
1148 5305 1434 5368 peccatum
1466 5294 1519 5349 in
1561 5309 1621 5350 se
1670 5305 1950 5364 receptum
1985 5293 2095 5349 sol-

522 5427 670 5477 vere,
728 5419 784 5465 et
831 5418 1177 5468 consumere.
1222 5412 1280 5458 et
1319 5403 1528 5468 delere,
1595 5404 1852 5474 quoniam
1918 5422 1937 5455 ι
1972 5419 2097 5474 pec-

2204 4588 2305 4641 ούκ
2336 4587 2607 4642 ἀπέθανεν
2655 4586 2684 4637 6
2715 4585 2846 4651 Θεὸς
2878 4586 3071 4652 Λόγος,
3123 4585 3217 4639 καὶ⁸
3265 4587 3298 4656 ή
3333 4585 3581 4656 ἀλήθεια,
3633 4585 3728 4639 κα)⁸
3755 4585 3791 4657 ἡ

2207 4677 2388 4747 σοφία,
2422 4679 2517 4731 καὶ
2546 4679 2580 4747 ή
2619 4674 2966 4746 δικαιοσύνη·
3016 4675 3363 4740 ἀνεπίδεκτος
3408 4674 3517 4747 γὰρ
3560 4675 3594 4746 ή
3628 4674 3790 4728 εἰκὼν

2201 4770 2297 4823 τοῦ
2329 4769 2463 4822 Θεοῦ
2500 4768 2591 4822 τοῦ
2627 4769 2882 4839 ἀοράτου,
2927 4766 3275 4839 Πρωτότοκος
3322 4766 3503 4838 πάσης
3539 4764 3789 4831 κτίσεως,

2210 4862 2461 4917 θανάτου.
2501 4861 2673 4935 ’Υπὲρ
2719 4860 2811 4915 τοῦ
2860 4859 2992 4914 λαοῦ
3039 4859 3096 4913 δὲ
3146 4858 3413 4913 ἀπέθανεν
3457 4852 3609 4921 οὗτος
3641 4858 3670 4910 6
3697 4857 3790 4912 ἀν-

2209 4952 2443 5026 θρωπος,
2470 4950 2533 5005 τὸ
2576 4952 2791 5005 πάντων
2818 4949 2972 5015 ζώων
2994 4947 3396 5021 καθαρώτερον,
3421 4948 3569 5011 ὅστις
3599 4946 3697 5011 τὰς
3725 4948 3786 5000 ἀ-

2208 5040 2443 5112 μαρτίας
2466 5039 2622 5111 ἡμῶν
2661 5035 2784 5112 ἦρε,
2819 5041 2913 5093 καὶ
2952 5039 3050 5103 τὰς
3076 5038 3382 5104 ἀσθενείας,
3430 5040 3525 5093 ἆτε
3556 5039 3787 5109 δυνάμε-

2205 5150 2293 5197 νος
2320 5135 2499 5186 πᾶσαν
2536 5134 2634 5204 τὴν
2657 5133 2780 5186 ὂλου
2807 5131 2900 5186 τοῦ
2929 5133 3134 5203 κόσμου
3166 5132 3441 5203 ἁμαρτίαν
3486 5134 3565 5195 είς
3597 5131 3789 5184 ἐαυτὸν

2201 5225 2485 5281 ἀναλαϐὼν
2525 5227 2705 5290 λῦσαι,
2748 5226 2841 5280 καὶ
2887 5224 3243 5291 ἐξαναλῶσαι,
3295 5225 3391 5278 καὶ
3442 5223 3783 5293 ἐξαφανίσαι·

2202 5318 2325 5370 ἐπεὶ
2377 5317 2496 5388 «μὴ
2546 5318 2822 5389 ἁμαρτίαν
2875 5318 3120 5387 ἐποίησε,
3175 5315 3311 5387 μηδὲ
3370 5315 3571 5387 εὑρέθη
3640 5314 3787 5378 δόλος

2202 5409 2262 5460 ἐν
2300 5405 2380 5478 τῷ
2424 5408 2656 5479 στόματι
2684 5407 2871 5473 αὑτοῦ,
2902 5427 2920 5459 ι
2950 5407 3070 5461 ούδέ
3115 5406 3255 5475 ἔγνω
3282 5406 3576 5477 ἁμαρτίαν.
3630 5406 3788 5460 Κατά

626 5532 672 5562 ⁸⁸
697 5530 852 5583 Joan.
888 5543 963 5592 λι,
993 5525 1083 5589 49,
1109 5522 1199 5594 50.
1270 5521 1321 5594 _”
1342 5520 1509 5594 rllebr.
1540 5539 1610 5594 tt,
1637 5521 1693 5578 9.
1721 5593 1729 5594 ί
1770 5522 1818 5555 ⁸⁸
1846 5521 1873 5575 l-
1895 5523 2038 5579 Tini.
2071 5538 2116 5577 tv

2219 5525 2266 5578 θ.
2358 5524 2586 5580 "Joan.
2616 5543 2653 5589 t,
2689 5526 2783 5581 ‘29.
2858 5525 2905 5557 ⁸⁸
2930 5523 3130 5594 Ephes.
3158 5520 3316 5589 tt,M.
3390 5520 3438 5553 ”
3467 5517 3629 5574 Joan.
3664 5532 3781 5581 vni,

521 5601 610 5654 40.
687 5600 733 5629 ⁸⁸
762 5597 921 5652 Joan.
954 5613 993 5659 ι,
1026 5596 1079 5649 1.

595 5688 705 5760 (’8)
730 5689 929 5760 Eadem
961 5685 1150 5760 ﬂuetii
1166 5683 1352 5749 editio,
1373 5682 1928 5760 _ma|e_,_dtitpop._é_vou_c_.

592 5754 707 5824 ὧν)
746 5756 955 5813 Οὐδέν.
994 5756 1343 5812 Desidet-stur
1368 5754 1426 5809 in
1469 5754 1721 5811 editione
1740 5755 1940 5812 Huetii.

1177 5593 1220 5624 “
1256 5592 1467 5647 Coloss.
1501 5593 1635 5657 t,l5.
1713 5593 1760 5625 ⁶¹¹
1792 5594 1918 5649 Isai.
1952 5610 2071 5658 LIII,
2114 5595 2170 5648 4.

2272 5682 2409 5753 (39‘)
2448 5680 2668 5748 Δῆλον.
2712 5679 2842 5739 Po".
2874 5679 3016 5734 hanc
3056 5690 3243 5733 vocem
3284 5672 3631 5731 desideratur
3687 5668 3785 5735 ὼς,

2198 5754 2286 5809 vel
2318 5755 2423 5809 ὅτι.
2457 5754 2621 5808 Eutr.
