4182 6418
414 311 510 362 721

1397 307 1750 365 COMMENT.
1795 307 1859 361 IN
1886 298 2090 363 ’JOAN.
2133 306 2368 362 TOMUS
2403 306 2640 363 XXVIII.

3553 303 3665 364 72?.

413 422 570 477 τοῦτο
612 424 656 477 δ’
707 419 858 495 οἶμαι
910 424 1007 478 καὶ
1055 424 1147 478 τὸν
1200 425 1411 479 Παῦλον
1466 426 1743 497 εἰρηκέναι
1788 425 1986 488 οὕτως·

2095 435 2272 480 calum
2329 441 2435 479 non
2488 426 2655 489 fecit,
2711 439 2886 494 neque
2960 424 3205 479 inventus
3265 434 3347 478 est
3433 427 3485 479 in
3571 440 3668 479 ore

418 533 439 567 ι
487 517 591 569 Τὸν
647 515 719 587 μὴ
770 517 969 583 γνόντα
1001 516 1274 588 ἁμαρτίαν
1320 516 1458 588 ὑπὲρ
1506 516 1662 586 ήμῶν
1715 516 1992 588 ἁμαρτίαν

411 607 688 677 ἐποίησεν,
728 606 814 659 ἵνα
852 610 1013 677 ἡμεῖς
1061 606 1346 677 γενώμεθα
1393 606 1709 677 δικαιοσύνη
1756 607 1890 660 Θεοῦ
1934 609 1992 659 ὲν

411 697 588 767 αὐτῷ·
650 716 670 749 ι
732 698 1007 770 ἁμαρτίαν
1056 704 1164 769 γὰρ
1216 698 1380 751 αὐτὸν
1420 699 1696 768 ἐποίησεν,
1730 695 1872 762 εἷπε,
1918 698 1994 770 μὴ

409 788 609 858 γνόντα
632 788 744 859 (40)
775 789 1072 861 ἁμαρτίαν,
1108 789 1186 860 τῷ
1229 790 1396 861 μηδὲν
1430 792 1594 845 αὑτὸν
1634 792 1996 863 ἡμαρτηκότα

411 882 512 944 τάς
536 883 755 935 πάντων
776 882 1050 953 ἁμαρτίας
1079 883 1450 954 ἀνειληφέναι,
1484 884 1580 937 καὶ
1604 886 1655 937 εἰ
1687 884 1769 937 δεῖ
1793 884 1996 955 τολμή-

412 989 585 1027 σαντα
619 976 812 1038 εἰπεῖν,
863 974 1039 1045 πολλῷ
1083 975 1283 1046 μᾶλλον
1326 974 1434 1029 τῶν
1471 975 1784 1030 ἀποστόλων
1826 974 1993 1029 αὑτοῦ

411 1066 804 1138 περικαθαρμα
829 1067 991 1121 αὑτὸν
1023 1068 1117 1121 τοῦ
1153 1069 1357 1139 κόσμου
1391 1069 1695 1138 γεγονέναι,
1736 1070 1832 1123 καὶ
1857 1069 1993 1122 πάν-

408 1180 518 1218 των
545 1165 831 1236 περίψημα
855 1162 964 1216 τῶν
1002 1162 1294 1216 εἰπόντων*
1338 1182 1357 1213 r
1403 1161 1490 1226 Ὧς
1535 1161 1995 1233 περικαθάρματα

408 1257 506 1310 τοῦ
565 1257 772 1327 κόσμου
822 1256 1193 1327 ἐγενήθημεν,
1260 1255 1479 1309 πάντων
1553 1253 1838 1325 περίψημα
1888 1252 1993 1315 ἓως

409 1348 558 1419 ἄρτι.
600 1366 619 1399 ι
659 1346 793 1417 Περὶ
831 1346 889 1400 δὲ
929 1346 1025 1399 τοῦ
1056 1346 1336 1409 πολλάκις,
1366 1345 1802 1416 ἐπικρατούντων
1832 1342 1993 1397 τινῶν

407 1438 661 1509 χαλεπῶν
678 1441 735 1491 ἐν
750 1437 826 1509 τῷ
841 1437 948 1491 τῶν
965 1436 1265 1509 ἀνθρώπων
1279 1437 1446 1506 γένει,
1459 1432 1568 1490 οἷον
1584 1434 1808 1507 λοιμῶν,
1826 1436 1859 1506 ἢ
1875 1436 1994 1487 ὲπι-

407 1532 624 1588 ϐλαϐῶν
657 1531 950 1603 νηνεμιῶν,
977 1530 1010 1603 ἢ
1040 1530 1233 1601 λιμῶν,
1265 1528 1484 1583 λύεσθαι
1499 1528 1817 1593 τὰτοιαῦτα,
1832 1529 1992 1582 οἱονεὶ

406 1623 852 1697 καταργουμένου
878 1621 975 1675 τοῦ
1004 1621 1352 1694 ἐνεργοῦντος
1383 1622 1523 1676 αύτὰ
1564 1621 1801 1693 πονηροῦ
1829 1620 1991 1675 πνεύ-

406 1733 599 1788 ματος,
630 1716 719 1770 διά
749 1715 810 1769 τὸ
841 1715 1029 1769 ἑαυτόν
1059 1733 1180 1768 τινα
1226 1715 1368 1784 ὑπὲρ
1405 1713 1499 1768 τοῦ
1536 1713 1718 1768 κοινοῦ
1765 1714 1987 1779 διδόναι,

2095 518 2212 586 ejus
2270 518 2425 572 dolus
2447 518 2561 583 “³,›
2619 531 2795 587 neque
2848 516 3072 587 agnovit
3146 525 3450 585 peccatum.
3515 517 3666 572 llauc

2094 611 2258 664 etiam
2282 610 2354 665 ob
2379 624 2598 664 causam
2623 611 2818 678 opinor
2851 609 3075 663 Paulum
3113 608 3196 664 sic
3224 609 3425 666 dixisse
3461 611 3661 684 :393

2099 720 2119 753 ι
2167 702 2325 765 Eum,
2376 703 2467 772 qui
2524 714 2632 755 non
2684 702 2834 754 novit
2891 711 3197 767 peccatum,
3226 714 3325 769 pro
3347 701 3662 769 nobispec-

2095 804 2276 848 catum
2324 792 2476 857 fecit,
2518 813 2535 845 ι
2580 793 2758 855 Deus;
2794 809 2814 842 ι
2850 800 2908 843 ιιι
2949 805 3048 845 nos
3079 788 3416 845 elﬁceremur
3448 789 3667 858 iustitia

2098 886 2189 940 Dei
2224 886 2276 939 in
2313 887 2431 954 ipso
2453 886 2541 938 ’δι
2575 904 2594 936 ι
2629 893 2911 954 peccatum
2953 883 3122 951 enim,
3167 884 3325 949 dixit,
3372 884 3549 954 ipsum
3590 885 3667 939 ie—

2095 978 2189 1042 cit,
2224 977 2314 1044 qui
2364 987 2645 1045 peccaturi.
2690 992 2797 1031 neu
2841 974 3010 1039 novit,
3045 975 3172 1045 quia
3211 991 3333 1029 cum
3371 977 3487 1046 ipse
3525 976 3664 1031 nihil

2095 1069 2299 1137 peccati
2323 1067 2704 1139 commisisset,
2746 1068 2988 1121 omnium
3016 1067 3068 1121 in
3097 1081 3157 1121 se
3190 1075 3409 1135 peccata
3442 1080 3666 1136 recepe-

2096 1160 2199 1224 rit;
2224 1167 2279 1213 et
2305 1159 2352 1213 si
2386 1159 2652 1213 audacius
2685 1157 2832 1227 loqui
2874 1158 3182 1213 audendum
3219 1170 3323 1226 est,
3357 1158 3524 1213 multo
3550 1173 3667 1211 ma-

2094 1250 2176 1321 gis
2199 1266 2361 1323 quam
2391 1252 2571 1305 caeteri
2603 1251 2691 1306 sui
2722 1251 2978 1320 apostoli,
3019 1259 3431 1321 purgamentum
3476 1250 3665 1304 mundi

2094 1343 2273 1398 factus
2308 1341 2473 1396 fuerit
2511 1341 3012 1411 rejectamentaque
3045 1343 3286 1396 omnium
3320 1343 3614 1397 dicentium
3643 1359 3660 1396 :

2098 1452 2117 1486 ι
2147 1434 2312 1502 Quasi
2352 1442 2707 1504 purgamenta
2745 1434 2934 1487 mundi
2979 1432 3113 1486 facti
3146 1449 3367 1502 sumus;
3415 1434 3659 1488 omniurn

2094 1525 2477 1593 reiectamenta
2511 1538 2684 1592 usque
2709 1524 2931 1578 nunc".
2955 1543 2976 1577 ι
3005 1523 3162 1591 Quod
3198 1536 3378 1586 autem
3411 1525 3663 1594 frequen-

2094 1622 2177 1668 ter
2207 1612 2666 1667 invalescentibus
2689 1613 2848 1667 rebus
2878 1614 3203 1683 quihusdam
3236 1616 3466 1685 asperis,
3493 1617 3662 1671 veluti

2091 1716 2265 1775 peste,
2292 1704 2375 1758 vel
2401 1704 2564 1768 fame,
2593 1704 2676 1758 vel
2716 1704 2906 1757 uocuis
2938 1716 3221 1759 ventorum
3251 1707 3663 1776 agitationibus,

406 1806 600 1860 πολλαὶ
633 1805 886 1878 φέρονται
938 1805 1225 1877 Ἑλλήνων,
1267 1805 1363 1859 καὶ
1402 1804 1693 1876 βαρὸάρων
1734 1802 1986 1876 ἱστορίαι,

2092 1798 2145 1850 in
2191 1796 2471 1850 hominum
2512 1809 2730 1865 genere,
2767 1795 3050 1849 solvantur
3077 1797 3213 1862 haec,
3246 1798 3470 1863 abolito,
3510 1800 3661 1853 verbi

405 1898 507 1969 τήν
548 1898 677 1969 περὶ
724 1896 819 1951 τοῦ
866 1897 1107 1952 τοιούτου
1159 1897 1368 1950 ἔννοιαν
1417 1897 1517 1950 οὐκ
1564 1896 1984 1963 ἀποπτυόντων,

405 1990 527 2042 οὐδὲ
556 1989 1095 2059 ἀποδοκιμαζόντων·
1131 1988 1363 2061 πότερον
1405 1989 1501 2060 μὲν
1529 1985 1623 2042 οῦν
1667 1989 1842 2061 ἀληθῆ
1872 1991 1987 2043 ἐστι

400 2082 471 2136 τὰ
493 2081 736 2145 τοιαῦτα,
761 2082 794 2154 ἦ
827 2083 920 2154 μὴ,
950 2082 1012 2136 ού
1039 2083 1131 2136 τοῦ
1173 2082 1441 2154 παρόντος
1475 2082 1592 2134 ἐστὶ
1621 2081 1819 2153 καιροῦ
1867 2082 1986 2152 μετ’

401 2175 705 2240 ἐξετάσεως
744 2174 1037 2228 διαλαϐεῖν.
1088 2175 1234 2245 Πλὴν
1276 2177 1304 2228 ὁ
1340 2174 1639 2245 δυνάμενος
1681 2173 1823 2244 ὑπὲρ
1864 2172 1987 2227 ὅλου

403 2267 632 2337 κόσμου,
666 2266 755 2318 ἵνα
783 2268 893 2329 πᾶς
920 2267 951 2318 6
976 2266 1180 2337 κόσμος
1205 2265 1474 2337 καθαρθῇ,
1507 2264 1869 2330 ἀναδέξασθαι
1894 2266 1986 2319 ἐπὶ

402 2357 686 2429 καθαρσίῳ
711 2357 899 2422 αὐτοῦ,
941 2356 1275 2427 ἀπολομένου
1304 2357 1391 2416 ἂν,
1422 2359 1470 2411 εἰ
1512 2355 1586 2429 μὴ
1614 2352 1896 2424 ἀνεδέξατο
1922 2354 1984 2410 τὸ

403 2450 546 2523 ὑπὲρ
573 2449 739 2503 αὑτοῦ
772 2448 1082 2515 ἀποθανεῖν,
1117 2447 1242 2502 οὔτε
1275 2447 1554 2520 ἱστόρηται
1586 2445 1826 2512 πώποτε,
1859 2444 1984 2500 οὔτε

407 2540 759 2613 ἱστορηθῆναι
796 2541 1042 2604 δύναται,
1090 2540 1253 2611 μόνου
1317 2537 1492 2611 Ὶησοῦ
1538 2536 1601 2592 τὸ
1632 2538 1850 2592 πάντων
1884 2538 1987 2601 τῆς

402 2632 679 2703 ἁμαρτίας
723 2632 942 2704 φορτίον
984 2632 1043 2685 ὲν
1092 2630 1171 2702 τῷ
1223 2631 1364 2703 ὑπὲρ
1415 2629 1524 2683 τῶν
1561 2630 1698 2685 ὅλων
1747 2648 1767 2680 ι
1819 2631 1988 2702 χωρὶς

404 2723 540 2776 Θεοῦ
572 2743 591 2776 ι
631 2723 849 2796 σταυρῷ
888 2722 1176 2778 ἀναλαϐεῖν
1222 2724 1306 2786 είς
1345 2720 1557 2785 ἑαυτὸν,
1592 2722 1689 2775 καὶ
1721 2721 1987 2792 βαστάσαι

402 2818 470 2889 τῇ
504 2817 712 2890 μεγάλῃ
749 2818 916 2872 αὐτοῦ
954 2816 1098 2888 ἰσχύϊ
1125 2816 1506 2887 δεδυνημένου.
1540 2815 1653 2868 Καὶ
1690 2814 1801 2887 γὰρ
1833 2810 1991 2878 οὗτος

406 2908 568 2980 μόνος
601 2911 920 2982 ἐπιστήμων
948 2905 1016 2981 ἦν
1041 2907 1135 2962 τοῦ
1168 2908 1355 2979 φέρειν
1385 2906 1677 2978 μαλακίαν,
1714 2905 1791 2971 ὥς
1822 2922 1986 2977 φησιν

366 3010 371 3016 ·
402 3000 432 3052 6
461 3000 748 3069 προφήτης
792 3001 1038 3069 Ἡσαΐας,
1068 3000 1259 3069 λέγων·
1295 3018 1314 3050 ι
1355 2998 1674 3069 Ἀνθρωπος
1713 3000 1770 3051 ὲν
1802 2997 1982 3069 πληγῇ

402 3088 499 3153 ὢν,
523 3089 616 3142 καὶ
640 3089 794 3154 είδὼς
823 3091 1011 3162 φέρειν
1046 3090 1338 3162 μαλακίαν.
1393 3108 1412 3141 ι
1456 3090 1567 3143 Kal
1605 3083 1759 3152 οῦτός
1787 3105 1852 3157 γε
1886 3089 1982 3152 τὰς

404 3179 678 3250 ἁμαρτίας
723 3154 1113 3250 ήμῶνέλαϐἐ,
1168 3182 1266 3234 καὶ
1309 3179 1713 3250 μεμλάκισται
1755 3154 1846 3232 διά
1884 3177 1984 3241 τὰς
2009 3154 2053 3213 ο

400 3270 630 3341 ἀνομίας
655 3271 832 3342 ἡμῶν,
860 3272 955 3326 καὶ
988 3274 1020 3344 ή
1045 3271 1365 3343 ὀφειλομένη
1397 3273 1529 3343 ἡμῖν
1553 3272 1634 3334 είς
1667 3269 1731 3323 τό
1757 3270 1983 3324 παιδευ-

402 3362 562 3433 θῆναι
595 3362 686 3416 καὶ
709 3364 932 3434 εἰρήνην
955 3362 1242 3417 ἀναλαϐεῖν
1263 3362 1485 3426 κόλασις
1511 3361 1597 3415 ἐπ’
1634 3360 1796 3416 αὑτὸν
1829 3359 1986 3431 γεγέ-

399 3471 577 3526 νηται.
606 3452 765 3510 Οὕτω
793 3454 903 3526 γάρ
947 3455 1130 3510 ἀκούω
1170 3453 1376 3508 τούτων
1397 3471 1411 3486 ο
1444 3473 1463 3506 ι
1496 3453 1723 3508 Παιδεία
1761 3454 1985 3525 εἰρήνης

402 3545 563 3616 ήμῶν
585 3544 671 3598 ἐπ’
717 3542 901 3599 αὐτόν.
940 3564 959 3598 ι
996 3545 1152 3617 Τάχα
1189 3546 1248 3600 δὲ
1285 3546 1401 3610 καὶ,
1437 3545 1559 3597 ἐπεὶ
1586 3563 1605 3595 ι
1637 3544 1716 3615 τῷ
1757 3543 1983 3616 μώλωπι

401 3635 569 3690 αὐτοῦ
596 3638 761 3707 ἡμεῖς
794 3635 1044 3708 ίὰθημεν,
1087 3656 1106 3689 ι
1145 3636 1397 3706 εἴποιμεν
1426 3635 1494 3691 ἂν
1531 3636 1581 3689 οί
1620 3635 1881 3700 ίαθέντες,
1917 3637 1984 3691 ἐκ

402 3724 501 3780 τοῦ
524 3724 759 3798 σταυροῦ
783 3724 1029 3789 ἐλθόντος
1051 3722 1200 3796 αὐτῷ
1228 3723 1322 3777 τοῦ
1350 3722 1632 3795 μώλωπος,
1662 3722 1742 3776 τόδ
1775 3739 1794 3773 ι
1831 3720 1985 3793 Ἐμοὶ

407 3818 465 3872 δὲ
491 3816 564 3889 μὴ
583 3816 792 3885 γένοιτο
811 3815 1136 3886 καυχᾶσθαι,
1156 3816 1205 3868 εί
1237 3814 1312 3886 μὴ
1337 3815 1395 3866 ὲν
1415 3813 1493 3884 τῷ
1520 3812 1737 3884 σταυρῷ
1757 3812 1852 3866 τοῦ
1876 3815 1983 3866 Κυ-

413 3907 529 3979 ρίου
553 3905 710 3978 ήμῶν
733 3903 911 3975 Ἰησοῦ
946 3902 1207 3976 Χριστοῦ,
1232 3905 1299 3959 δι’
1329 3898 1392 3958 οὗ
1420 3903 1542 3974 ἐμοὶ
1564 3903 1767 3972 κόσμος
1790 3903 1982 3956 ἐσταύ-

413 4014 611 4068 ρωται,
637 3996 794 4065 κάγὼ
824 3994 901 4065 τῷ
938 3995 1147 4064 κόσμῳ.
1194 4013 1215 4046 ι
1247 3994 1447 4048 Τοῦτον
1475 3995 1566 4047 τὸν
1593 3992 1802 4062 Ἰησοῦν
1836 4011 1979 4060 παρ-

401 4090 602 4146 έδωκεν
628 4092 657 4145 6
688 4090 882 4164 Πατὴρ
912 4092 1035 4155 ταῖς
1071 4090 1367 4161 ἁμαρτίαις
1396 4088 1573 4161 ήμῶν,
1597 4089 1693 4144 καὶ
1724 4089 1792 4143 δι’
1815 4089 1985 4152 αὑτὰς

399 4180 477 4245 ὡς
500 4181 772 4251 πρόϐατον
804 4200 825 4234 ι
864 4182 957 4235 ἐπὶ
990 4181 1205 4253 σφαγὴν
1233 4179 1395 4251 ήχθη,
1424 4180 1518 4234 καὶ
1545 4180 1622 4243 ὡς
1652 4181 1825 4251 ἀμνὸς
1849 4178 1983 4234 ἑνώ-

402 4288 527 4329 πιον
546 4273 641 4328 τοῦ
665 4273 949 4346 κείραντος
980 4274 1212 4344 ἄφωνος.
1251 4293 1270 4325 ι
1304 4273 1510 4327 Τούτου
1537 4275 1596 4327 ὲν
1628 4277 1696 4345 τῇ
1723 4271 1983 4327 ταπεινώ-

403 4381 508 4427 σει,
554 4365 616 4434 ἣν
665 4384 686 4418 ‹
734 4366 1100 4420 ἐταπείνωσεν
1138 4363 1355 4429 ἑαυτὸν,
1407 4365 1703 4436 γενόμενος
1742 4365 1983 4437 ὑπήκοος

2089 1889 2290 1958 gratia,
2336 1888 2526 1956 spiritu
2576 1887 2666 1941 illo
2713 1887 2853 1940 malo
2894 1888 2988 1956 qui
3025 1888 3140 1942 haec
3189 1891 3543 1957 operabatur,
3596 1907 3661 1946 eo

2088 1981 2231 2049 quod
2274 1980 2473 2049 aliquis
2502 1980 2743 2047 seipsum
2779 1994 2876 2047 pro
2907 1980 3179 2033 communi
3207 1981 3382 2035 salute
3427 1983 3662 2049 dederit,

2090 2071 2381 2126 multorum
2415 2080 2701 2126 auctorum
2737 2081 2965 2125 narrant
2999 2071 3417 2136 historiam-tum
3443 2073 3665 2130 Gnaeo-

2070 2177 2230 2227 rnm,
2265 2171 2375 2216 tum
2405 2163 2788 2226 barbarorum,
2818 2163 2962 2216 hanc
2988 2173 3229 2217 nostram
3248 2164 3660 2233 intelligentiam

2084 2268 2262 2323 neque
2288 2257 2682 2324 respuentium,
2706 2269 2882 2323 neque
2911 2256 3314 2324 reprobantium
3334 2273 3348 2308 :
3369 2271 3490 2326 qua:
3516 2272 3663 2312 verre

2084 2347 2215 2415 sint,
2249 2363 2443 2414 necne,
2493 2362 2597 2403 non
2638 2359 2722 2402 est
2756 2348 3040 2415 praesentis
3092 2349 3353 2417 temporis
3405 2342 3663 2406 accurate

2085 2440 2396 2508 exquirere.
2430 2439 2818 2495 Verumtamen
2852 2440 3040 2493 nullibi
3089 2440 3356 2507 gentium,
3388 2440 3549 2496 nullis
3574 2442 3659 2496 hi-

2085 2532 2272 2586 storiis
2318 2531 2610 2599 aliquando
2658 2532 2973 2585 mandatum
3031 2541 3146 2596 est,
3190 2546 3255 2585 ac
3298 2545 3369 2586 ne
3413 2534 3658 2587 mandari
3714 2551 3718 2555 ’

2086 2623 2305 2694 quidem
2337 2631 2539 2692 potest,
2569 2619 2738 2677 fuisse
2769 2622 3002 2692 aliquem
3033 2623 3123 2690 qui
3156 2637 3215 2676 se
3248 2623 3515 2690 reciperet
3563 2639 3661 2690 pro

2089 2729 2203 2776 toto
2222 2720 2423 2774 mundo
2449 2731 2679 2774 mortem
2693 2720 2989 2783 obiturum,
3015 2729 3073 2773 ut
3102 2729 3247 2773 totus
3275 2718 3509 2773 mundus
3526 2735 3661 2789 pur-

2073 2797 2306 2881 garetur
2338 2810 2482 2866 illius
2506 2813 2830 2875 sanctitate;
2854 2810 3093 2879 alioquin
3125 2812 3450 2878 perdendus,
3474 2812 3527 2866 ui
3560 2828 3667 2877 pro

2086 2918 2153 2960 eo
2178 2905 2447 2959 servando
2484 2913 2711 2958 mortem
2734 2911 3054 2972 oppeteret:
3088 2903 3287 2973 quippe
3309 2907 3450 2973 quod
3491 2905 3660 2960 solius

2085 2996 2157 3051 sit
2185 2993 2315 3050 Jesu
2346 3007 2506 3064 posse
2534 2994 2777 3048 omnium
2820 2995 3030 3061 peccati
3057 3009 3195 3047 onus
3235 2995 3375 3048 inse
3413 2994 3657 3064 recipere

2084 3101 2177 3157 per
2198 3101 2415 3141 crucem
2454 3101 2553 3156 pro
2593 3085 2847 3140 omnibus
2875 3104 2893 3134 ι
2923 3086 3040 3140 sine
3076 3085 3185 3140 Deo
3213 3086 3279 3152 “,
3312 3105 3331 3138 ι
3364 3096 3529 3155 atque
3568 3086 3658 3139 in-

2086 3181 2338 3248 gentibus
2365 3179 2479 3234 suis
2511 3178 2716 3232 viribus
2748 3177 2881 3232 illud
2904 3187 3143 3248 portare.
3174 3179 3374 3232 Calluit
3399 3179 3547 3232 enim
3571 3180 3661 3234 hic

2086 3270 2235 3325 solus
2280 3270 2424 3325 ferre
2467 3272 2807 3340 languorem,
2846 3278 2905 3325 ut
2953 3271 3131 3339 inquit
3171 3271 3339 3325 Isaias
3372 3272 3658 3340 propheta,

2085 3359 2274 3414 dicens
2311 3375 2326 3410 :
2362 3375 2383 3411 ι
2421 3358 2595 3413 Homo
2624 3361 2680 3413 in
2714 3360 2870 3429 plaga
2899 3360 3192 3424 exsistens,
3221 3371 3278 3414 et
3297 3361 3478 3414 sciens
3513 3359 3659 3415 ferre

2070 3451 2402 3520 languorem
2426 3453 2492 3507 ⁸⁷.
2523 3469 2543 3505 ι
2572 3455 2751 3520 Atque
2779 3451 2866 3505 hic
2901 3468 3039 3508 sane
3070 3460 3291 3522 peccata
3340 3461 3529 3506 nOStra
3560 3467 3656 3507 ae-
3752 3510 3759 3516 ,

2083 3547 2247 3616 cepit,
2281 3555 2336 3601 et
2367 3558 2510 3613 πει-ο
2546 3544 2773 3601 allectus
2810 3554 2896 3599 est
2943 3553 3164 3615 propter
3213 3544 3524 3612 iniquitates
3552 3561 3655 3598 no-

2082 3647 2226 3693 stras
2258 3638 2329 3703 ‘3,
2368 3638 2420 3691 in
2452 3652 2620 3706 seque
2650 3636 2790 3692 facta
2809 3649 2895 3694 est
2915 3636 3280 3707 puniti0,quze
3305 3638 3461 3693 nobis
3490 3638 3657 3692 debe-

2084 3729 2265 3794 hatur,
2309 3738 2367 3784 ut
2400 3744 2590 3800 pacem
2628 3731 2987 3800 recipiamus,
3021 3730 3147 3785 dum
3180 3731 3465 3785 erudimur
3494 3731 3662 3785 easri-

2082 3820 2216 3889 gati.
2266 3820 2374 3876 Isto
2407 3835 2642 3891 namque
2685 3822 2848 3876 modo
2873 3820 2979 3876 hoc
3036 3819 3322 3891 intelligo:
3351 3836 3376 3874 ι
3403 3819 3654 3875 Eruditio

2082 3913 2236 3983 pacis
2275 3921 2478 3969 nostra:
2505 3928 2670 3984 super
2695 3929 2820 3969 eum
2851 3914 2915 3969 θ’.
2957 3933 2978 3967 ι
3015 3913 3270 3970 Fortasse
3307 3922 3486 3969 autem
3522 3927 3657 3981 nos,

2081 4004 2208 4072 quia
2243 4022 2265 4057 ‹
2302 4003 2479 4060 livore
2510 4003 2628 4074 ejus
2652 4007 2830 4060 sanati
2873 4020 3086 4070 sumus,
3129 4021 3148 4057 ι
3177 4006 3346 4061 livore
3394 4021 3463 4062 ex
3495 4020 3671 4059 cruce.

2081 4095 2158 4150 illi
2189 4096 2520 4151 obveniente
2559 4097 2737 4151 sanati
2766 4098 3052 4153 dicemus:
3091 4114 3111 4149 ι
3144 4096 3271 4151 Mihi
3300 4107 3482 4152 autem
3515 4098 3659 4152 absit

2084 4185 2328 4256 gloriari,
2359 4187 2458 4241 nisi
2480 4188 2532 4240 in
2554 4188 2719 4242 cruce
2735 4188 2945 4242 Domini
2977 4190 3146 4241 nostri
3159 4185 3287 4242 Jesu
3306 4187 3532 4251 Christi,
3560 4202 3661 4258 per

2094 4293 2259 4349 quem
2284 4280 2415 4334 mihi
2451 4279 2683 4334 mundus
2700 4281 2993 4334 cruciﬁxus
3008 4289 3182 4345 est,et
3207 4294 3308 4348 ego
3334 4280 3656 4335 mundo".p

2082 4370 2343 4426 Traditus
2384 4380 2469 4426 est
2507 4386 2538 4425 a
2592 4370 2755 4426 Patre
2788 4382 3010 4443 propter
3063 4379 3285 4442 peccata
3325 4381 3511 4425 nostra
3564 4371 3652 4427 hic

402 4458 567 4529 μέχρι
609 4457 866 4523 θανάτου,
925 4459 1158 4513 θανάτου
1205 4457 1265 4511 δὲ
1308 4456 1581 4530 σταυροῦ,
1638 4476 1657 4509 ι
1709 4458 1744 4529 ή
1798 4456 1981 4529 κρίσις

2085 4459 2280 4530 Jesus;
2311 4462 2403 4532 qui
2437 4462 2603 4518 etiam
2636 4473 2923 4533 propterea
2957 4479 2979 4514 ι
3016 4464 3083 4517 ad
3101 4463 3433 4518 occisionem
3460 4463 3663 4516 ductus

399 4547 541 4620 ἤρθη
561 4566 576 4580 ·
603 4548 745 4603 οὕτω
773 4550 884 4623 γὰρ
916 4550 1099 4606 ἀκούω
1131 4549 1259 4604 τοῦ·
1299 4568 1319 4601 ι
1369 4549 1457 4604 Ἐν
1488 4552 1555 4622 τῇ
1582 4547 1911 4604 ταπεινώσει
1944 4551 1978 4621 ή

2085 4563 2192 4620 est,
2219 4564 2279 4608 ut
2305 4568 2480 4624 agnus
2507 4568 2693 4609 coram
2736 4556 2997 4610 tondente
3026 4565 3210 4610 mutus
3234 4555 3303 4610 ".
3337 4571 3357 4605 ι
3396 4553 3568 4623 Hujus
3601 4557 3654 4609 in

399 4637 582 4707 κρίσις
608 4638 770 4693 αὐτοῦ
809 4639 950 4712 ήρθη
970 4657 984 4671 ο
1024 4661 1043 4691 ι
1075 4642 1152 4704 ὡς
1179 4636 1316 4694 εῖναι
1355 4639 1424 4693 τά
1452 4638 1580 4711 ἑξῆς
1603 4655 1616 4665 '
1662 4640 1751 4692 Ἐν
1787 4641 1853 4711 τῇ
1884 4655 1982 4692 τα-

400 4727 658 4782 πεινώσει
704 4728 868 4782 αὐτοῦ
898 4732 931 4801 ή
966 4730 1149 4802 κρίσις
1190 4728 1365 4802 ἤρθηο
1404 4730 1578 4794 οὕτως
1618 4730 1732 4800 (41)
1773 4730 1830 4783 δὲ
1868 4730 1978 4784 ἀπὸ

398 4819 509 4873 τῶν
539 4814 776 4890 ἀνομιῶν
804 4820 898 4875 τοῦ
937 4820 1067 4876 λαοῦ
1099 4822 1194 4877 τοῦ
1242 4822 1377 4877 Θεοῦ
1412 4821 1551 4895 ήχθη
1593 4824 1675 4886 είς
1721 4822 1973 4878 θάνατον.

398 4909 610 4965 υῦκοῦν
640 4910 908 4965 ἀπέθανεν
933 4914 962 4966 ό
993 4913 1278 4985 ἄνθρωπος
1314 4907 1471 4977 οὗτος
1506 4913 1647 4985 ὑπὲρ
1676 4915 1771 4969 τοῦ
1816 4913 1969 4978 λαοῦ,

398 5001 493 5053 καὶ
524 5000 613 5053 διὰ
636 4999 823 5053 τοῦτον
852 5000 972 5071 οὐχὶ
1001 5001 1119 5055 ὅλον
1142 5001 1204 5055 τό
1234 5003 1385 5067 ἔθνος
1412 5002 1678 5057 ἀπώλετο.
1717 5003 1827 5056 Καὶ
1856 5002 1975 5068 επί-

399 5107 617 5161 στησον,
671 5093 721 5144 εί
781 5088 1024 5156 δύνασαι,
1068 5091 1131 5145 τὸ
1178 5092 1275 5163 μὲν
1326 5093 1497 5165 ὄνομα
1551 5095 1646 5148 τοῦ
1691 5093 1822 5148 λαοῦ
1878 5094 1976 5148 λα-

396 5181 512 5234 ϐεῖν
558 5183 640 5244 είς
685 5183 812 5247 τοὺς
853 5184 917 5236 ὲκ
951 5185 1273 5255 περιτομῆς,
1310 5186 1373 5239 τό
1401 5185 1459 5239 δὲ
1510 5186 1605 5240 τοῦ
1653 5187 1838 5251 ἔθνους
1890 5190 1971 5253 είς

393 5274 523 5338 τοὺς
564 5273 821 5340 λοιπούς⁶
864 5275 1103 5330 ἀπέθανε
1152 5277 1262 5349 γὰρ
1308 5270 1464 5343 οὗτος
1499 5279 1530 5331 6
1570 5278 1858 5352 ἅνθρωπος
1908 5282 1971 5335 οὐ

505 5414 553 5447 ⁸³
582 5414 603 5468 I
635 5413 780 5472 Petr.
820 5430 878 5476 ιι,
915 5414 1008 5469 22.
1149 5416 1196 5448 “
1230 5414 1274 5470 II
1301 5414 1427 5472 Cor.
1466 5433 1515 5481 ν,
1549 5418 1641 5472 21.

396 5482 442 5516 ⁸⁵
472 5484 606 5540 ibid.
637 5483 691 5539 ὅ.
769 5486 815 5517 ⁷⁰
847 5485 1026 5543 Galat.
1060 5500 1136 5554 vr,
1164 5487 1254 5543 I4.
1351 5487 1395 5518 ἠ
1417 5486 1542 5543 Isai.
1576 5504 1694 5557 LIII,
1717 5490 1771 5544 7.

465 5601 582 5725 240)
615 5604 795 5687 Codeg
832 5603 1180 5689 Bodleianus,
1210 5605 1487 5678 εποίησεν,
1538 5603 1683 5691 εἷπε,
1739 5610 1830 5665 τὸν
1888 5613 1964 5692 μὴ

494 5691 614 5725 ντα.
645 5683 701 5725 et
747 5690 828 5725 sm
890 5674 1084 5725 lenisse
1133 5677 1348 5725 videtur
1389 5672 1706 5725 Ferrarius:
1775 5683 1964 5725 linguis

395 5672 614 5742 γνόντα.
645 5676 842 5753 et_sic;
890 5674 1084 5745 legisse
1133 5672 1367 5733 videtur
1389 5672 1713 5748 Ferrarius;
1773 5672 1973 5753 Regius

398 5739 529 5800 vero
551 5745 757 5803 omittit
788 5739 931 5802 sine.

1737 5421 1782 5452 °'
1814 5421 1831 5473 l
1859 5419 1983 5476 Cor.
2022 5439 2097 5488 Iv,
2125 5425 2214 5480 I5.

1878 5492 1927 5523 τ’
1953 5492 2151 5564 Philip.
2179 5510 2238 5562 ιι,
2277 5496 2332 5555 8.

2082 4645 2406 4715 humilitate,
2443 4661 2551 4717 qua
2583 4665 2603 4699 ς
2632 4646 3153 4718 δυωίιθιηηρτωὺυὶι
3186 4648 3446 4719 seipsum,
3480 4647 3657 4703 factus

2079 4749 2343 4807 obediens
2386 4765 2558 4822 usque
2597 4751 2665 4806 ad
2720 4763 2979 4818 mortem,
3018 4761 3251 4808 mortem
3295 4760 3475 4808 autem
3525 4766 3655 4807 cru-

2082 4859 2162 4915 cis
2178 4858 2246 4925 ",
2282 4879 2305 4912 ι
2332 4859 2601 4930 judicium
2642 4862 2913 4917 sublatum
2949 4875 3034 4918 est
3076 4881 3090 4917 :
3133 4864 3214 4918 sic
3260 4862 3403 4917 enim
3435 4861 3541 4917 hoc
3571 4863 3656 4917 in-

2084 4967 2314 5038 telligo:
2361 4987 2380 5020 r
2415 4969 2470 5024 In
2527 4968 2835 5024 humilitate
2886 4968 3152 5040 judicium
3210 4967 3329 5037 cjus
3376 4969 3651 5023 sublatum

2079 5083 2164 5127 est
2190 5073 2280 5137 ";
2307 5094 2327 5126 ι
2362 5074 2587 5142 perinde
2614 5089 2679 5129 ac
2716 5076 2922 5131 diceret
2955 5094 2970 5131 :
3010 5074 3068 5130 In
3094 5072 3402 5131 humilitate
3427 5074 3544 5144 ejus
3565 5076 3658 5146 ju-

2080 5181 2278 5236 dicium
2323 5182 2598 5237 sublatura
2640 5192 2727 5237 est
2765 5199 2780 5236 :
2818 5181 2985 5254 395,
3036 5192 3092 5238 et
3146 5182 3251 5237 fuit
3301 5182 3401 5246 sic,
3431 5192 3657 5252 propter

2083 5284 2398 5356 iniquitates
2426 5282 2609 5357 papuli
2642 5287 2763 5355 Dei,
2797 5282 2994 5344 ductus
3023 5290 3090 5344 ad
3119 5298 3374 5344 mortem.
3408 5287 3655 5344 Mortuus

2328 5426 2373 5459 “
2403 5426 2570 5481 IIehr.
2596 5444 2657 5492 ιι,
2684 5429 2738 5485 9.
2849 5429 2893 5460 ⁸⁷
2918 5427 3043 5484 Isai.
3078 5443 3198 5496 LIII,
3221 5430 3276 5485 ἶ.
3353 5428 3399 5461 ⁸⁸
3424 5427 3557 5485 ibid.
3594 5430 3651 5486 4.

2427 5498 2472 5529 ⁷³
2499 5498 2624 5553 Isai.
2657 5514 2775 5564 Litt,
2811 5497 2868 5553 8.

2149 5616 2267 5690 (4i)
2299 5617 2515 5690 Οῇτως.
2543 5618 2634 5675 Sic
2666 5622 2840 5677 codex
2899 5620 3123 5689 Regius,
3177 5620 3469 5679 Ferrarius
3522 5636 3669 5679 vero.

2080 5686 2290 5760 legebat
2310 5686 2491 5759 οὗτος,
2523 5692 2685 5747 vertit
2716 5691 2887 5759 enim,
2924 5709 2955 5744 ιι
2975 5686 3029 5746 et
3058 5691 3162 5747 fuit
3191 5693 3299 5748 hic.
3341 5709 3366 5745 ›
