4182 6394
540 262 650 322 725

2003 264 2324 323 ORIGENIS

3705 261 3810 318 724

540 400 626 444 es:
664 383 831 456 igitur
867 385 957 441 hic
983 384 1147 440 homo
1190 398 1294 456 pro
1337 384 1572 457 populo,
1613 394 1670 441 et
1714 395 1938 457 prepter
1968 388 2116 443 hunc

2224 385 2387 456 μόνον
2414 383 2556 456 ὑπὲρ
2575 382 2670 438 τοῦ
2704 381 2859 449 λαοῦ,
2894 381 3008 437 ἀλλ’
3044 381 3131 437 ἵνα
3160 382 3257 436 καὶ
3296 379 3375 454 μή
3414 379 3535 436 δλσν
3563 380 3627 436 τὸ
3653 379 3807 446 ἔθνος

543 492 651 530 ιιοη
694 486 807 532 tota
850 491 982 547 gens
1022 476 1200 548 periit.
1232 477 1312 534 Ac
1365 478 1490 535 vide
1531 493 1660 533 num
1701 479 1881 550 populi
1917 493 2113 534 nomen

545 566 757 622 referre
831 566 1013 638 possis
1086 568 1153 623 ad
1221 582 1316 623 eos
1362 569 1454 638 qui
1521 579 1648 625 sunt
1713 584 1781 625 ex
1822 570 2116 626 circumci-

2219 476 2513 549 ἀπόληται,
2561 475 2693 529 ὡσεὶ
2744 475 2920 544 ἔλεγε,
2951 472 3012 528 τὸ
3041 473 3379 545 χρηματίζειν
3404 472 3465 527 τὸ
3493 473 3646 538 ἔθνος
3688 473 3803 545 (42)

2221 570 2319 625 καὶ
2339 568 2543 633 πάντες
2571 570 2619 623 oi
2648 567 2854 623 ἐθνικοὶ
2874 565 3207 621 ἀπόλωνται.

540 665 716 730 sione,
753 665 932 734 gentis
989 678 1120 721 vero
1170 665 1237 720 ad
1287 676 1542 723 caeteros.
1580 666 1822 723 Mortuus
1870 668 2071 724 etenim
2106 674 2193 722 est
2223 667 2315 723 hic
2352 668 2542 732 homo,
2589 680 2697 719 non
2757 672 2964 718 tantum
3004 677 3102 731 pro
3142 664 3364 732 populo,
3402 663 3498 718 sed
3539 662 3705 717 etiam
3740 676 3809 717 ne

544 768 656 813 tota
713 774 846 822 gens
897 768 1114 830 pereat;
1166 768 1426 831 tanquam
1482 762 1529 817 si
1563 762 1813 830 dixisset,
1856 776 1926 817 ne
1963 762 2055 832 qui
2086 771 2349 817 vocantur
2398 774 2531 831 gens
2572 759 2716 814 inter
2747 756 2964 813 Iudaeos
2993 765 3047 812 et
3077 771 3272 813 omnes
3297 756 3526 827 gentiles
3556 766 3805 826 pereant.

619 852 706 907 l5.
746 854 842 909 llis
897 854 1209 925 proximum
1248 863 1334 912 est
1372 873 1387 910 :
1418 874 1438 908 ι
1473 856 1639 913 lloca
1667 857 1959 927 semetipso
2008 873 2117 912 nou

544 945 683 999 dixit
709 944 777 1001 τι.
815 964 834 997 ι
875 944 988 1001 Hoc
1020 945 1168 1003 dicto
1201 962 1300 1002 nos
1337 947 1551 1003 discere
1594 948 1832 1019 opinor,
1866 951 2116 1017 quzedaut

548 1052 649 1093 nos
668 1039 920 1094 homines
948 1054 978 1094 a
1009 1040 1421 1110 nobismetipsis
1450 1038 1717 1111 proferre,
1751 1039 1902 1094 nullo
1923 1039 2117 1109 spiritu

548 1141 648 1181 nos
670 1126 737 1181 ad
760 1127 813 1181 id
840 1126 1181 1196 impellente,
1219 1126 1325 1181 alia
1353 1140 1508 1191 vero,
1538 1126 1705 1181 veluti
1734 1126 2025 1181 insonaute
2053 1139 2117 1180 ac

548 1226 871 1289 suggerente
924 1219 1082 1275 nobis
1130 1219 1328 1289 spiritu
1384 1219 1638 1289 quopiam
1685 1232 1808 1288 quas
1848 1218 2117 1282 dicamus,

547 1311 761 1365 etiamsi
786 1310 1009 1366 omnino
1030 1326 1059 1365 a
1091 1310 1248 1366 nobis
1280 1324 1386 1365 non
1424 1309 1753 1375 alienemur,
1775 1318 1833 1364 et
1864 1309 2116 1363 inconse-

549 1410 781 1466 quenter
824 1400 1002 1457 aﬂ‘ecti
1040 1417 1168 1472 erga
1207 1402 1324 1472 ipsa
1371 1414 1494 1470 qua
1539 1401 1792 1468 dicimus,
1832 1400 2120 1454 videamur

550 1492 641 1547 illa
683 1492 925 1564 assequi.
970 1493 1247 1564 Contingit
1289 1502 1502 1558 autem,
1546 1502 1606 1547 ut
1653 1500 2008 1561 assequentes
2048 1504 2115 1546 ea

548 1600 673 1655 qua
709 1585 955 1653 dicimus,
1005 1601 1112 1641 non
1145 1600 1504 1657 assequamur
1536 1584 1873 1639 voluntatem
1904 1591 1962 1639 et
1984 1597 2118 1639 con-

549 1653 729 1730 silium
774 1692 962 1732 eorum
1000 1692 1121 1745 qua:
1154 1653 1446 1743 dicuntur;
1484 1675 1948 1748 quemadmodum
1978 1689 2121 1731 nunc
2150 1653 2194 1709 Β

548 1767 818 1837 Caiaphas
848 1768 1116 1839 pontifex,
1137 1771 1231 1838 qui
1258 1783 1360 1825 nec
1386 1783 1417 1822 a
1456 1766 1746 1837 semetipso
1768 1765 1985 1822 locutus
2012 1774 2120 1832 est,

550 1873 653 1913 nec
678 1873 895 1931 sensum
927 1859 1141 1916 locutus
1170 1870 1276 1925 est,
1319 1868 1378 1914 ut
1414 1857 1790 1929 prophetiam,
1829 1856 1956 1926 quia
1996 1870 2124 1926 pro-

550 1948 790 2019 phetiam
823 1963 1012 2005 eorum
1032 1964 1153 2020 quae
1167 1948 1490 2020 loquebatur
1521 1962 1629 2003 non
1658 1945 1944 2002 intellexit.
1979 1944 2121 2011 Quin

550 2040 690 2109 apud
742 2037 970 2094 Paulum
1025 2040 1192 2095 etiam
1227 2046 1355 2096 sunt
1379 2039 1603 2108 quidam
1653 2037 1790 2107 legis
1844 2038 2121 2104 doctores,

551 2130 1142 2202 «nequeintelligentes
1183 2147 1305 2202 quae
1356 2131 1566 2197 dicunt,
1602 2144 1780 2201 neque
1820 2129 1889 2185 de
1924 2129 2123 2199 quibus

550 2221 824 2278 aﬁirmant
851 2223 920 2278 ⁷⁸.
955 2243 975 2277 ›
1011 2223 1083 2278 At
1112 2237 1245 2280 vero
1276 2223 1495 2294 sapiens
1518 2237 1623 2277 non
1660 2233 1746 2278 est
1782 2221 2119 2292 huiusmodi,

546 2315 614 2367 de
636 2327 741 2382 quo
766 2313 1006 2384 loquitur
1037 2315 1091 2368 in
1123 2313 1439 2371 Proverbiis
1483 2312 1740 2370 Salomon
1784 2312 1916 2370 ille:
1953 2330 1975 2365 ι
2017 2312 2121 2368 Sa-

548 2405 705 2474 piens
759 2405 1024 2477 intelliget
1074 2420 1196 2477 qua!
1239 2421 1308 2462 ex
1346 2419 1446 2461 ore
1490 2419 1591 2460 suo
1621 2405 1941 2476 prodibunt,
1976 2415 2032 2462 et
2065 2407 2121 2460 in

546 2494 710 2551 labiis
743 2497 858 2552 suis
893 2500 1135 2567 portabit
1168 2498 1501 2567 agnitionem
1526 2499 1594 2551 ".
1639 2517 1660 2552 ι
1689 2498 1770 2554 Ac
1790 2513 1970 2555 meum
1993 2513 2122 2569 pro-

548 2585 691 2642 fecto
717 2587 1101 2657 estjudiciuin,
1129 2605 1317 2646 casum
1366 2576 1657 2661 aliquoties
1699 2589 1754 2645 in
1793 2604 1959 2645 causa
1996 2605 2121 2646 esse

550 2678 936 2748 prophetandi,
983 2692 1043 2737 ut
1088 2695 1230 2737 nunc
1270 2681 1525 2752 Caiaphte
1555 2681 1610 2737 in
1637 2696 1803 2739 causa
1841 2681 1943 2736 fuit
1976 2680 2122 2752 quod

551 2771 796 2847 pontifex
831 2781 978 2829 esset
1004 2775 1131 2828 anni
1159 2773 1326 2838 illius,
1343 2788 1451 2844 quo
1482 2774 1777 2829 moriturus
1798 2783 1917 2830 erat
1934 2772 2121 2839 Iesus,

551 2886 658 2923 ttutt
701 2876 910 2923 tantum
959 2882 1057 2937 pro
1110 2865 1336 2938 populo,
1369 2867 1465 2922 sed
1492 2882 1563 2923 ne
1603 2876 1718 2921 tota
1746 2881 1881 2938 gens
1908 2877 2117 2936 pereat.

2299 855 2388 912 15.
2433 853 2590 925 ἘΞ-ῆς
2610 853 2783 924 τούτῳ
2817 850 2930 923 (45)
2967 849 3087 904 ἐστὶ
3102 850 3199 903 τό·
3239 869 3258 903 ι
3298 848 3470 906 Τοῦτο
3496 850 3588 918 ἀφ’
3606 846 3803 928 ἑαυτοῦ

2224 947 2325 1001 οὐκ
2344 941 2514 1000 εἶπεν.
2553 963 2573 997 ι
2604 945 2736 1013 ”Δφ’
2764 936 2826 997 οὗ
2862 942 3154 1015 μανθάνειν
3185 938 3338 1012 οἶμαι
3378 942 3545 1012 ἡμᾶς,
3577 941 3658 992 ὅτι
3685 939 3807 992 τινά

2229 1039 2331 1111 μὲν
2363 1039 2413 1095 oi
2441 1036 2715 1108 ἄνθρωποι
2737 1036 2829 1106 ἀφ’
2858 1036 3066 1091 ἑαυτῶν
3088 1032 3337 1104 λέγομεν,
3366 1032 3636 1103 μηδεμιᾶς
3659 1033 3806 1102 ἡμᾶς

2224 1124 2554 1197 ἐνεργούσης
2596 1125 2676 1188 είς
2731 1123 2794 1177 τὸ
2826 1123 3006 1194 λέγειν
3037 1124 3341 1195 δυνάμεως,
3388 1122 3550 1192 ἕτερα
3590 1121 3648 1175 δὲ
3699 1121 3807 1174 ὠσ-

2224 1218 2383 1290 περεὶ
2423 1216 2759 1289 ὑπηχούσης,
2803 1218 2898 1272 καὶ
2918 1216 3324 1288 ὑποϐαλλούσης
3352 1214 3634 1285 δυνάμεώς
3658 1229 3807 1278 τινος

2222 1311 2356 1380 ἡμῖν
2381 1308 2452 1364 τά
2487 1307 2776 1379 λεγόμενα’
2814 1308 2919 1362 κᾶν
2971 1309 3046 1380 μὴ
3093 1308 3276 1362 τέλεον
3319 1305 3673 1376 ὲξιστάμεθα,
3709 1306 3808 1361 καὶ

2223 1399 2752 1472 ἀπαρακολουθήτως
2794 1398 2991 1471 ἔχομεν
3048 1401 3263 1464 ἑαυτοῖς
3284 1438 3300 1463 ,
3371 1397 3508 1453 ἀλλά
3560 1398 3808 1468 δοκῶμεν

2221 1489 2645 1564 παρακολουθεῖν
2701 1484 2783 1554 οἷς
2825 1489 3074 1561 λέγομεν,
3136 1489 3410 1560 ἐνδέχεται
3467 1487 3802 1559 παρακολου-

2223 1583 2451 1648 θοῦντας
2485 1585 2636 1655 ἡμᾶς
2666 1584 2881 1646 ἑαυτοῖς
2910 1576 2944 1657 ᾖ
2971 1582 3226 1654 λέγομεν,
3264 1581 3340 1653 μὴ
3373 1580 3805 1652 παρακολουθεῖν

2221 1677 2301 1748 τῷ
2329 1676 2631 1748 βουλήματι
2656 1674 2766 1735 τῶν
2801 1674 3137 1746 λεγομένωνο
3171 1673 3360 1746 ὥσπερ
3407 1673 3504 1727 νῦν
3549 1672 3807 1742 Καϊάφας

2221 1775 2251 1829 ὁ
2275 1773 2565 1845 ἀρχιερεὺς
2601 1771 2695 1826 καὶ
2738 1770 2831 1840 ἀφ’
2878 1768 3072 1825 ἑαυτοῦ
3107 1769 3208 1824 οὐκ
3237 1764 3380 1835 εἷπε,
3420 1769 3515 1822 καὶ⁸
3549 1767 3649 1821 οὐκ
3686 1762 3807 1820 εἷπε

2221 1865 2314 1919 τὸν
2341 1863 2489 1929 νοῦν,
2527 1864 2606 1928 ὡς
2647 1864 3003 1936 προφητείαν,
3054 1862 3150 1916 καὶ
3188 1863 3287 1934 τὴν
3331 1859 3668 1933 προφητείαν
3710 1858 3805 1913 τοῦ

2221 1957 2519 2028 λεγομένου
2542 1956 2656 2029 (44)
2689 1956 2789 2010 οὐκ
2817 1955 3052 2027 ἐδέχετο.
3086 1956 3198 2010 Καὶ
3232 1953 3383 2025 παρά
3407 1953 3604 2025 Παύλῳ
3633 1953 3691 2007 δὲ
3727 1969 3810 2007 νο-

2226 2048 2603 2121 μοδιδάσκαλοι
2622 2047 2767 2111 τινές
2783 2049 2888 2100 εἰσι
2912 2066 2931 2101 ι
2963 2047 3040 2119 μὴ
3067 2045 3334 2111 νοοῦντες,
3344 2047 3483 2118 μήτε
3507 2044 3544 2099 ἀ
3565 2045 3804 2114 λέγουσι,

2226 2141 2366 2213 μήτε
2399 2141 2530 2213 περὶ
2545 2139 2707 2194 τίνων
2726 2138 3187 2194 διαϐεϐαιοῦνται.
3228 2158 3250 2191 ι
3298 2137 3437 2191 Ἀλλ’
3460 2138 3559 2208 οὐχ
3582 2140 3612 2191 ὁ
3642 2137 3805 2205 σοφὸς

2219 2232 2483 2297 τοιοῦτος,
2515 2231 2643 2303 περὶ
2669 2223 2732 2284 οὗ
2787 2248 2950 2302 φησιν
2990 2232 3049 2287 ὲν
3095 2231 3421 2302 Παροιμίαις
3450 2231 3479 2283 ὁ
3524 2229 3803 2301 Σολομῶν

2228 2338 2247 2373 ι
2279 2320 2450 2390 Σοφὸς
2472 2321 2655 2392 νοήσει
2690 2320 2758 2375 τὰ
2790 2320 2898 2375 ἀπὸ
2924 2320 3053 2375 ίδίου
3086 2321 3377 2392 στόματος,
3401 2322 3497 2374 ἐπὶ
3519 2320 3578 2374 δὲ
3602 2320 3805 2390 χείλεσι

2223 2412 2447 2483 φορήσει
2468 2409 2937 2481 ὲπιγνωμοσύνην.
2966 2429 2985 2462 ι
3018 2412 3174 2464 Δοκεῖ
3198 2412 3256 2466 δέ
3295 2428 3408 2482 μοι,
3449 2411 3531 2464 ὃτι
3579 2411 3673 2463 καὶ
3705 2427 3805 2461 πε-

2225 2502 2473 2574 ρίστασις
2491 2501 2638 2557 αἰτία
2666 2503 2797 2555 ποτὲ
2820 2501 3029 2571 γίνεται
3060 2502 3154 2556 τοῦ
3198 2501 3585 2575 προφητεύειν,
3613 2501 3805 2570 ὥσπερ

2223 2594 2321 2647 καὶ
2348 2592 2446 2648 νῦν
2484 2592 2563 2665 τῷ
2602 2593 2851 2665 Καῖάφᾳ,
2889 2592 2952 2646 τὸ
2992 2589 3132 2647 εἶναι
3186 2592 3347 2648 αὐτὸν
3403 2592 3666 2665 ἀρχιερέα
3708 2589 3804 2644 τοῦ

2223 2683 2471 2739 ἐνιαυτοῦ
2522 2683 2730 2738 ἐκείνου
2760 2677 2804 2752 ᾧ
2836 2682 3063 2755 ἔμελλεν
3103 2686 3132 2737 ὁ
3187 2684 3394 2755 Ἰησοῦς
3438 2684 3807 2753 ἀποθνήσκειν

2225 2775 2368 2846 ὑπὲρ
2394 2774 2488 2829 τοῦ
2524 2775 2675 2841 λαοῦ,
2708 2776 2794 2830 ἵνα
2853 2775 2928 2848 μὴ
2958 2775 3080 2830 ὅλον
3115 2776 3176 2829 τὸ
3214 2776 3364 2840 ἔθνος
3398 2776 3692 2846 ἀπόληται·
3727 2773 3810 2827 δν-

2234 2884 2343 2921 των
2365 2866 2474 2939 γὰρ
2497 2869 2590 2921 καὶ
2625 2867 2800 2923 ἄλλων
2833 2867 3158 2938 ἀρχιερέων,
3200 2869 3276 2932 ὡς
3303 2867 3459 2938 δῆλον
3485 2866 3544 2933 ἐξ
3567 2862 3641 2919 ὧν
3669 2883 3806 2937 προ-

547 2962 685 3019 Cum
705 2960 855 3015 enim
892 2958 982 3014 alii
1018 2973 1235 3029 quoque
1260 2958 1545 3029 pontiﬁces
1581 2967 1789 3027 essent,
1828 2967 1886 3014 ιιι
1905 2959 2120 3029 perspi-

2226 2957 2599 3029 παρεθέμεθα,
2656 2958 2830 3023 οὐδεὶς
2874 2957 3209 3030 προφητεύει
3250 2956 3344 3028 ἢὸ
3383 2956 3479 3010 τοῦ
3519 2955 3766 3009 ἐνιαυτοῦ
3789 2997 3803 3021 ,

549 3067 711 3107 cuum
748 3060 833 3106 est
860 3065 926 3105 ex
958 3050 1041 3105 his
1063 3066 1184 3118 quae
1214 3050 1269 3106 in
1300 3049 1534 3105 medium
1562 3050 1908 3119 protulimus,
1942 3051 2122 3108 nullus

2223 3044 2267 3120 ᾧ
2286 3051 2479 3123 ἔμελλε
2500 3051 2730 3123 πάσχειν
2748 3054 2776 3106 ὁ
2810 3052 3038 3124 Ἰησοῦς,
3062 3048 3369 3123 ἀρχιερεύς.
3400 3050 3727 3119 Περίστασις
3746 3048 3804 3101 δὲ

547 3143 865 3214 prophetat,
917 3140 1020 3196 nisi
1052 3141 1295 3212 pontifex
1331 3142 1457 3197 anni
1505 3141 1653 3197 illius
1702 3157 1811 3212 quo
1859 3157 2122 3212 passurus

548 3248 674 3291 crat
721 3233 881 3291 Iesus
939 3249 1184 3290 summus
1229 3233 1496 3304 pontifex.
1550 3232 1739 3289 Itidem
1794 3248 1953 3289 casus
1994 3232 2124 3289 fecit

549 3329 771 3384 nuntios
801 3327 1076 3383 Saulis.ad
1112 3326 1369 3382 Davidem
1405 3327 1617 3394 missos,
1666 3325 1956 3396 ipsumque
1982 3324 2123 3380 Sau-

549 3423 679 3488 lem,
709 3422 1081 3491 prOphetare:
1124 3418 1239 3475 fere
1273 3418 1423 3475 enim
1471 3419 1599 3489 quia
1640 3418 1973 3489 quaesierunt
2020 3418 2123 3473 Da-

555 3515 666 3581 vid,
699 3512 920 3570 obvenit
942 3523 1000 3565 ut
1028 3511 1437 3582 prophetarent,
1462 3511 1559 3566 sed
1587 3524 1654 3566 eo
1679 3508 1838 3566 modo
1858 3525 1966 3581 quo
1992 3510 2125 3566 scri-

549 3617 700 3676 ptum
736 3615 840 3661 est.
876 3603 1014 3670 Quin
1054 3610 1112 3658 et
1141 3601 1381 3668 Balaam,
1432 3612 1706 3672 assumpta
1737 3602 1994 3672 parabole
2024 3617 2121 3657 sua

549 3713 660 3752 non
691 3695 922 3752 dixisset
948 3709 963 3746 :
1001 3712 1021 3746 ι
1055 3693 1135 3750 Ex
1166 3694 1556 3765 Mesopotamia
1584 3694 1873 3751 accersivit
1903 3709 1991 3750 me
2014 3695 2115 3761 ⁷⁷,›

546 3797 602 3842 et
634 3801 756 3857 quae
785 3795 1111 3856 sequuntur,
1136 3785 1191 3840 ni
1223 3786 1449 3841 vidisset
1477 3786 1730 3842 lsraelem
1759 3795 2120 3843 castrameta-

551 3886 664 3931 tum
716 3875 886 3931 fuisse
927 3890 942 3929 :
980 3883 1037 3931 et
1095 3888 1313 3942 semper
1361 3874 1522 3930 aliam
1576 3885 1787 3946 partem
1842 3877 2121 3932 exercitus

549 3966 763 4031 videns,
803 3979 873 4020 ex
922 3966 1165 4023 novitate
1205 3965 1286 4022 rei
1335 3976 1642 4039 conspectae
1690 3969 2013 4025 movebatur
2052 3971 2122 4025 ad

550 4059 840 4114 dicendum
872 4073 972 4128 pro
1004 4055 1227 4115 lsraele.

618 4149 782 4223 395
820 4151 911 4206 16.
944 4150 1243 4207 Morituros
1273 4165 1406 4222 ergo
1437 4163 1559 4210 erat
1595 4155 1755 4212 Jesus
1788 4172 1885 4227 pro
1925 4165 2122 4227 gente,

544 4256 670 4311 quae
712 4241 930 4296 diversa
961 4249 1138 4296 erata
1178 4238 1305 4296 ﬁliis
1354 4242 1447 4297 Dei
1497 4243 1785 4314 dispersis,
1815 4252 1875 4298 ut
1902 4244 2119 4314 perspi-

2223 3141 2589 3214 προφητεύειν
2617 3144 2881 3214 πεποίηκε
2921 3144 3015 3197 καὶ
3045 3142 3139 3196 τοῦ
3166 3141 3338 3196 Σαοὺλ
3366 3139 3631 3210 ἀγγέλους
3664 3155 3807 3208 περ.⁶

2224 3232 2456 3303 φθέντας
2477 3234 2571 3288 ἐπὶ
2593 3233 2685 3288 τὸν
2719 3234 2905 3302 Δαϐὶδ,
2933 3234 3028 3288 καὶ
3058 3233 3219 3287 αὑτὸν
3263 3233 3356 3286 τὸν
3389 3231 3561 3285 Σαούλ
3579 3248 3591 3262 ·
3640 3231 3806 3285 οἱονεὶ

2221 3325 2332 3396 γὰρ
2359 3323 2420 3379 τὸ
2449 3324 2631 3397 ζητεῖν
2666 3326 2864 3390 αὐτοὺς
2900 3326 2991 3380 τὸν
3039 3324 3208 3383 Δαϐὶδ
3243 3325 3414 3378 αῐτιον
3443 3323 3634 3394 γέγονε
3673 3340 3806 3393 προ-

2223 3415 2472 3487 φητείας,
2505 3416 2641 3471 ἀλλά
2674 3418 2950 3488 τοιαύτης,
2981 3416 3139 3470 ὁποία
3166 3417 3602 3487 ἀναγέγραπται.
3646 3413 3809 3467 Ἀλλά

2223 3508 2318 3562 καὶ
2346 3506 2575 3578 Βαλαὰμ
2604 3507 2705 3561 οὐκ
2737 3507 2824 3575 ἂν,
2862 3506 3147 3563 ἀναλαϐὼν
3192 3506 3291 3578 τὴν
3329 3506 3650 3578 παραϐολὴν
3688 3505 3804 3574 (45)

2223 3598 2413 3665 αὐτοῦ,
2461 3593 2583 3653 εἷπε
2640 3598 2769 3664 τὺ,ι
2799 3600 2894 3653 Ἐκ
2940 3596 3367 3668 Μεσοποταμίας
3419 3597 3807 3668 μετεπέμψατό

2226 3713 2317 3767 με,
2353 3716 2372 3749 ι
2406 3697 2500 3751 καὶ
2529 3697 2598 3751 τά
2629 3695 2774 3766 ἑξῆς,
2807 3694 2882 3767 μὴ
2921 3694 3043 3749 ἰδὼν
3096 3693 3189 3749 τὸν
3235 3694 3449 3766 Ἰσραὴλ
3485 3696 3808 3764 ἐστρατοπε-

2222 3788 2471 3856 δευκότα,
2509 3790 2605 3843 καὶ
2650 3788 2738 3844 ἀεὶ
2779 3788 2905 3843 ἄλλο
2947 3786 3110 3859 μέρος
3157 3786 3523 3859 στρατοπέδου
3569 3785 3801 3857 βλέπων,

2223 3878 2334 3934 ἀπὸ
2358 3881 2459 3951 τῆς
2489 3881 2809 3951 καινότητος
2834 3878 2928 3932 τοῦ
2962 3877 3294 3949 βλεπομένου
3317 3879 3547 3932 ἐκινεῖτο
3578 3876 3712 3948 πρὸς
3743 3875 3805 3929 τὸ

2223 3972 2401 4044 λέγειν
2423 3972 2665 4046 περὶτοῦ
2702 3971 2937 4045 Ἰσραήλ.

2297 4156 2385 4211 16.
2414 4155 2646 4226 Ἔμελλε
2674 4154 2853 4211 τοίνυν
2902 4152 3111 4225 Ἰησοῦς
3144 4151 3509 4223 ἀποθνήσκειν
3536 4149 3676 4218 ὑπὲρ
3701 4145 3799 4202 τοῦ

2225 4248 2428 4312 ἔθνους,
2459 4248 2596 4319 ὅπερ
2622 4246 2807 4317 ἕτερον
2833 4240 2901 4316 ἦν
2922 4245 3029 4299 τῶν
3063 4241 3563 4314 διεσκορπισμένων
3594 4240 3803 4293 τέκνων

542 4346 708 4387 cuum
730 4341 818 4386 est
838 4331 945 4387 hoc
971 4330 1117 4386 dicto
1145 4348 1160 4384 :
1196 4348 1217 4383 ι
1251 4330 1515 4388 Futurum
1537 4344 1675 4399 erat,
1709 4343 1769 4388 ut
1796 4331 1954 4390 Jesus
1996 4348 2117 4388 mo-

2223 4336 2384 4401 Θεοῦ,
2415 4336 2492 4400 ὡς
2532 4335 2689 4407 δῆλον
2732 4336 2797 4389 ὲκ
2824 4335 2918 4389 τοῦ
2939 4352 2952 4366 ’
2995 4352 3014 4387 ι
3069 4333 3276 4405 Ἰησοῦς
3312 4332 3535 4404 ἔμελλεν
3568 4331 3806 4402 ἀποθνή-

544 4433 759 4480 reretur
786 4438 891 4480 nou
927 4433 1136 4480 tantum
1185 4438 1284 4494 pro
1332 4437 1520 4495 gente,
1552 4425 1645 4481 sed
1679 4427 1845 4481 etiam
1881 4436 1941 4481 ut
1974 4427 2114 4482 ﬁlios

2223 4448 2373 4485 σκειν
2411 4429 2511 4500 οὐχ
2548 4428 2686 4501 ὑπὲρ
2725 4426 2822 4482 τοῦ
2867 4427 3053 4491 ἔθνους
3084 4426 3265 4498 μόνον,
3310 4424 3424 4480 ἀλλ’
3464 4424 3552 4479 ἵνα
3594 4424 3688 4478 καὶ
3735 4423 3806 4476 τά

545 4515 671 4580 Dei,
694 4515 788 4585 qui
817 4515 1046 4585 dispersi
1079 4528 1259 4582 erant,
1294 4526 1652 4587 congregaret
1685 4518 1739 4572 in
1775 4533 1939 4585 unum
1974 4519 2043 4573 ⁷⁸.
2086 4538 2106 4571 ι

2223 4521 2387 4577 τέκνα
2412 4520 2505 4574 τοῦ
2531 4520 2668 4574 Θεοῦ
2690 4519 2760 4574 τὰ
2781 4516 3239 4589 διεσκορπισμένα
3268 4514 3551 4588 συναγάγῃ
3574 4517 3653 4578 εἰς
3671 4515 3750 4568 ἓν.
3778 4532 3798 4566 ι

543 4606 778 4674 Quinam
811 4620 941 4661 vero
972 4604 1087 4671 alii,
1122 4614 1321 4676 praeter
1362 4617 1579 4677 gentes,
1614 4608 1710 4662 ﬁlii
1741 4607 1836 4662 Dei
1881 4608 2112 4677 dispersi

2223 4610 2356 4663 Τίνα
2411 4610 2468 4667 δὲ
2516 4609 2589 4663 τά
2650 4608 2801 4681 παρά
2842 4607 2905 4663 τὸ
2958 4608 3109 4671 ἔθνος
3146 4605 3608 4678 διεσκορπισμένα
3636 4604 3803 4657 τέκνα

540 4706 730 4755 essent
764 4711 911 4756 nunc
947 4704 1161 4768 tempus
1205 4705 1290 4753 est
1328 4712 1575 4767 quarere
1605 4716 1620 4753 :
1658 4699 1725 4753 de
1754 4699 1974 4768 quibus,
2018 4699 2110 4769 qui

2223 4701 2378 4766 Θεοῦ,
2401 4701 2497 4757 νῦν
2524 4701 2714 4774 καιρὸς
2739 4701 2842 4773 ήδη
2873 4700 3078 4772 ζητεῖν.
3105 4700 3242 4772 Περὶ
3278 4698 3485 4752 τούτων
3523 4699 3587 4770 δὴ
3617 4701 3665 4753 οἱ

540 4798 768 4844 naturas
793 4787 1167 4854 introducunt,
1208 4788 1407 4844 dicturi
1449 4799 1576 4844 sunt
1610 4790 1732 4846 illos
1781 4791 1874 4865 qui
1905 4791 2112 4860 judicio

2224 4793 2324 4858 τὰς
2351 4793 2542 4864 φύσεις
2562 4792 2874 4863 εἰσάγοντες
2901 4791 3037 4863 (46),
3078 4793 3206 4857 τοὺς
3245 4791 3366 4846 κατ’
3408 4790 3612 4854 αὐτοὺς
3655 4807 3808 4845 πνευ-

539 4894 725 4936 eorum
754 4890 883 4935 sunt
915 4880 1246 4949 spirituales,
1275 4880 1413 4936 ﬁlios
1449 4895 1570 4937 esse
1604 4882 1721 4948 Dei,
1754 4883 2115 4950 spiritualiter

2223 4887 2487 4957 ματικοῦς
2526 4887 2792 4958 φήσουσιν
2828 4880 2967 4940 εἶναι
2994 4883 3065 4941 τὰ
3089 4883 3257 4938 τέκνα
3294 4883 3389 4937 τοῦ
3430 4882 3590 4949 Θεοῦ,
3637 4898 3803 4935 πνευη

539 4987 647 5027 non
674 4970 1038 5041 dijudicantes
1084 4974 1292 5028 omnia.
1345 4971 1461 5029 Hoc
1514 4974 1659 5030 enim
1707 4975 1890 5030 dicere
1919 4990 2113 5031 conse-

2225 4977 2469 5048 ματικῶς
2517 4979 2618 5031 οὐκ
2661 4976 3051 5049 ἀνακρίναντες
3091 4975 3329 5039 πάνταςο
3363 4974 3521 5028 τοῦτο
3548 4974 3656 5046 γὰρ
3682 4974 3806 5027 ἀκο-

538 5078 711 5135 quens
724 5070 913 5121 esteos
926 5063 1017 5135 qui
1033 5072 1387 5121 naturasesse
1400 5065 1736 5132 existimant,
1755 5065 2115 5137 intelligentes

2223 5070 2401 5124 λουθεῖ
2460 5070 2638 5139 λέγειν
2694 5072 2807 5134 τοῖς
2884 5069 3075 5140 φύσεις
3135 5064 3274 5126 εἷναι
3330 5067 3631 5139 οἰομένοις,
3708 5067 3805 5121 καὶ

2877 5248 2923 5281 ’⁸
2944 5247 3099 5304 Joan.
3127 5263 3202 5313 ιιι,
3230 5247 3322 5313 5i,
3345 5247 3434 5303 52.

643 5246 693 5281 ’δ
721 5245 880 5303 Joan.
903 5263 981 5316 ιι,
1010 5247 1102 5306 51.
1199 5250 1246 5283 ⁷⁵
1269 5250 1289 5305 l
1314 5248 1457 5305 Tim.
1490 5267 1529 5318 ι,
1564 5251 1617 5308 Ἰ.
1689 5251 1735 5284 ⁷⁸
1757 5249 1918 5306 Prov.
1949 5267 2061 5319 xvi,
2082 5253 2122 5307 2:

2272 5252 2318 5283 τ’
2342 5250 2503 5306 Num.
2533 5265 2690 5317 χχιιι,
2721 5249 2775 5304 Ἰ.

610 5340 729 5414 (42)
753 5341 929 5423 Ιίρἰλο
954 5339 1132 5423 Η-ιιθιὶἰ
1164 5356 1451 5423 perperam
1473 5345 1531 5423 _in
1558 5345 1906 5423 tettttt__ltt_tbet2
1933 5343 2117 5423 ελεγον

2262 5416 2271 5423 _
2297 5344 2411 5415 (45)
2444 5340 2943 5423 Hapa§0.11§r_._Sic
2976 5345 3316 5423 rectecotiex
3345 5336 3804 5423 chiusiFerra:

537 5410 601 5485 τδ
623 5409 959 5485 χρηματίζει)
987 5409 1385 5478 ἐθνοςίοοίιιτιι
1416 5414 1575 5469 ﬁdem
1609 5416 1813 5470 codicis
1866 5409 2117 5471 Bodleia-

2232 5409 2344 5469 rius
2375 5409 2503 5468 vero
2532 5409 2726 5485 legisse
2755 5412 2971 5485 videtur
3000 5411 3291 5485 ἀναϐολήν,
3320 5409 3485 5466 vertit
3507 5413 3681 5485 enim,
3714 5413 3800 5466 ini

541 5482 719 5553 ni.‘_'__
751 5482 789 5553 ‘A
848 5550 860 5553 _
963 5550 993 5553 _
1085 5551 1095 5553 _
1286 5552 1305 5553 ﬂ
1518 5552 1523 5553 ί
2228 5486 2524 5553 recepisset
2547 5483 2883 5547 dilationem,
2913 5482 3163 5547 dixisset,
3202 5502 3220 5534 ›
3252 5492 3387 5546 ctc.,
3424 5484 3557 5536 utin
3610 5494 3802 5537 nnstro

613 5550 730 5622 (ᾧ)
751 5549 1187 5622 Codex‘chius,
1214 5552 1395 5617 τοῦτο,
1421 5552 1581 5609 male.
2227 5549 2392 5609 textu.

611 5619 724 5691 (44)
752 5619 845 5674 Sic
870 5619 1230 5695 babetfcode;
1256 5624 1605 5689 Bodleianus;
1640 5625 1691 5678 in
1737 5625 1905 5693 Regio
1933 5631 2112 5681 autem

2296 5622 2407 5695 (46)
2428 5625 2491 5676 Οἱ
2510 5621 2628 5694 μὲν
2658 5623 2765 5690 τὰς
2793 5622 3009 5693 φύσεις
3030 5620 3392 5691 εἰσάγοντες.
3412 5619 3796 5690 Valentiniani,

546 5690 918 5748 tantummodo
946 5691 1161 5763 legitur,
1196 5694 1272 5758 ὠς
1297 5695 1630 5764 προφητείαν
1657 5690 1972 5763 λεγομένου.

2225 5690 2525 5761 (ἰυίιιιῖιιιιέ
2541 5708 2727 5762 snpra.
