4182 6416
446 291 552 346 7‘13

1445 295 1805 351 COMMENT.
1851 296 1916 350 ΙΝ
1955 295 2148 352 3οᾹΝ.
2185 294 2424 352 TOMUS
2459 293 2697 352 XXVI".

3617 294 3720 350 1‘26

437 414 588 485 παρά
627 413 690 468 τδ
719 414 814 469 τοῦ
843 415 956 486 (47)
1002 416 1326 471 Ἀποστόλου
1376 418 1625 490 βούλημα
1659 422 1858 474 ἐννοεῖν
1901 421 2004 473 τοὺ.

2133 421 2236 475 hoc
2266 417 2593 474 vocabulum
2635 415 2953 486 spirituales
2983 424 3182 486 praeter
3213 414 3543 471 voluntatem
3571 416 3718 484 Apo-

438 525 572 559 πνευ
589 510 872 578 ματικοὺς,
925 509 1303 574 διδάσκοντος,
1358 513 1440 565 ὅτι
1479 532 1497 563 ‹
1547 513 1606 565 Ὁ
1659 513 2030 584 πνευματικὸς

438 599 723 673 ἀνακρίνει
772 601 969 665 πάντα,
1016 603 1110 654 καὶ
1162 603 1254 655 ὑπ’
1308 603 1520 668 οὐδενὸς
1563 606 1948 677 ἀνακρίνεται·
2004 627 2022 659 ι

433 689 618 763 τούτῳ
645 691 703 745 δὲ
731 691 1031 757 ἀκολουθεῖ,
1081 694 1170 748 τὸν
1223 694 1297 765 μὴ
1343 696 1704 766 ἀνακρίνοντα
1742 699 1917 752 πάντα
1953 698 2026 768 μὴ

435 777 580 838 εἶναι
635 788 1036 858 πνευματικὸν,
1083 787 1118 857 ἢ
1181 787 1406 859 μηδέπω
1452 784 1591 843 εἷναι
1639 790 2028 861 πνευματικόν,

450 873 615 931 Ἀλλά
635 879 730 932 καὶ
763 880 816 933 εί
843 899 926 944 τις
949 880 1054 933 ὑπό
1074 898 1220 944 τινος
1253 880 1626 954 ἀνακρίνεται,
1654 883 1778 936 ἐπεὶ
1805 884 1834 935 ὁ
1867 900 2028 937 πνευ-

441 969 672 1039 ματικὸς
713 971 804 1023 ὑπ’
834 972 1047 1035 οὐδενὸς
1081 973 1450 1044 ἀνακρίνεται,
1486 975 1586 1027 οὐκ
1625 973 1740 1028 ἐστι
1778 992 2024 1046 πνευμα-

436 1059 610 1124 τικὸς,
635 1060 668 1131 ἢ
694 1063 794 1114 οὐκ
822 1061 937 1115 ἔστι
990 1081 1077 1117 πω
1109 1065 1494 1136 πνευματικός.
1531 1066 1748 1137 Μήποτ’
1787 1063 1880 1120 οὖν
1905 1067 2026 1138 βέλ-

436 1167 552 1204 τιον
575 1151 774 1220 λέγειν,
802 1154 883 1207 ὅτι
905 1154 1218 1222 γίνεταίτις
1245 1157 1634 1228 πνευματικὸς,
1665 1158 1728 1211 ού
1761 1157 2025 1228 πρότερον

436 1240 534 1306 ὢν,
566 1244 713 1307 ὅστις
743 1245 842 1316 ήδη
878 1247 974 1299 καὶ
1005 1248 1212 1319 κυρίως
1252 1250 1400 1304 ἐστὶν
1431 1250 1546 1313 υίὸς
1583 1248 1739 1304 Θεοῦ.
1777 1249 1910 1303 Τίνα
1932 1246 2025 1304 οὖν

435 1335 553 1387 ἐστι
589 1335 660 1388 τά
687 1335 955 1408 λεγόμενα
993 1337 1088 1392 νῦν
1134 1339 1300 1394 τέκνα
1343 1341 1503 1410 Θεοῦ,
1551 1343 1600 1394 εἰ
1636 1344 1709 1414 μή
1745 1343 1852 1396 εἰσι
1883 1342 2024 1396 κατὰ

435 1427 564 1490 τοὺς
595 1428 914 1496 εἰσάγοντας
955 1430 1056 1495 τάς
1101 1431 1291 1500 φύσεις
1336 1437 1713 1506 πνευματικοὶ,
1749 1435 1868 1507 ὥρα
1907 1453 2024 1489 σκο-

435 1522 592 1572 πεῖν’
634 1521 727 1573 καὶ
761 1522 861 1593 ὅρα
888 1524 937 1574 εἰ
967 1523 1136 1576 τέκνα
1181 1524 1315 1578 Θεοῦ
1359 1525 1823 1599 διεσκορπισμένα
1860 1529 2024 1602 ἕτερα

433 1611 588 1683 παρά
627 1612 689 1666 τὺ
728 1613 880 1678 ἔθνος
915 1614 1142 1669 δύνασαι
1178 1620 1317 1671 νοεῖν
1365 1621 1492 1683 τοὺς
1537 1620 1659 1693 ήδη,
1709 1621 1797 1674 ὅτε
1847 1621 2020 1675 ταῦτα

2131 512 2255 567 stoli
2297 512 2531 566 dicentis
2553 510 2641 563 ‘9:
2683 529 2702 562 ι
2739 507 3054 579 Spir-itualis
3102 508 3285 561 omnia
3323 507 3617 575 dijudicat,
3657 517 3712 562 et

2133 605 2246 674 ipse
2284 620 2313 657 a
2350 604 2496 658 nullo
2535 603 2900 672 diiudicatur;
2933 620 2952 652 ι
2987 600 3184 670 quibus
3218 600 3397 654 verbis
3441 598 3710 661 edicitur.

2131 706 2190 749 ut
2215 697 2306 764 qui
2339 697 2519 750 omnia
2564 711 2672 750 non
2713 695 2991 764 dijudicet,
3026 692 3109 746 vel
3142 707 3246 745 non
3273 692 3360 746 sit.
3383 692 3708 762 spiritualis,

2128 787 2215 842 vel
2248 789 2484 843 nondum
2516 788 2593 843 sit
2624 787 2952 858 spiritualis.
2984 785 3125 853 Quin
3163 785 3210 840 si
3231 785 3354 854 quis
3381 783 3718 853 dijudicatur.

2127 880 2196 933 ab
2216 879 2416 945 aliquo,
2455 880 2716 948 quoniam
2746 876 3050 948 spiritualis
3079 891 3109 930 a
3163 876 3309 930 nullo
3351 874 3705 944 diiudicatur,

2128 972 2216 1025 vel
2248 987 2349 1025 non
2377 981 2464 1025 est
2497 970 2814 1039 spiritualis,
2853 969 2937 1024 vel
2958 969 3193 1024 nondum
3214 968 3536 1038 spiritualis.
3574 967 3708 1022 Vide

2128 1078 2255 1117 vero
2307 1078 2376 1117 an
2427 1077 2532 1116 non
2580 1063 2776 1117 melius
2817 1061 3104 1115 dicendum
3161 1061 3234 1116 sit
3285 1058 3424 1115 ellici
3470 1059 3704 1130 aliquem

2125 1155 2488 1224 spiritualem,
2528 1155 2619 1225 qui
2659 1162 2822 1208 antea
2853 1169 2958 1208 non
3004 1160 3172 1218 esset,
3207 1151 3301 1221 qui
3337 1151 3556 1220 proprie
3589 1151 3702 1219 jam

2126 1249 2270 1302 ﬁlius
2317 1249 2480 1303 etiam
2515 1247 2608 1302 Dei
2646 1255 2748 1301 est.
2788 1245 3022 1312 Quinam
3074 1245 3241 1314 igitur
3279 1244 3388 1298 sint
3433 1245 3523 1312 qui
3561 1258 3705 1296 nunc

2124 1339 2378 1393 dicuntur
2403 1339 2500 1393 ﬁlii
2533 1337 2650 1403 Dei,
2683 1337 2730 1392 si
2756 1352 2864 1391 non
2889 1346 3017 1390 sunt
3037 1334 3092 1388 hi
3119 1335 3212 1405 qui
3244 1333 3558 1404 spirituales
3575 1341 3704 1388 sunt

2117 1428 2322 1498 judicio
2352 1446 2538 1485 eorum
2562 1431 2655 1499 qui
2697 1438 2921 1490 naturas
2958 1429 3336 1493 introducunt,
3377 1436 3588 1496 tempus
3620 1432 3703 1479 est

2121 1523 2478 1578 considerare
2506 1541 2520 1576 :
2555 1532 2614 1576 et
2645 1521 2770 1575 vide
2797 1535 2865 1573 an
2916 1519 3060 1574 ﬁlios
3113 1520 3206 1574 Dei
3233 1519 3534 1588 dispersos,
3565 1517 3702 1572 alios

2122 1629 2150 1668 a
2181 1614 2451 1686 gentibus,
2477 1611 2782 1681 intelligere
2811 1609 2992 1678 possis
3029 1624 3122 1664 eos
3145 1624 3265 1665 esse
3301 1609 3393 1678 qui
3421 1608 3533 1678 jam
3562 1607 3695 1678 justi

432 1705 670 1773 ἐλέγετο,
731 1706 975 1772 δικαίους
1017 1710 1074 1763 ὲν
1123 1709 1264 1781 Θεῷ,
1314 1711 1424 1765 εἴτε
1475 1715 2004 1785 προκεκοιμημένους

2120 1717 2277 1762 erant
2317 1707 2371 1760 in
2418 1704 2554 1772 Deo,
2597 1721 2721 1760 cum
2756 1706 2873 1759 haec
2914 1712 3125 1758 tantum
3174 1702 3521 1766 dicerentur;
3583 1701 3700 1756 sive

431 1798 797 1869 πατριάρχας,
858 1799 892 1870 ἢ
953 1775 1270 1874 προφήτας,
1329 1804 1363 1875 ἦ
1411 1775 1563 1868 τινας
1620 1775 1835 1870 and»;
1863 1775 2004 1862 ὲκλεἐ

2121 1799 2469 1870 patriarchas
2502 1799 2594 1868 qui
2624 1797 2736 1866 jam
2765 1808 2927 1852 antea
2983 1811 3015 1851 e
3059 1795 3170 1848 vita
3205 1804 3575 1858 excesserant,
3613 1795 3694 1846 vel

429 1890 595 1952 κτοὺς
631 1891 724 1943 τοῦ
768 1890 924 1956 Θεοῦ,
980 1893 1091 1945 είτε
1150 1895 1246 1948 καὶ
1307 1897 1432 1959 τοὺς
1481 1897 1583 1967 ήδη
1638 1897 1757 1950 τότε
1804 1898 2014 1970 ἰσχύον-

424 1997 559 2045 σιςας⁸
609 1981 686 2046 ὡς
739 1982 849 2053 γάρ
905 1985 1260 2056 ὑπαρχόντων
1336 1987 1444 2041 τῶν
1503 1990 1792 2060 ἰσχυόντων
1816 2031 1831 2056 ,
1918 1991 2014 2044 καὶ

429 2075 567 2146 μηδὲ
619 2075 940 2142 νοσούντων,
991 2079 1189 2150 φησίν⁸
1250 2099 1269 2132 ι
1338 2082 1413 2134 Οὐ
1459 2083 1651 2153 χρείαν
1706 2082 1918 2154 ἔχουσιν
1964 2087 2013 2138 οί

429 2167 705 2236 ἰσχύοντες
751 2169 960 2241 ἰατροῦ,
1000 2171 1116 2224 ἀλλ’
1152 2173 1202 2224 οί
1245 2173 1433 2236 κακῶς
1467 2174 1712 2244 ἔχοντες
1751 2194 1769 2227 ι
1806 2178 1899 2230 καὶ
1931 2177 2008 2240 ὡς

422 2259 594 2315 ὄντων
647 2260 873 2317 δικαίων
918 2263 1098 2332 λέγει·
1154 2283 1173 2315 ι
1223 2265 1337 2319 Οὐκ
1386 2267 1621 2338 ἐλήλυθα
1669 2268 1897 2321 καλέσαι
1939 2270 2014 2322 δι-

423 2351 630 2416 καίους,
656 2352 794 2406 ἀλλά
825 2355 1186 2426 ἁμαρτωλοὺς
1221 2359 1301 2420 είς
1341 2359 1646 2428 μετάνοιαν.
1689 2380 1708 2412 ι
1746 2361 2009 2432 Ἐμελλεν

420 2439 516 2498 οὗν
562 2445 768 2516 Ἰησοῦς
807 2446 1174 2519 ἀποθνήσκειν
1216 2449 1358 2522 ὑπὲρ
1401 2451 1500 2521 μὲν
1543 2451 1638 2505 τοῦ
1666 2452 1874 2518 ἔθνους,
1922 2455 2010 2508 ἵνα

424 2534 499 2606 μὴ
533 2536 834 2608 ἀπόληταιο
865 2541 1006 2612 ὑπὲρ
1043 2541 1101 2595 δὲ
1132 2543 1241 2595 τῶν
1267 2544 1473 2598 τέκνων
1507 2545 1602 2598 τοῦ
1657 2546 1792 2599 Θεοῦ
1838 2546 2008 2601 ὄντων

420 2626 481 2682 ἐν
511 2627 948 2702 διασκορπισμῷ,
982 2633 1068 2687 ἵνα
1101 2635 1439 2706 ωναχθῶσιν
1471 2639 1552 2702 εἰς
1589 2637 1684 2692 ἕνα
1713 2639 1889 2709 λόγον,
1914 2643 2008 2696 καὶ

419 2720 757 2791 γενήσωνται
792 2721 902 2794 (48)
936 2725 1036 2794 μία
1067 2726 1294 2798 ποίμνη,
1323 2725 1405 2792 εἷς
1435 2732 1642 2802 ποιμήν
1664 2749 1677 2761 ο
1721 2733 1812 2786 ὅτε
1855 2728 2006 2804 οἶμαι

420 2811 767 2882 πληροῦσθαι
790 2814 887 2886 τήν
909 2816 1004 2870 τοῦ
1029 2818 1284 2891 Σωτῆρος
1312 2821 1499 2892 εὐχὴν,
1527 2822 1794 2893 λέγοντος
1833 2844 1852 2876 t
1888 2827 2004 2880 Ἵνα

418 2901 531 2987 έγὼ
561 2906 742 2958 καὶσὺ
769 2906 881 2976 (49)
916 2907 974 2959 ἒν
1008 2908 1198 2978 ἐσμεν,
1235 2910 1321 2962 ἵνα
1353 2912 1449 2964 καὶ
1489 2913 1645 2966 αὐτοὶ
1673 2916 1731 2969 έν
1775 2917 1906 2987 ήμῖν
1945 2917 2004 2971 ἓν

416 2985 571 3048 ὦσιν.
616 3013 634 3046 ι
662 2996 727 3048 El
749 2996 805 3048 δέ
832 3015 882 3050 τι
921 2999 1014 3052 καὶ
1050 2999 1347 3072 βαθύτερόν
1376 3005 1491 3056 ἐστι
1517 3005 1646 3075 περί
1688 2985 1902 3079 Ἰσραὴλ
1939 3009 2002 3064 οὐ

313 3160 317 3163 Ι
418 3085 654 3156 φύσεως,
704 3087 841 3142 ἀλλά
894 3089 1084 3158 γένους
1130 3094 1324 3154 εἰπεῖν,
1379 3095 1508 3166 περί¹
1556 3090 1618 3149 οὗ
1657 3097 1998 3170 γέγραπται,
2028 3117 2071 3175 c

423 3196 443 3228 ι
479 3177 606 3241 Υἱὸς
636 3178 978 3250 πρωτότοκός
1017 3198 1118 3252 μου
1156 3183 1374 3255 Ἰσραήλ
1406 3186 1544 3249 ἐστι,
1577 3205 1595 3237 ›
1624 3191 1915 3261 γενομένου
1941 3195 2000 3246 ὲν

413 3267 854 3342 διασκορπισμῷ,
888 3274 982 3326 καὶ
1011 3274 1172 3338 αὐτὸς
1218 3275 1552 3347 ἐπιστήσεις,
1584 3277 1660 3342 ὡς
1693 3275 1832 3334 εἶναι
1881 3284 2002 3336 τού-

414 3379 546 3448 τους
581 3363 649 3416 τά
686 3365 852 3419 τέκνα
885 3366 978 3420 τοῦ
1035 3368 1171 3421 Θεοῦ
1218 3368 1287 3422 τὰ
1331 3369 1812 3443 διεσκορπισμένα,
1860 3375 2001 3448 ὑπὲρ

415 3445 492 3506 ὧν
522 3453 746 3524 ἔμελλεν
775 3457 1140 3530 ἀποθνήσκειν
1177 3462 1405 3534 Ἰησοῦς,
1434 3464 1521 3517 ἵνα
1548 3465 1687 3518 αὺτά
1717 3445 1997 3541 συναγάγη

415 3547 496 3610 εἰς
527 3546 603 3600 ἓν.

487 3637 574 3696 17.
615 3658 634 3690 ι
687 3639 808 3693 Ἀπ’
845 3642 1060 3715 ἐκείνης
1091 3641 1184 3700 οὖν
1236 3648 1335 3718 τῆς
1385 3651 1596 3722 ήμέρας
1648 3653 1998 3708 συνεϐουλεύ-

415 3747 596 3798 σαντο,
632 3732 718 3785 ἵνα
747 3733 1138 3790 ἀποκτείνωσιν
1194 3740 1376 3794 αὐτόν.
1420 3761 1438 3793 ι
1489 3745 1551 3797 Ol
1584 3743 1862 3816 ἀρχιερεῖς
1902 3749 1998 3802 καὶ

411 3823 461 3874 οἰ
496 3823 798 3894 Φαρισαῖοι,
853 3830 1250 3898 συναγαγόντες
1301 3833 1595 3905 συνέδριον,
1652 3837 1750 3890 καὶ
1794 3841 1997 3910 σκεψά-

413 3931 564 3987 μενοι
610 3919 740 3989 περί
781 3919 876 3972 τοῦ
931 3921 1180 3992 Σωτῆρος
1220 3923 1376 3994 ἡμῶν
1421 3926 1476 3978 τί
1524 3927 1676 3999 αὐτῷ
1718 3934 1992 4002 ποιητέον,

410 4007 592 4071 αὐτοῖς
637 4008 863 4079 Καῖάφα
918 4010 1013 4063 τοῦ
1065 4011 1367 4082 ἀρχιερέως
1412 4013 1483 4067 τά
1532 4019 1995 4092 προεκτεθειμένα

409 4097 673 4160 εἰπόντος,
723 4099 818 4151 καὶ
1015 4100 1117 4153 ὑπὸ
1161 4101 1269 4153 τῶν
1312 4101 1484 4170 λόγων
1521 4104 1688 4158 αὑτοῦ
1735 4109 1995 4179 παροξυν-

410 4186 632 4252 θέντες,
689 4189 1177 4244 συνεϐουλεύσαντο
1219 4193 1308 4246 ἵνα
1348 4193 1714 4249 ἀποκτείνωσι
1757 4198 1848 4251 τὸν
1889 4199 1995 4253 Κύ-

411 4295 545 4352 ριον.
579 4280 777 4352 Διόπερ
808 4280 1065 4352 ζητήσεις
1097 4283 1205 4336 ἀπὸ
1231 4285 1385 4338 ποίου
1421 4286 1731 4356 πνεύματος
1757 4293 1994 4364 προεφή-

407 4386 619 4436 τευσεν,
658 4373 738 4426 ὅτι
770 4371 993 4443 ἔμελλεν
1055 4375 1264 4446 Ἰησοῦς
1320 4377 1684 4448 ἀποθνήσκειν
1722 4381 1862 4454 ὑπὲρ
1893 4385 1987 4438 τοῦ

2116 1891 2530 1964 prophetas,vel
2561 1893 2827 1962 quosdam
2850 1890 2989 1944 alios
3015 1890 3109 1945 Dei
3137 1889 3360 1954 electos,
3389 1887 3504 1942 sive
3529 1887 3693 1941 etiam

2115 2000 2208 2041 eos
2254 1985 2344 2054 qui
2387 2000 2484 2054 per
2530 1985 2583 2038 id
2634 1985 2894 2055 temporis
2939 1983 3057 2038 sani
3101 1991 3295 2047 erant;
3342 1979 3498 2049 quasi
3549 1980 3692 2034 enim

2113 2077 2278 2147 aliqui
2303 2079 2418 2131 sani
2451 2085 2655 2142 essent,
2689 2086 2744 2132 et
2776 2093 2882 2130 non
2905 2085 3252 2143 aegrotantes,
3286 2073 3498 2142 inquit:
3530 2092 3548 2124 ι
3573 2072 3690 2126 Non

2112 2185 2248 2239 Opus
2282 2170 2500 2232 habent,
2527 2168 2619 2238 qui
2655 2169 2775 2222 sani
2804 2176 2954 2236 sunt,
2983 2165 3214 2231 medico,
3247 2165 3341 2220 sed
3381 2181 3524 2234 aegre
3554 2163 3690 2218 atl'e-

2111 2265 2184 2319 cti
2213 2264 2295 2330 ⁸⁰;
2327 2281 2346 2315 ι
2379 2274 2435 2317 et
2479 2262 2633 2332 quasi
2667 2271 2854 2317 essent
2899 2262 3064 2317 etiam
3110 2259 3275 2329 aliqui
3319 2259 3474 2330 justi,
3504 2259 3638 2312 dicit
3672 2274 3687 2310 :

2117 2375 2136 2407 ι
2157 2356 2274 2410 Non
2305 2356 2427 2410 veni
2460 2370 2655 2409 vocare
2676 2354 2877 2422 justos,
2920 2354 3015 2410 sed
3048 2362 3366 2423 peccatores
3403 2351 3468 2404 ad
3506 2351 3685 2420 pteui-

2111 2449 2337 2502 tentiam
2352 2447 2418 2502 ⁸³.
2461 2465 2480 2498 ι
2508 2447 2804 2503 Moriturus
2832 2448 3018 2516 itaque
3039 2446 3198 2500 Jesus
3227 2452 3347 2499 erat
3375 2459 3471 2512 pro
3501 2452 3686 2512 gente,

2111 2550 2170 2595 ut
2198 2555 2305 2594 non
2338 2539 2572 2608 periret;
2619 2554 2720 2608 pro
2759 2539 2887 2594 ﬁliis
2932 2553 3067 2593 vero
3099 2538 3215 2604 Dei,
3259 2538 3352 2606 qui
3388 2537 3441 2589 in
3472 2537 3686 2605 disper-

2108 2633 2266 2688 sione
2283 2641 2462 2695 erant,
2486 2639 2547 2684 ut
2577 2642 3050 2702 congregarentur
3073 2631 3127 2684 in
3161 2645 3327 2682 unum
3353 2642 3687 2689 sermonem,

2108 2722 2407 2794 ﬁerentque
2455 2739 2594 2777 unus
2629 2738 2797 2792 grex,
2848 2737 2988 2777 unus
3027 2729 3253 2790 pastor:
3283 2721 3522 2791 quando,
3564 2734 3687 2774 mea

2106 2817 2404 2879 sententia,
2430 2807 2742 2870 Servatoris
2768 2814 3013 2884 precatio
3040 2813 3355 2883 implebitur
3395 2812 3632 2866 dicentis
3669 2829 3684 2868 ε

2110 2926 2130 2960 ι
2162 2907 2350 2979 Utego
2367 2917 2423 2964 et
2444 2919 2499 2963 tu
2530 2924 2696 2962 unum
2724 2923 2932 2971 sumus,
2959 2917 3018 2960 ut
3051 2915 3106 2960 et
3135 2906 3232 2975 ipsi
3270 2920 3434 2959 unum
3458 2905 3684 2960 sint“.a

2105 2997 2203 3053 Sin
2243 3016 2372 3055 vero
2404 3001 2470 3056 de
2506 3000 2724 3055 lsraelis
2757 3014 2864 3054 non
2906 3009 3122 3065 natura,
3154 3001 3248 3055 sed
3285 3014 3488 3070 genere
3521 2999 3686 3053 altius

2105 3090 2307 3159 aliquid
2335 3092 2626 3147 dicendum
2667 3092 2771 3157 sit;
2817 3071 2890 3147 de
2911 3105 3022 3160 quo
3067 3106 3190 3145 cum
3237 3091 3290 3144 in
3345 3091 3686 3159 dispersione

2105 3193 2267 3246 esset,
2326 3184 2589 3252 scriptum
2629 3194 2763 3239 est:
2808 3201 2828 3235 ι
2871 3183 3275 3253 Primogeuitus
3327 3199 3482 3239 meus
3537 3183 3682 3239 ﬁlius

2102 3273 2269 3330 Israel
2294 3275 2485 3340 est”,i
2506 3276 2606 3329 hoc
2621 3277 2779 3330 etiam
2798 3275 2913 3346 ipse
2926 3277 3160 3342 notabis,
3187 3277 3340 3346 quasi
3367 3276 3421 3330 hi
3451 3276 3560 3330 siut
3585 3278 3680 3331 ﬁlii

2105 3366 2199 3421 Dei
2235 3368 2490 3438 dispersi,
2517 3385 2616 3440 pro
2643 3370 2841 3438 quibus
2873 3370 3276 3425 moriturus'sit
3303 3367 3486 3436 lesus,
3509 3379 3568 3424 ut
3585 3384 3683 3426 eos

2103 3459 2157 3513 in
2187 3475 2355 3513 unum
2391 3468 2767 3532 congregaret.

2172 3644 2448 3716 39617.
2487 3663 2507 3696 ι
2549 3646 2630 3700 Ab
2657 3645 2748 3700 illo
2782 3660 2911 3715 ergo
2947 3643 3034 3699 die
3055 3643 3434 3699 consultat-unt
3456 3655 3584 3706 una,
3621 3651 3679 3695 ut

2101 3737 2469 3792 interﬁcerent
2489 3751 2612 3791 eum
2629 3736 2695 3790 ⁸⁸.
2711 3755 2730 3789 ι
2753 3736 3041 3792 Pontiﬁces
3059 3751 3112 3792 et
3129 3735 3413 3800 Pharisaei,
3432 3735 3520 3803 qui
3540 3750 3676 3788 con-

2099 3831 2285 3885 cilium
2314 3829 2667 3899 collegerant,
2717 3839 2774 3885 et
2823 3833 3304 3886 cOusideraveraut
3336 3829 3465 3896 quid
3495 3826 3676 3882 facere

2097 3921 2360 3976 deberent
2397 3921 2677 3976 Servatori
2721 3934 2909 3978 nostro
2941 3924 3087 3991 (cum
3125 3922 3398 3991 Caiaphas
3432 3918 3675 3990 pontifex

2099 4030 2220 4084 (ma:
2253 4015 2503 4085 superius
2529 4017 2881 4085 exposuimus
2911 4016 3160 4081 dixisset,
3191 4025 3250 4069 et,
3274 4014 3436 4084 hujus
3465 4026 3674 4067 sermo-

2098 4109 2259 4164 nibus
2285 4110 2515 4164 fuissent
2537 4109 2790 4173 iucitati),
2822 4109 3205 4163 consultarent
3237 4122 3345 4160 una
3373 4116 3434 4159 ut
3461 4106 3670 4158 iuterli-
3722 4175 3728 4183 ἱ

2095 4211 2286 4255 cereut
2313 4187 2622 4255 Dominum.
2648 4201 2917 4268 Quocirca
2954 4215 3167 4271 quaeres
3196 4215 3305 4268 quo
3332 4199 3528 4267 spiritu
3553 4212 3674 4266 pro-

2094 4293 2337 4362 phetarit
2381 4291 2569 4348 Jesum
2625 4295 2944 4347 moriturum
2991 4307 3090 4362 pro
3133 4303 3332 4361 gente;
3385 4300 3443 4346 et
3487 4299 3668 4343 utrum

2098 4389 2316 4437 sanctus
2331 4382 2561 4453 Spiritus
2582 4383 2719 4437 hanc
2739 4383 2968 4437 etiamin
2993 4397 3052 4436 re
3071 4389 3325 4450 operatus
3346 4381 3436 4442 sit,
3451 4387 3662 4433 auctor-

407 4461 592 4527 ἔθνους
611 4481 624 4494 ·
663 4465 758 4518 καὶ
782 4465 1008 4539 πότερον
1033 4467 1094 4520 τὺ
1124 4467 1279 4536 ἆγιον
1307 4469 1533 4540 Πνεῦμα
1560 4472 1654 4524 καὶ
1677 4473 1736 4525 ὲν
1761 4475 1985 4548 τοιούτῳ

2109 4489 2203 4544 que
2222 4472 2386 4528 fuerit
2399 4473 2608 4530 consilii
2623 4473 2882 4529 adversus
2901 4473 3109 4538 Iesum;
3130 4487 3200 4526 an
3215 4471 3303 4526 ille
3321 4469 3538 4540 quidem
3563 4483 3671 4523 non

404 4555 698 4627 ἐνήργησε,
732 4559 826 4610 καὶ
849 4559 1024 4612 αἴτιον
1051 4561 1343 4632 γεγένηται
1373 4563 1472 4633 τῆς
1496 4565 1637 4618 κατὰ
1668 4566 1762 4620 τοῦ
1813 4570 1987 4638 Ἰησοῦ

407 4646 738 4718 συμϐουλῆς,
760 4647 792 4718 ἢ
818 4649 918 4700 οὐκ
936 4650 1111 4702 ἐκεῖνο
1135 4651 1231 4721 μὲν
1250 4647 1364 4715 οῦν,
1382 4653 1508 4707 ἄλλο
1529 4654 1606 4720 δὲ,
1624 4655 1684 4708 τὸ
1709 4656 1820 4727 (51)
1837 4658 1990 4712 δυνά-

407 4754 570 4807 μενον
600 4738 693 4790 κα).
725 4739 782 4791 έν
815 4739 894 4809 τῷ
923 4741 1110 4794 ἀσεϐεῖ
1156 4742 1405 4814 λαλῆσαι,
1452 4747 1545 4800 καὶ
1595 4749 1724 4812 τοὺς
1764 4751 1986 4820 ὁμοίους

405 4831 598 4901 ἐκείνῳ
633 4831 774 4884 κατά
821 4832 914 4886 τοῦ
970 4834 1145 4904 Ἰησοῦ
1189 4837 1444 4908 κινῆσαι,
1493 4839 1645 4892 οὐδὲν
1685 4836 1847 4913 ἦττον
1892 4847 1985 4898 καὶ

402 4921 550 4992 ἑώρα
595 4922 707 4994 (52)
758 4941 810 4976 τι
851 4925 932 4987 εἰς
975 4924 1067 4978 τὸν
1124 4927 1364 4997 Ἰησοῦν,
1416 4929 1492 4993 ὡς
1547 4931 1691 4984 κατά
1755 4933 1983 5006 δύναμιν

472 5012 518 5087 "_9
552 5011 565 5063 Ι
599 5012 722 5065 Cor.
753 5029 937 5087 ιιι-ιν.
1011 5015 1057 5047 ⁸ο
1083 5015 1272 5072 Matth.
1302 5036 1381 5087 Ix,
1412 5021 1498 5075 12.

397 5081 445 5114 “
471 5079 630 5136 Joan.
666 5097 745 5146 xt,
770 5083 859 5138 5'5.

475 5174 789 5255 _(47)E:.dit_io
841 5177 1019 5255 {luetii
1046 5221 1062 5245 ,
1081 5181 1218 5255 τοῦς
1265 5181 1454 5255 φύσεις
1499 5179 1638 5240 εἶναι
1693 5184 1995 5255 οἰομένοις,

401 5247 498 5299 καὶ
519 5246 662 5300 κατά
691 5248 751 5300 τὸ
779 5248 895 5313 τοῦ,
927 5258 1034 5304 etc.
1075 5250 1180 5304 Sed
1210 5246 1378 5307 codex
1415 5254 1740 5310 Bodleianus
1778 5246 1980 5308 lectio?

403 5331 526 5393 item
560 5333 722 5393 quam
739 5321 1032 5393 sequimur
1077 5321 1319 5393 exhibet,
1357 5340 1455 5393 uec
1498 5325 1656 5378 aliter
1684 5326 1810 5393 legit
1847 5324 1978 5377 Fer-

402 5387 604 5462 rarius.
641 5385 1056 5462 Codefoegius
1087 5391 1249 5445 aliter
1279 5391 1461 5457 habet,
1484 5395 1564 5462 sic
1592 5385 1802 5462 nemp'e,
1827 5393 1984 5446 τοῦτο

401 5454 511 5536 γὰρ
557 5456 871 5536 ἀκοληουήθλεῖν
905 5454 1082 5536 λέγειν
1104 5465 1214 5536 τοῖς
1251 5454 1456 5536 φύσειςί
1499 5460 1638 5516 εἶναι
1693 5454 1977 5535 οἰομένοις,

401 5526 496 5578 καὶ
529 5526 708 5608 τὸ.τοῦ
737 5529 1074 5608 ρᾼποστόλου
1100 5526 1640 5608 βούλημά-Τέννοεῖν
1665 5526 1791 5598 τοὺς
1821 5526 1982 5587 πνευὲ

407 5597 663 5673 μτ-ικῶς
679 5597 1041 5673 διδάσκοντος,
1075 5597 1196 5669 qua:
1221 5597 1514 5673 itiiztnifeste
1543 5597 1794 5673 corrupta
1834 5615 1984 5659 sunt.

474 5664 723 5750 (αξὸηἰαὶ
779 5664 1168 5740 τενήσωντὶιι.
1205 5672 1385 5729 Codex
1439 5673 1659 5743 Regius,
1693 5664 1853 5740 male,
1902 5673 1979 5743 τῷ

405 5751 745 5808 γενήσονται.

2087 5256 2181 5308 καὶ
2205 5257 2271 5307 σὺ
2308 5257 2366 5309 ’ἐν
2391 5260 2524 5327 ὲσμε

2096 4567 2282 4631 fuerit,
2302 4567 2396 4625 sed
2417 4567 2556 4621 alius
2573 4567 2821 4636 spiritus,
2839 4566 3026 4622 valens
3043 4567 3098 4620 in
3119 4565 3286 4634 impio
3307 4565 3475 4618 etiam
3495 4562 3667 4630 loqui,

2095 4657 2308 4726 sibique
2339 4656 2548 4712 similes
2590 4659 2878 4712 adversum
2903 4654 3088 4710 Jesum
3123 4668 3363 4718 movere,
3393 4649 3669 4706 nihilomi-
3706 4716 3712 4723 ι

2093 4765 2194 4802 nus
2214 4750 2377 4803 etiam
2405 4749 2612 4803 videret
2645 4748 2848 4818 aliquid
2877 4762 3002 4815 erga
3019 4746 3224 4808 Jesum,
3249 4755 3307 4799 ut
3343 4759 3443 4815 pro
3466 4741 3670 4797 viribus

2090 4845 2342 4913 superius
2390 4843 2805 4912 exquisivimus.
2837 4842 3015 4910 Atque
3063 4841 3287 4894 omnino
3314 4838 3406 4906 qui
3441 4850 3668 4906 respon-

2091 4939 2220 4991 dere
2267 4935 2500 4990 voluerit
2546 4934 2810 5005 Spiritum
2860 4942 3109 4987 sanctum
3158 4940 3440 4985 auctorem
3496 4930 3669 4984 videri

1611 5022 1662 5053 ”
1683 5023 1850 5110 Mare
1878 5043 1938 5094 tt,
1971 5029 1995 5080 1

2112 5026 2304 5083 Matth.
2337 5043 2416 5095 Ix,
2445 5027 2532 5082 15.
2609 5027 2655 5058 ⁸²
2677 5025 2836 5082 Joan.
2871 5041 3005 5091 xvu,
3033 5025 3126 5079 2i.
3202 5022 3248 5055 ⁸³
3277 5021 3449 5077 Exod.
3476 5037 3550 5089 tv,
3573 5023 3665 5079 Ὧι

2160 5183 2275 5254 (49)
2308 5185 2431 5240 Ἵνα
2457 5183 2571 5255 ἐγὼ
2594 5185 2816 5251 καὶσὺ,
2851 5195 2956 5244 etc.
2990 5185 3164 5256 Lego,
3187 5187 3294 5254 ἵνα,
3323 5185 3506 5250 καθὼς
3556 5185 3669 5255 ἐγὼ

2529 5272 2577 5318 ν,
2605 5257 2758 5309 αὐτοὶ
2791 5259 2848 5309 ἐν
2878 5258 3011 5327 ἡμῖν
3042 5254 3098 5309 ἓν
3131 5254 3284 5322 (hasty.

2161 5327 2271 5396 (50)
2307 5331 2622 5392 Εἰπόντος,
2652 5328 2770 5383 καί.
2797 5329 2886 5380 lla:
2911 5335 3028 5381 duae
3062 5344 3220 5381 voces
3251 5330 3302 5381 in
3335 5328 3526 5382 codice
3563 5327 3666 5381 Re-

2089 5396 2176 5464 gio
2207 5409 2369 5464 atque
2397 5403 2535 5470 adeo
2569 5399 2642 5470 inn
2660 5400 2899 5470 editione
2919 5399 3095 5452 lluetii
3123 5401 3340 5470 desunt,
3365 5399 3460 5452 sed
3498 5401 3666 5452 resti-

2089 5477 2315 5520 tuuntur
2339 5482 2370 5520 e
2400 5469 2585 5522 codice
2615 5467 2926 5521 Bodleiano.

2182 5536 2270 5605 51)
2295 5536 2476 5592 Codex
2509 5536 2732 5605 Regius,
2759 5536 2872 5591 ἀλλ’
2895 5537 2924 5588 ὃ
2951 5538 3008 5589 δὲ
3044 5537 3122 5593 τὸ.
3156 5547 3264 5592 etc.

2183 5606 2272 5675 52)
2296 5607 2828 5678 Ferrariuslegehat
2863 5609 2986 5678 ὅρα,
3015 5610 3169 5660 vertit
3206 5609 3370 5672 enim,
3409 5626 3429 5661 ι
3468 5609 3662 5662 nihiln-

2086 5677 2266 5732 minus
2299 5679 2438 5730 vide.
2483 5697 2499 5728 ι
2547 5676 2666 5746 (llic
2703 5680 2847 5729 locus
2879 5676 3064 5745 aperte
3109 5689 3402 5745 corruptus
3467 5691 3554 5734 est.
3605 5685 3667 5736 ιη

2089 5748 2712 5819 tcxtu,nisipraeferatur
2739 5747 2971 5801 Fers-ard
3003 5748 3184 5802 lectio.
3228 5749 3414 5820 Eutr.)
