4182 6376
542 259 648 316 ⁸197

2003 250 2323 308 ORIGENIS

3690 245 3801 302 728

541 372 732 436 fuisse,
764 376 825 423 ιιι
859 365 1144 438 pontiﬁces
1177 376 1234 423 et
1279 364 1540 422 Pharisaei
1575 364 1709 421 moti
1737 380 1807 421 ex
1842 369 2110 423 sermoni-

2215 364 2684 439 πρωξητάσαμεν.
2731 365 2795 420 '0
2824 363 3007 437 μέντοι
3051 361 3373 434 βουλόμενος
3413 359 3798 439 ἀπολογεῖσθαι

544 465 648 520 bos
679 462 930 532 Caiapbue
978 473 1088 515 una
1126 458 1504 515 consultarent
1548 458 1863 514 interﬁcere
1904 456 2113 523 Jesum,

545 556 693 611 dicet
723 568 829 609 non
861 551 1097 607 alienum
1126 565 1250 606 esse
1279 550 1387 605 tale
1413 564 1548 620 opus
1573 564 1602 603 a
1633 551 1946 614 sanctitate,
1980 566 2116 620 quo-

544 649 689 701 niam
724 660 794 701 ne
825 643 985 700 Jesus
1011 644 1230 713 quidem
1267 657 1381 697 rem
1409 656 1470 697 se
1509 642 1786 712 indignam
1814 641 2024 706 fecerit,
2059 643 2114 697 in

547 738 762 792 ruinam
795 747 851 792 et
881 736 1338 792 resurrectionem
1375 733 1665 788 multarum
1700 733 1943 804 gentium
1993 749 2116 803 qua:

542 839 705 886 erant
732 830 785 885 in
809 829 977 885 Israel
1003 830 1071 892 ⁸⁸,
1095 829 1320 884 veniens
1345 836 1401 881 et
1421 826 1607 881 dicens
1639 843 1652 879 :
1690 843 1710 877 ι
1747 825 1858 896 Ego
1884 825 1939 879 in
1964 825 2115 894 judi-

541 922 691 977 cium
730 922 786 977 in
817 922 966 978 hunc
1009 922 1268 977 mundum
1314 919 1475 983 veni,
1521 928 1582 973 nt
1615 935 1719 973 non
1760 918 2005 974 videntes
2037 919 2117 973 vi-

542 1013 727 1078 deant,
778 1022 837 1070 et
889 1015 1135 1069 videntes
1179 1012 1307 1068 caci
1360 1010 1501 1064 ﬁant
1522 1010 1589 1067 ⁸⁸.
1622 1029 1642 1062 ι
1687 1009 1759 1065 Ut
1790 1010 1934 1064 enim
1977 1026 2116 1080 opus

542 1104 808 1163 habemus
834 1120 1091 1163 sermone
1120 1106 1423 1175 sapientiae,
1454 1119 1564 1174 quo
1593 1102 1957 1159 defendamus
1986 1118 2119 1172 quo-

544 1196 707 1253 modo
735 1213 849 1253 rem
880 1213 942 1254 se
975 1197 1255 1268 indignam
1285 1196 1379 1251 ille
1404 1211 1514 1251 non
1542 1196 1754 1262 fecerit,
1786 1196 1876 1263 qui
1901 1208 1964 1250 se
1991 1194 2117 1250 huic

542 1289 741 1345 mundo
767 1289 1066 1345 accessisse
1092 1290 1147 1344 in
1172 1288 1439 1358 judicium
1468 1287 1709 1351 fatetur;
1750 1287 1834 1341 sic
1858 1286 2026 1341 etiam
2060 1288 2114 1341 in

541 1379 666 1446 hoc,
720 1389 782 1435 ut
831 1381 1187 1435 ostendamus
1238 1378 1523 1449 pontiﬁces
1572 1388 1628 1434 et
1675 1376 1988 1433 Pliariszeos
2045 1392 2112 1432 ex

541 1471 797 1541 Caiaphat
848 1470 1029 1530 verbis
1078 1486 1182 1526 una
1234 1471 1580 1527 consuluisse
1635 1479 1695 1523 ut
1740 1470 2116 1524 interﬁcerent

540 1559 750 1618 Jesum.
777 1561 955 1631 Atque
989 1562 1058 1617 de
1094 1575 1161 1616 eo
1205 1561 1425 1630 quidem
1469 1559 1613 1631 quod
1653 1567 1782 1614 est:
1826 1576 1846 1610 ι
1882 1556 1941 1611 ln
1964 1557 2115 1627 judi-

543 1653 688 1707 cium
713 1666 814 1722 ego
843 1655 897 1707 ln
930 1652 1075 1707 hunc
1096 1653 1354 1707 mundum
1396 1652 1539 1714 veni,
1574 1669 1596 1704 ι
1631 1650 1685 1705 in
1712 1648 2112 1719 explanationi—

2218 436 2346 530 περὶ
2374 457 2467 511 τοῦ
2500 457 2658 526 ἁγίου
2688 436 3028 527 Πνεύματος,
3055 455 3341 516 δοκοῦντος
3372 452 3543 506 αἰτίου
3570 436 3795 520 γεγονέέ

2215 566 2325 614 ναι,
2354 550 2442 604 ἵνα
2468 548 2974 620 συμϐουλεύσωνται
2997 548 3315 600 ἀποκτεῖναι
3345 545 3436 597 τὴν
3476 544 3706 615 Ἰησοῦν,
3734 546 3799 596 ὲκ

2215 640 2323 693 τῶν
2348 640 2519 710 λόγων
2545 640 2858 712 κινηθέντες
2888 640 2982 692 τοῦ
3006 639 3233 708 Καῖἀφα
3263 640 3313 691 οἱ
3328 640 3605 710 ἀρχιερεῖς
3627 637 3721 691 καὶ
3747 639 3798 692 οἱ

2214 740 2514 808 Φαρισαῖοι,
2547 724 2731 809 φησιν,
2776 739 2859 792 ὅτι
2891 737 2991 789 οὐκ
3033 734 3311 806 ἀλλότριόν
3341 737 3457 788 ἐστι
3490 734 3550 788 τὸ
3584 733 3799 789 τοιοῦτο

2216 830 2375 903 ἔργον
2397 831 2497 900 τῆς
2530 829 2837 901 ἁγιότητος,
2861 830 2985 882 ἐπεὶ
3018 827 3153 899 μηδὲ
3199 826 3407 897 Ἰησοῦς
3437 825 3653 892 ἀνάξιον
3675 826 3798 878 ἑαυ-

2214 923 2310 978 τοῦ
2351 921 2672 993 πεποίηκεν,
2720 922 2801 984 είς
2851 919 3058 974 πτῶσιν
3099 918 3193 973 καὶ
3233 918 3530 972 ἀνάστασιν
3585 915 3796 970 πολλῶν

2215 1012 2385 1066 ἐθνῶν
2414 1011 2523 1065 τῶν
2555 1013 2614 1064 ὲν
2637 1010 2715 1082 τῷ
2751 1009 2966 1083 Ἰσραὴλ
2994 1007 3182 1073 ἐλθὼν,
3231 1008 3326 1062 καὶ
3358 1008 3579 1077 φάσκων
3600 1025 3614 1037 ·
3647 1025 3667 1058 ι
3700 1008 3796 1069 Εἰς

2216 1101 2389 1175 κρίμα
2424 1102 2536 1172 ἐγὼ
2576 1105 2655 1166 είς
2685 1101 2775 1154 τὸν
2803 1102 3006 1173 κόσμον
3048 1099 3236 1153 τοῦτον
3282 1095 3464 1170 ἦλθον,
3500 1099 3589 1153 ἴνα
3635 1099 3685 1151 οἱ
3720 1098 3796 1169 μὴ

2218 1194 2503 1265 βλέποντες
2535 1194 2795 1266 βλέπωσι,
2841 1195 2935 1248 καὶ
2967 1194 3015 1247 οί
3048 1191 3332 1263 βλέποντες
3369 1189 3560 1260 τυφλοὶ
3593 1189 3795 1259 γένων-

2214 1304 2304 1341 ται
2327 1305 2341 1317 ·
2379 1307 2400 1339 ι
2430 1288 2507 1352 ῶς
2535 1287 2644 1359 γὰρ
2670 1287 2901 1359 δεόμεθα
2933 1286 3091 1355 λόγου
3120 1286 3310 1355 σοφίας
3332 1285 3413 1348 είς
3439 1282 3502 1336 τὸ
3521 1282 3795 1354 ἀπολογή-

2217 1376 2414 1434 σασθαι
2448 1377 2583 1448 (55),
2614 1376 2731 1441 πῶς
2766 1380 2796 1431 ὁ
2833 1375 3110 1448 ὁμολογῶν
3160 1377 3240 1439 είς
3287 1372 3463 1446 κρίμα
3493 1372 3571 1445 τῷ
3603 1373 3796 1445 κόσμῳ

2214 1468 2387 1540 τούτῳ
2418 1469 2892 1541 ἐπιδεδημηκέναι,
2918 1471 3018 1523 οὐκ
3061 1468 3278 1535 ἀνάξιον
3316 1466 3508 1522 ἑαυτοῦ
3565 1467 3796 1537 πεποίη-

2217 1578 2314 1615 κεν
2335 1600 2352 1626 ,
2382 1559 2556 1626 οὕτως
2585 1564 2677 1616 καὶ
2711 1563 2792 1625 είς
2828 1562 2888 1615 τὸ
2916 1564 2980 1617 ὲκ
3015 1560 3124 1616 τῶν
3165 1560 3256 1615 διά
3295 1559 3388 1614 τοῦ
3430 1559 3657 1628 Καῖάφα
3701 1558 3792 1611 λό-

2218 1669 2332 1721 γων
2360 1652 2471 1724 (54)
2513 1652 3011 1725 ωμϐεϐουλεῦσθαι
3058 1655 3183 1717 τοὺς
3225 1653 3502 1723 ἀρχιερεῖς
3539 1650 3788 1713 καὶτοὺς

540 1741 642 1800 bus
669 1743 814 1799 illius
834 1743 937 1799 loci
965 1758 1066 1813 pro
1100 1744 1305 1800 viribus
1332 1742 1694 1799 disseruimus
1723 1758 1737 1796 :
1773 1758 1918 1798 nunc
1964 1756 2111 1805 vero,

2215 1713 2562 1815 ἀδαρισαίους,
2583 1713 2681 1798 ’ἵνα
2715 1744 3076 1799 ἀποκτείνωσι
3112 1713 3205 1797 τδν
3254 1713 3483 1813 ’ἰησόῦψ
3521 1742 3658 1812 Περὶ
3693 1741 3792 1811 μὲν

542 1836 689 1905 quod
720 1836 916 1891 attinet
944 1836 1012 1891 ad
1065 1837 1118 1891 id
1164 1851 1274 1906 quo
1318 1835 1386 1891 de
1436 1834 1647 1905 agitur,
1679 1834 1793 1889 haec
1823 1834 2110 1889 dicentur:

541 1939 734 1994 nempe
779 1926 926 1994 quod
955 1927 1412 1997 quemadmodum
1449 1941 1665 1983 sacram
1705 1927 2111 1998 Seripturarum

540 2016 983 2087 lntalligentiam.
1018 2018 1090 2074 ob
1127 2032 1321 2074 eorum
1355 2018 1645 2073 utilitatem
1676 2019 1878 2074 dictam
1915 2016 2007 2087 qui
2044 2033 2109 2072 ex

538 2121 603 2163 ea
629 2107 814 2177 juvari
843 2116 1111 2178 quaerunt,
1144 2107 1551 2163 calumniantur
1583 2106 1640 2161 lii
1663 2105 1756 2175 qui
1783 2120 1903 2160 eam
1935 2106 1988 2159 in
2020 2104 2114 2158 de—

536 2199 795 2256 teriorem
839 2208 1051 2269 partem
1102 2200 1448 2271 intelligunt.
1504 2212 1616 2269 quo
1666 2212 1855 2252 ansam
1910 2196 2112 2252 habere

535 2291 826 2347 videantur
849 2291 1071 2362 impiam
1093 2292 1451 2347 conﬁrmandi
1470 2290 1773 2345 doctrinam
1803 2303 1988 2343 eorum
2018 2290 2109 2356 qui

535 2378 911 2450 loquunturin
949 2380 1292 2435 altitudinem
1322 2378 1644 2447 iniustitiam
1668 2379 1749 2443 ⁸⁷;
1798 2380 1880 2435 sic
1922 2381 2107 2448 ponti-

534 2469 667 2527 ﬁces
717 2472 880 2527 etiam
933 2482 990 2528 et
1039 2472 1320 2540 Pbarismi,
1378 2489 1483 2528 non
1539 2482 1687 2527 recte
1739 2471 2107 2543 intelligentes

535 2563 740 2618 factam
769 2578 799 2617 a
827 2563 1070 2635 Caiaplta
1104 2564 1172 2620 de
1203 2562 1502 2620 Servatore
1548 2574 1737 2618 nostro
1763 2579 1946 2619 veram
1980 2579 2102 2630 pro—

535 2654 801 2724 phetiam,
831 2670 1026 2726 nempe
1052 2657 1197 2724 quod
1222 2656 1499 2726 expediret
1517 2656 1674 2710 nobis
1692 2665 1751 2709 ut
1777 2670 1915 2710 unus
1944 2655 2109 2710 homo

536 2757 843 2802 moreretur
892 2762 990 2817 pro
1036 2746 1233 2818 popqu
1269 2756 1324 2803 et
1374 2755 1481 2801 tota
1532 2762 1666 2818 gens
1725 2763 1831 2802 non
1884 2748 2108 2816 periret,

530 2838 696 2911 397
729 2839 824 2894 sed
870 2839 1029 2893 aliam
1068 2839 1482 2907 intelligentiam
1518 2853 1642 2895 esse
1688 2840 1793 2894 rati
1833 2839 1887 2895 in
1918 2840 2107 2895 volun-

535 2939 644 2985 tate
680 2929 892 2985 consilii
916 2928 1192 3000 Caiaplne,
1228 2928 1298 2983 ab
1332 2928 1424 2984 illo
1457 2930 1546 2984 die
1576 2945 1679 2983 una
1706 2929 2104 2996 consultarunt,

2215 1832 2309 1890 οὖν
2336 1835 2453 1902 τοῦ,
2499 1853 2519 1887 ι
2554 1837 2649 1901 Et;
2674 1837 2849 1909 κρίμα
2873 1838 2954 1900 είς
2986 1836 3078 1889 τὸν
3109 1834 3312 1904 κόσμον
3340 1833 3527 1886 τοῦτον
3552 1829 3735 1903 ἦλθον,
3767 1854 3785 1884 ι

2212 1928 2315 1981 ὅσα
2356 1925 2689 2000 δεδυνήμεθα
2734 1929 2792 1980 ὲν
2835 1930 2948 1990 τοῖς
2990 1928 3069 1989 εἰς
3110 1926 3204 1979 τὸν
3249 1924 3414 1977 τόπον
3446 1923 3791 1993 ἐξηγητικοῖς

2214 2019 2546 2092 εἰρήκαμενο
2581 2019 2709 2090 περὶ
2735 2018 2792 2072 δὲ
2821 2018 2915 2072 τοῦ
2938 2018 3034 2071 νῦν
3074 2016 3437 2089 προκειμένου
3469 2014 3692 2069 τοιαῦτα
3725 2014 3792 2068 ἂν

2212 2095 2442 2180 λέγοιτο,
2468 2111 2572 2176 ὅτι,
2602 2111 2790 2182 ῶσπερ
2829 2112 2920 2164 τὸν
2950 2109 3093 2181 ἱερὸν
3123 2107 3246 2162 νοῦν
3271 2107 3376 2160 τῶν
3413 2105 3665 2178 Γραφῶν,
3699 2106 3795 2160 ἐπὶ

2211 2201 2449 2274 ὠφελείᾳ
2496 2202 2787 2274 λεγόμενον
2823 2201 2932 2257 τῶν
2975 2201 3282 2274 ζητούντων
3318 2200 3411 2254 ἀπ’
3455 2196 3618 2252 αὐτοῦ
3653 2197 3794 2267 ὠφε-

2210 2291 2461 2364 ληθῆναι,
2491 2296 2540 2348 οἱ
2573 2295 2666 2347 ἐπὶ
2696 2296 2756 2348 τὸ
2792 2298 2971 2367 χεῖρον
3011 2293 3489 2366 παρεκδεχόμενοι,
3525 2289 3666 2344 ὥστε
3700 2291 3792 2344 καὶ

2211 2384 2464 2457 ἀφορμὴν
2500 2386 2610 2456 (55)
2635 2386 2779 2457 ἔχειν
2801 2386 2976 2440 δοκεῖν
3004 2386 3139 2458 πρὸς
3172 2385 3516 2456 κατασκευὴν
3560 2382 3792 2447 ἀσεϐοῦς

2209 2476 2555 2540 διδασκαλίας
2600 2477 2706 2532 τῶν
2766 2476 2977 2531 ἀδικίαν
3033 2480 3113 2541 είς
3164 2477 3225 2530 τὸ
3274 2476 3405 2545 ὕψος
3457 2474 3791 2539 λαλούντων,

2211 2568 2661 2637 συκοφαντοῦσιν
2718 2566 2890 2632 οὓτως
2942 2570 3041 2636 τήν
3092 2585 3152 2621 τε
3201 2567 3296 2621 τοῦ
3345 2567 3595 2637 Σωτῆρος
3635 2566 3793 2637 ἡμῶν

2210 2661 2316 2716 ὑπὸ
2341 2660 2431 2715 τοῦ
2459 2662 2679 2729 Καῖἀφα
2706 2659 3003 2732 γενομένην
3044 2660 3379 2732 προφητείαν
3422 2658 3792 2731 ἀληθεύουσιν

2206 2754 2268 2805 ὲν
2311 2752 2389 2823 τῷ
2433 2752 2733 2823 συμφέρειν
2784 2754 2935 2823 ἡμῖν,
2972 2752 3058 2805 ἵνα
3102 2746 3181 2815 εἷς
3226 2751 3510 2823 ἄνθρωπος
3543 2751 3790 2823 ἀποθάνῃ

2209 2846 2350 2918 ὑπὲρ
2392 2844 2486 2899 τοῦ
2538 2843 2691 2910 λαοῦ,
2742 2845 2836 2899 καὶ
2888 2843 2963 2915 μὴ
3019 2844 3139 2898 ὅλον
3189 2843 3252 2897 τὸ
3296 2844 3446 2909 ἔθνος
3500 2843 3787 2913 ἀπόληται,

2206 2937 2306 3009 ούχ
2334 2936 2501 3006 ὑγιῶς
2535 2936 2862 3002 ἀκούσαντες
2886 2940 2935 2991 οἱ
2958 2938 3241 3009 Φαρισαῖοι
3271 2936 3364 2991 καὶ
3400 2937 3450 2989 οἱ
3479 2938 3787 3009 ἀρχιερεῖς,

530 3029 593 3074 ιιι
628 3016 814 3075 Jesum
862 3020 1257 3077 interﬁcerent.
1305 3019 1432 3075 Haec
1471 3030 1651 3075 autem
1701 3021 1826 3077 dico
1872 3036 2107 3092 sequens

2212 3028 2347 3083 ἀλλά
2382 3029 2541 3083 ἄλλον
2565 3027 2690 3081 νοῦν
2727 3029 3049 3100 νομίσαντες
3095 3022 3236 3081 εἶναι
3261 3026 3402 3081 κατὰ
3431 3027 3493 3080 τὸ
3540 3027 3786 3097 βούλημα

529 3112 676 3168 hanc
708 3112 1156 3182 intelligentiam,
1216 3120 1276 3167 ut
1324 3111 1568 3183 Spiritus
1622 3123 1847 3169 sanctus
1899 3114 1971 3169 sit
2014 3114 2104 3170 ille

532 3204 628 3275 qui
661 3204 1004 3275 prophetarit
1050 3205 1105 3260 in
1144 3204 1380 3275 Caiapha
1417 3222 1432 3259 :
1463 3220 1571 3261 non
1623 3206 1852 3262 omnino
1899 3208 2105 3263 conﬁr-

2208 3120 2306 3190 τῆς
2331 3117 2426 3171 τοῦ
2453 3117 2679 3187 Καῖάφα
2705 3116 3016 3189 συμϐουλῆς
3066 3117 3201 3189 (56),
3245 3117 3337 3170 ἀπ’
3395 3116 3612 3187 ἐκείνης
3667 3134 3788 3170 συνο

2209 3209 2594 3263 εὸουλεύσαντο
2637 3212 2735 3280 τῆς
2772 3209 3007 3282 ἡμέρας,
3051 3210 3137 3263 ἵνα
3169 3210 3531 3263 ἀποκτείνωσι
3560 3209 3652 3262 τὸν
3686 3210 3788 3280 Ἰη-

532 3308 691 3350 mans
715 3294 821 3351 hoc
852 3296 926 3351 ita
973 3310 1036 3353 se
1079 3290 1306 3362 liabere,
1358 3297 1455 3351 sed
1500 3295 1794 3352 lectoribus
1836 3297 2100 3368 judicium

2212 3300 2353 3355 σοῦν.
2392 3299 2577 3354 Ταῦτα
2607 3299 2665 3353 δέ
2691 3317 2833 3370 φημι
2862 3299 3002 3353 κατά
3031 3300 3092 3354 τὸ
3117 3299 3406 3354 ἀκόλουθον
3434 3303 3502 3371 τῇ
3535 3300 3663 3373 περὶ
3695 3298 3787 3352 τοῦ

529 3384 850 3456 relinquens
876 3396 1057 3441 utrum
1082 3387 1295 3442 admitti
1333 3396 1587 3457 oporteat
1608 3388 1675 3443 de
1703 3388 1939 3459 Caiaplta
1960 3389 2102 3458 quod

2212 3387 2361 3458 ἀγιον
2388 3384 2527 3442 εἶναι
2556 3388 2780 3459 Πνεῦμα
2807 3388 2868 3440 τὸ
2894 3388 2983 3442 διὰ
3016 3388 3109 3442 τοῦ
3147 3390 3371 3458 Καῖάφα
3402 3389 3788 3462 προφητεῦσαν

525 3476 683 3545 quasi
715 3486 936 3546 repente
975 3478 1178 3547 Spiritu
1206 3487 1400 3534 sancto
1422 3478 1495 3534 sit
1522 3487 1724 3534 motus.

2212 3478 2423 3550 ἐκδοχῇ,
2451 3479 2510 3531 ού
2543 3479 2759 3543 πάντως
2790 3479 3052 3534 συνιστῶν
3086 3480 3197 3553 (57)
3226 3482 3372 3535 τοῦθ’
3403 3481 3577 3547 οὕτως
3621 3482 3785 3553 ἔχειν,

526 3571 664 3627 ἀλλὰ
709 3571 1056 3629 καταλείπων
1084 3573 1314 3637 καὶτοῖς
1360 3573 1745 3647 ἐντυγχάνουσι
1791 3572 2018 3648 κρίνειν,
2073 3575 2330 3648 ὁπότερον
2355 3573 2462 3647 χρὴ
2520 3573 2924 3646 παραδέξασθαι
2975 3575 3105 3647 περὶ
3142 3576 3237 3630 τοῦ
3286 3576 3534 3647 Καῖάφα,
3577 3576 3672 3630 καὶ
3712 3575 3787 3642 ὡς

526 3666 636 3722 ὑπὸ
672 3666 841 3731 πόδας
870 3665 963 3725 τοῦ
998 3667 1315 3739 Πνεύματος
1339 3669 1721 3740 κεκινημένου.

597 3758 709 3815 18.ι
729 3759 887 3816 Jesus
907 3776 1036 3831 ergo
1052 3760 1165 3830 jam
1189 3777 1294 3818 non
1322 3765 1598 3833 propalam
1620 3763 1933 3820 ambulabat
1963 3767 2105 3819 inter

2287 3762 2370 3818 18.
2411 3780 2430 3813 ι
2476 3762 2536 3825 '0
2563 3757 2657 3815 οὖν
2697 3758 2904 3835 Ἰησοῦς
2927 3764 3110 3817 οὐκέτι
3149 3763 3433 3836 παρρησίᾳ
3466 3763 3787 3836 περιεπάτει

526 3844 769 3916 Judaaos,
812 3851 909 3906 sed
955 3851 1090 3907 abiit
1125 3851 1278 3907 illinc
1312 3855 1366 3908 in
1400 3853 1675 3924 regionem
1707 3855 1927 3910 deserto
1966 3854 2099 3910 vici-

2212 3856 2267 3909 ὲν
2315 3857 2427 3917 τοῖς
2472 3854 2788 3920 Ἰουδαίοις,
2838 3853 2975 3909 ἀλλὰ
3022 3854 3262 3927 ἀπῆλθεν
3309 3858 3389 3919 είς
3444 3856 3547 3927 τὴν
3605 3855 3785 3927 χώραν

531 3956 680 4011 nam,
737 3941 793 3998 in
853 3942 1130 3999 civitatem
1161 3959 1284 4014 qua:
1333 3946 1533 4001 dicitur
1583 3946 1862 4018 Ephraim,
1915 3948 2099 4018 ibique

2212 3946 2371 4016 ἐγγὺς
2395 3944 2496 4016 τῆς
2519 3946 2751 4018 ἐρήμου,
2778 3948 2855 4011 είς
2891 3946 3129 4021 Ἐφραῒμ
3160 3947 3456 4019 λεγομένην
3485 3948 3660 4014 πόλιν,
3693 3949 3815 4004 καὶ⁴

526 4038 854 4094 versabatur
880 4054 1006 4095 cum
1058 4041 1342 4112 discipulis
1377 4043 1492 4098 suis
1532 4042 1601 4100 ⁸⁸.
1632 4062 1652 4096 ι
1712 4043 1837 4099 Haec
1895 4040 1973 4099 et'
2013 4045 2098 4099 his

2212 4037 2317 4092 ἐκεῖ
2369 4037 2550 4109 ἔμεινε
2598 4037 2737 4109 μετά
2781 4036 2890 4092 τῶν
2943 4037 3217 4108 μαθητῶν.
3277 4058 3295 4092 ι
3327 4038 3511 4094 Ταῦτα
3563 4039 3658 4093 καὶ
3717 4039 3786 4092 τὰ

523 4128 725 4186 similia
783 4131 987 4202 scripta
1047 4131 1218 4189 fuisse
1254 4148 1450 4189 censeo
1475 4174 1490 4198 ,
1546 4134 1762 4190 volente
1811 4134 1938 4191 Jesn
2000 4151 2099 4191 nos

2212 4128 2412 4192 τούτοις
2440 4128 2798 4202 παραπλήσια
2828 4130 3242 4203 ἀναγεγράφθαι
3266 4132 3493 4203 νομίζω,
3522 4130 3784 4202 βουλομέ-

524 4220 831 4288 advertere,
860 4237 929 4278 ne
949 4223 1268 4279 iracundius
1295 4240 1359 4279 ac
1390 4225 1852 4283 inconsideratius
1887 4228 2096 4282 insilia-

2212 4238 2294 4276 νου
2327 4221 2422 4274 τοῦ
2447 4221 2621 4290 Λόγου
2643 4221 2991 4297 ἐπιστρέφειν
3013 4224 3160 4296 ἡμᾶς
3182 4223 3292 4279 ἀπὸ
3321 4228 3415 4278 τοῦ
3455 4223 3782 4297 θερμότερον

526 4327 648 4367 Inus
678 4313 731 4367 in
759 4324 1037 4370 certamen
1065 4316 1258 4372 mortis
1283 4358 1300 4383 ,
1331 4333 1428 4387 pro
1461 4321 1690 4376 veritate
1722 4321 2093 4376 testimonium

2212 4314 2296 4366 καὶ
2325 4313 2735 4384 ἀλογιστότερον
2768 4315 3037 4387 ὲπιπηδᾷν
3070 4314 3147 4385 τῷ
3166 4315 3271 4379 ἕως
3302 4315 3394 4370 τοῦ
3422 4315 3652 4371 θανάτου
3667 4316 3781 4387 (58)

522 4401 827 4472 praebituri.
861 4405 1078 4461 Etenim
1108 4407 1394 4463 honestum
1425 4412 1642 4479 quidem
1670 4421 1774 4476 est,
1806 4412 1850 4466 si
1880 4411 2094 4467 incide-
2126 4408 2131 4459 J

2212 4403 2564 4473 ξιγωνίζεσθαι
2594 4404 2724 4476 περὶ
2749 4404 2850 4474 τῆς
2879 4406 3158 4477 ἀληθείας,
3194 4408 3287 4461 καὶ
3316 4410 3614 4480 μαρτυρεῖν
3632 4425 3644 4437 ·
3678 4426 3775 4462 κα-

520 4492 596 4545 rit
622 4501 901 4548 certamen
930 4510 1031 4565 pro
1063 4498 1372 4555 conﬁtendo
1419 4497 1604 4554 Jesum
1624 4537 1643 4565 ,
1690 4499 2092 4579 confessionem

2212 4496 2284 4550 ιὸν
2328 4497 2427 4567 μὲν
2456 4495 2586 4569 γὰρ,
2621 4498 2933 4568 ἐμπεσόντα
2970 4498 3061 4552 τὸν
3091 4500 3220 4571 περὶ
3254 4498 3346 4553 τοῖι
3377 4499 3663 4570 ὁμολογεῖν
3687 4499 3778 4553 τὸν

522 4599 629 4637 ιιοιι
665 4582 903 4652 diﬁerre,
941 4603 1116 4660 neque
1154 4592 1372 4645 tardare
1422 4601 1654 4646 mortem
1711 4607 1810 4661 pro
1860 4593 2094 4647 veritate

2212 4589 2412 4661 Ἰησοῦν
2439 4591 2647 4659 ἀγῶνα,
2700 4590 2775 4663 μὴ
2802 4591 3126 4646 ἀναδύεσθαι
3167 4594 3266 4665 τὴν
3307 4594 3601 4665 ὁμολογίαν
3640 4594 3777 4666 (59),

520 4681 780 4741 oppetere
815 4693 829 4729 :
866 4685 924 4731 at
970 4692 1078 4733 non
1128 4681 1309 4735 minus
1333 4695 1497 4749 quam
1542 4683 1642 4737 hoc
1692 4682 1979 4736 honestum
2010 4692 2095 4737 est

2212 4681 2330 4752 ιηδὲ
2361 4681 2577 4753 μέλλειν
2608 4683 2737 4755 περὶ
2768 4683 2829 4735 τὸ
2855 4684 3291 4755 ὑπεραποθανεῖν
3335 4686 3437 4755 τῆς
3482 4686 3737 4757 ἀληθείας
3760 4702 3774 4717 °

521 4761 614 4814 tali
643 4770 916 4835 tantaeque
943 4768 1226 4825 tentationi
1254 4771 1604 4827 occasionem
1648 4786 1756 4826 nun
1800 4772 1951 4835 dare,
1995 4772 2091 4830 Sed

2212 4776 2290 4828 ιὺκ
2340 4774 2560 4829 ἔλαττον
2616 4775 2674 4830 δὲ
2723 4774 2913 4829 τούτου
2963 4775 3147 4841 καλὸν,
3203 4776 3294 4829 καὶ
3344 4776 3407 4829 τὸ
3458 4778 3534 4848 μὴ
3579 4777 3778 4831 διδόναι

516 4851 835 4911 οιιιιιίιιιοιΙο
869 4856 1045 4914 vitare
1079 4874 1219 4925 eam,
1246 4876 1351 4915 non
1403 4862 1578 4917 solum
1619 4864 1744 4933 quia
1797 4873 1961 4919 tanta:
2009 4863 2089 4919 rei

2212 4868 2451 4940 ὶφορμὴν
2480 4868 2559 4939 τῷ
2590 4867 2893 4939 τηλικούτῳ
2909 4869 3222 4941 πειρασμῷ,
3248 4869 3383 4923 ἀλλά
3407 4871 3570 4925 παντὶ
3590 4871 3778 4943 τρόπῳ

518 4946 701 5003 exitus
723 4948 963 5007 incertus
986 4952 1060 5009 sit
1081 4953 1256 5019 nobis,
1291 4970 1479 5010 verum
1511 4956 1674 5011 etiam
1703 4972 1770 5013 ne
1801 4972 1899 5012 nos
1926 4972 2090 5013 occa-

2212 4959 2579 5031 περιΐστασθαι
2624 4959 2809 5027 αὐτὸν,
2856 4961 2917 5014 οὐ
2960 4962 3120 5032 μόνον
3168 4961 3256 5017 διά
3303 4963 3366 5016 τὸ
3412 4964 3540 5034 περὶ
3574 4964 3675 5036 τῆς
3720 4967 3777 5017 ἐν

583 5088 630 5121 ⁸⁸
655 5086 787 5144 Luc.
822 5107 885 5157 ιι,
916 5094 1008 5147 54.

724 5225 909 5302 (ξοάρι
932 5226 1155 5302 Mus,
1192 5230 1642 5302 ἀπολογίσασθαι.

1114 5095 1160 5127 ⁸⁸
1183 5093 1339 5149 Joan.
1375 5112 1448 5161 ιι,
1480 5098 1570 5154 59.
1644 5099 1687 5131 ⁸⁷
1713 5098 1855 5154 Psul.
1891 5116 2062 5167 txxtt,
2097 5101 2149 5156 8.
2226 5101 2272 5134 ⁸⁸
2298 5099 2457 5157 Joan.
2488 5118 2565 5168 xl,
2605 5102 2695 5158 ει.

1098 5245 1155 5311 Ls,
1192 5235 1652 5313 ἀπολογίσασθαι..
1710 5305 1721 5313 _
1834 5304 1882 5313 _
1960 5305 1972 5313 _

2212 5235 2587 5313 ἐϐουλεύσαντο
2608 5238 2804 5313 legisse
2828 5237 3065 5313 videtur
3098 5239 3382 5313 Ferrarius
3428 5242 3770 5297 συνεϐουλευ-

584 5296 698 5380 (54)
739 5296 1433 5383 ϐοιὶεκνβθεξξιιεκλόγων
1476 5303 1600 5383 τοῦ.
1628 5305 1783 5383 ἀγίου
1807 5304 2088 5383 ,ῖινεύμα-

2212 5322 2378 5362 tam.
2410 5296 2798 5383 (Rgposniinus
2826 5307 3069 5365 Ferrarii
3117 5311 3405 5366 lectionem
3457 5323 3645 5383 utpote
3682 5296 3773 5370 sa-

510 5368 624 5451 τος,
654 5368 1043 5451 sicque-editio
1074 5368 1251 5451 {luetii
1279 5368 1474 5451 habet;
1508 5373 1601 5429 sed
1638 5368 1915 5451 in_codice
1944 5368 2087 5451 Bod-
2193 5368 2445 5451 norem."
2463 5368 2649 5451 Eutr.)

512 5438 689 5494 leiano
710 5440 866 5493 deest
886 5439 982 5493 τοῦ
1013 5438 1168 5509 ἁγίου
1188 5440 1526 5513 Πνεύματος,
1568 5444 1710 5513 quod
1740 5445 1901 5501 etiam
1934 5446 2085 5500 vide-

514 5508 1072 5587 tur_r_ese_ca_ndut_n.__
1111 5580 1123 5587 _
1331 5581 1343 5587 _
1521 5583 1533 5587 Α

2263 5446 2377 5587 (57)
2408 5447 2589 5501 Codex
2610 5438 2953 5515 Bodleianns,
2985 5450 3250 5504 συνιστῶν
3270 5467 3284 5481 ·
3318 5452 3521 5524 Regius
3544 5494 3559 5519 ,
3591 5455 3770 5520 ίστάς.

2261 5518 2352 5584 (58
2402 5517 2582 5573 Codex
2613 5518 2841 5587 Regius,
2882 5520 3054 5584 male,
3099 5520 3177 5587 τῷ
3202 5522 3261 5575 ἐν
3310 5522 3387 5587 τῷ
3441 5523 3548 5587 ἕως
3606 5526 3770 5583 θανά-

2261 5517 2582 5587 (515)00ch
2613 5518 2841 5589 Regius,
2882 5520 3054 5584 male,
3099 5520 3177 5592 τῷ
3202 5522 3261 5575 ἐν
3310 5517 3554 5590 τῷἘως
3606 5517 3773 5583 θανέμ-

2188 5604 2280 5641 του
2291 5629 2303 5642 .

2258 5657 2373 5731 (59)
2401 5655 2545 5715 Idem
2568 5660 2738 5717 codex
2767 5658 2989 5731 Regius,
3011 5661 3184 5735 αὐτὴν
3209 5662 3519 5733 ὁμολογίαν.

514 5516 604 5565 tur
639 5508 1018 5566 resecandum.

607 5576 698 5654 βξ)
724 5577 905 5654 eode:
935 5578 1590 5654 βοάιείοημειιφορμάς,

606 5645 695 5718 56)
727 5646 909 5706 Codex
935 5648 1160 5724 Regius,
1195 5645 1622 5725 βουλῆς.ῬιιιιΙο
1662 5665 1789 5728 post
1838 5671 1938 5729 pro
1984 5652 2077 5712 οὖν
