  <div class='ocr_page' id='page_1' title='image "/cluster/home/n/w/nwhite01/storage/ocr_20150623/14:no.4/coo.31924054872928/376.png"; bbox 0 0 4182 6418; ppageno 0'>
   <div class='ocr_carea' id='block_1_1' title="bbox 403 295 509 352">
    <p class='ocr_par' dir='ltr' id='par_1_1' title="bbox 403 295 509 352">
     <span class='ocr_line' id='line_1_1' title="bbox 403 295 509 352; baseline 0 0"><span class='ocrx_word' id='word_1_1' title='bbox 403 295 509 352; x_wconf 71' lang='grc'><strong>729</strong></span> 
     </span>
    </p>
   </div>
   <div class='ocr_carea' id='block_1_2' title="bbox 1396 300 2659 369">
    <p class='ocr_par' dir='ltr' id='par_1_2' title="bbox 1396 300 2659 369">
     <span class='ocr_line' id='line_1_2' title="bbox 1396 300 2659 369; baseline 0.009 -12"><span class='ocrx_word' id='word_1_2' title='bbox 1396 300 1755 359; x_wconf 76' lang='lat' dir='ltr'><strong>COMMENT.</strong></span> <span class='ocrx_word' id='word_1_3' title='bbox 1802 303 1868 359; x_wconf 81' lang='grc' dir='ltr'><strong>ΙΝ</strong></span> <span class='ocrx_word' id='word_1_4' title='bbox 1908 304 2101 361; x_wconf 73' lang='lat' dir='ltr'><strong>JOAN.</strong></span> <span class='ocrx_word' id='word_1_5' title='bbox 2142 306 2381 365; x_wconf 83' lang='lat' dir='ltr'><strong>TOMUS</strong></span> <span class='ocrx_word' id='word_1_6' title='bbox 2418 311 2659 369; x_wconf 77' lang='lat' dir='ltr'><strong>XXVIII.</strong></span> 
     </span>
    </p>
   </div>
   <div class='ocr_carea' id='block_1_3' title="bbox 3569 321 3670 379">
    <p class='ocr_par' dir='ltr' id='par_1_3' title="bbox 3569 321 3670 379">
     <span class='ocr_line' id='line_1_3' title="bbox 3569 321 3670 379; baseline 0 -4"><span class='ocrx_word' id='word_1_7' title='bbox 3569 321 3670 379; x_wconf 75' lang='lat'><strong>730</strong></span> 
     </span>
    </p>
   </div>
   <div class='ocr_carea' id='block_1_4' title="bbox 398 408 1964 507">
    <p class='ocr_par' dir='ltr' id='par_1_4' title="bbox 398 408 1964 494">
     <span class='ocr_line' id='line_1_4' title="bbox 398 408 1964 494; baseline 0.006 -27"><span class='ocrx_word' id='word_1_8' title='bbox 398 410 552 483; x_wconf 68' lang='grc' dir='ltr'>αύτῷ</span> <span class='ocrx_word' id='word_1_9' title='bbox 575 408 857 479; x_wconf 76' lang='grc' dir='ltr'>ἐκσάσεως</span> <span class='ocrx_word' id='word_1_10' title='bbox 885 413 1081 488; x_wconf 79' lang='grc' dir='ltr'>ἄδηλον</span> <span class='ocrx_word' id='word_1_11' title='bbox 1112 418 1268 488; x_wconf 87' lang='grc' dir='ltr'>ήμῖν,</span> <span class='ocrx_word' id='word_1_12' title='bbox 1313 417 1457 472; x_wconf 83' lang='grc' dir='ltr'><strong>ἀλλά</strong></span> <span class='ocrx_word' id='word_1_13' title='bbox 1500 420 1595 473; x_wconf 77' lang='grc' dir='ltr'>καὶ</span> <span class='ocrx_word' id='word_1_14' title='bbox 1635 420 1723 474; x_wconf 83' lang='grc' dir='ltr'><strong>ἵνα</strong></span> <span class='ocrx_word' id='word_1_15' title='bbox 1764 421 1838 493; x_wconf 85' lang='grc' dir='ltr'><strong>μὴ</strong></span> <span class='ocrx_word' id='word_1_16' title='bbox 1869 422 1964 494; x_wconf 79' lang='grc'><strong>(60</strong></span> 
     </span>
    </p>
   </div>
   <div class='ocr_carea' id='block_1_5' title="bbox 2067 408 3666 507">
    <p class='ocr_par' dir='ltr' id='par_1_5' title="bbox 2085 426 3666 507">
     <span class='ocr_line' id='line_1_5' title="bbox 2085 426 3666 507; baseline 0.008 -27"><span class='ocrx_word' id='word_1_17' title='bbox 2085 426 2167 480; x_wconf 90' lang='lat' dir='ltr'><strong>sio</strong></span> <span class='ocrx_word' id='word_1_18' title='bbox 2196 427 2369 483; x_wconf 89' lang='lat' dir='ltr'><strong>simus</strong></span> <span class='ocrx_word' id='word_1_19' title='bbox 2396 438 2454 484; x_wconf 92' lang='lat' dir='ltr'><strong>ut</strong></span> <span class='ocrx_word' id='word_1_20' title='bbox 2480 430 2659 501; x_wconf 79' lang='lat' dir='ltr'><strong>magis</strong></span> <span class='ocrx_word' id='word_1_21' title='bbox 2683 440 3007 501; x_wconf 88' lang='lat' dir='ltr'><strong>peccatores</strong></span> <span class='ocrx_word' id='word_1_22' title='bbox 3047 434 3330 505; x_wconf 73' lang='lat' dir='ltr'><strong>magisque</strong></span> <span class='ocrx_word' id='word_1_23' title='bbox 3356 437 3506 507; x_wconf 86' lang='lat' dir='ltr'><strong>impii</strong></span> <span class='ocrx_word' id='word_1_24' title='bbox 3535 454 3666 493; x_wconf 84' lang='lat' dir='ltr'><strong>eva-</strong></span> 
     </span>
    </p>
   </div>
   <div class='ocr_carea' id='block_1_6' title="bbox 396 505 1986 585">
    <p class='ocr_par' dir='ltr' id='par_1_6' title="bbox 396 505 1986 585">
     <span class='ocr_line' id='line_1_6' title="bbox 396 505 1986 585; baseline 0.009 -30"><span class='ocrx_word' id='word_1_25' title='bbox 396 506 560 576; x_wconf 76' lang='grc' dir='ltr'>ἡμεῖς</span> <span class='ocrx_word' id='word_1_26' title='bbox 588 505 864 576; x_wconf 82' lang='grc' dir='ltr'>πρόφασις</span> <span class='ocrx_word' id='word_1_27' title='bbox 893 506 1184 579; x_wconf 82' lang='grc' dir='ltr'>γενώμεθα</span> <span class='ocrx_word' id='word_1_28' title='bbox 1207 508 1304 563; x_wconf 82' lang='grc' dir='ltr'>τοῦ</span> <span class='ocrx_word' id='word_1_29' title='bbox 1333 512 1808 585; x_wconf 88' lang='grc' dir='ltr'>ἀμαρτωλοτέροις</span> <span class='ocrx_word' id='word_1_30' title='bbox 1831 516 1986 585; x_wconf 84' lang='grc' dir='ltr'>γενέ-</span> 
     </span>
    </p>
   </div>
   <div class='ocr_carea' id='block_1_7' title="bbox 402 596 1982 679">
    <p class='ocr_par' dir='ltr' id='par_1_7' title="bbox 402 596 1982 679">
     <span class='ocr_line' id='line_1_7' title="bbox 402 596 1982 679; baseline 0.008 -30"><span class='ocrx_word' id='word_1_31' title='bbox 402 596 527 650; x_wconf 90' lang='grc' dir='ltr'>σθαι</span> <span class='ocrx_word' id='word_1_32' title='bbox 561 600 656 652; x_wconf 74' lang='grc' dir='ltr'>καὶ</span> <span class='ocrx_word' id='word_1_33' title='bbox 695 600 1075 673; x_wconf 77' lang='grc' dir='ltr'>ἀσεϐεστέροις</span> <span class='ocrx_word' id='word_1_34' title='bbox 1105 606 1219 668; x_wconf 87' lang='grc' dir='ltr'>τοῖς</span> <span class='ocrx_word' id='word_1_35' title='bbox 1247 605 1345 658; x_wconf 90' lang='grc' dir='ltr'><strong>ούκ</strong></span> <span class='ocrx_word' id='word_1_36' title='bbox 1372 604 1438 658; x_wconf 84' lang='grc' dir='ltr'>ἂν</span> <span class='ocrx_word' id='word_1_37' title='bbox 1476 607 1576 677; x_wconf 87' lang='grc' dir='ltr'><strong>μὲν</strong></span> <span class='ocrx_word' id='word_1_38' title='bbox 1607 607 1687 678; x_wconf 85' lang='grc' dir='ltr'><strong>τῷ</strong></span> <span class='ocrx_word' id='word_1_39' title='bbox 1721 608 1866 679; x_wconf 81' lang='grc' dir='ltr'>ἔργῳ</span> <span class='ocrx_word' id='word_1_40' title='bbox 1887 609 1982 662; x_wconf 84' lang='grc' dir='ltr'>τοῦ</span> 
     </span>
    </p>
   </div>
   <div class='ocr_carea' id='block_1_8' title="bbox 397 689 1985 770">
    <p class='ocr_par' dir='ltr' id='par_1_8' title="bbox 397 689 1985 770">
     <span class='ocr_line' id='line_1_8' title="bbox 397 689 1985 770; baseline 0.008 -29"><span class='ocrx_word' id='word_1_41' title='bbox 397 689 555 760; x_wconf 78' lang='grc' dir='ltr'>ἡμῶν</span> <span class='ocrx_word' id='word_1_42' title='bbox 578 691 907 763; x_wconf 83' lang='grc' dir='ltr'>ἐκκεχῦσθαι</span> <span class='ocrx_word' id='word_1_43' title='bbox 938 694 999 748; x_wconf 83' lang='grc' dir='ltr'><strong>τὸ</strong></span> <span class='ocrx_word' id='word_1_44' title='bbox 1031 690 1171 767; x_wconf 72' lang='grc' dir='ltr'>αἷμα</span> <span class='ocrx_word' id='word_1_45' title='bbox 1191 696 1506 768; x_wconf 76' lang='grc' dir='ltr'><strong>γενομένοις</strong></span> <span class='ocrx_word' id='word_1_46' title='bbox 1540 700 1768 770; x_wconf 90' lang='grc' dir='ltr'>ἐνόχοις,</span> <span class='ocrx_word' id='word_1_47' title='bbox 1822 702 1871 753; x_wconf 85' lang='grc' dir='ltr'><strong>εί</strong></span> <span class='ocrx_word' id='word_1_48' title='bbox 1913 699 1985 753; x_wconf 78' lang='grc' dir='ltr'><strong>τά</strong></span> 
     </span>
    </p>
   </div>
   <div class='ocr_carea' id='block_1_9' title="bbox 394 781 1985 863">
    <p class='ocr_par' dir='ltr' id='par_1_9' title="bbox 394 781 1985 863">
     <span class='ocr_line' id='line_1_9' title="bbox 394 781 1985 863; baseline 0.009 -32"><span class='ocrx_word' id='word_1_49' title='bbox 394 781 524 851; x_wconf 77' lang='grc' dir='ltr'>παρ’</span> <span class='ocrx_word' id='word_1_50' title='bbox 562 782 791 847; x_wconf 73' lang='grc' dir='ltr'>ἑαυτοὺς</span> <span class='ocrx_word' id='word_1_51' title='bbox 822 784 1105 851; x_wconf 79' lang='grc' dir='ltr'>ποιοῦντες</span> <span class='ocrx_word' id='word_1_52' title='bbox 1128 787 1445 860; x_wconf 85' lang='grc' dir='ltr'>ἐκκλίνομεν</span> <span class='ocrx_word' id='word_1_53' title='bbox 1473 790 1601 853; x_wconf 83' lang='grc' dir='ltr'>τοὺς</span> <span class='ocrx_word' id='word_1_54' title='bbox 1633 792 1794 863; x_wconf 82' lang='grc' dir='ltr'>μέχρι</span> <span class='ocrx_word' id='word_1_55' title='bbox 1827 791 1985 846; x_wconf 83' lang='grc' dir='ltr'>θανά-</span> 
     </span>
    </p>
   </div>
   <div class='ocr_carea' id='block_1_10' title="bbox 393 874 1981 951">
    <p class='ocr_par' dir='ltr' id='par_1_10' title="bbox 393 874 1981 951">
     <span class='ocr_line' id='line_1_10' title="bbox 393 874 1981 951; baseline 0.009 -27"><span class='ocrx_word' id='word_1_56' title='bbox 393 888 488 924; x_wconf 92' lang='grc' dir='ltr'><strong>του</strong></span> <span class='ocrx_word' id='word_1_57' title='bbox 516 874 649 945; x_wconf 83' lang='grc' dir='ltr'>ήμῖν</span> <span class='ocrx_word' id='word_1_58' title='bbox 667 875 1139 943; x_wconf 77' lang='grc' dir='ltr'>ἐπισουλεύοντας,</span> <span class='ocrx_word' id='word_1_59' title='bbox 1168 879 1453 951; x_wconf 77' lang='grc' dir='ltr'><strong>ἐσομένοις</strong></span> <span class='ocrx_word' id='word_1_60' title='bbox 1480 881 1537 935; x_wconf 86' lang='grc' dir='ltr'><strong>δέ</strong></span> <span class='ocrx_word' id='word_1_61' title='bbox 1565 883 1623 935; x_wconf 93' lang='grc' dir='ltr'><strong>ἐν</strong></span> <span class='ocrx_word' id='word_1_62' title='bbox 1642 883 1867 948; x_wconf 87' lang='grc' dir='ltr'>πλείονι,</span> <span class='ocrx_word' id='word_1_63' title='bbox 1889 886 1981 938; x_wconf 72' lang='grc' dir='ltr'>καὶ</span> 
     </span>
    </p>
   </div>
   <div class='ocr_carea' id='block_1_11' title="bbox 396 963 1980 1042">
    <p class='ocr_par' dir='ltr' id='par_1_11' title="bbox 396 963 1980 1042">
     <span class='ocr_line' id='line_1_11' title="bbox 396 963 1980 1042; baseline 0.009 -27"><span class='ocrx_word' id='word_1_64' title='bbox 396 963 675 1038; x_wconf 78' lang='grc' dir='ltr'><strong>βαρυτέρᾳ</strong></span> <span class='ocrx_word' id='word_1_65' title='bbox 720 968 939 1023; x_wconf 84' lang='grc' dir='ltr'>κολάσει</span> <span class='ocrx_word' id='word_1_66' title='bbox 982 972 1115 1042; x_wconf 85' lang='grc' dir='ltr'>παρ’</span> <span class='ocrx_word' id='word_1_67' title='bbox 1160 974 1327 1042; x_wconf 81' lang='grc' dir='ltr'>ήμᾶς,</span> <span class='ocrx_word' id='word_1_68' title='bbox 1376 974 1426 1025; x_wconf 85' lang='grc' dir='ltr'><strong>εί</strong></span> <span class='ocrx_word' id='word_1_69' title='bbox 1469 973 1852 1042; x_wconf 82' lang='grc' dir='ltr'>φιλαυτοῦντες</span> <span class='ocrx_word' id='word_1_70' title='bbox 1886 976 1980 1029; x_wconf 79' lang='grc' dir='ltr'><strong>καὶ</strong></span> 
     </span>
    </p>
   </div>
   <div class='ocr_carea' id='block_1_12' title="bbox 396 1053 1978 1138">
    <p class='ocr_par' dir='ltr' id='par_1_12' title="bbox 396 1053 1978 1138">
     <span class='ocr_line' id='line_1_12' title="bbox 396 1053 1978 1138; baseline 0.009 -33"><span class='ocrx_word' id='word_1_71' title='bbox 396 1053 472 1124; x_wconf 82' lang='grc' dir='ltr'>μὴ</span> <span class='ocrx_word' id='word_1_72' title='bbox 498 1054 640 1108; x_wconf 88' lang='grc' dir='ltr'><strong>κατά</strong></span> <span class='ocrx_word' id='word_1_73' title='bbox 674 1056 900 1112; x_wconf 78' lang='grc' dir='ltr'><strong>ἐκείνων</strong></span> <span class='ocrx_word' id='word_1_74' title='bbox 926 1058 1256 1124; x_wconf 74' lang='grc' dir='ltr'>σκοποῦντες</span> <span class='ocrx_word' id='word_1_75' title='bbox 1287 1061 1540 1133; x_wconf 82' lang='grc' dir='ltr'>ἐπιδιδῴη</span> <span class='ocrx_word' id='word_1_76' title='bbox 1550 1081 1648 1134; x_wconf 88' lang='grc' dir='ltr'><strong>μεν</strong></span> <span class='ocrx_word' id='word_1_77' title='bbox 1679 1066 1881 1129; x_wconf 79' lang='grc' dir='ltr'>αὐτοὺς</span> <span class='ocrx_word' id='word_1_78' title='bbox 1900 1066 1978 1138; x_wconf 88' lang='grc' dir='ltr'><strong>τῷ</strong></span> 
     </span>
    </p>
   </div>
   <div class='ocr_carea' id='block_1_13' title="bbox 392 1144 1980 1222">
    <p class='ocr_par' dir='ltr' id='par_1_13' title="bbox 392 1144 1980 1222">
     <span class='ocr_line' id='line_1_13' title="bbox 392 1144 1980 1222; baseline 0.008 -25"><span class='ocrx_word' id='word_1_79' title='bbox 392 1144 760 1215; x_wconf 81' lang='grc' dir='ltr'>ἀναιρεῖσθαι,</span> <span class='ocrx_word' id='word_1_80' title='bbox 796 1146 857 1199; x_wconf 84' lang='grc' dir='ltr'>οὐ</span> <span class='ocrx_word' id='word_1_81' title='bbox 888 1148 989 1219; x_wconf 80' lang='grc' dir='ltr'>τῆς</span> <span class='ocrx_word' id='word_1_82' title='bbox 1045 1150 1291 1222; x_wconf 84' lang='grc' dir='ltr'>ἀνάγκης</span> <span class='ocrx_word' id='word_1_83' title='bbox 1335 1153 1417 1215; x_wconf 88' lang='grc' dir='ltr'><strong>είς</strong></span> <span class='ocrx_word' id='word_1_84' title='bbox 1456 1152 1614 1206; x_wconf 83' lang='grc' dir='ltr'>τοῦτο</span> <span class='ocrx_word' id='word_1_85' title='bbox 1643 1154 1980 1209; x_wconf 75' lang='grc' dir='ltr'>καταλαϐού-</span> 
     </span>
    </p>
   </div>
   <div class='ocr_carea' id='block_1_14' title="bbox 392 1237 1979 1321">
    <p class='ocr_par' dir='ltr' id='par_1_14' title="bbox 392 1237 1979 1321">
     <span class='ocr_line' id='line_1_14' title="bbox 392 1237 1979 1321; baseline 0.009 -33"><span class='ocrx_word' id='word_1_86' title='bbox 392 1251 513 1306; x_wconf 92' lang='grc' dir='ltr'>σης.</span> <span class='ocrx_word' id='word_1_87' title='bbox 542 1237 715 1309; x_wconf 71' lang='grc' dir='ltr'>Εἴπερ</span> <span class='ocrx_word' id='word_1_88' title='bbox 745 1237 855 1309; x_wconf 83' lang='grc' dir='ltr'>γὰρ</span> <span class='ocrx_word' id='word_1_89' title='bbox 877 1240 973 1293; x_wconf 78' lang='grc' dir='ltr'>καὶ</span> <span class='ocrx_word' id='word_1_90' title='bbox 993 1243 1021 1294; x_wconf 99' lang='lat'><strong>6</strong></span> <span class='ocrx_word' id='word_1_91' title='bbox 1044 1242 1316 1314; x_wconf 86' lang='grc' dir='ltr'>πρόφασίς</span> <span class='ocrx_word' id='word_1_92' title='bbox 1345 1262 1451 1297; x_wconf 88' lang='grc' dir='ltr'>τινι</span> <span class='ocrx_word' id='word_1_93' title='bbox 1474 1246 1766 1316; x_wconf 87' lang='grc' dir='ltr'>γενόμενος</span> <span class='ocrx_word' id='word_1_94' title='bbox 1797 1249 1979 1321; x_wconf 86' lang='grc' dir='ltr'>ἀμαρ-</span> 
     </span>
    </p>
   </div>
   <div class='ocr_carea' id='block_1_15' title="bbox 388 1328 1980 1412">
    <p class='ocr_par' dir='ltr' id='par_1_15' title="bbox 388 1328 1980 1412">
     <span class='ocr_line' id='line_1_15' title="bbox 388 1328 1980 1412; baseline 0.009 -32"><span class='ocrx_word' id='word_1_95' title='bbox 388 1328 531 1393; x_wconf 87' lang='grc' dir='ltr'>τίας,</span> <span class='ocrx_word' id='word_1_96' title='bbox 554 1329 632 1399; x_wconf 86' lang='grc' dir='ltr'><strong>τῷ</strong></span> <span class='ocrx_word' id='word_1_97' title='bbox 657 1330 821 1394; x_wconf 79' lang='grc' dir='ltr'>αὐτὸς</span> <span class='ocrx_word' id='word_1_98' title='bbox 840 1333 931 1385; x_wconf 80' lang='grc' dir='ltr'>ἐπὶ</span> <span class='ocrx_word' id='word_1_99' title='bbox 956 1333 1159 1406; x_wconf 88' lang='grc' dir='ltr'>ταύτην</span> <span class='ocrx_word' id='word_1_100' title='bbox 1187 1338 1535 1408; x_wconf 83' lang='grc' dir='ltr'>κεκινηκέναι</span> <span class='ocrx_word' id='word_1_101' title='bbox 1558 1339 1650 1393; x_wconf 85' lang='grc' dir='ltr'><strong>τὸν</strong></span> <span class='ocrx_word' id='word_1_102' title='bbox 1671 1341 1980 1412; x_wconf 88' lang='grc' dir='ltr'>ἁμαρτάνο-</span> 
     </span>
    </p>
   </div>
   <div class='ocr_carea' id='block_1_16' title="bbox 387 1420 1980 1503">
    <p class='ocr_par' dir='ltr' id='par_1_16' title="bbox 387 1420 1980 1503">
     <span class='ocr_line' id='line_1_16' title="bbox 387 1420 1980 1503; baseline 0.009 -31"><span class='ocrx_word' id='word_1_103' title='bbox 387 1436 507 1484; x_wconf 92' lang='grc' dir='ltr'>ντα,</span> <span class='ocrx_word' id='word_1_104' title='bbox 528 1420 668 1474; x_wconf 81' lang='grc' dir='ltr'>τίσει</span> <span class='ocrx_word' id='word_1_105' title='bbox 683 1422 840 1487; x_wconf 90' lang='grc' dir='ltr'>δίκας</span> <span class='ocrx_word' id='word_1_106' title='bbox 858 1424 951 1477; x_wconf 77' lang='grc' dir='ltr'>ἐπὶ</span> <span class='ocrx_word' id='word_1_107' title='bbox 964 1428 1076 1490; x_wconf 82' lang='grc' dir='ltr'>τοῖς</span> <span class='ocrx_word' id='word_1_108' title='bbox 1093 1426 1160 1478; x_wconf 89' lang='grc' dir='ltr'>δι’</span> <span class='ocrx_word' id='word_1_109' title='bbox 1177 1428 1341 1483; x_wconf 77' lang='grc' dir='ltr'>αὐτὸν</span> <span class='ocrx_word' id='word_1_110' title='bbox 1358 1428 1662 1501; x_wconf 81' lang='grc' dir='ltr'>ἀνθρώπων</span> <span class='ocrx_word' id='word_1_111' title='bbox 1678 1432 1782 1485; x_wconf 75' lang='grc' dir='ltr'>τινὶ</span> <span class='ocrx_word' id='word_1_112' title='bbox 1801 1433 1980 1503; x_wconf 84' lang='grc' dir='ltr'>ἡμαρ-</span> 
     </span>
    </p>
   </div>
   <div class='ocr_carea' id='block_1_17' title="bbox 384 1512 1974 1595">
    <p class='ocr_par' dir='ltr' id='par_1_17' title="bbox 384 1512 1974 1595">
     <span class='ocr_line' id='line_1_17' title="bbox 384 1512 1974 1595; baseline 0.009 -30"><span class='ocrx_word' id='word_1_113' title='bbox 384 1529 452 1586; x_wconf 88' lang='grc' dir='ltr'><strong>τη</strong></span> <span class='ocrx_word' id='word_1_114' title='bbox 463 1512 662 1584; x_wconf 81' lang='grc' dir='ltr'>μένοις,</span> <span class='ocrx_word' id='word_1_115' title='bbox 686 1514 805 1579; x_wconf 86' lang='grc' dir='ltr'>πῶς</span> <span class='ocrx_word' id='word_1_116' title='bbox 825 1518 945 1589; x_wconf 76' lang='grc' dir='ltr'>οὐχὶ</span> <span class='ocrx_word' id='word_1_117' title='bbox 973 1519 1067 1573; x_wconf 65' lang='grc' dir='ltr'><strong>καὶ</strong></span> <span class='ocrx_word' id='word_1_118' title='bbox 1091 1519 1120 1571; x_wconf 88' lang='lat'><strong>6</strong></span> <span class='ocrx_word' id='word_1_119' title='bbox 1144 1518 1333 1594; x_wconf 85' lang='grc' dir='ltr'>παρὼν</span> <span class='ocrx_word' id='word_1_120' title='bbox 1376 1521 1442 1594; x_wconf 80' lang='grc' dir='ltr'><strong>[Ῑ.</strong></span> <span class='ocrx_word' id='word_1_121' title='bbox 1475 1523 1671 1595; x_wconf 79' lang='grc' dir='ltr'>παρὸν]</span> <span class='ocrx_word' id='word_1_122' title='bbox 1709 1524 1974 1588; x_wconf 82' lang='grc' dir='ltr'>ἐκκλῖναι,</span> 
     </span>
    </p>
   </div>
   <div class='ocr_carea' id='block_1_18' title="bbox 386 1604 1978 1688">
    <p class='ocr_par' dir='ltr' id='par_1_18' title="bbox 386 1604 1978 1688">
     <span class='ocr_line' id='line_1_18' title="bbox 386 1604 1978 1688; baseline 0.009 -31"><span class='ocrx_word' id='word_1_123' title='bbox 386 1604 476 1659; x_wconf 78' lang='grc' dir='ltr'>ἵνα</span> <span class='ocrx_word' id='word_1_124' title='bbox 502 1605 577 1679; x_wconf 81' lang='grc' dir='ltr'><strong>μή</strong></span> <span class='ocrx_word' id='word_1_125' title='bbox 593 1609 622 1660; x_wconf 91' lang='lat'><strong>6</strong></span> <span class='ocrx_word' id='word_1_126' title='bbox 642 1607 791 1663; x_wconf 79' lang='grc' dir='ltr'>δεῖνα</span> <span class='ocrx_word' id='word_1_127' title='bbox 819 1610 1087 1684; x_wconf 81' lang='grc' dir='ltr'><strong>προδότης</strong></span> <span class='ocrx_word' id='word_1_128' title='bbox 1108 1613 1438 1685; x_wconf 79' lang='grc' dir='ltr'>Χριστιανοῦ</span> <span class='ocrx_word' id='word_1_129' title='bbox 1463 1616 1710 1688; x_wconf 86' lang='grc' dir='ltr'>γένηται,</span> <span class='ocrx_word' id='word_1_130' title='bbox 1744 1619 1839 1671; x_wconf 81' lang='grc' dir='ltr'><strong>καὶ</strong></span> <span class='ocrx_word' id='word_1_131' title='bbox 1859 1619 1978 1672; x_wconf 90' lang='grc' dir='ltr'>ἐπί-</span> 
     </span>
    </p>
   </div>
   <div class='ocr_carea' id='block_1_19' title="bbox 2086 519 3664 600">
    <p class='ocr_par' dir='ltr' id='par_1_19' title="bbox 2086 519 3664 600">
     <span class='ocr_line' id='line_1_19' title="bbox 2086 519 3664 600; baseline 0.009 -28"><span class='ocrx_word' id='word_1_132' title='bbox 2086 520 2215 574; x_wconf 85' lang='lat' dir='ltr'><strong>dant</strong></span> <span class='ocrx_word' id='word_1_133' title='bbox 2242 519 2343 586; x_wconf 90' lang='lat' dir='ltr'><strong>illi,</strong></span> <span class='ocrx_word' id='word_1_134' title='bbox 2394 524 2487 591; x_wconf 91' lang='lat' dir='ltr'><strong>qui</strong></span> <span class='ocrx_word' id='word_1_135' title='bbox 2537 524 2774 577; x_wconf 88' lang='lat' dir='ltr'><strong>nondum</strong></span> <span class='ocrx_word' id='word_1_136' title='bbox 2806 526 3122 595; x_wconf 80' lang='lat' dir='ltr'><strong>sanguinem</strong></span> <span class='ocrx_word' id='word_1_137' title='bbox 3170 536 3413 583; x_wconf 91' lang='lat' dir='ltr'><strong>nostrum</strong></span> <span class='ocrx_word' id='word_1_138' title='bbox 3446 531 3664 600; x_wconf 82' lang='lat' dir='ltr'><strong>quidem</strong></span> 
     </span>
    </p>
   </div>
   <div class='ocr_carea' id='block_1_20' title="bbox 2085 614 3665 687">
    <p class='ocr_par' dir='ltr' id='par_1_20' title="bbox 2085 614 3665 687">
     <span class='ocr_line' id='line_1_20' title="bbox 2085 614 3665 687; baseline 0.007 -23"><span class='ocrx_word' id='word_1_139' title='bbox 2085 614 2261 681; x_wconf 89' lang='lat' dir='ltr'><strong>reipsa</strong></span> <span class='ocrx_word' id='word_1_140' title='bbox 2290 614 2550 670; x_wconf 68' lang='lat' dir='ltr'><strong>effudisse</strong></span> <span class='ocrx_word' id='word_1_141' title='bbox 2593 618 2669 671; x_wconf 87' lang='lat' dir='ltr'><strong>rei</strong></span> <span class='ocrx_word' id='word_1_142' title='bbox 2720 630 2845 670; x_wconf 89' lang='lat' dir='ltr'><strong>sunt</strong></span> <span class='ocrx_word' id='word_1_143' title='bbox 2872 617 3034 683; x_wconf 85' lang='lat' dir='ltr'><strong>facti;</strong></span> <span class='ocrx_word' id='word_1_144' title='bbox 3062 619 3106 673; x_wconf 88' lang='lat' dir='ltr'><strong>si</strong></span> <span class='ocrx_word' id='word_1_145' title='bbox 3132 635 3252 687; x_wconf 73' lang='lat' dir='ltr'><strong>qua:</strong></span> <span class='ocrx_word' id='word_1_146' title='bbox 3275 622 3326 674; x_wconf 91' lang='lat' dir='ltr'><strong>in</strong></span> <span class='ocrx_word' id='word_1_147' title='bbox 3354 622 3507 677; x_wconf 88' lang='lat' dir='ltr'><strong>nobis</strong></span> <span class='ocrx_word' id='word_1_148' title='bbox 3538 635 3665 678; x_wconf 88' lang='lat' dir='ltr'><strong>sunt</strong></span> 
     </span>
    </p>
   </div>
   <div class='ocr_carea' id='block_1_21' title="bbox 2082 702 3664 780">
    <p class='ocr_par' dir='ltr' id='par_1_21' title="bbox 2082 702 3664 780">
     <span class='ocr_line' id='line_1_21' title="bbox 2082 702 3664 780; baseline 0.009 -25"><span class='ocrx_word' id='word_1_149' title='bbox 2082 702 2380 771; x_wconf 88' lang='lat' dir='ltr'><strong>facientes,</strong></span> <span class='ocrx_word' id='word_1_150' title='bbox 2432 707 2888 764; x_wconf 80' lang='lat' dir='ltr'><strong>declinaverimus</strong></span> <span class='ocrx_word' id='word_1_151' title='bbox 2935 725 3031 764; x_wconf 87' lang='lat' dir='ltr'><strong>eos</strong></span> <span class='ocrx_word' id='word_1_152' title='bbox 3082 712 3177 780; x_wconf 85' lang='lat' dir='ltr'><strong>qui</strong></span> <span class='ocrx_word' id='word_1_153' title='bbox 3230 712 3457 766; x_wconf 83' lang='lat' dir='ltr'><strong>insidias</strong></span> <span class='ocrx_word' id='word_1_154' title='bbox 3506 715 3664 769; x_wconf 91' lang='lat' dir='ltr'><strong>nobis</strong></span> 
     </span>
    </p>
   </div>
   <div class='ocr_carea' id='block_1_22' title="bbox 2081 796 3662 875">
    <p class='ocr_par' dir='ltr' id='par_1_22' title="bbox 2081 796 3662 875">
     <span class='ocr_line' id='line_1_22' title="bbox 2081 796 3662 875; baseline 0.008 -27"><span class='ocrx_word' id='word_1_155' title='bbox 2081 796 2166 851; x_wconf 89' lang='lat' dir='ltr'><strong>vel</strong></span> <span class='ocrx_word' id='word_1_156' title='bbox 2228 798 2296 852; x_wconf 87' lang='lat' dir='ltr'><strong>ad</strong></span> <span class='ocrx_word' id='word_1_157' title='bbox 2347 808 2577 855; x_wconf 88' lang='lat' dir='ltr'><strong>mortem</strong></span> <span class='ocrx_word' id='word_1_158' title='bbox 2631 815 2802 871; x_wconf 91' lang='lat' dir='ltr'><strong>usque</strong></span> <span class='ocrx_word' id='word_1_159' title='bbox 2850 802 3189 867; x_wconf 90' lang='lat' dir='ltr'><strong>moliuntur;</strong></span> <span class='ocrx_word' id='word_1_160' title='bbox 3255 804 3349 858; x_wconf 91' lang='lat' dir='ltr'><strong>sed</strong></span> <span class='ocrx_word' id='word_1_161' title='bbox 3404 806 3662 875; x_wconf 90' lang='lat' dir='ltr'><strong>puniendi</strong></span> 
     </span>
    </p>
   </div>
   <div class='ocr_carea' id='block_1_23' title="bbox 2083 888 3663 963">
    <p class='ocr_par' dir='ltr' id='par_1_23' title="bbox 2083 888 3663 963">
     <span class='ocr_line' id='line_1_23' title="bbox 2083 888 3663 963; baseline 0.007 -21"><span class='ocrx_word' id='word_1_162' title='bbox 2083 888 2322 958; x_wconf 91' lang='lat' dir='ltr'><strong>alioquin</strong></span> <span class='ocrx_word' id='word_1_163' title='bbox 2355 889 2549 958; x_wconf 82' lang='lat' dir='ltr'><strong>majori</strong></span> <span class='ocrx_word' id='word_1_164' title='bbox 2581 893 2930 961; x_wconf 75' lang='lat' dir='ltr'><strong>graviorique</strong></span> <span class='ocrx_word' id='word_1_165' title='bbox 2968 908 3130 962; x_wconf 66' lang='lat' dir='ltr'><strong>paana</strong></span> <span class='ocrx_word' id='word_1_166' title='bbox 3176 896 3344 949; x_wconf 91' lang='lat' dir='ltr'><strong>nostri</strong></span> <span class='ocrx_word' id='word_1_167' title='bbox 3388 911 3578 963; x_wconf 88' lang='lat' dir='ltr'><strong>causa,</strong></span> <span class='ocrx_word' id='word_1_168' title='bbox 3616 901 3663 953; x_wconf 91' lang='lat' dir='ltr'><strong>si</strong></span> 
     </span>
    </p>
   </div>
   <div class='ocr_carea' id='block_1_24' title="bbox 2082 986 3660 1061">
    <p class='ocr_par' dir='ltr' id='par_1_24' title="bbox 2082 986 3660 1061">
     <span class='ocr_line' id='line_1_24' title="bbox 2082 986 3660 1061; baseline 0.006 -23"><span class='ocrx_word' id='word_1_169' title='bbox 2082 986 2253 1040; x_wconf 90' lang='lat' dir='ltr'><strong>nostri</strong></span> <span class='ocrx_word' id='word_1_170' title='bbox 2283 996 2551 1046; x_wconf 76' lang='lat' dir='ltr'><strong>amantes.</strong></span> <span class='ocrx_word' id='word_1_171' title='bbox 2583 988 2747 1042; x_wconf 84' lang='lat' dir='ltr'><strong>rebus</strong></span> <span class='ocrx_word' id='word_1_172' title='bbox 2771 987 2987 1042; x_wconf 89' lang='lat' dir='ltr'><strong>illorum</strong></span> <span class='ocrx_word' id='word_1_173' title='bbox 3015 989 3362 1061; x_wconf 81' lang='lat' dir='ltr'><strong>posthabitis,</strong></span> <span class='ocrx_word' id='word_1_174' title='bbox 3390 1005 3660 1061; x_wconf 66' lang='lat' dir='ltr'><strong>esposue-</strong></span> 
     </span>
    </p>
   </div>
   <div class='ocr_carea' id='block_1_25' title="bbox 2081 1073 3663 1142">
    <p class='ocr_par' dir='ltr' id='par_1_25' title="bbox 2081 1073 3663 1142">
     <span class='ocr_line' id='line_1_25' title="bbox 2081 1073 3663 1142; baseline 0.007 -17"><span class='ocrx_word' id='word_1_175' title='bbox 2081 1073 2254 1127; x_wconf 91' lang='lat' dir='ltr'><strong>rimus</strong></span> <span class='ocrx_word' id='word_1_176' title='bbox 2289 1087 2389 1128; x_wconf 90' lang='lat' dir='ltr'><strong>nos</strong></span> <span class='ocrx_word' id='word_1_177' title='bbox 2419 1074 2567 1142; x_wconf 85' lang='lat' dir='ltr'><strong>ipsos</strong></span> <span class='ocrx_word' id='word_1_178' title='bbox 2593 1074 2997 1140; x_wconf 81' lang='lat' dir='ltr'><strong>interﬁciendo,</strong></span> <span class='ocrx_word' id='word_1_179' title='bbox 3026 1076 3172 1131; x_wconf 88' lang='lat' dir='ltr'><strong>nulla</strong></span> <span class='ocrx_word' id='word_1_180' title='bbox 3202 1093 3302 1133; x_wconf 91' lang='lat' dir='ltr'><strong>nos</strong></span> <span class='ocrx_word' id='word_1_181' title='bbox 3334 1081 3663 1136; x_wconf 83' lang='lat' dir='ltr'><strong>necessitate</strong></span> 
     </span>
    </p>
   </div>
   <div class='ocr_carea' id='block_1_26' title="bbox 2081 1159 3659 1240">
    <p class='ocr_par' dir='ltr' id='par_1_26' title="bbox 2081 1159 3659 1240">
     <span class='ocr_line' id='line_1_26' title="bbox 2081 1159 3659 1240; baseline 0.009 -28"><span class='ocrx_word' id='word_1_182' title='bbox 2081 1168 2327 1229; x_wconf 84' lang='lat' dir='ltr'><strong>urgente.</strong></span> <span class='ocrx_word' id='word_1_183' title='bbox 2384 1159 2515 1215; x_wconf 85' lang='lat' dir='ltr'><strong>Nam</strong></span> <span class='ocrx_word' id='word_1_184' title='bbox 2550 1162 2596 1217; x_wconf 91' lang='lat' dir='ltr'><strong>si</strong></span> <span class='ocrx_word' id='word_1_185' title='bbox 2630 1164 2795 1217; x_wconf 85' lang='lat' dir='ltr'><strong>etiam</strong></span> <span class='ocrx_word' id='word_1_186' title='bbox 2827 1167 2919 1234; x_wconf 91' lang='lat' dir='ltr'><strong>qui</strong></span> <span class='ocrx_word' id='word_1_187' title='bbox 2965 1165 3127 1221; x_wconf 84' lang='lat' dir='ltr'><strong>alicui</strong></span> <span class='ocrx_word' id='word_1_188' title='bbox 3181 1168 3400 1225; x_wconf 85' lang='lat' dir='ltr'><strong>occasio</strong></span> <span class='ocrx_word' id='word_1_189' title='bbox 3448 1173 3659 1240; x_wconf 90' lang='lat' dir='ltr'><strong>peccati</strong></span> 
     </span>
    </p>
   </div>
   <div class='ocr_carea' id='block_1_27' title="bbox 2079 1250 3659 1330">
    <p class='ocr_par' dir='ltr' id='par_1_27' title="bbox 2079 1250 3659 1330">
     <span class='ocr_line' id='line_1_27' title="bbox 2079 1250 3659 1330; baseline 0.01 -27"><span class='ocrx_word' id='word_1_190' title='bbox 2079 1250 2257 1307; x_wconf 85' lang='lat' dir='ltr'><strong>factus</strong></span> <span class='ocrx_word' id='word_1_191' title='bbox 2284 1251 2473 1318; x_wconf 89' lang='lat' dir='ltr'><strong>fuerit,</strong></span> <span class='ocrx_word' id='word_1_192' title='bbox 2527 1253 2572 1308; x_wconf 88' lang='lat' dir='ltr'><strong>is</strong></span> <span class='ocrx_word' id='word_1_193' title='bbox 2607 1269 2799 1322; x_wconf 68' lang='lat' dir='ltr'><strong>poenas</strong></span> <span class='ocrx_word' id='word_1_194' title='bbox 2845 1256 2998 1311; x_wconf 84' lang='lat' dir='ltr'><strong>dabit</strong></span> <span class='ocrx_word' id='word_1_195' title='bbox 3034 1258 3105 1314; x_wconf 92' lang='lat' dir='ltr'><strong>ob</strong></span> <span class='ocrx_word' id='word_1_196' title='bbox 3141 1274 3203 1315; x_wconf 90' lang='lat' dir='ltr'><strong>ea</strong></span> <span class='ocrx_word' id='word_1_197' title='bbox 3231 1276 3351 1330; x_wconf 69' lang='lat' dir='ltr'><strong>quae</strong></span> <span class='ocrx_word' id='word_1_198' title='bbox 3378 1263 3461 1317; x_wconf 94' lang='lat' dir='ltr'><strong>sui</strong></span> <span class='ocrx_word' id='word_1_199' title='bbox 3493 1277 3659 1318; x_wconf 83' lang='lat' dir='ltr'><strong>causa</strong></span> 
     </span>
    </p>
   </div>
   <div class='ocr_carea' id='block_1_28' title="bbox 2079 1345 3657 1420">
    <p class='ocr_par' dir='ltr' id='par_1_28' title="bbox 2079 1345 3657 1420">
     <span class='ocr_line' id='line_1_28' title="bbox 2079 1345 3657 1420; baseline 0.01 -25"><span class='ocrx_word' id='word_1_200' title='bbox 2079 1346 2427 1413; x_wconf 71' lang='lat' dir='ltr'><strong>peccaverint</strong></span> <span class='ocrx_word' id='word_1_201' title='bbox 2480 1345 2648 1416; x_wconf 85' lang='lat' dir='ltr'><strong>aliqui</strong></span> <span class='ocrx_word' id='word_1_202' title='bbox 2700 1348 2989 1416; x_wconf 87' lang='lat' dir='ltr'><strong>homines;</strong></span> <span class='ocrx_word' id='word_1_203' title='bbox 3043 1354 3319 1420; x_wconf 91' lang='lat' dir='ltr'><strong>quomodo</strong></span> <span class='ocrx_word' id='word_1_204' title='bbox 3349 1368 3456 1408; x_wconf 92' lang='lat' dir='ltr'><strong>non</strong></span> <span class='ocrx_word' id='word_1_205' title='bbox 3493 1357 3657 1412; x_wconf 89' lang='lat' dir='ltr'><strong>etiam</strong></span> 
     </span>
    </p>
   </div>
   <div class='ocr_carea' id='block_1_29' title="bbox 2078 1434 3658 1505">
    <p class='ocr_par' dir='ltr' id='par_1_29' title="bbox 2078 1434 3658 1505">
     <span class='ocr_line' id='line_1_29' title="bbox 2078 1434 3658 1505; baseline 0.005 -18"><span class='ocrx_word' id='word_1_206' title='bbox 2078 1446 2272 1502; x_wconf 63' lang='lat' dir='ltr'><strong>pinnas</strong></span> <span class='ocrx_word' id='word_1_207' title='bbox 2302 1434 2535 1490; x_wconf 88' lang='lat' dir='ltr'><strong>daturus</strong></span> <span class='ocrx_word' id='word_1_208' title='bbox 2556 1445 2664 1501; x_wconf 89' lang='lat' dir='ltr'><strong>est,</strong></span> <span class='ocrx_word' id='word_1_209' title='bbox 2715 1436 2806 1505; x_wconf 88' lang='lat' dir='ltr'><strong>qui</strong></span> <span class='ocrx_word' id='word_1_210' title='bbox 2842 1452 2965 1491; x_wconf 93' lang='lat' dir='ltr'><strong>cum</strong></span> <span class='ocrx_word' id='word_1_211' title='bbox 3006 1439 3312 1494; x_wconf 69' lang='lat' dir='ltr'><strong>declinandi</strong></span> <span class='ocrx_word' id='word_1_212' title='bbox 3346 1440 3658 1496; x_wconf 82' lang='lat' dir='ltr'><strong>facultatem</strong></span> 
     </span>
    </p>
   </div>
   <div class='ocr_carea' id='block_1_30' title="bbox 2081 1523 3660 1597">
    <p class='ocr_par' dir='ltr' id='par_1_30' title="bbox 2081 1523 3660 1597">
     <span class='ocr_line' id='line_1_30' title="bbox 2081 1523 3660 1597; baseline 0.007 -21"><span class='ocrx_word' id='word_1_213' title='bbox 2081 1523 2301 1589; x_wconf 84' lang='lat' dir='ltr'><strong>habeat,</strong></span> <span class='ocrx_word' id='word_1_214' title='bbox 2336 1538 2404 1580; x_wconf 90' lang='lat' dir='ltr'><strong>ne</strong></span> <span class='ocrx_word' id='word_1_215' title='bbox 2431 1526 2676 1594; x_wconf 82' lang='lat' dir='ltr'><strong>proditor</strong></span> <span class='ocrx_word' id='word_1_216' title='bbox 2709 1526 2800 1582; x_wconf 90' lang='lat' dir='ltr'><strong>ille</strong></span> <span class='ocrx_word' id='word_1_217' title='bbox 2829 1528 3126 1584; x_wconf 82' lang='lat' dir='ltr'><strong>Christiani</strong></span> <span class='ocrx_word' id='word_1_218' title='bbox 3173 1531 3243 1585; x_wconf 88' lang='lat' dir='ltr'><strong>sit</strong></span> <span class='ocrx_word' id='word_1_219' title='bbox 3287 1532 3557 1597; x_wconf 89' lang='lat' dir='ltr'><strong>hominis,</strong></span> <span class='ocrx_word' id='word_1_220' title='bbox 3603 1542 3660 1587; x_wconf 91' lang='lat' dir='ltr'><strong>et</strong></span> 
     </span>
    </p>
   </div>
   <div class='ocr_carea' id='block_1_31' title="bbox 2079 1613 3657 1687">
    <p class='ocr_par' dir='ltr' id='par_1_31' title="bbox 2079 1613 3657 1687">
     <span class='ocr_line' id='line_1_31' title="bbox 2079 1613 3657 1687; baseline 0.004 -19"><span class='ocrx_word' id='word_1_221' title='bbox 2079 1613 2370 1669; x_wconf 86' lang='lat' dir='ltr'><strong>insidiator</strong></span> <span class='ocrx_word' id='word_1_222' title='bbox 2399 1616 2584 1671; x_wconf 90' lang='lat' dir='ltr'><strong>cultus</strong></span> <span class='ocrx_word' id='word_1_223' title='bbox 2612 1617 2782 1671; x_wconf 87' lang='lat' dir='ltr'><strong>divini</strong></span> <span class='ocrx_word' id='word_1_224' title='bbox 2809 1632 2936 1687; x_wconf 82' lang='lat' dir='ltr'><strong>erga</strong></span> <span class='ocrx_word' id='word_1_225' title='bbox 2972 1617 3178 1684; x_wconf 83' lang='lat' dir='ltr'><strong>Jesum,</strong></span> <span class='ocrx_word' id='word_1_226' title='bbox 3212 1635 3319 1674; x_wconf 90' lang='lat' dir='ltr'><strong>non</strong></span> <span class='ocrx_word' id='word_1_227' title='bbox 3350 1621 3657 1675; x_wconf 87' lang='lat' dir='ltr'><strong>declinave-</strong></span> 
     </span>
    </p>
   </div>
   <div class='ocr_carea' id='block_1_32' title="bbox 341 1692 1964 1782">
    <p class='ocr_par' dir='ltr' id='par_1_32' title="bbox 341 1692 1964 1782">
     <span class='ocr_line' id='line_1_32' title="bbox 341 1692 1964 1782; baseline 0.01 -32"><span class='ocrx_word' id='word_1_228' title='bbox 341 1692 352 1705; x_wconf 84' lang='grc'><em>’</em></span> <span class='ocrx_word' id='word_1_229' title='bbox 384 1695 576 1764; x_wconf 72' lang='grc' dir='ltr'>ϐουλος</span> <span class='ocrx_word' id='word_1_230' title='bbox 602 1699 704 1771; x_wconf 82' lang='grc' dir='ltr'><strong>τῆς</strong></span> <span class='ocrx_word' id='word_1_231' title='bbox 732 1702 873 1756; x_wconf 91' lang='grc' dir='ltr'><strong>κατά</strong></span> <span class='ocrx_word' id='word_1_232' title='bbox 902 1704 996 1757; x_wconf 79' lang='grc' dir='ltr'><strong>τὸν</strong></span> <span class='ocrx_word' id='word_1_233' title='bbox 1048 1706 1255 1777; x_wconf 84' lang='grc' dir='ltr'>Ἰησοῦν</span> <span class='ocrx_word' id='word_1_234' title='bbox 1285 1706 1594 1774; x_wconf 79' lang='grc' dir='ltr'>θεοσεϐείας</span> <span class='ocrx_word' id='word_1_235' title='bbox 1622 1711 1695 1782; x_wconf 83' lang='grc' dir='ltr'>μὴ</span> <span class='ocrx_word' id='word_1_236' title='bbox 1724 1712 1964 1777; x_wconf 83' lang='grc' dir='ltr'>ἐκκλίνας</span> 
     </span>
    </p>
   </div>
   <div class='ocr_carea' id='block_1_33' title="bbox 2067 1692 3658 1782">
    <p class='ocr_par' dir='ltr' id='par_1_33' title="bbox 2079 1707 3658 1781">
     <span class='ocr_line' id='line_1_33' title="bbox 2079 1707 3658 1781; baseline 0.005 -21"><span class='ocrx_word' id='word_1_237' title='bbox 2079 1707 2185 1770; x_wconf 86' lang='lat' dir='ltr'><strong>rit;</strong></span> <span class='ocrx_word' id='word_1_238' title='bbox 2257 1707 2367 1761; x_wconf 94' lang='lat' dir='ltr'><strong>imo</strong></span> <span class='ocrx_word' id='word_1_239' title='bbox 2423 1709 2603 1777; x_wconf 87' lang='lat' dir='ltr'><strong>potius</strong></span> <span class='ocrx_word' id='word_1_240' title='bbox 2672 1710 3072 1775; x_wconf 85' lang='lat' dir='ltr'><strong>concitaverit,</strong></span> <span class='ocrx_word' id='word_1_241' title='bbox 3121 1711 3335 1766; x_wconf 89' lang='lat' dir='ltr'><strong>etiamsi</strong></span> <span class='ocrx_word' id='word_1_242' title='bbox 3389 1714 3530 1781; x_wconf 89' lang='lat' dir='ltr'><strong>quod</strong></span> <span class='ocrx_word' id='word_1_243' title='bbox 3589 1713 3658 1768; x_wconf 92' lang='lat' dir='ltr'><strong>ad</strong></span> 
     </span>
    </p>
   </div>
   <div class='ocr_carea' id='block_1_34' title="bbox 386 1782 1964 1887">
    <p class='ocr_par' dir='ltr' id='par_1_34' title="bbox 386 1791 1964 1875">
     <span class='ocr_line' id='line_1_34' title="bbox 386 1791 1964 1875; baseline 0.009 -31"><span class='ocrx_word' id='word_1_244' title='bbox 386 1791 511 1862; x_wconf 81' lang='grc' dir='ltr'>μὲν,</span> <span class='ocrx_word' id='word_1_245' title='bbox 547 1793 643 1847; x_wconf 74' lang='grc' dir='ltr'><strong>καὶ</strong></span> <span class='ocrx_word' id='word_1_246' title='bbox 672 1796 1126 1867; x_wconf 83' lang='grc' dir='ltr'>προσπαροξύνας</span> <span class='ocrx_word' id='word_1_247' title='bbox 1154 1799 1233 1863; x_wconf 86' lang='grc' dir='ltr'><strong>δὲ,</strong></span> <span class='ocrx_word' id='word_1_248' title='bbox 1276 1800 1395 1872; x_wconf 83' lang='grc' dir='ltr'>ούχὶ</span> <span class='ocrx_word' id='word_1_249' title='bbox 1423 1802 1515 1856; x_wconf 74' lang='grc' dir='ltr'><strong>καὶ</strong></span> <span class='ocrx_word' id='word_1_250' title='bbox 1539 1803 1668 1875; x_wconf 59' lang='grc' dir='ltr'><strong>περὶ⁸</strong></span> <span class='ocrx_word' id='word_1_251' title='bbox 1691 1805 1791 1875; x_wconf 83' lang='grc' dir='ltr'>τῆς</span> <span class='ocrx_word' id='word_1_252' title='bbox 1826 1806 1964 1858; x_wconf 85' lang='grc' dir='ltr'>ἐκεί-</span> 
     </span>
    </p>
   </div>
   <div class='ocr_carea' id='block_1_35' title="bbox 2067 1782 3659 1887">
    <p class='ocr_par' dir='ltr' id='par_1_35' title="bbox 2078 1801 3659 1887">
     <span class='ocr_line' id='line_1_35' title="bbox 2078 1801 3659 1887; baseline 0.005 -34"><span class='ocrx_word' id='word_1_253' title='bbox 2078 1801 2565 1869; x_wconf 86' lang='lat' dir='ltr'><strong>promptitudinem</strong></span> <span class='ocrx_word' id='word_1_254' title='bbox 2599 1803 2798 1887; x_wconf 55' lang='lat' dir='ltr'><strong>atti/net</strong></span> <span class='ocrx_word' id='word_1_255' title='bbox 2824 1802 3336 1873; x_wconf 79' lang='lat' dir='ltr'><strong>fortitudincmquc,</strong></span> <span class='ocrx_word' id='word_1_256' title='bbox 3375 1807 3558 1861; x_wconf 85' lang='lat' dir='ltr'><strong>hacin</strong></span> <span class='ocrx_word' id='word_1_257' title='bbox 3597 1820 3659 1861; x_wconf 88' lang='lat' dir='ltr'><strong>re</strong></span> 
     </span>
    </p>
   </div>
   <div class='ocr_carea' id='block_1_36' title="bbox 383 1886 1973 1969">
    <p class='ocr_par' dir='ltr' id='par_1_36' title="bbox 383 1886 1973 1969">
     <span class='ocr_line' id='line_1_36' title="bbox 383 1886 1973 1969; baseline 0.009 -31"><span class='ocrx_word' id='word_1_258' title='bbox 383 1902 477 1939; x_wconf 90' lang='grc' dir='ltr'><strong>νου</strong></span> <span class='ocrx_word' id='word_1_259' title='bbox 500 1886 774 1961; x_wconf 85' lang='grc' dir='ltr'>ἁμαρτίας</span> <span class='ocrx_word' id='word_1_260' title='bbox 803 1889 963 1944; x_wconf 86' lang='grc' dir='ltr'>δώσει</span> <span class='ocrx_word' id='word_1_261' title='bbox 989 1892 1169 1961; x_wconf 85' lang='grc' dir='ltr'>λόγον,</span> <span class='ocrx_word' id='word_1_262' title='bbox 1208 1893 1335 1958; x_wconf 80' lang='grc' dir='ltr'><strong>κάν,</strong></span> <span class='ocrx_word' id='word_1_263' title='bbox 1364 1895 1425 1948; x_wconf 82' lang='grc' dir='ltr'>τὸ</span> <span class='ocrx_word' id='word_1_264' title='bbox 1450 1895 1574 1951; x_wconf 86' lang='grc' dir='ltr'>ὅσον</span> <span class='ocrx_word' id='word_1_265' title='bbox 1594 1898 1687 1950; x_wconf 79' lang='grc' dir='ltr'><strong>ἐπὶ</strong></span> <span class='ocrx_word' id='word_1_266' title='bbox 1708 1900 1775 1969; x_wconf 80' lang='grc' dir='ltr'>τῇ</span> <span class='ocrx_word' id='word_1_267' title='bbox 1801 1900 1882 1962; x_wconf 91' lang='grc' dir='ltr'><strong>είς</strong></span> <span class='ocrx_word' id='word_1_268' title='bbox 1911 1900 1973 1953; x_wconf 85' lang='grc' dir='ltr'><strong>τὸ</strong></span> 
     </span>
    </p>
   </div>
   <div class='ocr_carea' id='block_1_37' title="bbox 384 1982 1974 2062">
    <p class='ocr_par' dir='ltr' id='par_1_37' title="bbox 384 1982 1974 2062">
     <span class='ocr_line' id='line_1_37' title="bbox 384 1982 1974 2062; baseline 0.008 -32"><span class='ocrx_word' id='word_1_269' title='bbox 384 1984 687 2052; x_wconf 84' lang='grc' dir='ltr'>μαρτυρεῖν</span> <span class='ocrx_word' id='word_1_270' title='bbox 710 1982 988 2055; x_wconf 75' lang='grc' dir='ltr'>προθυμία</span> <span class='ocrx_word' id='word_1_271' title='bbox 1019 1985 1113 2038; x_wconf 80' lang='grc' dir='ltr'><strong>καὶ</strong></span> <span class='ocrx_word' id='word_1_272' title='bbox 1135 1988 1200 2057; x_wconf 82' lang='grc' dir='ltr'>τῇ</span> <span class='ocrx_word' id='word_1_273' title='bbox 1236 1988 1316 2051; x_wconf 86' lang='grc' dir='ltr'><strong>είς</strong></span> <span class='ocrx_word' id='word_1_274' title='bbox 1347 1986 1505 2041; x_wconf 85' lang='grc' dir='ltr'>τοῦτο</span> <span class='ocrx_word' id='word_1_275' title='bbox 1534 1988 1772 2060; x_wconf 82' lang='grc' dir='ltr'>ἀνδρείᾳ,</span> <span class='ocrx_word' id='word_1_276' title='bbox 1807 1990 1974 2062; x_wconf 81' lang='grc' dir='ltr'>τιμῆς</span> 
     </span>
    </p>
   </div>
   <div class='ocr_carea' id='block_1_38' title="bbox 379 2071 1968 2152">
    <p class='ocr_par' dir='ltr' id='par_1_38' title="bbox 379 2071 1968 2152">
     <span class='ocr_line' id='line_1_38' title="bbox 379 2071 1968 2152; baseline 0.008 -28"><span class='ocrx_word' id='word_1_277' title='bbox 379 2072 478 2125; x_wconf 75' lang='grc' dir='ltr'><strong>καὶ</strong></span> <span class='ocrx_word' id='word_1_278' title='bbox 514 2073 790 2146; x_wconf 77' lang='grc' dir='ltr'>ἀποδοχῆς</span> <span class='ocrx_word' id='word_1_279' title='bbox 819 2076 966 2143; x_wconf 81' lang='grc' dir='ltr'>ἄξιος</span> <span class='ocrx_word' id='word_1_280' title='bbox 1100 2078 1249 2149; x_wconf 88' lang='grc' dir='ltr'><strong>παρά</strong></span> <span class='ocrx_word' id='word_1_281' title='bbox 1283 2077 1362 2150; x_wconf 87' lang='grc' dir='ltr'><strong>τῷ</strong></span> <span class='ocrx_word' id='word_1_282' title='bbox 1409 2081 1790 2152; x_wconf 77' lang='grc' dir='ltr'>εὐσεϐουμένῳ</span> <span class='ocrx_word' id='word_1_283' title='bbox 1829 2080 1968 2152; x_wconf 86' lang='grc' dir='ltr'>Θεῷ,</span> 
     </span>
    </p>
   </div>
   <div class='ocr_carea' id='block_1_39' title="bbox 379 2165 1968 2244">
    <p class='ocr_par' dir='ltr' id='par_1_39' title="bbox 379 2165 1968 2244">
     <span class='ocr_line' id='line_1_39' title="bbox 379 2165 1968 2244; baseline 0.006 -28"><span class='ocrx_word' id='word_1_284' title='bbox 379 2165 476 2218; x_wconf 76' lang='grc' dir='ltr'><strong>καὶ</strong></span> <span class='ocrx_word' id='word_1_285' title='bbox 495 2165 914 2240; x_wconf 84' lang='grc' dir='ltr'>ὁμολογουμένῳ</span> <span class='ocrx_word' id='word_1_286' title='bbox 936 2168 1026 2222; x_wconf 80' lang='grc' dir='ltr'>ὑπ’</span> <span class='ocrx_word' id='word_1_287' title='bbox 1059 2170 1224 2224; x_wconf 79' lang='grc' dir='ltr'>αὐτοῦ</span> <span class='ocrx_word' id='word_1_288' title='bbox 1259 2172 1471 2243; x_wconf 83' lang='grc' dir='ltr'>Σωτῆρι</span> <span class='ocrx_word' id='word_1_289' title='bbox 1498 2189 1512 2238; x_wconf 88' lang='grc'><strong>;</strong></span> <span class='ocrx_word' id='word_1_290' title='bbox 1547 2174 1672 2226; x_wconf 86' lang='grc' dir='ltr'>Ὅτι</span> <span class='ocrx_word' id='word_1_291' title='bbox 1713 2173 1771 2225; x_wconf 86' lang='grc' dir='ltr'><strong>δέ</strong></span> <span class='ocrx_word' id='word_1_292' title='bbox 1809 2172 1968 2244; x_wconf 84' lang='grc' dir='ltr'>ήμῶν</span> 
     </span>
    </p>
   </div>
   <div class='ocr_carea' id='block_1_40' title="bbox 377 2255 1971 2336">
    <p class='ocr_par' dir='ltr' id='par_1_40' title="bbox 377 2255 1971 2336">
     <span class='ocr_line' id='line_1_40' title="bbox 377 2255 1971 2336; baseline 0.006 -27"><span class='ocrx_word' id='word_1_293' title='bbox 377 2255 566 2311; x_wconf 71' lang='grc' dir='ltr'>ἕνεκεν</span> <span class='ocrx_word' id='word_1_294' title='bbox 587 2258 655 2313; x_wconf 81' lang='grc' dir='ltr'><strong>τά</strong></span> <span class='ocrx_word' id='word_1_295' title='bbox 689 2258 914 2314; x_wconf 79' lang='grc' dir='ltr'>τοιαῦτα</span> <span class='ocrx_word' id='word_1_296' title='bbox 938 2262 1271 2333; x_wconf 83' lang='grc' dir='ltr'>γέγραπται,</span> <span class='ocrx_word' id='word_1_297' title='bbox 1302 2262 1369 2315; x_wconf 78' lang='grc' dir='ltr'><strong>ἵν’</strong></span> <span class='ocrx_word' id='word_1_298' title='bbox 1407 2266 1592 2334; x_wconf 88' lang='grc' dir='ltr'>ήμεῖς,</span> <span class='ocrx_word' id='word_1_299' title='bbox 1619 2265 1971 2336; x_wconf 85' lang='grc' dir='ltr'>παράδειγμα</span> 
     </span>
    </p>
   </div>
   <div class='ocr_carea' id='block_1_41' title="bbox 380 2343 1972 2425">
    <p class='ocr_par' dir='ltr' id='par_1_41' title="bbox 380 2343 1972 2425">
     <span class='ocr_line' id='line_1_41' title="bbox 380 2343 1972 2425; baseline 0.008 -28"><span class='ocrx_word' id='word_1_300' title='bbox 380 2343 598 2416; x_wconf 76' lang='grc' dir='ltr'>ἔχοντες</span> <span class='ocrx_word' id='word_1_301' title='bbox 619 2346 710 2401; x_wconf 75' lang='grc' dir='ltr'>τὸν</span> <span class='ocrx_word' id='word_1_302' title='bbox 745 2348 974 2420; x_wconf 83' lang='grc' dir='ltr'>Ἰησοῢν,</span> <span class='ocrx_word' id='word_1_303' title='bbox 1012 2351 1108 2403; x_wconf 80' lang='grc' dir='ltr'><strong>καὶ</strong></span> <span class='ocrx_word' id='word_1_304' title='bbox 1148 2353 1206 2404; x_wconf 88' lang='grc' dir='ltr'><strong>ἐν</strong></span> <span class='ocrx_word' id='word_1_305' title='bbox 1232 2355 1345 2417; x_wconf 88' lang='grc' dir='ltr'>τοῖς</span> <span class='ocrx_word' id='word_1_306' title='bbox 1368 2353 1630 2418; x_wconf 85' lang='grc' dir='ltr'>τοιούτοις</span> <span class='ocrx_word' id='word_1_307' title='bbox 1674 2356 1838 2408; x_wconf 78' lang='grc' dir='ltr'>αὐτοῦ</span> <span class='ocrx_word' id='word_1_308' title='bbox 1876 2373 1972 2425; x_wconf 90' lang='grc' dir='ltr'>μι-</span> 
     </span>
    </p>
   </div>
   <div class='ocr_carea' id='block_1_42' title="bbox 381 2438 1965 2520">
    <p class='ocr_par' dir='ltr' id='par_1_42' title="bbox 381 2438 1965 2520">
     <span class='ocr_line' id='line_1_42' title="bbox 381 2438 1965 2520; baseline 0.008 -30"><span class='ocrx_word' id='word_1_309' title='bbox 381 2439 552 2508; x_wconf 75' lang='grc' dir='ltr'>μηταὶ</span> <span class='ocrx_word' id='word_1_310' title='bbox 601 2438 911 2511; x_wconf 83' lang='grc' dir='ltr'>γενώμεθα,</span> <span class='ocrx_word' id='word_1_311' title='bbox 976 2446 1319 2516; x_wconf 77' lang='grc' dir='ltr'>παραστήσει</span> <span class='ocrx_word' id='word_1_312' title='bbox 1368 2449 1401 2517; x_wconf 86' lang='grc' dir='ltr'><strong>ή</strong></span> <span class='ocrx_word' id='word_1_313' title='bbox 1454 2445 1687 2515; x_wconf 81' lang='grc' dir='ltr'>λέγουσα</span> <span class='ocrx_word' id='word_1_314' title='bbox 1739 2448 1965 2520; x_wconf 83' lang='grc' dir='ltr'>Γραφή·</span> 
     </span>
    </p>
   </div>
   <div class='ocr_carea' id='block_1_43' title="bbox 385 2527 1970 2602">
    <p class='ocr_par' dir='ltr' id='par_1_43' title="bbox 385 2527 1970 2602">
     <span class='ocr_line' id='line_1_43' title="bbox 385 2527 1970 2602; baseline 0.007 -21"><span class='ocrx_word' id='word_1_315' title='bbox 385 2546 406 2581; x_wconf 81' lang='grc' dir='ltr'><strong>ι</strong></span> <span class='ocrx_word' id='word_1_316' title='bbox 446 2528 703 2602; x_wconf 82' lang='grc' dir='ltr'>Ἐζήτουν</span> <span class='ocrx_word' id='word_1_317' title='bbox 734 2527 827 2586; x_wconf 78' lang='grc' dir='ltr'><strong>οὖν</strong></span> <span class='ocrx_word' id='word_1_318' title='bbox 866 2534 1030 2588; x_wconf 79' lang='grc' dir='ltr'>αὐτὸν</span> <span class='ocrx_word' id='word_1_319' title='bbox 1081 2537 1296 2601; x_wconf 87' lang='grc' dir='ltr'>πιάσαι,</span> <span class='ocrx_word' id='word_1_320' title='bbox 1355 2538 1453 2591; x_wconf 76' lang='grc' dir='ltr'><strong>καὶ</strong></span> <span class='ocrx_word' id='word_1_321' title='bbox 1493 2538 1671 2602; x_wconf 76' lang='grc' dir='ltr'>οὐδεὶς</span> <span class='ocrx_word' id='word_1_322' title='bbox 1706 2539 1970 2593; x_wconf 77' lang='grc' dir='ltr'>ἐπέϐαλεν</span> 
     </span>
    </p>
   </div>
   <div class='ocr_carea' id='block_1_44' title="bbox 376 2621 1970 2704">
    <p class='ocr_par' dir='ltr' id='par_1_44' title="bbox 376 2621 1970 2704">
     <span class='ocr_line' id='line_1_44' title="bbox 376 2621 1970 2704; baseline 0.008 -30"><span class='ocrx_word' id='word_1_323' title='bbox 376 2621 466 2675; x_wconf 87' lang='grc' dir='ltr'>ἐπ’</span> <span class='ocrx_word' id='word_1_324' title='bbox 494 2623 657 2678; x_wconf 75' lang='grc' dir='ltr'>αὑτὸν</span> <span class='ocrx_word' id='word_1_325' title='bbox 689 2625 790 2697; x_wconf 85' lang='grc' dir='ltr'><strong>τὴν</strong></span> <span class='ocrx_word' id='word_1_326' title='bbox 837 2629 1017 2698; x_wconf 77' lang='grc' dir='ltr'>χεῖρα,</span> <span class='ocrx_word' id='word_1_327' title='bbox 1060 2629 1142 2681; x_wconf 84' lang='grc' dir='ltr'>ὅτι</span> <span class='ocrx_word' id='word_1_328' title='bbox 1178 2627 1332 2682; x_wconf 73' lang='grc' dir='ltr'>οὔπω</span> <span class='ocrx_word' id='word_1_329' title='bbox 1384 2629 1630 2701; x_wconf 82' lang='grc' dir='ltr'>ἐληλύθει</span> <span class='ocrx_word' id='word_1_330' title='bbox 1663 2634 1695 2702; x_wconf 91' lang='grc' dir='ltr'><strong>ή</strong></span> <span class='ocrx_word' id='word_1_331' title='bbox 1727 2631 1844 2704; x_wconf 83' lang='grc' dir='ltr'>ὥρα</span> <span class='ocrx_word' id='word_1_332' title='bbox 1873 2634 1970 2686; x_wconf 88' lang='grc' dir='ltr'>αύ-</span> 
     </span>
    </p>
   </div>
   <div class='ocr_carea' id='block_1_45' title="bbox 374 2711 1970 2792">
    <p class='ocr_par' dir='ltr' id='par_1_45' title="bbox 374 2711 1970 2792">
     <span class='ocr_line' id='line_1_45' title="bbox 374 2711 1970 2792; baseline 0.006 -25"><span class='ocrx_word' id='word_1_333' title='bbox 374 2711 492 2767; x_wconf 80' lang='grc' dir='ltr'><strong>τοῦ.</strong></span> <span class='ocrx_word' id='word_1_334' title='bbox 526 2733 545 2766; x_wconf 75' lang='grc' dir='ltr'><strong>ι</strong></span> <span class='ocrx_word' id='word_1_335' title='bbox 584 2715 672 2779; x_wconf 86' lang='grc' dir='ltr'>Ὠς</span> <span class='ocrx_word' id='word_1_336' title='bbox 694 2717 823 2790; x_wconf 79' lang='grc' dir='ltr'>γὰρ,</span> <span class='ocrx_word' id='word_1_337' title='bbox 851 2717 995 2772; x_wconf 84' lang='grc' dir='ltr'>κατὰ</span> <span class='ocrx_word' id='word_1_338' title='bbox 1013 2719 1072 2773; x_wconf 85' lang='grc' dir='ltr'><strong>τὸ</strong></span> <span class='ocrx_word' id='word_1_339' title='bbox 1090 2720 1252 2792; x_wconf 76' lang='grc' dir='ltr'>ῥητὸν</span> <span class='ocrx_word' id='word_1_340' title='bbox 1275 2719 1456 2785; x_wconf 84' lang='grc' dir='ltr'>τοῦτο,</span> <span class='ocrx_word' id='word_1_341' title='bbox 1482 2721 1570 2774; x_wconf 87' lang='grc' dir='ltr'>διὰ</span> <span class='ocrx_word' id='word_1_342' title='bbox 1586 2723 1763 2787; x_wconf 82' lang='grc' dir='ltr'>τοῦτο,</span> <span class='ocrx_word' id='word_1_343' title='bbox 1794 2723 1970 2787; x_wconf 80' lang='grc' dir='ltr'>οὐδεὶς</span> 
     </span>
    </p>
   </div>
   <div class='ocr_carea' id='block_1_46' title="bbox 375 2804 1968 2885">
    <p class='ocr_par' dir='ltr' id='par_1_46' title="bbox 375 2804 1968 2885">
     <span class='ocr_line' id='line_1_46' title="bbox 375 2804 1968 2885; baseline 0.006 -28"><span class='ocrx_word' id='word_1_344' title='bbox 375 2804 642 2862; x_wconf 74' lang='grc' dir='ltr'>ἐπέϐαλεν</span> <span class='ocrx_word' id='word_1_345' title='bbox 667 2809 754 2862; x_wconf 79' lang='grc' dir='ltr'>ἐπ’</span> <span class='ocrx_word' id='word_1_346' title='bbox 781 2811 944 2865; x_wconf 79' lang='grc' dir='ltr'>αὑτὸν</span> <span class='ocrx_word' id='word_1_347' title='bbox 974 2811 1071 2882; x_wconf 81' lang='grc' dir='ltr'><strong>τὴν</strong></span> <span class='ocrx_word' id='word_1_348' title='bbox 1109 2814 1287 2884; x_wconf 87' lang='grc' dir='ltr'>χεῖρα,</span> <span class='ocrx_word' id='word_1_349' title='bbox 1321 2810 1564 2885; x_wconf 84' lang='grc' dir='ltr'>παρόντα</span> <span class='ocrx_word' id='word_1_350' title='bbox 1589 2814 1684 2867; x_wconf 75' lang='grc' dir='ltr'><strong>καὶ</strong></span> <span class='ocrx_word' id='word_1_351' title='bbox 1720 2815 1796 2884; x_wconf 85' lang='grc' dir='ltr'>μὴ</span> <span class='ocrx_word' id='word_1_352' title='bbox 1835 2812 1968 2883; x_wconf 90' lang='grc' dir='ltr'>φεύ-</span> 
     </span>
    </p>
   </div>
   <div class='ocr_carea' id='block_1_47' title="bbox 374 2900 1968 2975">
    <p class='ocr_par' dir='ltr' id='par_1_47' title="bbox 374 2900 1968 2975">
     <span class='ocr_line' id='line_1_47' title="bbox 374 2900 1968 2975; baseline 0.005 -24"><span class='ocrx_word' id='word_1_353' title='bbox 374 2913 563 2967; x_wconf 86' lang='grc' dir='ltr'>γοντα,</span> <span class='ocrx_word' id='word_1_354' title='bbox 598 2900 722 2954; x_wconf 78' lang='grc' dir='ltr'>ἐπεὶ</span> <span class='ocrx_word' id='word_1_355' title='bbox 754 2902 920 2973; x_wconf 84' lang='grc' dir='ltr'>μήπω</span> <span class='ocrx_word' id='word_1_356' title='bbox 953 2902 1203 2973; x_wconf 79' lang='grc' dir='ltr'>ἐληλύθει</span> <span class='ocrx_word' id='word_1_357' title='bbox 1237 2907 1270 2975; x_wconf 91' lang='grc' dir='ltr'><strong>ή</strong></span> <span class='ocrx_word' id='word_1_358' title='bbox 1299 2902 1420 2975; x_wconf 84' lang='grc' dir='ltr'><strong>ὥρα</strong></span> <span class='ocrx_word' id='word_1_359' title='bbox 1447 2902 1636 2970; x_wconf 80' lang='grc' dir='ltr'>αὐτοῦ,</span> <span class='ocrx_word' id='word_1_360' title='bbox 1681 2904 1854 2969; x_wconf 78' lang='grc' dir='ltr'>οὕτως</span> <span class='ocrx_word' id='word_1_361' title='bbox 1875 2906 1968 2959; x_wconf 65' lang='grc' dir='ltr'><strong>καὶ¹</strong></span> 
     </span>
    </p>
   </div>
   <div class='ocr_carea' id='block_1_48' title="bbox 374 2991 1968 3070">
    <p class='ocr_par' dir='ltr' id='par_1_48' title="bbox 374 2991 1968 3070">
     <span class='ocr_line' id='line_1_48' title="bbox 374 2991 1968 3070; baseline 0.004 -26"><span class='ocrx_word' id='word_1_362' title='bbox 374 2993 547 3064; x_wconf 76' lang='grc' dir='ltr'>χωρὶς</span> <span class='ocrx_word' id='word_1_363' title='bbox 578 2991 671 3046; x_wconf 81' lang='grc' dir='ltr'>τοῦ</span> <span class='ocrx_word' id='word_1_364' title='bbox 699 2995 1004 3067; x_wconf 81' lang='grc' dir='ltr'>ἀναχωρεῖν</span> <span class='ocrx_word' id='word_1_365' title='bbox 1036 2996 1095 3049; x_wconf 92' lang='grc' dir='ltr'><strong>ἐν</strong></span> <span class='ocrx_word' id='word_1_366' title='bbox 1130 2995 1208 3067; x_wconf 85' lang='grc' dir='ltr'><strong>τῷ</strong></span> <span class='ocrx_word' id='word_1_367' title='bbox 1255 2995 1435 3068; x_wconf 81' lang='grc' dir='ltr'>καιρῷ</span> <span class='ocrx_word' id='word_1_368' title='bbox 1467 2996 1562 3050; x_wconf 82' lang='grc' dir='ltr'>τοῦ</span> <span class='ocrx_word' id='word_1_369' title='bbox 1601 2997 1827 3070; x_wconf 84' lang='grc' dir='ltr'>μηδέπω</span> <span class='ocrx_word' id='word_1_370' title='bbox 1870 2998 1968 3052; x_wconf 85' lang='grc' dir='ltr'><strong>αὒ-</strong></span> 
     </span>
    </p>
   </div>
   <div class='ocr_carea' id='block_1_49' title="bbox 2076 1892 3658 1966">
    <p class='ocr_par' dir='ltr' id='par_1_49' title="bbox 2076 1892 3658 1966">
     <span class='ocr_line' id='line_1_49' title="bbox 2076 1892 3658 1966; baseline 0.003 -20"><span class='ocrx_word' id='word_1_371' title='bbox 2076 1892 2283 1947; x_wconf 85' lang='lat' dir='ltr'><strong>honore</strong></span> <span class='ocrx_word' id='word_1_372' title='bbox 2309 1906 2371 1946; x_wconf 93' lang='lat' dir='ltr'><strong>ac</strong></span> <span class='ocrx_word' id='word_1_373' title='bbox 2394 1893 2555 1947; x_wconf 85' lang='lat' dir='ltr'><strong>laude</strong></span> <span class='ocrx_word' id='word_1_374' title='bbox 2581 1894 2650 1948; x_wconf 89' lang='lat' dir='ltr'><strong>sit</strong></span> <span class='ocrx_word' id='word_1_375' title='bbox 2694 1896 2889 1964; x_wconf 76' lang='lat' dir='ltr'><strong>dignus</strong></span> <span class='ocrx_word' id='word_1_376' title='bbox 2932 1896 3073 1964; x_wconf 86' lang='lat' dir='ltr'><strong>apud</strong></span> <span class='ocrx_word' id='word_1_377' title='bbox 3120 1896 3314 1962; x_wconf 89' lang='lat' dir='ltr'><strong>Deum,</strong></span> <span class='ocrx_word' id='word_1_378' title='bbox 3361 1913 3521 1966; x_wconf 84' lang='lat' dir='ltr'><strong>quem</strong></span> <span class='ocrx_word' id='word_1_379' title='bbox 3571 1900 3658 1966; x_wconf 90' lang='lat' dir='ltr'><strong>pie</strong></span> 
     </span>
    </p>
   </div>
   <div class='ocr_carea' id='block_1_50' title="bbox 2074 1985 3656 2056">
    <p class='ocr_par' dir='ltr' id='par_1_50' title="bbox 2074 1985 3656 2056">
     <span class='ocr_line' id='line_1_50' title="bbox 2074 1985 3656 2056; baseline 0.004 -17"><span class='ocrx_word' id='word_1_380' title='bbox 2074 1985 2222 2049; x_wconf 91' lang='lat' dir='ltr'><strong>colit,</strong></span> <span class='ocrx_word' id='word_1_381' title='bbox 2250 1988 2500 2056; x_wconf 88' lang='lat' dir='ltr'><strong>apudque</strong></span> <span class='ocrx_word' id='word_1_382' title='bbox 2529 1985 2905 2053; x_wconf 87' lang='lat' dir='ltr'><strong>Servatorem,</strong></span> <span class='ocrx_word' id='word_1_383' title='bbox 2943 2003 3105 2056; x_wconf 87' lang='lat' dir='ltr'><strong>quem</strong></span> <span class='ocrx_word' id='word_1_384' title='bbox 3135 1990 3421 2043; x_wconf 84' lang='lat' dir='ltr'><strong>cenfessus</strong></span> <span class='ocrx_word' id='word_1_385' title='bbox 3452 1990 3656 2045; x_wconf 74' lang='lat' dir='ltr'><strong>fuerit?</strong></span> 
     </span>
    </p>
   </div>
   <div class='ocr_carea' id='block_1_51' title="bbox 2073 2074 3656 2151">
    <p class='ocr_par' dir='ltr' id='par_1_51' title="bbox 2073 2074 3656 2151">
     <span class='ocr_line' id='line_1_51' title="bbox 2073 2074 3656 2151; baseline 0.003 -21"><span class='ocrx_word' id='word_1_386' title='bbox 2073 2074 2245 2131; x_wconf 82' lang='lat' dir='ltr'><strong>Porro</strong></span> <span class='ocrx_word' id='word_1_387' title='bbox 2278 2077 2421 2146; x_wconf 91' lang='lat' dir='ltr'><strong>quod</strong></span> <span class='ocrx_word' id='word_1_388' title='bbox 2452 2076 2624 2131; x_wconf 91' lang='lat' dir='ltr'><strong>nostri</strong></span> <span class='ocrx_word' id='word_1_389' title='bbox 2670 2093 2837 2133; x_wconf 86' lang='lat' dir='ltr'><strong>causa</strong></span> <span class='ocrx_word' id='word_1_390' title='bbox 2884 2080 2999 2134; x_wconf 69' lang='lat' dir='ltr'><strong>hzec</strong></span> <span class='ocrx_word' id='word_1_391' title='bbox 3046 2080 3249 2149; x_wconf 89' lang='lat' dir='ltr'><strong>scripta</strong></span> <span class='ocrx_word' id='word_1_392' title='bbox 3282 2080 3509 2146; x_wconf 82' lang='lat' dir='ltr'><strong>fuerint,</strong></span> <span class='ocrx_word' id='word_1_393' title='bbox 3544 2096 3656 2151; x_wconf 89' lang='lat' dir='ltr'><strong>quo</strong></span> 
     </span>
    </p>
   </div>
   <div class='ocr_carea' id='block_1_52' title="bbox 2072 2162 3656 2242">
    <p class='ocr_par' dir='ltr' id='par_1_52' title="bbox 2072 2162 3656 2242">
     <span class='ocr_line' id='line_1_52' title="bbox 2072 2162 3656 2242; baseline 0.004 -23"><span class='ocrx_word' id='word_1_394' title='bbox 2072 2162 2256 2219; x_wconf 82' lang='lat' dir='ltr'><strong>Jesum</strong></span> <span class='ocrx_word' id='word_1_395' title='bbox 2288 2165 2616 2221; x_wconf 85' lang='lat' dir='ltr'><strong>haberemus</strong></span> <span class='ocrx_word' id='word_1_396' title='bbox 2643 2170 2943 2237; x_wconf 81' lang='lat' dir='ltr'><strong>exemplar,</strong></span> <span class='ocrx_word' id='word_1_397' title='bbox 2980 2169 3150 2241; x_wconf 78' lang='lat'><strong>398</strong></span> <span class='ocrx_word' id='word_1_398' title='bbox 3194 2171 3349 2241; x_wconf 86' lang='lat' dir='ltr'><strong>cujus</strong></span> <span class='ocrx_word' id='word_1_399' title='bbox 3382 2167 3436 2225; x_wconf 85' lang='lat' dir='ltr'><strong>in</strong></span> <span class='ocrx_word' id='word_1_400' title='bbox 3467 2172 3656 2242; x_wconf 86' lang='lat' dir='ltr'><strong>hujus-</strong></span> 
     </span>
    </p>
   </div>
   <div class='ocr_carea' id='block_1_53' title="bbox 2071 2246 3653 2331">
    <p class='ocr_par' dir='ltr' id='par_1_53' title="bbox 2071 2246 3653 2331">
     <span class='ocr_line' id='line_1_53' title="bbox 2071 2246 3653 2331; baseline 0.004 -20"><span class='ocrx_word' id='word_1_401' title='bbox 2071 2256 2285 2311; x_wconf 87' lang='lat' dir='ltr'><strong>cemodi</strong></span> <span class='ocrx_word' id='word_1_402' title='bbox 2321 2256 2490 2310; x_wconf 87' lang='lat' dir='ltr'><strong>rebus</strong></span> <span class='ocrx_word' id='word_1_403' title='bbox 2520 2257 2828 2313; x_wconf 83' lang='lat' dir='ltr'><strong>imitatores</strong></span> <span class='ocrx_word' id='word_1_404' title='bbox 2853 2274 3121 2325; x_wconf 87' lang='lat' dir='ltr'><strong>essemus,</strong></span> <span class='ocrx_word' id='word_1_405' title='bbox 3164 2262 3320 2315; x_wconf 88' lang='lat' dir='ltr'><strong>docet</strong></span> <span class='ocrx_word' id='word_1_406' title='bbox 3369 2246 3653 2331; x_wconf 79' lang='lat' dir='ltr'><strong>Scriptura</strong></span> 
     </span>
    </p>
   </div>
   <div class='ocr_carea' id='block_1_54' title="bbox 2073 2347 3655 2422">
    <p class='ocr_par' dir='ltr' id='par_1_54' title="bbox 2073 2347 3655 2422">
     <span class='ocr_line' id='line_1_54' title="bbox 2073 2347 3655 2422; baseline 0.005 -22"><span class='ocrx_word' id='word_1_407' title='bbox 2073 2348 2301 2402; x_wconf 87' lang='lat' dir='ltr'><strong>dicens:</strong></span> <span class='ocrx_word' id='word_1_408' title='bbox 2335 2347 2702 2415; x_wconf 67' lang='lat' dir='ltr'><strong>cQuterebant</strong></span> <span class='ocrx_word' id='word_1_409' title='bbox 2726 2350 2896 2420; x_wconf 79' lang='lat' dir='ltr'><strong>igitur</strong></span> <span class='ocrx_word' id='word_1_410' title='bbox 2919 2367 3042 2405; x_wconf 89' lang='lat' dir='ltr'><strong>eum</strong></span> <span class='ocrx_word' id='word_1_411' title='bbox 3081 2354 3565 2422; x_wconf 87' lang='lat' dir='ltr'><strong>comprehendere,</strong></span> <span class='ocrx_word' id='word_1_412' title='bbox 3599 2365 3655 2408; x_wconf 88' lang='lat' dir='ltr'><strong>et</strong></span> 
     </span>
    </p>
   </div>
   <div class='ocr_carea' id='block_1_55' title="bbox 2072 2440 3651 2514">
    <p class='ocr_par' dir='ltr' id='par_1_55' title="bbox 2072 2440 3651 2514">
     <span class='ocr_line' id='line_1_55' title="bbox 2072 2440 3651 2514; baseline 0.004 -22"><span class='ocrx_word' id='word_1_413' title='bbox 2072 2440 2257 2494; x_wconf 91' lang='lat' dir='ltr'><strong>nullus</strong></span> <span class='ocrx_word' id='word_1_414' title='bbox 2303 2440 2356 2494; x_wconf 91' lang='lat' dir='ltr'><strong>in</strong></span> <span class='ocrx_word' id='word_1_415' title='bbox 2415 2455 2539 2494; x_wconf 93' lang='lat' dir='ltr'><strong>eum</strong></span> <span class='ocrx_word' id='word_1_416' title='bbox 2595 2441 2830 2510; x_wconf 87' lang='lat' dir='ltr'><strong>conjecit</strong></span> <span class='ocrx_word' id='word_1_417' title='bbox 2878 2459 3155 2509; x_wconf 88' lang='lat' dir='ltr'><strong>manum,</strong></span> <span class='ocrx_word' id='word_1_418' title='bbox 3210 2445 3356 2514; x_wconf 89' lang='lat' dir='ltr'><strong>quod</strong></span> <span class='ocrx_word' id='word_1_419' title='bbox 3412 2447 3651 2499; x_wconf 89' lang='lat' dir='ltr'><strong>nondum</strong></span> 
     </span>
    </p>
   </div>
   <div class='ocr_carea' id='block_1_56' title="bbox 2070 2533 3649 2605">
    <p class='ocr_par' dir='ltr' id='par_1_56' title="bbox 2070 2533 3649 2605">
     <span class='ocr_line' id='line_1_56' title="bbox 2070 2533 3649 2605; baseline 0.003 -21"><span class='ocrx_word' id='word_1_420' title='bbox 2070 2533 2312 2586; x_wconf 82' lang='lat' dir='ltr'><strong>venisset</strong></span> <span class='ocrx_word' id='word_1_421' title='bbox 2339 2534 2475 2587; x_wconf 76' lang='lat' dir='ltr'><strong>liora</strong></span> <span class='ocrx_word' id='word_1_422' title='bbox 2502 2533 2621 2603; x_wconf 86' lang='lat' dir='ltr'><strong>ejus</strong></span> <span class='ocrx_word' id='word_1_423' title='bbox 2646 2533 2747 2587; x_wconf 74' lang='grc'><strong>⁸⁸.»</strong></span> <span class='ocrx_word' id='word_1_424' title='bbox 2781 2533 2849 2589; x_wconf 88' lang='lat' dir='ltr'><strong>Ut</strong></span> <span class='ocrx_word' id='word_1_425' title='bbox 2878 2536 3048 2601; x_wconf 88' lang='lat' dir='ltr'><strong>enim,</strong></span> <span class='ocrx_word' id='word_1_426' title='bbox 3071 2538 3226 2605; x_wconf 81' lang='lat' dir='ltr'><strong>juxta</strong></span> <span class='ocrx_word' id='word_1_427' title='bbox 3254 2536 3398 2589; x_wconf 89' lang='lat' dir='ltr'><strong>hunc</strong></span> <span class='ocrx_word' id='word_1_428' title='bbox 3422 2546 3649 2597; x_wconf 79' lang='lat' dir='ltr'><strong>textum,</strong></span> 
     </span>
    </p>
   </div>
   <div class='ocr_carea' id='block_1_57' title="bbox 2071 2623 3650 2697">
    <p class='ocr_par' dir='ltr' id='par_1_57' title="bbox 2071 2623 3650 2697">
     <span class='ocr_line' id='line_1_57' title="bbox 2071 2623 3650 2697; baseline 0.002 -20"><span class='ocrx_word' id='word_1_429' title='bbox 2071 2623 2252 2679; x_wconf 89' lang='lat' dir='ltr'><strong>nullus</strong></span> <span class='ocrx_word' id='word_1_430' title='bbox 2283 2624 2335 2676; x_wconf 90' lang='lat' dir='ltr'><strong>in</strong></span> <span class='ocrx_word' id='word_1_431' title='bbox 2360 2639 2484 2678; x_wconf 91' lang='lat' dir='ltr'><strong>eum</strong></span> <span class='ocrx_word' id='word_1_432' title='bbox 2513 2624 2750 2693; x_wconf 87' lang='lat' dir='ltr'><strong>coniecit</strong></span> <span class='ocrx_word' id='word_1_433' title='bbox 2773 2642 3016 2689; x_wconf 86' lang='lat' dir='ltr'><strong>manum,</strong></span> <span class='ocrx_word' id='word_1_434' title='bbox 3050 2637 3373 2697; x_wconf 73' lang='lat' dir='ltr'><strong>przesentem</strong></span> <span class='ocrx_word' id='word_1_435' title='bbox 3402 2667 3418 2691; x_wconf 91' lang='lat'><strong>,</strong></span> <span class='ocrx_word' id='word_1_436' title='bbox 3448 2637 3505 2682; x_wconf 90' lang='lat' dir='ltr'><strong>et</strong></span> <span class='ocrx_word' id='word_1_437' title='bbox 3543 2643 3650 2681; x_wconf 91' lang='lat' dir='ltr'><strong>non</strong></span> 
     </span>
    </p>
   </div>
   <div class='ocr_carea' id='block_1_58' title="bbox 2069 2714 3654 2787">
    <p class='ocr_par' dir='ltr' id='par_1_58' title="bbox 2069 2714 3654 2787">
     <span class='ocr_line' id='line_1_58' title="bbox 2069 2714 3654 2787; baseline 0.003 -18"><span class='ocrx_word' id='word_1_438' title='bbox 2069 2714 2398 2785; x_wconf 75' lang='lat' dir='ltr'><strong>fugientem,</strong></span> <span class='ocrx_word' id='word_1_439' title='bbox 2441 2717 2569 2786; x_wconf 87' lang='lat' dir='ltr'><strong>quia</strong></span> <span class='ocrx_word' id='word_1_440' title='bbox 2610 2719 2844 2772; x_wconf 92' lang='lat' dir='ltr'><strong>nondum</strong></span> <span class='ocrx_word' id='word_1_441' title='bbox 2900 2719 3137 2775; x_wconf 87' lang='lat' dir='ltr'><strong>venisset</strong></span> <span class='ocrx_word' id='word_1_442' title='bbox 3178 2718 3311 2773; x_wconf 90' lang='lat' dir='ltr'><strong>hora</strong></span> <span class='ocrx_word' id='word_1_443' title='bbox 3366 2720 3512 2787; x_wconf 87' lang='lat' dir='ltr'><strong>ejus;</strong></span> <span class='ocrx_word' id='word_1_444' title='bbox 3571 2720 3654 2773; x_wconf 90' lang='lat' dir='ltr'><strong>sic</strong></span> 
     </span>
    </p>
   </div>
   <div class='ocr_carea' id='block_1_59' title="bbox 2068 2809 3652 2880">
    <p class='ocr_par' dir='ltr' id='par_1_59' title="bbox 2068 2809 3652 2880">
     <span class='ocr_line' id='line_1_59' title="bbox 2068 2809 3652 2880; baseline 0.001 -18"><span class='ocrx_word' id='word_1_445' title='bbox 2068 2809 2234 2862; x_wconf 86' lang='lat' dir='ltr'><strong>etiam</strong></span> <span class='ocrx_word' id='word_1_446' title='bbox 2287 2809 2330 2863; x_wconf 89' lang='lat' dir='ltr'><strong>si</strong></span> <span class='ocrx_word' id='word_1_447' title='bbox 2383 2824 2489 2864; x_wconf 91' lang='lat' dir='ltr'><strong>non</strong></span> <span class='ocrx_word' id='word_1_448' title='bbox 2543 2810 2867 2865; x_wconf 88' lang='lat' dir='ltr'><strong>secessisset</strong></span> <span class='ocrx_word' id='word_1_449' title='bbox 2900 2811 2952 2865; x_wconf 90' lang='lat' dir='ltr'><strong>in</strong></span> <span class='ocrx_word' id='word_1_450' title='bbox 2982 2825 3048 2865; x_wconf 93' lang='lat' dir='ltr'><strong>eo</strong></span> <span class='ocrx_word' id='word_1_451' title='bbox 3082 2822 3347 2880; x_wconf 89' lang='lat' dir='ltr'><strong>tempore,</strong></span> <span class='ocrx_word' id='word_1_452' title='bbox 3377 2826 3485 2879; x_wconf 91' lang='lat' dir='ltr'><strong>quo</strong></span> <span class='ocrx_word' id='word_1_453' title='bbox 3517 2825 3652 2865; x_wconf 89' lang='lat' dir='ltr'><strong>non-</strong></span> 
     </span>
    </p>
   </div>
   <div class='ocr_carea' id='block_1_60' title="bbox 2069 2899 3649 2974">
    <p class='ocr_par' dir='ltr' id='par_1_60' title="bbox 2069 2899 3649 2974">
     <span class='ocr_line' id='line_1_60' title="bbox 2069 2899 3649 2974; baseline 0.003 -23"><span class='ocrx_word' id='word_1_454' title='bbox 2069 2900 2195 2952; x_wconf 84' lang='lat' dir='ltr'><strong>dum</strong></span> <span class='ocrx_word' id='word_1_455' title='bbox 2224 2899 2465 2955; x_wconf 85' lang='lat' dir='ltr'><strong>instabat</strong></span> <span class='ocrx_word' id='word_1_456' title='bbox 2494 2901 2628 2955; x_wconf 86' lang='lat' dir='ltr'><strong>hora</strong></span> <span class='ocrx_word' id='word_1_457' title='bbox 2661 2902 2801 2972; x_wconf 86' lang='lat' dir='ltr'><strong>ejus,</strong></span> <span class='ocrx_word' id='word_1_458' title='bbox 2831 2917 2955 2956; x_wconf 89' lang='lat' dir='ltr'><strong>eum</strong></span> <span class='ocrx_word' id='word_1_459' title='bbox 3000 2904 3420 2974; x_wconf 87' lang='lat' dir='ltr'><strong>haudquaquam</strong></span> <span class='ocrx_word' id='word_1_460' title='bbox 3452 2903 3649 2958; x_wconf 89' lang='lat' dir='ltr'><strong>deten-</strong></span> 
     </span>
    </p>
   </div>
   <div class='ocr_carea' id='block_1_61' title="bbox 2072 2991 3653 3065">
    <p class='ocr_par' dir='ltr' id='par_1_61' title="bbox 2072 2991 3653 3065">
     <span class='ocr_line' id='line_1_61' title="bbox 2072 2991 3653 3065; baseline 0.004 -21"><span class='ocrx_word' id='word_1_461' title='bbox 2072 2991 2175 3049; x_wconf 86' lang='lat' dir='ltr'><strong>turi</strong></span> <span class='ocrx_word' id='word_1_462' title='bbox 2229 2991 2483 3059; x_wconf 79' lang='lat' dir='ltr'><strong>fuissent,</strong></span> <span class='ocrx_word' id='word_1_463' title='bbox 2531 3004 2586 3049; x_wconf 91' lang='lat' dir='ltr'><strong>et</strong></span> <span class='ocrx_word' id='word_1_464' title='bbox 2625 2995 2879 3049; x_wconf 88' lang='lat' dir='ltr'><strong>similiter</strong></span> <span class='ocrx_word' id='word_1_465' title='bbox 2926 2996 3109 3050; x_wconf 89' lang='lat' dir='ltr'><strong>nullus</strong></span> <span class='ocrx_word' id='word_1_466' title='bbox 3147 2997 3200 3050; x_wconf 92' lang='lat' dir='ltr'><strong>in</strong></span> <span class='ocrx_word' id='word_1_467' title='bbox 3246 3013 3371 3051; x_wconf 90' lang='lat' dir='ltr'><strong>eum</strong></span> <span class='ocrx_word' id='word_1_468' title='bbox 3419 2996 3653 3065; x_wconf 86' lang='lat' dir='ltr'><strong>coujecit</strong></span> 
     </span>
    </p>
   </div>
   <div class='ocr_carea' id='block_1_62' title="bbox 370 3081 1964 3176">
    <p class='ocr_par' dir='ltr' id='par_1_62' title="bbox 370 3081 1962 3162">
     <span class='ocr_line' id='line_1_62' title="bbox 370 3081 1962 3162; baseline 0.006 -27"><span class='ocrx_word' id='word_1_469' title='bbox 370 3081 467 3136; x_wconf 81' lang='grc' dir='ltr'>τοῦ</span> <span class='ocrx_word' id='word_1_470' title='bbox 516 3085 873 3156; x_wconf 78' lang='grc' dir='ltr'>ἐφεστηκέναι</span> <span class='ocrx_word' id='word_1_471' title='bbox 917 3086 1016 3159; x_wconf 84' lang='grc' dir='ltr'>τὴν</span> <span class='ocrx_word' id='word_1_472' title='bbox 1067 3086 1239 3160; x_wconf 86' lang='grc' dir='ltr'>ὥραν,</span> <span class='ocrx_word' id='word_1_473' title='bbox 1272 3088 1332 3142; x_wconf 84' lang='grc' dir='ltr'><strong>οὐ</strong></span> <span class='ocrx_word' id='word_1_474' title='bbox 1377 3089 1683 3161; x_wconf 82' lang='grc' dir='ltr'>κατέσχητο</span> <span class='ocrx_word' id='word_1_475' title='bbox 1731 3090 1831 3162; x_wconf 83' lang='grc' dir='ltr'>μὲν</span> <span class='ocrx_word' id='word_1_476' title='bbox 1875 3090 1962 3154; x_wconf 83' lang='grc' dir='ltr'><strong>ἂν,</strong></span> 
     </span>
    </p>
   </div>
   <div class='ocr_carea' id='block_1_63' title="bbox 2067 3081 3646 3176">
    <p class='ocr_par' dir='ltr' id='par_1_63' title="bbox 2071 3083 3646 3157">
     <span class='ocr_line' id='line_1_63' title="bbox 2071 3083 3646 3157; baseline 0.005 -22"><span class='ocrx_word' id='word_1_477' title='bbox 2071 3097 2318 3141; x_wconf 89' lang='lat' dir='ltr'><strong>manum.</strong></span> <span class='ocrx_word' id='word_1_478' title='bbox 2372 3083 2642 3150; x_wconf 85' lang='lat' dir='ltr'><strong>Quocirca</strong></span> <span class='ocrx_word' id='word_1_479' title='bbox 2692 3086 3103 3157; x_wconf 81' lang='lat' dir='ltr'><strong>intelligendum</strong></span> <span class='ocrx_word' id='word_1_480' title='bbox 3148 3097 3231 3143; x_wconf 88' lang='lat' dir='ltr'><strong>est</strong></span> <span class='ocrx_word' id='word_1_481' title='bbox 3276 3103 3384 3143; x_wconf 92' lang='lat' dir='ltr'><strong>non</strong></span> <span class='ocrx_word' id='word_1_482' title='bbox 3435 3099 3646 3144; x_wconf 86' lang='lat' dir='ltr'><strong>tantum</strong></span> 
     </span>
    </p>
   </div>
   <div class='ocr_carea' id='block_1_64' title="bbox 371 3178 1962 3255">
    <p class='ocr_par' dir='ltr' id='par_1_64' title="bbox 371 3178 1962 3255">
     <span class='ocr_line' id='line_1_64' title="bbox 371 3178 1962 3255; baseline 0.003 -24"><span class='ocrx_word' id='word_1_483' title='bbox 371 3178 521 3248; x_wconf 84' lang='grc' dir='ltr'>ὅμως</span> <span class='ocrx_word' id='word_1_484' title='bbox 554 3179 610 3233; x_wconf 87' lang='grc' dir='ltr'>δὲ</span> <span class='ocrx_word' id='word_1_485' title='bbox 635 3180 735 3233; x_wconf 77' lang='grc' dir='ltr'><strong>οὐκ</strong></span> <span class='ocrx_word' id='word_1_486' title='bbox 767 3179 1031 3235; x_wconf 74' lang='grc' dir='ltr'>ἐπέϐαλεν</span> <span class='ocrx_word' id='word_1_487' title='bbox 1060 3180 1209 3253; x_wconf 82' lang='grc' dir='ltr'>αὐτῷ</span> <span class='ocrx_word' id='word_1_488' title='bbox 1235 3178 1410 3246; x_wconf 74' lang='grc' dir='ltr'>οὐδεὶς</span> <span class='ocrx_word' id='word_1_489' title='bbox 1435 3183 1536 3255; x_wconf 78' lang='grc' dir='ltr'><strong>τήν</strong></span> <span class='ocrx_word' id='word_1_490' title='bbox 1566 3186 1745 3254; x_wconf 87' lang='grc' dir='ltr'>χεῖρα.</span> <span class='ocrx_word' id='word_1_491' title='bbox 1763 3182 1962 3255; x_wconf 86' lang='grc' dir='ltr'>Διόπερ</span> 
     </span>
    </p>
   </div>
   <div class='ocr_carea' id='block_1_65' title="bbox 372 3266 1962 3346">
    <p class='ocr_par' dir='ltr' id='par_1_65' title="bbox 372 3266 1962 3346">
     <span class='ocr_line' id='line_1_65' title="bbox 372 3266 1962 3346; baseline 0.004 -24"><span class='ocrx_word' id='word_1_492' title='bbox 372 3266 487 3339; x_wconf 74' lang='grc'><strong>(61)</strong></span> <span class='ocrx_word' id='word_1_493' title='bbox 519 3270 814 3323; x_wconf 79' lang='grc' dir='ltr'>ἀκουστέον</span> <span class='ocrx_word' id='word_1_494' title='bbox 836 3272 896 3324; x_wconf 83' lang='grc' dir='ltr'><strong>οὐ</strong></span> <span class='ocrx_word' id='word_1_495' title='bbox 932 3271 1092 3343; x_wconf 89' lang='grc' dir='ltr'>μόνον</span> <span class='ocrx_word' id='word_1_496' title='bbox 1119 3270 1239 3338; x_wconf 81' lang='grc' dir='ltr'>τοῦ,</span> <span class='ocrx_word' id='word_1_497' title='bbox 1292 3292 1311 3325; x_wconf 81' lang='grc' dir='ltr'><strong>ι</strong></span> <span class='ocrx_word' id='word_1_498' title='bbox 1360 3273 1487 3327; x_wconf 85' lang='grc' dir='ltr'><strong>Ἐἀν</strong></span> <span class='ocrx_word' id='word_1_499' title='bbox 1514 3273 1784 3329; x_wconf 86' lang='grc' dir='ltr'>διώκωσιν</span> <span class='ocrx_word' id='word_1_500' title='bbox 1817 3276 1962 3346; x_wconf 82' lang='grc' dir='ltr'>ὑμᾶς</span> 
     </span>
    </p>
   </div>
   <div class='ocr_carea' id='block_1_66' title="bbox 372 3361 1961 3440">
    <p class='ocr_par' dir='ltr' id='par_1_66' title="bbox 372 3361 1961 3440">
     <span class='ocr_line' id='line_1_66' title="bbox 372 3361 1961 3440; baseline 0.004 -27"><span class='ocrx_word' id='word_1_501' title='bbox 372 3361 432 3413; x_wconf 82' lang='grc' dir='ltr'><strong>ἐν</strong></span> <span class='ocrx_word' id='word_1_502' title='bbox 454 3364 520 3434; x_wconf 78' lang='grc' dir='ltr'>τῇ</span> <span class='ocrx_word' id='word_1_503' title='bbox 554 3362 705 3416; x_wconf 90' lang='grc' dir='ltr'>πόλει</span> <span class='ocrx_word' id='word_1_504' title='bbox 738 3363 933 3436; x_wconf 83' lang='grc' dir='ltr'>ταύτῃ,</span> <span class='ocrx_word' id='word_1_505' title='bbox 961 3362 1194 3433; x_wconf 80' lang='grc' dir='ltr'>φεύγετε</span> <span class='ocrx_word' id='word_1_506' title='bbox 1230 3367 1311 3429; x_wconf 89' lang='grc' dir='ltr'><strong>είς</strong></span> <span class='ocrx_word' id='word_1_507' title='bbox 1333 3363 1432 3436; x_wconf 80' lang='grc' dir='ltr'>τὴν</span> <span class='ocrx_word' id='word_1_508' title='bbox 1457 3365 1675 3440; x_wconf 83' lang='grc' dir='ltr'>ἑτέραν,</span> <span class='ocrx_word' id='word_1_509' title='bbox 1699 3387 1715 3418; x_wconf 77' lang='grc' dir='ltr'><strong>ι</strong></span> <span class='ocrx_word' id='word_1_510' title='bbox 1735 3366 1961 3420; x_wconf 78' lang='grc' dir='ltr'>καὶτῶν</span> 
     </span>
    </p>
   </div>
   <div class='ocr_carea' id='block_1_67' title="bbox 374 3454 1960 3529">
    <p class='ocr_par' dir='ltr' id='par_1_67' title="bbox 374 3454 1960 3529">
     <span class='ocr_line' id='line_1_67' title="bbox 374 3454 1960 3529; baseline 0.005 -22"><span class='ocrx_word' id='word_1_511' title='bbox 374 3454 522 3526; x_wconf 79' lang='grc' dir='ltr'>ἑξῆς,</span> <span class='ocrx_word' id='word_1_512' title='bbox 558 3454 694 3509; x_wconf 88' lang='grc' dir='ltr'><strong>ἀλλά</strong></span> <span class='ocrx_word' id='word_1_513' title='bbox 720 3456 815 3510; x_wconf 74' lang='grc' dir='ltr'>καὶ</span> <span class='ocrx_word' id='word_1_514' title='bbox 840 3457 922 3510; x_wconf 84' lang='grc' dir='ltr'>ὃτι</span> <span class='ocrx_word' id='word_1_515' title='bbox 950 3455 1117 3529; x_wconf 89' lang='grc' dir='ltr'>ήνίκα</span> <span class='ocrx_word' id='word_1_516' title='bbox 1151 3455 1662 3525; x_wconf 77' lang='grc' dir='ltr'>συνεϐουλεύσαντο,</span> <span class='ocrx_word' id='word_1_517' title='bbox 1702 3460 1792 3515; x_wconf 83' lang='grc' dir='ltr'><strong>ἵνα</strong></span> <span class='ocrx_word' id='word_1_518' title='bbox 1822 3461 1960 3515; x_wconf 90' lang='grc' dir='ltr'>ἀπο-</span> 
     </span>
    </p>
   </div>
   <div class='ocr_carea' id='block_1_68' title="bbox 289 3545 1956 3623">
    <p class='ocr_par' dir='ltr' id='par_1_68' title="bbox 289 3545 1956 3623">
     <span class='ocr_line' id='line_1_68' title="bbox 289 3545 1956 3623; baseline 0.005 -25"><span class='ocrx_word' id='word_1_519' title='bbox 289 3555 293 3560; x_wconf 86' lang='grc'><strong>”</strong></span> <span class='ocrx_word' id='word_1_520' title='bbox 372 3545 626 3601; x_wconf 86' lang='grc' dir='ltr'>κτείνωσι</span> <span class='ocrx_word' id='word_1_521' title='bbox 659 3545 753 3599; x_wconf 83' lang='grc' dir='ltr'><strong>τὸν</strong></span> <span class='ocrx_word' id='word_1_522' title='bbox 795 3545 1007 3618; x_wconf 80' lang='grc' dir='ltr'>Ἰησοῦν</span> <span class='ocrx_word' id='word_1_523' title='bbox 1050 3549 1099 3600; x_wconf 78' lang='lat' dir='ltr'><strong>oi</strong></span> <span class='ocrx_word' id='word_1_524' title='bbox 1138 3548 1418 3620; x_wconf 85' lang='grc' dir='ltr'>ἀρχιερεῖς</span> <span class='ocrx_word' id='word_1_525' title='bbox 1449 3550 1543 3603; x_wconf 78' lang='grc' dir='ltr'>καὶ</span> <span class='ocrx_word' id='word_1_526' title='bbox 1572 3553 1621 3603; x_wconf 81' lang='lat' dir='ltr'><strong>oi</strong></span> <span class='ocrx_word' id='word_1_527' title='bbox 1650 3552 1956 3623; x_wconf 81' lang='grc' dir='ltr'>Φαρισαῖοι,</span> 
     </span>
    </p>
   </div>
   <div class='ocr_carea' id='block_1_69' title="bbox 367 3637 1959 3713">
    <p class='ocr_par' dir='ltr' id='par_1_69' title="bbox 367 3637 1959 3713">
     <span class='ocr_line' id='line_1_69' title="bbox 367 3637 1959 3713; baseline 0.003 -21"><span class='ocrx_word' id='word_1_528' title='bbox 367 3638 431 3692; x_wconf 84' lang='grc' dir='ltr'><strong>τὸ</strong></span> <span class='ocrx_word' id='word_1_529' title='bbox 458 3638 770 3707; x_wconf 79' lang='grc' dir='ltr'>εὐλόγιστον</span> <span class='ocrx_word' id='word_1_530' title='bbox 812 3637 1018 3709; x_wconf 84' lang='grc' dir='ltr'>τηρῶν,</span> <span class='ocrx_word' id='word_1_531' title='bbox 1073 3639 1259 3692; x_wconf 80' lang='grc' dir='ltr'>οὐκέτι</span> <span class='ocrx_word' id='word_1_532' title='bbox 1311 3641 1597 3712; x_wconf 74' lang='grc' dir='ltr'>παρρησίᾳ</span> <span class='ocrx_word' id='word_1_533' title='bbox 1635 3643 1959 3713; x_wconf 85' lang='grc' dir='ltr'>περιεπάτει</span> 
     </span>
    </p>
   </div>
   <div class='ocr_carea' id='block_1_70' title="bbox 369 3724 1958 3800">
    <p class='ocr_par' dir='ltr' id='par_1_70' title="bbox 369 3724 1958 3800">
     <span class='ocr_line' id='line_1_70' title="bbox 369 3724 1958 3800; baseline 0.007 -25"><span class='ocrx_word' id='word_1_534' title='bbox 369 3725 431 3776; x_wconf 88' lang='grc' dir='ltr'><strong>ἐν</strong></span> <span class='ocrx_word' id='word_1_535' title='bbox 472 3726 586 3788; x_wconf 87' lang='grc' dir='ltr'>τοῖς</span> <span class='ocrx_word' id='word_1_536' title='bbox 655 3724 948 3789; x_wconf 65' lang='grc' dir='ltr'>Ἰουδαίοις</span> <span class='ocrx_word' id='word_1_537' title='bbox 1013 3725 1131 3779; x_wconf 83' lang='grc' dir='ltr'>ἀλλ’</span> <span class='ocrx_word' id='word_1_538' title='bbox 1168 3726 1291 3779; x_wconf 86' lang='grc' dir='ltr'><strong>ούδέ</strong></span> <span class='ocrx_word' id='word_1_539' title='bbox 1331 3730 1412 3790; x_wconf 86' lang='grc' dir='ltr'><strong>είς</strong></span> <span class='ocrx_word' id='word_1_540' title='bbox 1440 3728 1608 3800; x_wconf 80' lang='grc' dir='ltr'>ἄλλην</span> <span class='ocrx_word' id='word_1_541' title='bbox 1662 3731 1817 3785; x_wconf 87' lang='grc' dir='ltr'>πόλιν</span> <span class='ocrx_word' id='word_1_542' title='bbox 1860 3734 1958 3786; x_wconf 92' lang='grc' dir='ltr'>ἀν-</span> 
     </span>
    </p>
   </div>
   <div class='ocr_carea' id='block_1_71' title="bbox 370 3813 1958 3896">
    <p class='ocr_par' dir='ltr' id='par_1_71' title="bbox 370 3813 1958 3896">
     <span class='ocr_line' id='line_1_71' title="bbox 370 3813 1958 3896; baseline 0.006 -27"><span class='ocrx_word' id='word_1_543' title='bbox 370 3813 652 3886; x_wconf 78' lang='grc' dir='ltr'>εχώρησεν</span> <span class='ocrx_word' id='word_1_544' title='bbox 679 3815 853 3885; x_wconf 77' lang='grc' dir='ltr'>ὄχλων</span> <span class='ocrx_word' id='word_1_545' title='bbox 879 3816 1344 3890; x_wconf 81' lang='grc' dir='ltr'>πεπληρωμένην,</span> <span class='ocrx_word' id='word_1_546' title='bbox 1368 3819 1504 3875; x_wconf 87' lang='grc' dir='ltr'>ἀλλά</span> <span class='ocrx_word' id='word_1_547' title='bbox 1526 3838 1648 3875; x_wconf 87' lang='grc' dir='ltr'>τινα</span> <span class='ocrx_word' id='word_1_548' title='bbox 1673 3823 1925 3896; x_wconf 90' lang='grc' dir='ltr'>ἀνακεχω</span> <span class='ocrx_word' id='word_1_549' title='bbox 1942 3855 1958 3866; x_wconf 68' lang='grc' dir='ltr'><em>ι</em></span> 
     </span>
    </p>
   </div>
   <div class='ocr_carea' id='block_1_72' title="bbox 373 3906 1956 3983">
    <p class='ocr_par' dir='ltr' id='par_1_72' title="bbox 373 3906 1956 3983">
     <span class='ocr_line' id='line_1_72' title="bbox 373 3906 1956 3983; baseline 0.007 -24"><span class='ocrx_word' id='word_1_550' title='bbox 373 3909 638 3980; x_wconf 78' lang='grc' dir='ltr'>ρηκυῖαν⁶</span> <span class='ocrx_word' id='word_1_551' title='bbox 686 3906 997 3980; x_wconf 80' lang='grc' dir='ltr'>γέγραπται</span> <span class='ocrx_word' id='word_1_552' title='bbox 1039 3909 1182 3980; x_wconf 87' lang='grc' dir='ltr'>γάρ·</span> <span class='ocrx_word' id='word_1_553' title='bbox 1217 3929 1236 3962; x_wconf 80' lang='grc' dir='ltr'><strong>ι</strong></span> <span class='ocrx_word' id='word_1_554' title='bbox 1284 3911 1342 3964; x_wconf 88' lang='grc' dir='ltr'>Ὁ</span> <span class='ocrx_word' id='word_1_555' title='bbox 1383 3907 1476 3965; x_wconf 82' lang='grc' dir='ltr'><strong>οὖν</strong></span> <span class='ocrx_word' id='word_1_556' title='bbox 1520 3913 1727 3983; x_wconf 81' lang='grc' dir='ltr'>Ἰησοῦς</span> <span class='ocrx_word' id='word_1_557' title='bbox 1774 3916 1956 3970; x_wconf 83' lang='grc' dir='ltr'>οὐκέτι</span> 
     </span>
    </p>
   </div>
   <div class='ocr_carea' id='block_1_73' title="bbox 370 3994 1957 4080">
    <p class='ocr_par' dir='ltr' id='par_1_73' title="bbox 370 3994 1957 4080">
     <span class='ocr_line' id='line_1_73' title="bbox 370 3994 1957 4080; baseline 0.005 -27"><span class='ocrx_word' id='word_1_558' title='bbox 370 3999 659 4072; x_wconf 75' lang='grc' dir='ltr'>παρρησίᾳ</span> <span class='ocrx_word' id='word_1_559' title='bbox 684 4001 1005 4072; x_wconf 83' lang='grc' dir='ltr'>περιεπάτει</span> <span class='ocrx_word' id='word_1_560' title='bbox 1032 4003 1091 4054; x_wconf 88' lang='grc' dir='ltr'>ὲν</span> <span class='ocrx_word' id='word_1_561' title='bbox 1118 4005 1232 4066; x_wconf 84' lang='grc' dir='ltr'>τοῖς</span> <span class='ocrx_word' id='word_1_562' title='bbox 1277 4002 1573 4070; x_wconf 85' lang='grc' dir='ltr'>Ἰουδαίοις,</span> <span class='ocrx_word' id='word_1_563' title='bbox 1618 3994 1755 4060; x_wconf 84' lang='grc' dir='ltr'><strong>ἀλλά</strong></span> <span class='ocrx_word' id='word_1_564' title='bbox 1782 4008 1957 4080; x_wconf 84' lang='grc' dir='ltr'>ἀπῆλ-</span> 
     </span>
    </p>
   </div>
   <div class='ocr_carea' id='block_1_74' title="bbox 368 4091 1956 4171">
    <p class='ocr_par' dir='ltr' id='par_1_74' title="bbox 368 4091 1956 4171">
     <span class='ocr_line' id='line_1_74' title="bbox 368 4091 1956 4171; baseline 0.005 -24"><span class='ocrx_word' id='word_1_565' title='bbox 368 4092 462 4148; x_wconf 77' lang='grc' dir='ltr'><strong>θεν</strong></span> <span class='ocrx_word' id='word_1_566' title='bbox 495 4091 704 4146; x_wconf 88' lang='grc' dir='ltr'>ἐκεῖθεν</span> <span class='ocrx_word' id='word_1_567' title='bbox 742 4093 824 4156; x_wconf 87' lang='grc' dir='ltr'><strong>είς</strong></span> <span class='ocrx_word' id='word_1_568' title='bbox 855 4091 955 4164; x_wconf 84' lang='grc' dir='ltr'><strong>τὴν</strong></span> <span class='ocrx_word' id='word_1_569' title='bbox 1006 4093 1191 4165; x_wconf 86' lang='grc' dir='ltr'>χώραν</span> <span class='ocrx_word' id='word_1_570' title='bbox 1239 4095 1410 4166; x_wconf 80' lang='grc' dir='ltr'>ἐγγὺς</span> <span class='ocrx_word' id='word_1_571' title='bbox 1455 4097 1555 4169; x_wconf 85' lang='grc' dir='ltr'>τῆς</span> <span class='ocrx_word' id='word_1_572' title='bbox 1597 4099 1830 4171; x_wconf 86' lang='grc' dir='ltr'>ἐρήμου,</span> <span class='ocrx_word' id='word_1_573' title='bbox 1875 4104 1956 4166; x_wconf 83' lang='grc' dir='ltr'><strong>είς</strong></span> 
     </span>
    </p>
   </div>
   <div class='ocr_carea' id='block_1_75' title="bbox 381 4187 1958 4265">
    <p class='ocr_par' dir='ltr' id='par_1_75' title="bbox 381 4187 1958 4265">
     <span class='ocr_line' id='line_1_75' title="bbox 381 4187 1958 4265; baseline 0.007 -24"><span class='ocrx_word' id='word_1_574' title='bbox 381 4187 622 4260; x_wconf 77' lang='grc' dir='ltr'>Ἐφραῖμ</span> <span class='ocrx_word' id='word_1_575' title='bbox 654 4187 954 4260; x_wconf 83' lang='grc' dir='ltr'>λεγομένην</span> <span class='ocrx_word' id='word_1_576' title='bbox 995 4189 1169 4244; x_wconf 91' lang='grc' dir='ltr'>πόλιν.</span> <span class='ocrx_word' id='word_1_577' title='bbox 1213 4210 1232 4242; x_wconf 73' lang='grc' dir='ltr'><strong>ι</strong></span> <span class='ocrx_word' id='word_1_578' title='bbox 1280 4193 1391 4246; x_wconf 74' lang='grc' dir='ltr'><strong>Καὶ</strong></span> <span class='ocrx_word' id='word_1_579' title='bbox 1429 4193 1491 4246; x_wconf 87' lang='grc' dir='ltr'><strong>ού</strong></span> <span class='ocrx_word' id='word_1_580' title='bbox 1539 4194 1698 4265; x_wconf 86' lang='grc' dir='ltr'>μόνος</span> <span class='ocrx_word' id='word_1_581' title='bbox 1729 4212 1791 4265; x_wconf 87' lang='grc' dir='ltr'><strong>γε</strong></span> <span class='ocrx_word' id='word_1_582' title='bbox 1839 4198 1958 4252; x_wconf 86' lang='grc' dir='ltr'>ἐκεῖ</span> 
     </span>
    </p>
   </div>
   <div class='ocr_carea' id='block_1_76' title="bbox 369 4278 1954 4359">
    <p class='ocr_par' dir='ltr' id='par_1_76' title="bbox 369 4278 1954 4359">
     <span class='ocr_line' id='line_1_76' title="bbox 369 4278 1954 4359; baseline 0.006 -28"><span class='ocrx_word' id='word_1_583' title='bbox 369 4278 728 4351; x_wconf 86' lang='grc' dir='ltr'>ἀπελήλυθεν,</span> <span class='ocrx_word' id='word_1_584' title='bbox 762 4278 897 4332; x_wconf 85' lang='grc' dir='ltr'><strong>ἀλλά</strong></span> <span class='ocrx_word' id='word_1_585' title='bbox 929 4280 1199 4352; x_wconf 86' lang='grc' dir='ltr'>μηδεμίαν</span> <span class='ocrx_word' id='word_1_586' title='bbox 1221 4282 1478 4356; x_wconf 83' lang='grc' dir='ltr'>ἀφορμὴν</span> <span class='ocrx_word' id='word_1_587' title='bbox 1508 4283 1687 4348; x_wconf 81' lang='grc' dir='ltr'>διδοὺς</span> <span class='ocrx_word' id='word_1_588' title='bbox 1714 4289 1830 4351; x_wconf 83' lang='grc' dir='ltr'>τοῖς</span> <span class='ocrx_word' id='word_1_589' title='bbox 1856 4287 1954 4359; x_wconf 82' lang='grc' dir='ltr'><strong>ζη-</strong></span> 
     </span>
    </p>
   </div>
   <div class='ocr_carea' id='block_1_77' title="bbox 365 4369 1953 4450">
    <p class='ocr_par' dir='ltr' id='par_1_77' title="bbox 365 4369 1953 4450">
     <span class='ocr_line' id='line_1_77' title="bbox 365 4369 1953 4450; baseline 0.006 -27"><span class='ocrx_word' id='word_1_590' title='bbox 365 4369 551 4424; x_wconf 76' lang='grc' dir='ltr'>τοῦσιν</span> <span class='ocrx_word' id='word_1_591' title='bbox 571 4369 753 4433; x_wconf 79' lang='grc' dir='ltr'>αὐτὸν,</span> <span class='ocrx_word' id='word_1_592' title='bbox 789 4370 886 4424; x_wconf 78' lang='grc' dir='ltr'>καὶ</span> <span class='ocrx_word' id='word_1_593' title='bbox 928 4371 1055 4437; x_wconf 83' lang='grc' dir='ltr'>τοὺς</span> <span class='ocrx_word' id='word_1_594' title='bbox 1091 4371 1342 4444; x_wconf 82' lang='grc' dir='ltr'>μαθητὰς</span> <span class='ocrx_word' id='word_1_595' title='bbox 1375 4373 1495 4445; x_wconf 86' lang='grc' dir='ltr'>μεθ’</span> <span class='ocrx_word' id='word_1_596' title='bbox 1529 4375 1723 4429; x_wconf 80' lang='grc' dir='ltr'>ἑαυτοῦ</span> <span class='ocrx_word' id='word_1_597' title='bbox 1760 4378 1953 4450; x_wconf 87' lang='grc' dir='ltr'>παρεί-</span> 
     </span>
    </p>
   </div>
   <div class='ocr_carea' id='block_1_78' title="bbox 2068 3172 3647 3246">
    <p class='ocr_par' dir='ltr' id='par_1_78' title="bbox 2068 3172 3647 3246">
     <span class='ocr_line' id='line_1_78' title="bbox 2068 3172 3647 3246; baseline 0.005 -21"><span class='ocrx_word' id='word_1_598' title='bbox 2068 3173 2197 3227; x_wconf 88' lang='lat' dir='ltr'><strong>illud</strong></span> <span class='ocrx_word' id='word_1_599' title='bbox 2230 3174 2316 3229; x_wconf 73' lang='grc' dir='ltr'><strong>’σε</strong></span> <span class='ocrx_word' id='word_1_600' title='bbox 2355 3192 2376 3226; x_wconf 76' lang='grc' dir='ltr'><strong>ι</strong></span> <span class='ocrx_word' id='word_1_601' title='bbox 2407 3173 2462 3228; x_wconf 90' lang='lat' dir='ltr'><strong>Si</strong></span> <span class='ocrx_word' id='word_1_602' title='bbox 2504 3172 2778 3245; x_wconf 75' lang='lat' dir='ltr'><strong>persecuti</strong></span> <span class='ocrx_word' id='word_1_603' title='bbox 2812 3191 2907 3231; x_wconf 86' lang='lat' dir='ltr'><strong>vos</strong></span> <span class='ocrx_word' id='word_1_604' title='bbox 2946 3177 3146 3231; x_wconf 81' lang='lat' dir='ltr'><strong>fuerint</strong></span> <span class='ocrx_word' id='word_1_605' title='bbox 3188 3178 3240 3231; x_wconf 91' lang='lat' dir='ltr'><strong>in</strong></span> <span class='ocrx_word' id='word_1_606' title='bbox 3274 3193 3375 3231; x_wconf 90' lang='lat' dir='ltr'><strong>una</strong></span> <span class='ocrx_word' id='word_1_607' title='bbox 3405 3179 3647 3246; x_wconf 81' lang='lat' dir='ltr'><strong>civitate,</strong></span> 
     </span>
    </p>
   </div>
   <div class='ocr_carea' id='block_1_79' title="bbox 2064 3262 3647 3338">
    <p class='ocr_par' dir='ltr' id='par_1_79' title="bbox 2064 3262 3647 3338">
     <span class='ocr_line' id='line_1_79' title="bbox 2064 3262 3647 3338; baseline 0.003 -19"><span class='ocrx_word' id='word_1_608' title='bbox 2064 3262 2233 3335; x_wconf 79' lang='lat' dir='ltr'><strong>fugite</strong></span> <span class='ocrx_word' id='word_1_609' title='bbox 2268 3267 2334 3319; x_wconf 88' lang='lat' dir='ltr'><strong>ad</strong></span> <span class='ocrx_word' id='word_1_610' title='bbox 2368 3266 2599 3334; x_wconf 51' lang='lat' dir='ltr'><strong>aliam.)</strong></span> <span class='ocrx_word' id='word_1_611' title='bbox 2634 3276 2690 3321; x_wconf 89' lang='lat' dir='ltr'><strong>et</strong></span> <span class='ocrx_word' id='word_1_612' title='bbox 2716 3282 2780 3320; x_wconf 90' lang='lat' dir='ltr'><strong>ca</strong></span> <span class='ocrx_word' id='word_1_613' title='bbox 2814 3283 2935 3337; x_wconf 76' lang='lat' dir='ltr'><strong>quae</strong></span> <span class='ocrx_word' id='word_1_614' title='bbox 2966 3278 3300 3338; x_wconf 79' lang='lat' dir='ltr'><strong>sequuntur;</strong></span> <span class='ocrx_word' id='word_1_615' title='bbox 3339 3270 3431 3323; x_wconf 92' lang='lat' dir='ltr'><strong>sed</strong></span> <span class='ocrx_word' id='word_1_616' title='bbox 3478 3271 3647 3324; x_wconf 83' lang='lat' dir='ltr'><strong>etiam</strong></span> 
     </span>
    </p>
   </div>
   <div class='ocr_carea' id='block_1_80' title="bbox 2065 3358 3649 3430">
    <p class='ocr_par' dir='ltr' id='par_1_80' title="bbox 2065 3358 3649 3430">
     <span class='ocr_line' id='line_1_80' title="bbox 2065 3358 3649 3430; baseline 0.004 -20"><span class='ocrx_word' id='word_1_617' title='bbox 2065 3358 2188 3421; x_wconf 89' lang='lat' dir='ltr'><strong>hoc,</strong></span> <span class='ocrx_word' id='word_1_618' title='bbox 2215 3358 2360 3426; x_wconf 90' lang='lat' dir='ltr'><strong>quod</strong></span> <span class='ocrx_word' id='word_1_619' title='bbox 2389 3362 2607 3427; x_wconf 83' lang='lat' dir='ltr'><strong>quando</strong></span> <span class='ocrx_word' id='word_1_620' title='bbox 2655 3375 2758 3412; x_wconf 87' lang='lat' dir='ltr'><strong>una</strong></span> <span class='ocrx_word' id='word_1_621' title='bbox 2796 3359 3246 3414; x_wconf 84' lang='lat' dir='ltr'><strong>consultaverunt</strong></span> <span class='ocrx_word' id='word_1_622' title='bbox 3274 3362 3561 3430; x_wconf 85' lang='lat' dir='ltr'><strong>pontiﬁces</strong></span> <span class='ocrx_word' id='word_1_623' title='bbox 3592 3374 3649 3416; x_wconf 85' lang='lat' dir='ltr'><strong>et</strong></span> 
     </span>
    </p>
   </div>
   <div class='ocr_carea' id='block_1_81' title="bbox 2064 3446 3644 3519">
    <p class='ocr_par' dir='ltr' id='par_1_81' title="bbox 2064 3446 3644 3519">
     <span class='ocr_line' id='line_1_81' title="bbox 2064 3446 3644 3519; baseline 0.003 -17"><span class='ocrx_word' id='word_1_624' title='bbox 2064 3446 2327 3505; x_wconf 69' lang='lat' dir='ltr'><strong>Pharisaei</strong></span> <span class='ocrx_word' id='word_1_625' title='bbox 2369 3460 2429 3504; x_wconf 92' lang='lat' dir='ltr'><strong>ut</strong></span> <span class='ocrx_word' id='word_1_626' title='bbox 2469 3447 2657 3504; x_wconf 78' lang='lat' dir='ltr'><strong>Jesum</strong></span> <span class='ocrx_word' id='word_1_627' title='bbox 2691 3449 3067 3505; x_wconf 78' lang='lat' dir='ltr'><strong>interficerent</strong></span> <span class='ocrx_word' id='word_1_628' title='bbox 3095 3490 3111 3515; x_wconf 97' lang='lat'><strong>,</strong></span> <span class='ocrx_word' id='word_1_629' title='bbox 3163 3450 3215 3505; x_wconf 88' lang='lat' dir='ltr'><strong>id</strong></span> <span class='ocrx_word' id='word_1_630' title='bbox 3260 3452 3403 3519; x_wconf 91' lang='lat' dir='ltr'><strong>quod</strong></span> <span class='ocrx_word' id='word_1_631' title='bbox 3449 3451 3644 3507; x_wconf 87' lang='lat' dir='ltr'><strong>rationi</strong></span> 
     </span>
    </p>
   </div>
   <div class='ocr_carea' id='block_1_82' title="bbox 2062 3541 3643 3607">
    <p class='ocr_par' dir='ltr' id='par_1_82' title="bbox 2062 3541 3643 3607">
     <span class='ocr_line' id='line_1_82' title="bbox 2062 3541 3643 3607; baseline 0.001 -14"><span class='ocrx_word' id='word_1_632' title='bbox 2062 3551 2184 3594; x_wconf 87' lang='lat' dir='ltr'><strong>erat</strong></span> <span class='ocrx_word' id='word_1_633' title='bbox 2218 3541 2454 3595; x_wconf 81' lang='lat' dir='ltr'><strong>maxime</strong></span> <span class='ocrx_word' id='word_1_634' title='bbox 2482 3551 2912 3596; x_wconf 89' lang='lat' dir='ltr'><strong>consentaneum</strong></span> <span class='ocrx_word' id='word_1_635' title='bbox 2946 3556 3172 3596; x_wconf 89' lang='lat' dir='ltr'><strong>servans</strong></span> <span class='ocrx_word' id='word_1_636' title='bbox 3194 3583 3209 3607; x_wconf 98' lang='lat'><strong>,</strong></span> <span class='ocrx_word' id='word_1_637' title='bbox 3244 3542 3508 3597; x_wconf 79' lang='lat' dir='ltr'><strong>Servator</strong></span> <span class='ocrx_word' id='word_1_638' title='bbox 3536 3558 3643 3597; x_wconf 92' lang='lat' dir='ltr'><strong>non</strong></span> 
     </span>
    </p>
   </div>
   <div class='ocr_carea' id='block_1_83' title="bbox 2062 3631 3642 3703">
    <p class='ocr_par' dir='ltr' id='par_1_83' title="bbox 2062 3631 3642 3703">
     <span class='ocr_line' id='line_1_83' title="bbox 2062 3631 3642 3703; baseline 0.001 -17"><span class='ocrx_word' id='word_1_639' title='bbox 2062 3633 2301 3702; x_wconf 85' lang='lat' dir='ltr'><strong>amplius</strong></span> <span class='ocrx_word' id='word_1_640' title='bbox 2327 3633 2631 3703; x_wconf 79' lang='lat' dir='ltr'><strong>propalam</strong></span> <span class='ocrx_word' id='word_1_641' title='bbox 2662 3631 2983 3688; x_wconf 85' lang='lat' dir='ltr'><strong>ambulabat</strong></span> <span class='ocrx_word' id='word_1_642' title='bbox 3044 3635 3188 3688; x_wconf 87' lang='lat' dir='ltr'><strong>inter</strong></span> <span class='ocrx_word' id='word_1_643' title='bbox 3241 3631 3496 3699; x_wconf 72' lang='lat' dir='ltr'><strong>Judazos;</strong></span> <span class='ocrx_word' id='word_1_644' title='bbox 3546 3636 3642 3688; x_wconf 91' lang='lat' dir='ltr'><strong>sed</strong></span> 
     </span>
    </p>
   </div>
   <div class='ocr_carea' id='block_1_84' title="bbox 2063 3725 3643 3796">
    <p class='ocr_par' dir='ltr' id='par_1_84' title="bbox 2063 3725 3643 3796">
     <span class='ocr_line' id='line_1_84' title="bbox 2063 3725 3643 3796; baseline 0.001 -15"><span class='ocrx_word' id='word_1_645' title='bbox 2063 3739 2241 3795; x_wconf 85' lang='lat' dir='ltr'><strong>neque</strong></span> <span class='ocrx_word' id='word_1_646' title='bbox 2292 3727 2345 3780; x_wconf 93' lang='lat' dir='ltr'><strong>in</strong></span> <span class='ocrx_word' id='word_1_647' title='bbox 2379 3726 2541 3780; x_wconf 90' lang='lat' dir='ltr'><strong>aliam</strong></span> <span class='ocrx_word' id='word_1_648' title='bbox 2576 3725 2767 3780; x_wconf 90' lang='lat' dir='ltr'><strong>urbem</strong></span> <span class='ocrx_word' id='word_1_649' title='bbox 2807 3726 3035 3781; x_wconf 90' lang='lat' dir='ltr'><strong>secessit</strong></span> <span class='ocrx_word' id='word_1_650' title='bbox 3066 3727 3241 3781; x_wconf 87' lang='lat' dir='ltr'><strong>turbis</strong></span> <span class='ocrx_word' id='word_1_651' title='bbox 3278 3726 3510 3796; x_wconf 88' lang='lat' dir='ltr'><strong>plenam,</strong></span> <span class='ocrx_word' id='word_1_652' title='bbox 3548 3728 3643 3782; x_wconf 82' lang='lat' dir='ltr'><strong>sed</strong></span> 
     </span>
    </p>
   </div>
   <div class='ocr_carea' id='block_1_85' title="bbox 2061 3815 3636 3887">
    <p class='ocr_par' dir='ltr' id='par_1_85' title="bbox 2061 3815 3636 3887">
     <span class='ocr_line' id='line_1_85' title="bbox 2061 3815 3636 3887; baseline 0.001 -17"><span class='ocrx_word' id='word_1_653' title='bbox 2061 3815 2114 3870; x_wconf 91' lang='lat' dir='ltr'><strong>in</strong></span> <span class='ocrx_word' id='word_1_654' title='bbox 2152 3819 2441 3885; x_wconf 87' lang='lat' dir='ltr'><strong>quamdam</strong></span> <span class='ocrx_word' id='word_1_655' title='bbox 2502 3815 2693 3870; x_wconf 83' lang='lat' dir='ltr'><strong>urbem</strong></span> <span class='ocrx_word' id='word_1_656' title='bbox 2745 3830 2994 3872; x_wconf 79' lang='lat' dir='ltr'><strong>seorsum</strong></span> <span class='ocrx_word' id='word_1_657' title='bbox 3037 3819 3298 3887; x_wconf 87' lang='lat' dir='ltr'><strong>positam.</strong></span> <span class='ocrx_word' id='word_1_658' title='bbox 3351 3816 3636 3886; x_wconf 88' lang='lat' dir='ltr'><strong>Scriptum</strong></span> 
     </span>
    </p>
   </div>
   <div class='ocr_carea' id='block_1_86' title="bbox 2058 3888 3641 3979">
    <p class='ocr_par' dir='ltr' id='par_1_86' title="bbox 2058 3888 3641 3979">
     <span class='ocr_line' id='line_1_86' title="bbox 2058 3888 3641 3979; baseline 0.002 -16"><span class='ocrx_word' id='word_1_659' title='bbox 2058 3888 2142 3963; x_wconf 79' lang='lat' dir='ltr'><strong>est</strong></span> <span class='ocrx_word' id='word_1_660' title='bbox 2171 3910 2315 3963; x_wconf 81' lang='lat' dir='ltr'><strong>enim</strong></span> <span class='ocrx_word' id='word_1_661' title='bbox 2351 3928 2365 3964; x_wconf 92' lang='lat'><strong>:</strong></span> <span class='ocrx_word' id='word_1_662' title='bbox 2402 3927 2421 3961; x_wconf 82' lang='grc' dir='ltr'><strong>ι</strong></span> <span class='ocrx_word' id='word_1_663' title='bbox 2449 3909 2610 3966; x_wconf 82' lang='lat' dir='ltr'><strong>Jesus</strong></span> <span class='ocrx_word' id='word_1_664' title='bbox 2652 3909 2818 3979; x_wconf 73' lang='lat' dir='ltr'><strong>igitur</strong></span> <span class='ocrx_word' id='word_1_665' title='bbox 2846 3910 2961 3977; x_wconf 89' lang='lat' dir='ltr'><strong>jam</strong></span> <span class='ocrx_word' id='word_1_666' title='bbox 3003 3927 3107 3964; x_wconf 88' lang='lat' dir='ltr'><strong>non</strong></span> <span class='ocrx_word' id='word_1_667' title='bbox 3137 3911 3416 3979; x_wconf 87' lang='lat' dir='ltr'><strong>propalam</strong></span> <span class='ocrx_word' id='word_1_668' title='bbox 3450 3912 3641 3966; x_wconf 87' lang='lat' dir='ltr'><strong>ambu-</strong></span> 
     </span>
    </p>
   </div>
   <div class='ocr_carea' id='block_1_87' title="bbox 2060 3998 3639 4073">
    <p class='ocr_par' dir='ltr' id='par_1_87' title="bbox 2060 3998 3639 4073">
     <span class='ocr_line' id='line_1_87' title="bbox 2060 3998 3639 4073; baseline 0.006 -21"><span class='ocrx_word' id='word_1_669' title='bbox 2060 3998 2205 4054; x_wconf 87' lang='lat' dir='ltr'><strong>labat</strong></span> <span class='ocrx_word' id='word_1_670' title='bbox 2242 4000 2384 4053; x_wconf 88' lang='lat' dir='ltr'><strong>inter</strong></span> <span class='ocrx_word' id='word_1_671' title='bbox 2427 4000 2674 4063; x_wconf 61' lang='lat' dir='ltr'><strong>Iudaeos;</strong></span> <span class='ocrx_word' id='word_1_672' title='bbox 2717 4003 2812 4056; x_wconf 86' lang='lat' dir='ltr'><strong>sed</strong></span> <span class='ocrx_word' id='word_1_673' title='bbox 2866 4004 2998 4073; x_wconf 73' lang='lat' dir='ltr'><strong>abiit</strong></span> <span class='ocrx_word' id='word_1_674' title='bbox 3034 4005 3181 4061; x_wconf 90' lang='lat' dir='ltr'><strong>illinc</strong></span> <span class='ocrx_word' id='word_1_675' title='bbox 3220 4007 3273 4060; x_wconf 89' lang='lat' dir='ltr'><strong>in</strong></span> <span class='ocrx_word' id='word_1_676' title='bbox 3326 4008 3503 4062; x_wconf 90' lang='lat' dir='ltr'><strong>locum</strong></span> <span class='ocrx_word' id='word_1_677' title='bbox 3543 4008 3639 4061; x_wconf 86' lang='lat' dir='ltr'><strong>de-</strong></span> 
     </span>
    </p>
   </div>
   <div class='ocr_carea' id='block_1_88' title="bbox 2057 4091 3639 4167">
    <p class='ocr_par' dir='ltr' id='par_1_88' title="bbox 2057 4091 3639 4167">
     <span class='ocr_line' id='line_1_88' title="bbox 2057 4091 3639 4167; baseline 0.006 -22"><span class='ocrx_word' id='word_1_678' title='bbox 2057 4098 2206 4145; x_wconf 87' lang='lat' dir='ltr'><strong>serto</strong></span> <span class='ocrx_word' id='word_1_679' title='bbox 2252 4091 2592 4159; x_wconf 79' lang='lat' dir='ltr'><strong>proximum;</strong></span> <span class='ocrx_word' id='word_1_680' title='bbox 2640 4108 2838 4163; x_wconf 86' lang='lat' dir='ltr'><strong>nempe</strong></span> <span class='ocrx_word' id='word_1_681' title='bbox 2881 4094 2936 4147; x_wconf 91' lang='lat' dir='ltr'><strong>in</strong></span> <span class='ocrx_word' id='word_1_682' title='bbox 2982 4095 3253 4150; x_wconf 85' lang='lat' dir='ltr'><strong>civitatem</strong></span> <span class='ocrx_word' id='word_1_683' title='bbox 3294 4114 3416 4167; x_wconf 62' lang='lat' dir='ltr'><strong>quae</strong></span> <span class='ocrx_word' id='word_1_684' title='bbox 3440 4099 3639 4154; x_wconf 88' lang='lat' dir='ltr'><strong>dicitur</strong></span> 
     </span>
    </p>
   </div>
   <div class='ocr_carea' id='block_1_89' title="bbox 2057 4180 3641 4251">
    <p class='ocr_par' dir='ltr' id='par_1_89' title="bbox 2057 4180 3641 4251">
     <span class='ocr_line' id='line_1_89' title="bbox 2057 4180 3641 4251; baseline 0.004 -16"><span class='ocrx_word' id='word_1_685' title='bbox 2057 4182 2340 4251; x_wconf 87' lang='lat' dir='ltr'><strong>Ephraim.</strong></span> <span class='ocrx_word' id='word_1_686' title='bbox 2369 4200 2389 4234; x_wconf 73' lang='grc' dir='ltr'><strong>ι</strong></span> <span class='ocrx_word' id='word_1_687' title='bbox 2425 4180 2537 4236; x_wconf 86' lang='lat' dir='ltr'><strong>Nec</strong></span> <span class='ocrx_word' id='word_1_688' title='bbox 2564 4198 2697 4236; x_wconf 90' lang='lat' dir='ltr'><strong>sane</strong></span> <span class='ocrx_word' id='word_1_689' title='bbox 2726 4183 2876 4237; x_wconf 88' lang='lat' dir='ltr'><strong>solus</strong></span> <span class='ocrx_word' id='word_1_690' title='bbox 2913 4197 2979 4238; x_wconf 88' lang='lat' dir='ltr'><strong>eo</strong></span> <span class='ocrx_word' id='word_1_691' title='bbox 3006 4184 3300 4250; x_wconf 80' lang='lat' dir='ltr'><strong>concessit,</strong></span> <span class='ocrx_word' id='word_1_692' title='bbox 3332 4203 3517 4240; x_wconf 82' lang='lat' dir='ltr'><strong>verum</strong></span> <span class='ocrx_word' id='word_1_693' title='bbox 3573 4204 3641 4243; x_wconf 91' lang='lat' dir='ltr'><strong>ne</strong></span> 
     </span>
    </p>
   </div>
   <div class='ocr_carea' id='block_1_90' title="bbox 2054 4273 3639 4347">
    <p class='ocr_par' dir='ltr' id='par_1_90' title="bbox 2054 4273 3639 4347">
     <span class='ocr_line' id='line_1_90' title="bbox 2054 4273 3639 4347; baseline 0.003 -20"><span class='ocrx_word' id='word_1_694' title='bbox 2054 4273 2218 4327; x_wconf 88' lang='lat' dir='ltr'><strong>ullam</strong></span> <span class='ocrx_word' id='word_1_695' title='bbox 2256 4274 2604 4328; x_wconf 88' lang='lat' dir='ltr'><strong>occasionem</strong></span> <span class='ocrx_word' id='word_1_696' title='bbox 2632 4288 2691 4327; x_wconf 82' lang='lat' dir='ltr'><strong>se</strong></span> <span class='ocrx_word' id='word_1_697' title='bbox 2729 4275 3105 4342; x_wconf 59' lang='lat' dir='ltr'><strong>querentibus</strong></span> <span class='ocrx_word' id='word_1_698' title='bbox 3127 4277 3303 4342; x_wconf 89' lang='lat' dir='ltr'><strong>daret,</strong></span> <span class='ocrx_word' id='word_1_699' title='bbox 3341 4277 3639 4347; x_wconf 85' lang='lat' dir='ltr'><strong>discipulos</strong></span> 
     </span>
    </p>
   </div>
   <div class='ocr_carea' id='block_1_91' title="bbox 2055 4365 3635 4434">
    <p class='ocr_par' dir='ltr' id='par_1_91' title="bbox 2055 4365 3635 4434">
     <span class='ocr_line' id='line_1_91' title="bbox 2055 4365 3635 4434; baseline 0.002 -16"><span class='ocrx_word' id='word_1_700' title='bbox 2055 4365 2217 4418; x_wconf 86' lang='lat' dir='ltr'><strong>etiam</strong></span> <span class='ocrx_word' id='word_1_701' title='bbox 2256 4379 2441 4419; x_wconf 88' lang='lat' dir='ltr'><strong>secum</strong></span> <span class='ocrx_word' id='word_1_702' title='bbox 2473 4365 2769 4432; x_wconf 84' lang='lat' dir='ltr'><strong>assumpsit</strong></span> <span class='ocrx_word' id='word_1_703' title='bbox 2795 4404 2812 4430; x_wconf 92' lang='lat'><strong>,</strong></span> <span class='ocrx_word' id='word_1_704' title='bbox 2854 4382 2873 4415; x_wconf 79' lang='grc' dir='ltr'><strong>ι</strong></span> <span class='ocrx_word' id='word_1_705' title='bbox 2904 4365 3130 4434; x_wconf 89' lang='lat' dir='ltr'><strong>illicqne</strong></span> <span class='ocrx_word' id='word_1_706' title='bbox 3158 4368 3482 4421; x_wconf 87' lang='lat' dir='ltr'><strong>versabatur</strong></span> <span class='ocrx_word' id='word_1_707' title='bbox 3511 4384 3635 4422; x_wconf 87' lang='lat' dir='ltr'><strong>cum</strong></span> 
     </span>
    </p>
   </div>
   <div class='ocr_carea' id='block_1_92' title="bbox 365 4454 1964 4534">
    <p class='ocr_par' dir='ltr' id='par_1_92' title="bbox 365 4458 1946 4534">
     <span class='ocr_line' id='line_1_92' title="bbox 365 4458 1946 4534; baseline 0.002 -19"><span class='ocrx_word' id='word_1_708' title='bbox 365 4459 528 4531; x_wconf 88' lang='grc' dir='ltr'>ληφε,</span> <span class='ocrx_word' id='word_1_709' title='bbox 567 4479 586 4511; x_wconf 79' lang='grc' dir='ltr'><strong>ι</strong></span> <span class='ocrx_word' id='word_1_710' title='bbox 620 4459 712 4514; x_wconf 80' lang='grc' dir='ltr'><strong>καὶ</strong></span> <span class='ocrx_word' id='word_1_711' title='bbox 735 4463 851 4515; x_wconf 83' lang='grc' dir='ltr'>ἐκεῖ</span> <span class='ocrx_word' id='word_1_712' title='bbox 886 4458 1067 4531; x_wconf 77' lang='grc' dir='ltr'>ἔμεινε</span> <span class='ocrx_word' id='word_1_713' title='bbox 1101 4460 1238 4533; x_wconf 86' lang='grc' dir='ltr'><strong>μετά</strong></span> <span class='ocrx_word' id='word_1_714' title='bbox 1268 4461 1378 4515; x_wconf 84' lang='grc' dir='ltr'><strong>τῶν</strong></span> <span class='ocrx_word' id='word_1_715' title='bbox 1402 4462 1679 4534; x_wconf 82' lang='grc' dir='ltr'>μαθητῶν.</span> <span class='ocrx_word' id='word_1_716' title='bbox 1720 4483 1739 4516; x_wconf 78' lang='grc' dir='ltr'><strong>ι</strong></span> <span class='ocrx_word' id='word_1_717' title='bbox 1767 4465 1946 4520; x_wconf 60' lang='lat' dir='ltr'><strong>Tomi}-</strong></span> 
     </span>
    </p>
   </div>
   <div class='ocr_carea' id='block_1_93' title="bbox 2067 4454 3638 4534">
    <p class='ocr_par' dir='ltr' id='par_1_93' title="bbox 2067 4454 3638 4527">
     <span class='ocr_line' id='line_1_93' title="bbox 2067 4454 3638 4527; baseline 0 -16"><span class='ocrx_word' id='word_1_718' title='bbox 2067 4457 2360 4527; x_wconf 85' lang='lat' dir='ltr'><strong>liscipulis.</strong></span> <span class='ocrx_word' id='word_1_719' title='bbox 2393 4475 2412 4509; x_wconf 75' lang='grc' dir='ltr'><strong>ι</strong></span> <span class='ocrx_word' id='word_1_720' title='bbox 2444 4454 2576 4509; x_wconf 78' lang='lat' dir='ltr'><strong>Tale</strong></span> <span class='ocrx_word' id='word_1_721' title='bbox 2609 4457 2867 4526; x_wconf 87' lang='lat' dir='ltr'><strong>quiddam</strong></span> <span class='ocrx_word' id='word_1_722' title='bbox 2895 4467 2979 4512; x_wconf 87' lang='lat' dir='ltr'><strong>est</strong></span> <span class='ocrx_word' id='word_1_723' title='bbox 2999 4458 3163 4513; x_wconf 87' lang='lat' dir='ltr'><strong>etiam</strong></span> <span class='ocrx_word' id='word_1_724' title='bbox 3194 4458 3339 4527; x_wconf 90' lang='lat' dir='ltr'><strong>quod</strong></span> <span class='ocrx_word' id='word_1_725' title='bbox 3367 4458 3419 4512; x_wconf 89' lang='lat' dir='ltr'><strong>in</strong></span> <span class='ocrx_word' id='word_1_726' title='bbox 3460 4457 3638 4512; x_wconf 78' lang='lat' dir='ltr'><strong>Evan-</strong></span> 
     </span>
    </p>
   </div>
   <div class='ocr_carea' id='block_1_94' title="bbox 366 4548 1945 4628">
    <p class='ocr_par' dir='ltr' id='par_1_94' title="bbox 366 4548 1945 4628">
     <span class='ocr_line' id='line_1_94' title="bbox 366 4548 1945 4628; baseline 0.005 -27"><span class='ocrx_word' id='word_1_727' title='bbox 366 4548 460 4602; x_wconf 85' lang='grc' dir='ltr'><strong>τόν</strong></span> <span class='ocrx_word' id='word_1_728' title='bbox 492 4552 608 4603; x_wconf 87' lang='grc' dir='ltr'>ἐστι</span> <span class='ocrx_word' id='word_1_729' title='bbox 647 4550 826 4603; x_wconf 76' lang='grc' dir='ltr'>καὶτὸ</span> <span class='ocrx_word' id='word_1_730' title='bbox 851 4553 910 4605; x_wconf 90' lang='grc' dir='ltr'><strong>ἐν</strong></span> <span class='ocrx_word' id='word_1_731' title='bbox 938 4548 1016 4620; x_wconf 89' lang='grc' dir='ltr'><strong>τῷ</strong></span> <span class='ocrx_word' id='word_1_732' title='bbox 1042 4552 1185 4606; x_wconf 79' lang='grc' dir='ltr'>κατὰ</span> <span class='ocrx_word' id='word_1_733' title='bbox 1222 4552 1503 4606; x_wconf 84' lang='grc' dir='ltr'>Ματθαῖον</span> <span class='ocrx_word' id='word_1_734' title='bbox 1533 4555 1945 4628; x_wconf 83' lang='grc' dir='ltr'>γεγραμμένον·</span> 
     </span>
    </p>
   </div>
   <div class='ocr_carea' id='block_1_95' title="bbox 366 4641 1945 4718">
    <p class='ocr_par' dir='ltr' id='par_1_95' title="bbox 366 4641 1945 4718">
     <span class='ocr_line' id='line_1_95' title="bbox 366 4641 1945 4718; baseline 0.004 -23"><span class='ocrx_word' id='word_1_735' title='bbox 366 4641 478 4705; x_wconf 80' lang='grc' dir='ltr'>ὅτε,</span> <span class='ocrx_word' id='word_1_736' title='bbox 521 4660 540 4693; x_wconf 85' lang='grc' dir='ltr'><strong>ι</strong></span> <span class='ocrx_word' id='word_1_737' title='bbox 569 4642 830 4707; x_wconf 88' lang='grc' dir='ltr'>ἀκούσας,</span> <span class='ocrx_word' id='word_1_738' title='bbox 855 4642 938 4696; x_wconf 81' lang='grc' dir='ltr'><strong>ὅτι</strong></span> <span class='ocrx_word' id='word_1_739' title='bbox 971 4642 1225 4715; x_wconf 85' lang='grc' dir='ltr'>Ἰωάννης</span> <span class='ocrx_word' id='word_1_740' title='bbox 1263 4643 1555 4716; x_wconf 84' lang='grc' dir='ltr'>παρεδόθη,</span> <span class='ocrx_word' id='word_1_741' title='bbox 1596 4644 1945 4718; x_wconf 85' lang='grc' dir='ltr'>ἀνεχώρησεν</span> 
     </span>
    </p>
   </div>
   <div class='ocr_carea' id='block_1_96' title="bbox 364 4734 1948 4809">
    <p class='ocr_par' dir='ltr' id='par_1_96' title="bbox 364 4734 1948 4809">
     <span class='ocr_line' id='line_1_96' title="bbox 364 4734 1948 4809; baseline 0.003 -22"><span class='ocrx_word' id='word_1_742' title='bbox 364 4735 447 4798; x_wconf 86' lang='grc' dir='ltr'><strong>είς</strong></span> <span class='ocrx_word' id='word_1_743' title='bbox 474 4734 573 4805; x_wconf 80' lang='grc' dir='ltr'>τὴν</span> <span class='ocrx_word' id='word_1_744' title='bbox 603 4734 915 4801; x_wconf 86' lang='grc' dir='ltr'>Γαλιλαίαν,</span> <span class='ocrx_word' id='word_1_745' title='bbox 945 4735 1039 4788; x_wconf 75' lang='grc' dir='ltr'><strong>καὶ</strong></span> <span class='ocrx_word' id='word_1_746' title='bbox 1069 4735 1385 4792; x_wconf 85' lang='grc' dir='ltr'>καταλιπὼν</span> <span class='ocrx_word' id='word_1_747' title='bbox 1410 4737 1512 4808; x_wconf 84' lang='grc' dir='ltr'>τὴν</span> <span class='ocrx_word' id='word_1_748' title='bbox 1550 4737 1826 4809; x_wconf 80' lang='grc' dir='ltr'>Ναζαρὲθ,</span> <span class='ocrx_word' id='word_1_749' title='bbox 1859 4739 1948 4792; x_wconf 88' lang='grc' dir='ltr'>ἐλ-</span> 
     </span>
    </p>
   </div>
   <div class='ocr_carea' id='block_1_97' title="bbox 363 4824 1946 4901">
    <p class='ocr_par' dir='ltr' id='par_1_97' title="bbox 363 4824 1946 4901">
     <span class='ocr_line' id='line_1_97' title="bbox 363 4824 1946 4901; baseline 0.004 -22"><span class='ocrx_word' id='word_1_750' title='bbox 363 4824 474 4880; x_wconf 87' lang='grc' dir='ltr'><strong>θὼν</strong></span> <span class='ocrx_word' id='word_1_751' title='bbox 508 4825 827 4897; x_wconf 83' lang='grc' dir='ltr'>κατῴκησεν</span> <span class='ocrx_word' id='word_1_752' title='bbox 848 4828 929 4891; x_wconf 83' lang='grc' dir='ltr'><strong>είς</strong></span> <span class='ocrx_word' id='word_1_753' title='bbox 943 4827 1325 4899; x_wconf 77' lang='grc' dir='ltr'>Καφαρναοὺμ</span> <span class='ocrx_word' id='word_1_754' title='bbox 1351 4828 1448 4901; x_wconf 79' lang='grc' dir='ltr'>τὴν</span> <span class='ocrx_word' id='word_1_755' title='bbox 1474 4830 1946 4901; x_wconf 82' lang='grc' dir='ltr'>παραθαλασσίαν,</span> 
     </span>
    </p>
   </div>
   <div class='ocr_carea' id='block_1_98' title="bbox 362 4916 1945 4991">
    <p class='ocr_par' dir='ltr' id='par_1_98' title="bbox 362 4916 1945 4991">
     <span class='ocr_line' id='line_1_98' title="bbox 362 4916 1945 4991; baseline 0.003 -20"><span class='ocrx_word' id='word_1_756' title='bbox 362 4919 421 4971; x_wconf 86' lang='grc' dir='ltr'><strong>ἐν</strong></span> <span class='ocrx_word' id='word_1_757' title='bbox 450 4917 621 4989; x_wconf 81' lang='grc' dir='ltr'>ὁρίοις</span> <span class='ocrx_word' id='word_1_758' title='bbox 644 4916 929 4972; x_wconf 77' lang='grc' dir='ltr'>Ζαϐουλὼν</span> <span class='ocrx_word' id='word_1_759' title='bbox 974 4919 1069 4970; x_wconf 80' lang='grc' dir='ltr'><strong>καὶ</strong></span> <span class='ocrx_word' id='word_1_760' title='bbox 1122 4919 1478 4991; x_wconf 86' lang='grc' dir='ltr'>Νεφθαλείμ·</span> <span class='ocrx_word' id='word_1_761' title='bbox 1523 4939 1541 4973; x_wconf 74' lang='grc' dir='ltr'><strong>ι</strong></span> <span class='ocrx_word' id='word_1_762' title='bbox 1593 4921 1688 4973; x_wconf 76' lang='grc' dir='ltr'>καὶ</span> <span class='ocrx_word' id='word_1_763' title='bbox 1726 4921 1819 4975; x_wconf 80' lang='grc' dir='ltr'>ἐπὶ</span> <span class='ocrx_word' id='word_1_764' title='bbox 1853 4921 1945 4976; x_wconf 81' lang='grc' dir='ltr'><strong>τὸν</strong></span> 
     </span>
    </p>
   </div>
   <div class='ocr_carea' id='block_1_99' title="bbox 362 5008 1945 5085">
    <p class='ocr_par' dir='ltr' id='par_1_99' title="bbox 362 5008 1945 5085">
     <span class='ocr_line' id='line_1_99' title="bbox 362 5008 1945 5085; baseline 0.004 -25"><span class='ocrx_word' id='word_1_765' title='bbox 362 5009 555 5082; x_wconf 72' lang='grc' dir='ltr'>καιρὸν</span> <span class='ocrx_word' id='word_1_766' title='bbox 585 5009 645 5062; x_wconf 92' lang='grc' dir='ltr'>δὲ</span> <span class='ocrx_word' id='word_1_767' title='bbox 670 5008 883 5078; x_wconf 86' lang='grc' dir='ltr'>φθάσας</span> <span class='ocrx_word' id='word_1_768' title='bbox 910 5008 1006 5063; x_wconf 79' lang='grc' dir='ltr'>τοῦ</span> <span class='ocrx_word' id='word_1_769' title='bbox 1032 5009 1424 5083; x_wconf 81' lang='grc' dir='ltr'>συλληφθῆναι,</span> <span class='ocrx_word' id='word_1_770' title='bbox 1460 5012 1751 5085; x_wconf 87' lang='grc' dir='ltr'>ἐτήρησεν,</span> <span class='ocrx_word' id='word_1_771' title='bbox 1802 5013 1945 5085; x_wconf 81' lang='grc' dir='ltr'>ὑπὲρ</span> 
     </span>
    </p>
   </div>
   <div class='ocr_carea' id='block_1_100' title="bbox 360 5098 1946 5177">
    <p class='ocr_par' dir='ltr' id='par_1_100' title="bbox 360 5098 1946 5177">
     <span class='ocr_line' id='line_1_100' title="bbox 360 5098 1946 5177; baseline 0.004 -26"><span class='ocrx_word' id='word_1_772' title='bbox 360 5098 456 5152; x_wconf 81' lang='grc' dir='ltr'>τοῦ</span> <span class='ocrx_word' id='word_1_773' title='bbox 485 5101 561 5172; x_wconf 84' lang='grc' dir='ltr'><strong>μὴ</strong></span> <span class='ocrx_word' id='word_1_774' title='bbox 591 5103 720 5172; x_wconf 86' lang='grc' dir='ltr'>παρ’</span> <span class='ocrx_word' id='word_1_775' title='bbox 746 5100 940 5155; x_wconf 87' lang='grc' dir='ltr'>ἐαυτὸν</span> <span class='ocrx_word' id='word_1_776' title='bbox 978 5101 1137 5155; x_wconf 80' lang='grc' dir='ltr'>τοῦτο</span> <span class='ocrx_word' id='word_1_777' title='bbox 1170 5102 1386 5168; x_wconf 84' lang='grc' dir='ltr'>παθεῖν,</span> <span class='ocrx_word' id='word_1_778' title='bbox 1431 5105 1569 5176; x_wconf 89' lang='grc' dir='ltr'>μήτε</span> <span class='ocrx_word' id='word_1_779' title='bbox 1616 5108 1675 5160; x_wconf 88' lang='grc' dir='ltr'><strong>ἐν</strong></span> <span class='ocrx_word' id='word_1_780' title='bbox 1719 5107 1946 5177; x_wconf 85' lang='grc' dir='ltr'>Ἰεροσο-</span> 
     </span>
    </p>
   </div>
   <div class='ocr_carea' id='block_1_101' title="bbox 361 5188 1946 5267">
    <p class='ocr_par' dir='ltr' id='par_1_101' title="bbox 361 5188 1946 5267">
     <span class='ocr_line' id='line_1_101' title="bbox 361 5188 1946 5267; baseline 0.005 -24"><span class='ocrx_word' id='word_1_781' title='bbox 361 5188 554 5263; x_wconf 87' lang='grc' dir='ltr'>λύμοις</span> <span class='ocrx_word' id='word_1_782' title='bbox 605 5193 918 5265; x_wconf 82' lang='grc' dir='ltr'>εὑρεθῆναι,</span> <span class='ocrx_word' id='word_1_783' title='bbox 950 5194 1089 5265; x_wconf 86' lang='grc' dir='ltr'>μήτε</span> <span class='ocrx_word' id='word_1_784' title='bbox 1119 5196 1178 5247; x_wconf 88' lang='grc' dir='ltr'><strong>ἐν</strong></span> <span class='ocrx_word' id='word_1_785' title='bbox 1220 5193 1299 5266; x_wconf 89' lang='grc' dir='ltr'><strong>τῷ</strong></span> <span class='ocrx_word' id='word_1_786' title='bbox 1324 5195 1472 5267; x_wconf 75' lang='grc' dir='ltr'>ἱερῷ,</span> <span class='ocrx_word' id='word_1_787' title='bbox 1516 5196 1644 5251; x_wconf 74' lang='grc' dir='ltr'>ἔνθα</span> <span class='ocrx_word' id='word_1_788' title='bbox 1696 5198 1946 5252; x_wconf 85' lang='grc' dir='ltr'>ἐδίδασκε</span> 
     </span>
    </p>
   </div>
   <div class='ocr_carea' id='block_1_102' title="bbox 361 5284 1944 5361">
    <p class='ocr_par' dir='ltr' id='par_1_102' title="bbox 361 5284 1944 5361">
     <span class='ocr_line' id='line_1_102' title="bbox 361 5284 1944 5361; baseline 0.004 -23"><span class='ocrx_word' id='word_1_789' title='bbox 361 5284 646 5351; x_wconf 87' lang='grc' dir='ltr'>πολλάκις,</span> <span class='ocrx_word' id='word_1_790' title='bbox 699 5290 837 5359; x_wconf 84' lang='grc' dir='ltr'>μήτε</span> <span class='ocrx_word' id='word_1_791' title='bbox 875 5287 935 5341; x_wconf 88' lang='grc' dir='ltr'><strong>ἐν</strong></span> <span class='ocrx_word' id='word_1_792' title='bbox 973 5287 1119 5361; x_wconf 79' lang='grc' dir='ltr'>ἄλλῳ</span> <span class='ocrx_word' id='word_1_793' title='bbox 1151 5289 1382 5361; x_wconf 83' lang='grc' dir='ltr'>τοιούτῳ</span> <span class='ocrx_word' id='word_1_794' title='bbox 1422 5289 1576 5361; x_wconf 83' lang='grc' dir='ltr'>τόπῳ</span> <span class='ocrx_word' id='word_1_795' title='bbox 1599 5306 1615 5321; x_wconf 77' lang='lat'><strong><em>°</em></strong></span> <span class='ocrx_word' id='word_1_796' title='bbox 1654 5309 1672 5341; x_wconf 84' lang='grc' dir='ltr'><strong>ι</strong></span> <span class='ocrx_word' id='word_1_797' title='bbox 1723 5289 1944 5361; x_wconf 54' lang='lat' dir='ltr'><strong>tam;</strong></span> 
     </span>
    </p>
   </div>
   <div class='ocr_carea' id='block_1_103' title="bbox 2057 4549 3636 4622">
    <p class='ocr_par' dir='ltr' id='par_1_103' title="bbox 2057 4549 3636 4622">
     <span class='ocr_line' id='line_1_103' title="bbox 2057 4549 3636 4622; baseline -0.001 -16"><span class='ocrx_word' id='word_1_798' title='bbox 2057 4551 2199 4622; x_wconf 79' lang='lat' dir='ltr'><strong>gelio</strong></span> <span class='ocrx_word' id='word_1_799' title='bbox 2236 4566 2265 4604; x_wconf 91' lang='lat' dir='ltr'><strong>a</strong></span> <span class='ocrx_word' id='word_1_800' title='bbox 2306 4549 2562 4619; x_wconf 63' lang='lat' dir='ltr'><strong>blatthaao</strong></span> <span class='ocrx_word' id='word_1_801' title='bbox 2605 4550 2803 4603; x_wconf 88' lang='lat' dir='ltr'><strong>tradito</strong></span> <span class='ocrx_word' id='word_1_802' title='bbox 2858 4550 3123 4620; x_wconf 86' lang='lat' dir='ltr'><strong>scriptum</strong></span> <span class='ocrx_word' id='word_1_803' title='bbox 3179 4566 3263 4605; x_wconf 76' lang='grc' dir='ltr'><strong>εει</strong></span> <span class='ocrx_word' id='word_1_804' title='bbox 3291 4552 3372 4617; x_wconf 68' lang='grc' dir='ltr'>ἰς</span> <span class='ocrx_word' id='word_1_805' title='bbox 3415 4551 3636 4619; x_wconf 82' lang='lat' dir='ltr'><strong>quando</strong></span> 
     </span>
    </p>
   </div>
   <div class='ocr_carea' id='block_1_104' title="bbox 2062 4640 3634 4704">
    <p class='ocr_par' dir='ltr' id='par_1_104' title="bbox 2062 4640 3634 4704">
     <span class='ocr_line' id='line_1_104' title="bbox 2062 4640 3634 4704; baseline 0 -10"><span class='ocrx_word' id='word_1_806' title='bbox 2062 4661 2081 4694; x_wconf 84' lang='grc' dir='ltr'><strong>ι</strong></span> <span class='ocrx_word' id='word_1_807' title='bbox 2106 4641 2333 4696; x_wconf 87' lang='lat' dir='ltr'><strong>audiens</strong></span> <span class='ocrx_word' id='word_1_808' title='bbox 2356 4640 2621 4696; x_wconf 80' lang='lat' dir='ltr'><strong>Joannem</strong></span> <span class='ocrx_word' id='word_1_809' title='bbox 2648 4641 2908 4694; x_wconf 87' lang='lat' dir='ltr'><strong>traditum</strong></span> <span class='ocrx_word' id='word_1_810' title='bbox 2944 4656 3088 4704; x_wconf 84' lang='lat' dir='ltr'><strong>esse,</strong></span> <span class='ocrx_word' id='word_1_811' title='bbox 3127 4642 3352 4697; x_wconf 87' lang='lat' dir='ltr'><strong>secessit</strong></span> <span class='ocrx_word' id='word_1_812' title='bbox 3395 4644 3448 4694; x_wconf 93' lang='lat' dir='ltr'><strong>in</strong></span> <span class='ocrx_word' id='word_1_813' title='bbox 3487 4641 3634 4696; x_wconf 84' lang='lat' dir='ltr'><strong>Gali-</strong></span> 
     </span>
    </p>
   </div>
   <div class='ocr_carea' id='block_1_105' title="bbox 2056 4735 3635 4806">
    <p class='ocr_par' dir='ltr' id='par_1_105' title="bbox 2056 4735 3635 4806">
     <span class='ocr_line' id='line_1_105' title="bbox 2056 4735 3635 4806; baseline 0 -15"><span class='ocrx_word' id='word_1_814' title='bbox 2056 4737 2254 4804; x_wconf 84' lang='lat' dir='ltr'><strong>laeam,</strong></span> <span class='ocrx_word' id='word_1_815' title='bbox 2315 4735 2615 4806; x_wconf 86' lang='lat' dir='ltr'><strong>relictaque</strong></span> <span class='ocrx_word' id='word_1_816' title='bbox 2675 4737 2969 4799; x_wconf 80' lang='lat' dir='ltr'><strong>Nazareth,</strong></span> <span class='ocrx_word' id='word_1_817' title='bbox 3039 4736 3314 4806; x_wconf 83' lang='lat' dir='ltr'><strong>profectus</strong></span> <span class='ocrx_word' id='word_1_818' title='bbox 3371 4737 3635 4791; x_wconf 81' lang='lat' dir='ltr'><strong>habitavit</strong></span> 
     </span>
    </p>
   </div>
   <div class='ocr_carea' id='block_1_106' title="bbox 2055 4828 3633 4899">
    <p class='ocr_par' dir='ltr' id='par_1_106' title="bbox 2055 4828 3633 4899">
     <span class='ocr_line' id='line_1_106' title="bbox 2055 4828 3633 4899; baseline -0.003 -14"><span class='ocrx_word' id='word_1_819' title='bbox 2055 4829 2438 4899; x_wconf 86' lang='lat' dir='ltr'><strong>Capharnaum</strong></span> <span class='ocrx_word' id='word_1_820' title='bbox 2464 4831 2743 4884; x_wconf 86' lang='lat' dir='ltr'><strong>civitatem</strong></span> <span class='ocrx_word' id='word_1_821' title='bbox 2785 4829 3139 4892; x_wconf 89' lang='lat' dir='ltr'><strong>maritimam,</strong></span> <span class='ocrx_word' id='word_1_822' title='bbox 3196 4828 3248 4882; x_wconf 93' lang='lat' dir='ltr'><strong>in</strong></span> <span class='ocrx_word' id='word_1_823' title='bbox 3294 4828 3490 4882; x_wconf 85' lang='lat' dir='ltr'><strong>linibus</strong></span> <span class='ocrx_word' id='word_1_824' title='bbox 3525 4828 3633 4883; x_wconf 83' lang='lat' dir='ltr'><strong>Za-</strong></span> 
     </span>
    </p>
   </div>
   <div class='ocr_carea' id='block_1_107' title="bbox 2054 4919 3634 4989">
    <p class='ocr_par' dir='ltr' id='par_1_107' title="bbox 2054 4919 3634 4989">
     <span class='ocr_line' id='line_1_107' title="bbox 2054 4919 3634 4989; baseline -0.002 -14"><span class='ocrx_word' id='word_1_825' title='bbox 2054 4920 2215 4975; x_wconf 87' lang='lat' dir='ltr'><strong>lmlon</strong></span> <span class='ocrx_word' id='word_1_826' title='bbox 2242 4958 2258 4984; x_wconf 97' lang='lat'><strong>,</strong></span> <span class='ocrx_word' id='word_1_827' title='bbox 2290 4927 2345 4972; x_wconf 90' lang='lat' dir='ltr'><strong>et</strong></span> <span class='ocrx_word' id='word_1_828' title='bbox 2376 4919 2720 4989; x_wconf 82' lang='lat' dir='ltr'><strong>Nephthalim</strong></span> <span class='ocrx_word' id='word_1_829' title='bbox 2742 4937 2790 4987; x_wconf 72' lang='lat' dir='ltr'><strong>;i</strong></span> <span class='ocrx_word' id='word_1_830' title='bbox 2824 4931 2881 4974; x_wconf 89' lang='lat' dir='ltr'><strong>et</strong></span> <span class='ocrx_word' id='word_1_831' title='bbox 2916 4936 3040 4975; x_wconf 85' lang='lat' dir='ltr'><strong>cum</strong></span> <span class='ocrx_word' id='word_1_832' title='bbox 3093 4930 3304 4989; x_wconf 84' lang='lat' dir='ltr'><strong>tempus</strong></span> <span class='ocrx_word' id='word_1_833' title='bbox 3354 4929 3634 4988; x_wconf 88' lang='lat' dir='ltr'><strong>appeteret</strong></span> 
     </span>
    </p>
   </div>
   <div class='ocr_carea' id='block_1_108' title="bbox 2055 5010 3631 5079">
    <p class='ocr_par' dir='ltr' id='par_1_108' title="bbox 2055 5010 3631 5079">
     <span class='ocr_line' id='line_1_108' title="bbox 2055 5010 3631 5079; baseline 0.001 -15"><span class='ocrx_word' id='word_1_834' title='bbox 2055 5021 2114 5064; x_wconf 90' lang='lat' dir='ltr'><strong>ut</strong></span> <span class='ocrx_word' id='word_1_835' title='bbox 2178 5011 2760 5079; x_wconf 86' lang='lat' dir='ltr'><strong>comprehenderetur,</strong></span> <span class='ocrx_word' id='word_1_836' title='bbox 2815 5011 3131 5065; x_wconf 81' lang='lat' dir='ltr'><strong>observavit</strong></span> <span class='ocrx_word' id='word_1_837' title='bbox 3185 5028 3254 5066; x_wconf 90' lang='lat' dir='ltr'><strong>ne</strong></span> <span class='ocrx_word' id='word_1_838' title='bbox 3303 5010 3449 5065; x_wconf 90' lang='lat' dir='ltr'><strong>ultro</strong></span> <span class='ocrx_word' id='word_1_839' title='bbox 3500 5011 3631 5066; x_wconf 88' lang='lat' dir='ltr'><strong>illud</strong></span> 
     </span>
    </p>
   </div>
   <div class='ocr_carea' id='block_1_109' title="bbox 2052 5100 3629 5174">
    <p class='ocr_par' dir='ltr' id='par_1_109' title="bbox 2052 5100 3629 5174">
     <span class='ocr_line' id='line_1_109' title="bbox 2052 5100 3629 5174; baseline 0 -18"><span class='ocrx_word' id='word_1_840' title='bbox 2052 5112 2354 5174; x_wconf 88' lang='lat' dir='ltr'><strong>pateretur,</strong></span> <span class='ocrx_word' id='word_1_841' title='bbox 2386 5117 2563 5171; x_wconf 88' lang='lat' dir='ltr'><strong>neque</strong></span> <span class='ocrx_word' id='word_1_842' title='bbox 2593 5104 2646 5157; x_wconf 89' lang='lat' dir='ltr'><strong>in</strong></span> <span class='ocrx_word' id='word_1_843' title='bbox 2678 5100 3072 5172; x_wconf 80' lang='lat' dir='ltr'><strong>Hierosolymis</strong></span> <span class='ocrx_word' id='word_1_844' title='bbox 3092 5102 3445 5168; x_wconf 90' lang='lat' dir='ltr'><strong>inveniretur,</strong></span> <span class='ocrx_word' id='word_1_845' title='bbox 3468 5102 3553 5156; x_wconf 86' lang='lat' dir='ltr'><strong>vel</strong></span> <span class='ocrx_word' id='word_1_846' title='bbox 3581 5105 3629 5156; x_wconf 94' lang='lat' dir='ltr'><strong>in</strong></span> 
     </span>
    </p>
   </div>
   <div class='ocr_carea' id='block_1_110' title="bbox 2056 5193 3632 5265">
    <p class='ocr_par' dir='ltr' id='par_1_110' title="bbox 2056 5193 3632 5265">
     <span class='ocr_line' id='line_1_110' title="bbox 2056 5193 3632 5265; baseline -0.001 -17"><span class='ocrx_word' id='word_1_847' title='bbox 2056 5196 2279 5265; x_wconf 86' lang='lat' dir='ltr'><strong>templo,</strong></span> <span class='ocrx_word' id='word_1_848' title='bbox 2319 5196 2411 5250; x_wconf 90' lang='lat' dir='ltr'><strong>ubi</strong></span> <span class='ocrx_word' id='word_1_849' title='bbox 2448 5197 2759 5264; x_wconf 86' lang='lat' dir='ltr'><strong>frequenter</strong></span> <span class='ocrx_word' id='word_1_850' title='bbox 2799 5196 3018 5258; x_wconf 89' lang='lat' dir='ltr'><strong>docuit,</strong></span> <span class='ocrx_word' id='word_1_851' title='bbox 3069 5210 3247 5265; x_wconf 92' lang='lat' dir='ltr'><strong>neque</strong></span> <span class='ocrx_word' id='word_1_852' title='bbox 3288 5194 3342 5248; x_wconf 94' lang='lat' dir='ltr'><strong>in</strong></span> <span class='ocrx_word' id='word_1_853' title='bbox 3381 5193 3489 5248; x_wconf 90' lang='lat' dir='ltr'><strong>ullo</strong></span> <span class='ocrx_word' id='word_1_854' title='bbox 3523 5194 3632 5247; x_wconf 84' lang='lat' dir='ltr'><strong>alio</strong></span> 
     </span>
    </p>
   </div>
   <div class='ocr_carea' id='block_1_111' title="bbox 2053 5280 3731 5361">
    <p class='ocr_par' dir='ltr' id='par_1_111' title="bbox 2053 5280 3731 5361">
     <span class='ocr_line' id='line_1_111' title="bbox 2053 5280 3731 5361; baseline -0.002 -18"><span class='ocrx_word' id='word_1_855' title='bbox 2053 5289 2217 5343; x_wconf 87' lang='lat' dir='ltr'><strong>simili</strong></span> <span class='ocrx_word' id='word_1_856' title='bbox 2273 5289 2392 5344; x_wconf 87' lang='lat' dir='ltr'><strong>loco</strong></span> <span class='ocrx_word' id='word_1_857' title='bbox 2427 5308 2439 5343; x_wconf 90' lang='lat'>:</span> <span class='ocrx_word' id='word_1_858' title='bbox 2472 5308 2491 5343; x_wconf 86' lang='grc' dir='ltr'><strong>ι</strong></span> <span class='ocrx_word' id='word_1_859' title='bbox 2525 5289 2706 5343; x_wconf 82' lang='lat' dir='ltr'><strong>Exivit</strong></span> <span class='ocrx_word' id='word_1_860' title='bbox 2781 5290 2927 5344; x_wconf 84' lang='lat' dir='ltr'><strong>enim</strong></span> <span class='ocrx_word' id='word_1_861' title='bbox 2994 5302 3117 5343; x_wconf 87' lang='lat' dir='ltr'><strong>cum</strong></span> <span class='ocrx_word' id='word_1_862' title='bbox 3179 5280 3462 5357; x_wconf 75' lang='lat' dir='ltr'><strong>discipulis</strong></span> <span class='ocrx_word' id='word_1_863' title='bbox 3513 5287 3630 5340; x_wconf 83' lang='lat' dir='ltr'><strong>suis</strong></span> <span class='ocrx_word' id='word_1_864' title='bbox 3728 5358 3731 5361; x_wconf 92' lang='lat'><em>_</em></span> 
     </span>
    </p>
   </div>
   <div class='ocr_carea' id='block_1_112' title="bbox 429 5424 2278 5499">
    <p class='ocr_par' dir='ltr' id='par_1_112' title="bbox 429 5424 2278 5499">
     <span class='ocr_line' id='line_1_112' title="bbox 429 5424 2278 5499; baseline 0.011 -21"><span class='ocrx_word' id='word_1_865' title='bbox 429 5424 673 5481; x_wconf 17' lang='lat' dir='ltr'><strong>&quot;‘Joan.</strong></span> <span class='ocrx_word' id='word_1_866' title='bbox 712 5441 810 5493; x_wconf 85' lang='lat' dir='ltr'><strong>vn,</strong></span> <span class='ocrx_word' id='word_1_867' title='bbox 851 5427 941 5484; x_wconf 82' lang='lat'><strong>&#39;50.</strong></span> <span class='ocrx_word' id='word_1_868' title='bbox 1012 5429 1059 5460; x_wconf 83' lang='lat'><strong>’°</strong></span> <span class='ocrx_word' id='word_1_869' title='bbox 1091 5428 1285 5486; x_wconf 90' lang='lat' dir='ltr'><strong>Matth.</strong></span> <span class='ocrx_word' id='word_1_870' title='bbox 1322 5447 1379 5498; x_wconf 73' lang='grc' dir='ltr'>ι,</span> <span class='ocrx_word' id='word_1_871' title='bbox 1407 5431 1524 5487; x_wconf 65' lang='grc' dir='ltr'><strong>25υ</strong></span> <span class='ocrx_word' id='word_1_872' title='bbox 1577 5432 1621 5465; x_wconf 73' lang='grc' dir='ltr'>’ί</span> <span class='ocrx_word' id='word_1_873' title='bbox 1666 5431 1858 5486; x_wconf 78' lang='lat' dir='ltr'><strong>Matth.</strong></span> <span class='ocrx_word' id='word_1_874' title='bbox 1910 5448 1992 5499; x_wconf 75' lang='lat' dir='ltr'><strong>IV.</strong></span> <span class='ocrx_word' id='word_1_875' title='bbox 2046 5432 2131 5497; x_wconf 62' lang='grc' dir='ltr'><strong>Β,</strong></span> <span class='ocrx_word' id='word_1_876' title='bbox 2189 5433 2278 5487; x_wconf 70' lang='grc' dir='ltr'><strong>ίδο</strong></span> 
     </span>
    </p>
   </div>
   <div class='ocr_carea' id='block_1_113' title="bbox 435 5540 1941 5619">
    <p class='ocr_par' dir='ltr' id='par_1_113' title="bbox 435 5540 1941 5619">
     <span class='ocr_line' id='line_1_113' title="bbox 435 5540 1941 5619; baseline 0.001 -20"><span class='ocrx_word' id='word_1_877' title='bbox 435 5540 550 5619; x_wconf 59' lang='grc' dir='ltr'>(ρο)</span> <span class='ocrx_word' id='word_1_878' title='bbox 576 5544 696 5613; x_wconf 80' lang='grc' dir='ltr'><strong>Μή.</strong></span> <span class='ocrx_word' id='word_1_879' title='bbox 727 5546 883 5601; x_wconf 89' lang='lat' dir='ltr'><strong>Deest</strong></span> <span class='ocrx_word' id='word_1_880' title='bbox 938 5547 991 5601; x_wconf 91' lang='lat' dir='ltr'><strong>in</strong></span> <span class='ocrx_word' id='word_1_881' title='bbox 1036 5547 1227 5603; x_wconf 89' lang='lat' dir='ltr'><strong>codice</strong></span> <span class='ocrx_word' id='word_1_882' title='bbox 1256 5547 1448 5619; x_wconf 81' lang='lat' dir='ltr'><strong>Regio,</strong></span> <span class='ocrx_word' id='word_1_883' title='bbox 1506 5548 1603 5604; x_wconf 86' lang='lat' dir='ltr'><strong>sed</strong></span> <span class='ocrx_word' id='word_1_884' title='bbox 1644 5555 1829 5604; x_wconf 74' lang='lat' dir='ltr'><strong>exstat</strong></span> <span class='ocrx_word' id='word_1_885' title='bbox 1886 5547 1941 5601; x_wconf 92' lang='lat' dir='ltr'><strong>in</strong></span> 
     </span>
    </p>
   </div>
   <div class='ocr_carea' id='block_1_114' title="bbox 360 5611 680 5670">
    <p class='ocr_par' dir='ltr' id='par_1_114' title="bbox 360 5611 680 5670">
     <span class='ocr_line' id='line_1_114' title="bbox 360 5611 680 5670; baseline 0.019 -5"><span class='ocrx_word' id='word_1_886' title='bbox 360 5611 680 5670; x_wconf 86' lang='lat' dir='ltr'><strong>Bodleiano.</strong></span> 
     </span>
    </p>
   </div>
   <div class='ocr_carea' id='block_1_115' title="bbox 437 5683 1936 5758">
    <p class='ocr_par' dir='ltr' id='par_1_115' title="bbox 437 5683 1936 5758">
     <span class='ocr_line' id='line_1_115' title="bbox 437 5683 1936 5758; baseline 0.003 -21"><span class='ocrx_word' id='word_1_887' title='bbox 437 5683 551 5758; x_wconf 69' lang='grc'><strong>(61)</strong></span> <span class='ocrx_word' id='word_1_888' title='bbox 598 5687 682 5758; x_wconf 84' lang='grc' dir='ltr'><strong>οὐ</strong></span> <span class='ocrx_word' id='word_1_889' title='bbox 708 5686 1046 5758; x_wconf 63' lang='grc' dir='ltr'>κατέσχητο</span> <span class='ocrx_word' id='word_1_890' title='bbox 1074 5687 1192 5758; x_wconf 78' lang='grc' dir='ltr'><strong>μὲν</strong></span> <span class='ocrx_word' id='word_1_891' title='bbox 1230 5688 1329 5758; x_wconf 76' lang='grc' dir='ltr'>ἂν,</span> <span class='ocrx_word' id='word_1_892' title='bbox 1356 5687 1514 5758; x_wconf 79' lang='grc' dir='ltr'>ὅμως</span> <span class='ocrx_word' id='word_1_893' title='bbox 1537 5686 1609 5740; x_wconf 83' lang='grc' dir='ltr'>δὲ</span> <span class='ocrx_word' id='word_1_894' title='bbox 1639 5690 1751 5743; x_wconf 79' lang='grc' dir='ltr'>οὐκ</span> <span class='ocrx_word' id='word_1_895' title='bbox 1798 5686 1936 5742; x_wconf 81' lang='grc' dir='ltr'>ἐπέ-</span> 
     </span>
    </p>
   </div>
   <div class='ocr_carea' id='block_1_116' title="bbox 368 5754 1949 5829">
    <p class='ocr_par' dir='ltr' id='par_1_116' title="bbox 368 5754 1949 5829">
     <span class='ocr_line' id='line_1_116' title="bbox 368 5754 1949 5829; baseline 0.004 -22"><span class='ocrx_word' id='word_1_896' title='bbox 368 5754 553 5810; x_wconf 54' lang='lat' dir='ltr'><strong>adcr</strong></span> <span class='ocrx_word' id='word_1_897' title='bbox 578 5754 739 5823; x_wconf 80' lang='grc' dir='ltr'>αὐτῷ</span> <span class='ocrx_word' id='word_1_898' title='bbox 788 5754 990 5825; x_wconf 57' lang='grc' dir='ltr'>οὐδεὶς</span> <span class='ocrx_word' id='word_1_899' title='bbox 1027 5754 1141 5828; x_wconf 76' lang='grc' dir='ltr'><strong>τὴν</strong></span> <span class='ocrx_word' id='word_1_900' title='bbox 1182 5757 1351 5829; x_wconf 80' lang='grc' dir='ltr'>χεῖρα</span> <span class='ocrx_word' id='word_1_901' title='bbox 1370 5754 1400 5791; x_wconf 61' lang='grc'><strong>’⁷</strong></span> <span class='ocrx_word' id='word_1_902' title='bbox 1439 5755 1666 5827; x_wconf 79' lang='grc' dir='ltr'>διόπερ,</span> <span class='ocrx_word' id='word_1_903' title='bbox 1698 5768 1809 5814; x_wconf 88' lang='lat' dir='ltr'><strong>etc.</strong></span> <span class='ocrx_word' id='word_1_904' title='bbox 1857 5760 1949 5815; x_wconf 87' lang='lat' dir='ltr'><strong>Sic</strong></span> 
     </span>
    </p>
   </div>
   <div class='ocr_carea' id='block_1_117' title="bbox 2050 5545 3627 5620">
    <p class='ocr_par' dir='ltr' id='par_1_117' title="bbox 2050 5545 3627 5620">
     <span class='ocr_line' id='line_1_117' title="bbox 2050 5545 3627 5620; baseline -0.002 -17"><span class='ocrx_word' id='word_1_905' title='bbox 2050 5550 2196 5603; x_wconf 91' lang='lat' dir='ltr'><strong>hunc</strong></span> <span class='ocrx_word' id='word_1_906' title='bbox 2234 5547 2412 5620; x_wconf 80' lang='lat' dir='ltr'><strong>locum</strong></span> <span class='ocrx_word' id='word_1_907' title='bbox 2448 5548 2651 5620; x_wconf 83' lang='lat' dir='ltr'><strong>optime</strong></span> <span class='ocrx_word' id='word_1_908' title='bbox 2676 5548 2920 5620; x_wconf 85' lang='lat' dir='ltr'><strong>restituit</strong></span> <span class='ocrx_word' id='word_1_909' title='bbox 2974 5547 3150 5620; x_wconf 83' lang='lat' dir='ltr'><strong>codex_</strong></span> <span class='ocrx_word' id='word_1_910' title='bbox 3192 5545 3627 5620; x_wconf 79' lang='lat' dir='ltr'><strong>Bodleianus._ln</strong></span> 
     </span>
    </p>
   </div>
   <div class='ocr_carea' id='block_1_118' title="bbox 2049 5616 3625 5746">
    <p class='ocr_par' dir='ltr' id='par_1_118' title="bbox 2049 5616 3625 5746">
     <span class='ocr_line' id='line_1_118' title="bbox 2049 5616 3625 5743; baseline -0.001 -71"><span class='ocrx_word' id='word_1_911' title='bbox 2049 5618 2442 5743; x_wconf 46' lang='lat' dir='ltr'><strong>giidicesl’gegio</strong></span> <span class='ocrx_word' id='word_1_912' title='bbox 2484 5616 2693 5675; x_wconf 64' lang='lat' dir='ltr'><strong>&#39;vitiose</strong></span> <span class='ocrx_word' id='word_1_913' title='bbox 2746 5619 2962 5689; x_wconf 82' lang='lat' dir='ltr'><strong>legitur,</strong></span> <span class='ocrx_word' id='word_1_914' title='bbox 3019 5617 3330 5685; x_wconf 79' lang='grc' dir='ltr'>κατέσχητο</span> <span class='ocrx_word' id='word_1_915' title='bbox 3379 5616 3481 5689; x_wconf 76' lang='grc' dir='ltr'>μὲν</span> <span class='ocrx_word' id='word_1_916' title='bbox 3535 5618 3625 5681; x_wconf 81' lang='grc' dir='ltr'>ἂν,</span> 
     </span>
     <span class='ocr_line' id='line_1_119' title="bbox 2070 5705 2455 5746; baseline -0.016 0"><span class='ocrx_word' id='word_1_917' title='bbox 2070 5706 2210 5746; x_wconf 69' lang='grc' dir='ltr'>,μεις</span> <span class='ocrx_word' id='word_1_918' title='bbox 2278 5705 2455 5746; x_wconf 77' lang='grc' dir='ltr'>ιπεε.</span> 
     </span>
    </p>
   </div>
   <div class='ocr_carea' id='block_1_119' title="bbox 2070 5706 2455 5763">
    <p class='ocr_par' dir='ltr' id='par_1_119' title="bbox 2070 5706 2455 5763">
     <span class='ocr_line' id='line_1_120' title="bbox 2070 5706 2455 5763; baseline 0.018 -23"><span class='ocrx_word' id='word_1_919' title='bbox 2070 5706 2210 5755; x_wconf 62' lang='lat' dir='ltr'><strong>utet;</strong></span> <span class='ocrx_word' id='word_1_920' title='bbox 2244 5706 2455 5763; x_wconf 70' lang='grc' dir='ltr'>οιοπερ.</span> 
     </span>
    </p>
   </div>
  </div>
