4182 6376
576 248 676 305 751
2065 249 2386 307 OlllGENIS
3735 251 3840 308 759.

579 384 727 426 trans
755 384 1054 430 torrentem
1088 375 1327 441 Cedron,
1374 378 1463 433 ubi
1503 390 1626 434 erat
1659 379 1873 444 hortus,
1904 379 1958 433 in
1997 395 2131 449 qnen

2262 371 2371 444 γὰρ
2403 373 2500 426 σὺν
2551 376 2664 436 τοῖς
2699 373 2966 444 μαθηταῖς
2996 372 3164 428 αὐτοῦ
3195 373 3368 446 πέραν
3400 371 3494 426 τοῦ
3536 373 3836 444 χειμάρρου

577 466 800 520 intravit
824 467 960 536 ipse,
991 479 1046 522 et
1067 469 1316 540 discipuli
1344 471 1460 540 ejus
1483 471 1582 526 δ’.»
1610 471 1702 526 Sic
1726 483 1908 527 autem
1932 475 2130 528 secessi

2259 469 2367 521 τῶν
2398 466 2641 538 Κέδρων,
2672 466 2804 519 ὅπου
2837 463 2904 538 ἦν
2943 466 3140 536 κῆπος,
3171 469 3249 529 είς
3274 467 3332 519 ὃν
3375 465 3623 536 είσῆλθεν
3653 465 3844 530 αὐτὸς,

519 554 542 608 τῖ’
575 573 672 624 per
703 559 754 610 id
785 561 1066 628 temporis,
1105 572 1158 615 et
1204 563 1256 616 in
1299 564 1514 632 publico
1557 580 1666 619 non
1720 565 2057 629 ambulabat,
2100 584 2129 618 u

2258 561 2354 614 καὶ
2405 561 2454 612 of.
2511 559 2750 630 μαθηταὶ
2805 559 2989 612 αὑτοῦ.
3025 578 3043 609 ι
3089 559 3246 612 Οὕτω
3295 558 3352 611 δὲ
3395 557 3661 628 ἀνεχώρει
3715 557 3837 612 κατ’

529 635 533 646 ’
576 649 860 714 pontifices
903 659 956 704 et
996 649 1260 708 Pharisati
1295 657 1539 710 volentes
1588 656 1740 710 illum
1793 661 2155 724 comprehen-

575 741 723 804 dere,
742 753 969 810 egerent
997 741 1155 808 Jnda,
1188 755 1472 814 propterea
1499 748 1642 815 quod
1668 748 1968 817 discipulus
1990 750 2158 818 ipsius

574 845 698 885 cum
734 844 898 900 esset,
936 835 1105 905 probe
1143 838 1316 891 sciret
1362 838 1476 892 loca
1511 854 1760 894 secessus
1795 841 1956 894 illius.
2005 840 2154 906 Quo-

573 923 717 976 circa
757 933 884 980 tunc
924 945 942 976 ‹
967 925 1134 980 Judas
1157 944 1279 982 cum
1305 931 1614 999 accepisset
1634 930 1950 996 cohortem,
1996 943 2049 984 et
2087 946 2154 985 ex

572 1017 909 1085 principibus
963 1020 1336 1086 sacerdotum,
1391 1037 1454 1074 ac
1497 1023 1790 1077 Pharisaeis
1853 1024 2152 1090 ministros,

576 1108 704 1162 illuc
731 1110 878 1164 venit
912 1125 1033 1165 cum
1081 1111 1325 1173 laternis,
1367 1122 1419 1166 et
1450 1113 1658 1168 facibus
1681 1155 1695 1177 ,
1726 1125 1780 1168 et
1818 1115 1985 1167 armis
2021 1116 2088 1172 ”.
2128 1134 2147 1167 ›

551 1199 840 1282 ,δείδιθι-ωτι
875 1202 978 1257 hoc
1015 1202 1136 1258 loco
1160 1203 1438 1275 Evangelii
1470 1206 1779 1259 declaratur
1802 1206 1946 1276 quod
1979 1207 2146 1274 siqui-

549 1293 690 1374 .dem
725 1293 989 1350 noluisset
1014 1297 1156 1364 capi,
1195 1297 1614 1367 haudquaquam
1646 1301 1897 1354 detentus
1926 1299 2146 1356 fuisset:

552 1385 823 1441 detentus
849 1398 1026 1442 autem
1054 1389 1173 1449 fuit,
1199 1404 1321 1443 cum
1347 1391 1602 1444 humilem
1637 1392 2146 1462 praebuitseipsum,

550 1463 625 1532 let
665 1478 839 1533 factus
862 1479 1120 1534 obediens
1141 1480 1306 1551 399
1332 1482 1700 1537 detinentibus
1736 1483 1819 1538 vel
1863 1500 2033 1554 usque
2081 1489 2148 1539 ad

562 1583 782 1624 crucem
808 1570 874 1622 ".
901 1569 1129 1636 Quando
1161 1572 1327 1639 igitur
1357 1573 1544 1636 exivit,
1569 1583 1623 1627 et
1652 1573 1786 1629 dicit
1831 1575 1915 1629 his
1944 1577 2033 1644 qui
2080 1578 2147 1630 ad

566 1658 784 1712 hortum
811 1669 1071 1715 venerant
1107 1679 1120 1715 :
1161 1682 1179 1714 ι
1209 1663 1379 1729 Quem
1415 1663 1698 1733 quaeritis?
1721 1686 1739 1714 ι
1771 1675 1825 1720 et
1852 1669 2145 1734 responde-

561 1759 691 1804 runt
715 1751 814 1820 ipsi
838 1751 1071 1807 :cJesum
1097 1753 1243 1807 illum
1272 1755 1667 1821 Nazarenump
1695 1770 1816 1811 cum
1844 1757 1953 1811 illis
1975 1758 2144 1813 dixis-

559 1852 644 1895 set
675 1858 688 1894 :
725 1843 870 1913 «Ego
902 1860 1042 1909 sum,
1071 1865 1090 1897 ι
1129 1847 1334 1902 virtute
1371 1863 1466 1902 sua
1503 1848 1687 1902 divina
1721 1869 1739 1900 ι
1760 1851 1946 1905 abiere
1974 1861 2140 1916 retro,

557 1930 817 2002 humique
862 1935 1181 1992 ceciderunt
1233 1937 1300 1992 ".
1335 1957 1353 1990 ι
1419 1938 1625 1994 Deinde
1668 1950 1789 2011 post
1854 1943 1956 1998 hoc
2019 1959 2140 1998 cum

555 2022 824 2078 voluisset
872 2025 1117 2095 recipere
1156 2027 1651 2098 dispensationem,
1712 2043 1874 2102 atque
1919 2049 2144 2090 arcono-

556 2115 723 2168 miam
772 2131 870 2186 per
901 2119 1244 2187 passionem,
1299 2139 1318 2172 ι
1343 2138 1561 2179 rursum
1610 2125 1963 2197 interrogavit
1994 2145 2088 2183 eos
2123 2146 2136 2182 :

555 2205 728 2273 Quem
775 2209 1063 2277 quaeritis?
1106 2223 1162 2266 at
1209 2212 1285 2266 illi
1337 2215 1637 2270 dixerunt:
1671 2216 1853 2272 Jesutn
1903 2219 2140 2276 Nazare-

554 2314 712 2354 num.
743 2318 762 2351 ι
805 2299 869 2354 Ει
902 2311 1022 2370 post
1047 2317 1218 2371 pauca
1249 2306 1319 2370 ⁸⁸,
1353 2325 1372 2357 ι
1399 2307 1620 2374 cohors,
1644 2318 1698 2364 et
1728 2310 1978 2366 tribunus
2006 2314 2138 2368 mili-

554 2400 695 2453 tum,
741 2401 795 2446 et
845 2393 1083 2448 ministri
1126 2394 1438 2451 Judzeorum
1479 2401 2004 2468 comprehenderunt
2043 2404 2136 2460 Je-

552 2495 673 2535 sum
702 2500 721 2533 ι
765 2481 1057 2552 volentem,
1095 2505 1114 2537 ι
1150 2486 1524 2556 etligaverunt
1554 2491 1762 2558 ipsunu
1805 2508 1863 2546 se
1887 2493 2136 2562 praeben-

552 2578 661 2623 tem
706 2571 959 2628 vinculis.
1006 2575 1141 2629 Nam
1183 2575 1230 2630 si
1285 2578 1396 2646 pati
1431 2579 1718 2644 noluisset,
1756 2597 1880 2635 num
1920 2599 2134 2638 rursum

551 2662 798 2727 dixisset,
833 2683 851 2714 ι
893 2665 1005 2735 Ego
1049 2682 1190 2732 sum,
1248 2688 1266 2721 ι
1307 2679 1361 2724 et
1423 2671 1688 2726 abiissent
1757 2673 1840 2739 hi,
1882 2684 1956 2729 tot
2005 2687 2136 2746 quot

547 2767 754 2821 essent,
814 2767 986 2822 retro,
1041 2776 1337 2832 omnesque
1384 2763 1530 2818 humi
1565 2768 1820 2832 prostrati
1866 2768 2132 2824 fuissent?

551 2846 624 2902 Ut
650 2857 830 2902 autem
879 2851 1075 2906 talibus
1110 2855 1273 2908 rebus
1305 2857 1460 2911 docet
1503 2873 1602 2911 nos
1634 2861 1890 2916 secedere
1922 2862 1973 2915 in
2005 2877 2130 2931 per-

547 2938 920 2995 secutionibus
991 2950 1046 2996 et
1101 2943 1153 2996 in
1213 2945 1424 3001 insidiis
1490 2963 1612 3018 quas
1663 2951 1952 3006 adversum
2028 2968 2130 3008 nos

550 3037 874 3096 struuntur;
916 3031 996 3086 sic
1045 3033 1210 3086 etiam
1256 3036 1386 3090 alibi
1433 3040 1672 3106 reperias
1720 3057 1840 3095 eum
1877 3046 2130 3099 secedere

545 3121 617 3175 ab
654 3121 737 3176 his
767 3137 886 3192 qua:
912 3123 1052 3178 bona
1085 3126 1319 3181 mundus
1364 3128 1536 3194 ducit,
1585 3141 1645 3184 ut
1675 3146 1772 3200 per
1801 3133 1917 3188 bmc
1960 3137 2126 3190 etiam

545 3212 741 3268 doceat
765 3230 863 3270 nos
893 3218 1076 3271 tnundi
1109 3217 1402 3288 dignitates
1428 3220 1614 3290 fugere
1647 3225 2128 3296 excellentiasque

544 3303 598 3359 in
651 3305 768 3375 ipso
815 3308 1168 3365 exsistentes.
1207 3309 1412 3366 «Jesus
1455 3315 1597 3368 enim
1656 3331 1778 3370 cum
1837 3319 2128 3388 aliquando

541 3398 892 3466 cogn0visset
917 3398 1163 3453 futurum
1205 3410 1263 3456 ut
1293 3404 1573 3470 venirent,
1598 3415 1653 3460 et
1689 3419 1944 3476 raperent
1977 3426 2123 3476 eum,

542 3499 600 3541 ut
624 3488 773 3543 illum
806 3507 988 3558 regem
1017 3491 1282 3560 facerent,
1312 3501 1539 3554 secessit
1567 3500 1620 3553 in
1653 3511 1889 3556 montem
1913 3541 1928 3566 ,
1960 3521 1979 3554 ι
2031 3505 2124 3559 sed

541 3593 648 3633 non
676 3595 798 3634 cum
826 3581 1124 3652 discipulis,
1157 3586 1252 3640 sed
1290 3605 1308 3639 ι
1338 3588 1487 3644 solus
1513 3590 1581 3656 ’⁷,
1624 3609 1644 3642 ›
1670 3607 1738 3647 ne
1761 3593 1844 3646 his
1871 3596 2124 3649 occasio-

541 3685 667 3725 nem
699 3672 916 3740 quidem
942 3675 1212 3744 praebens,
1258 3687 1513 3749 tanquam
1567 3683 1740 3752 ipsum
1793 3687 2121 3755 amantibus,

537 3770 594 3815 et
622 3761 715 3830 qui
745 3763 1041 3819 voluissent
1070 3782 1190 3822 cum
1219 3771 1435 3825 caeteris
1469 3772 1642 3834 ipsum
1676 3772 1858 3829 facere
1912 3791 2121 3848 regem,

532 3849 649 3922 jam
677 3855 948 3911 mundano
975 3857 1219 3926 ipsorum
1240 3861 1407 3916 etiam
1442 3877 1538 3917 rex
1564 3873 1731 3918 esset.

605 4035 695 4091 19.
745 4034 872 4092 Haec
920 4039 1136 4108 quidem
1178 4042 1232 4097 in
1298 4052 1528 4110 textum,
1579 4055 1635 4102 et
1692 4047 1745 4102 in
1791 4050 2118 4117 doctrinam,

533 4143 657 4198 quae
693 4140 866 4186 estex
899 4134 1212 4203 evangelica
1246 4135 1450 4202 littera,
1495 4139 1563 4193 de
1603 4154 1845 4197 secessu.
1883 4145 1955 4198 At
1988 4160 2120 4201 vero

534 4217 589 4272 in
626 4234 904 4292 anagogen
940 4224 1067 4278 talia
1111 4225 1372 4284 dicuntur
1401 4249 1414 4283 :
1439 4230 1624 4287 Jesum
1666 4235 1797 4290 olim
1833 4240 2116 4308 propalant

2257 653 2436 704 ἐκεῖνο
2485 649 2700 721 καιροῦ,
2735 651 2828 703 καὶ
2856 650 2955 703 οὐκ
2987 649 3358 721 ἐδημοσίευεν,
3382 649 3457 713 ὡς
3475 649 3682 702 δεῖσθαι
3708 649 3837 713 τοὺς

2255 743 2531 813 ἀρχιερεῖς
2572 743 2665 794 καὶ
2709 743 2835 804 τοὺς
2869 743 3216 813 Φαρισαίους,
3268 740 3625 812 βουλομένους
3670 740 3834 793 αὑτὸν

2258 835 2562 898 συλλαϐεῖν,
2590 833 2683 886 τοῦ
2725 835 2913 898 Ἰούδα,
2948 834 3037 887 διὰ
3083 835 3143 887 τὸ
3197 834 3644 905 μεμαθητεῦσθαι
3683 834 3838 904 αύτῷ

2257 926 2759 998 περιεργαζομένου
2793 925 2887 979 καὶ
2926 928 3050 989 τοὺς
3073 926 3274 988 τόπους
3303 926 3402 997 τῆς
3433 926 3832 1000 ἀναχωρήσεως

2254 1018 2415 1070 αὑτοῦ
2437 1036 2448 1046 ·
2479 1018 2559 1070 διὸ
2585 1019 2706 1071 τότε
2737 1037 2756 1068 ι
2787 1019 2814 1070 ό
2857 1017 3078 1080 Ἰούδας,
3114 1015 3293 1070 λαϐὼν
3317 1019 3416 1087 τὴν
3455 1021 3706 1088 σπεῖραν,
3737 1019 3832 1071 καὶ

2253 1113 2318 1163 ἐκ
2350 1111 2457 1162 τῶν
2485 1109 2788 1180 ἀρχιερέων
2821 1114 2916 1162 καὶ
2945 1109 3250 1178 Φαρισαίων
3281 1107 3578 1178 ὑπηρέτας,
3613 1109 3832 1178 ἔρχεται

2253 1202 2372 1252 ἐκεῖ
2400 1202 2538 1271 μετά
2567 1201 2773 1270 φανῶν,
2806 1202 2898 1253 καὶ
2918 1200 3237 1270 λαμπάδων,
3271 1199 3364 1252 καὶ
3387 1199 3596 1253 ὄπλωνέΙ
3621 1219 3640 1250 ›
3673 1199 3834 1254 Κατά

2251 1293 2440 1346 τοῦτον
2471 1294 2528 1346 δὲ
2557 1295 2648 1347 τὸν
2670 1294 2831 1347 τόπον
2862 1292 2954 1346 τοῦ
2983 1293 3313 1361 Εὐαγγελίου
3341 1291 3616 1362 δηλοῦται,
3644 1293 3748 1356 ὅτι,
3782 1295 3830 1346 εί

2255 1385 2354 1454 μὲν
2383 1385 2638 1438 ἐϐούλετο
2672 1384 2746 1455 μὴ
2774 1385 2999 1448 ἁλῶναι,
3059 1385 3158 1437 οὐκ
3188 1384 3255 1437 ἂν
3303 1383 3607 1454 κατεσχέθη
3630 1403 3641 1413 ·
3693 1401 3827 1438 κατ-

2251 1475 2447 1545 εσχέθη
2481 1475 2539 1528 δὲ
2571 1475 2842 1529 ταπεινῶν
2865 1475 2975 1544 (62)
3002 1475 3213 1538 ἐαυτὸν,
3263 1474 3359 1527 καὶ
3405 1473 3691 1544 γινόμενος
3729 1473 3830 1526 ὑπ-

2251 1567 2413 1635 ήκοος
2440 1571 2552 1631 τοῖς
2575 1568 2884 1637 κατέχουσι,
2915 1567 3010 1620 καὶ
3042 1567 3202 1637 μέχρι
3232 1566 3326 1618 τοῦ
3354 1565 3608 1638 σταυροῦ.
3649 1566 3828 1618 ’οπότ’

2248 1655 2342 1712 οὖν
2374 1659 2586 1730 ἐξῆλθε,
2613 1662 2708 1712 καὶ
2729 1659 2874 1728 λέγει
2911 1661 3023 1721 τοῖς
3068 1658 3314 1710 ἐλθοῦσιν
3347 1660 3427 1721 εἰς
3476 1658 3566 1711 τὸν
3605 1657 3783 1727 κῆπον
3811 1673 3824 1686 ³

2252 1773 2269 1804 ι
2312 1755 2445 1806 Τίνα
2477 1754 2722 1824 ζητεῖτε;
2766 1773 2782 1804 ι
2813 1752 3190 1823 ἀπεκρίθησαν
3225 1752 3391 1822 αύτῷο
3428 1770 3447 1802 ι
3497 1750 3703 1821 Ἰησοῦν
3735 1750 3824 1802 τὸν

2246 1845 2588 1915 Ναζωραῖον·
2628 1864 2646 1896 ι
2674 1845 2765 1898 καὶ
2791 1847 2819 1898 ό
2849 1845 2950 1915 μὲν
2977 1840 3129 1897 εἶπεν
3163 1845 3366 1907 αὐτοῖς,
3401 1862 3418 1894 ι
3472 1840 3614 1911 Ἐγώ
3636 1844 3772 1911 είμι,
3801 1860 3818 1892 ι

2243 1939 2337 1990 καὶ
2367 1937 2473 1990 ἀπὸ
2504 1937 2606 2006 τῆς
2639 1937 2791 2000 θείας
2843 1937 3006 1990 αὐτοῦ
3049 1937 3163 2010 (65)
3197 1937 3482 2008 δυνάμεως
3521 1956 3539 1988 ι
3581 1936 3825 2006 ἀπῆλθον

2242 2031 2322 2092 είς
2348 2029 2415 2082 τὰ
2443 2029 2640 2092 ὀπίσω,
2675 2031 2767 2082 καὶ
2795 2029 2989 2082 ἔπεσον
3022 2030 3215 2100 χαμαί.
3255 2049 3272 2081 ι
3303 2025 3438 2082 Εἶτα
3474 2027 3613 2097 μετὰ
3645 2028 3824 2091 τοῦτο,

2239 2121 2321 2174 ὃτι
2349 2120 2410 2192 [ί.
2433 2121 2548 2192 ὅτε]
2570 2121 2834 2192 ἐϐουλήθη
2858 2122 3217 2188 ἀναδέξασθαι
3245 2122 3342 2192 τὴν
3366 2124 3423 2174 ἐν
3449 2121 3526 2192 τῷ
3553 2121 3716 2175 πάθει
3742 2123 3821 2174 ol-

2239 2213 2518 2284 κονομίαν,
2554 2233 2572 2265 ι
2603 2214 2763 2268 πάλιν
2785 2213 3069 2285 ἠρώτησεν
3093 2213 3305 2276 αὐτούς·
3335 2215 3468 2266 Τίνα
3498 2213 3743 2285 (quite;
3771 2214 3822 2266 οί

2238 2303 2296 2358 δέ
2326 2299 2498 2367 εἷπον,
2543 2304 2750 2376 Ἰησοῦν
2784 2305 2872 2358 τὸν
2906 2302 3256 2374 Ναζωραῖον·
3300 2323 3318 2355 ι
3350 2306 3446 2358 καὶ
3483 2306 3596 2374 μετ’
3630 2303 3816 2372 ὀλίγα·

2245 2412 2263 2444 ι
2300 2394 2363 2445 Ἦ
2395 2397 2614 2465 σπεῖρα,
2661 2395 2754 2448 καὶ
2787 2397 2815 2446 ὁ
2843 2393 3140 2466 χιλίαρχος,
3174 2395 3268 2447 καὶ
3309 2397 3357 2447 οἱ
3398 2394 3670 2464 ὑπηρέται
3712 2393 3821 2446 τῶν

2252 2485 2521 2541 Ἰουδαίων
2568 2486 2860 2540 συνέλαϐον
2912 2487 3003 2540 τὸν
3061 2487 3268 2556 Ἰησοῦν
3321 2505 3339 2539 ›
3394 2487 3604 2548 ἐκόντα,
3657 2505 3675 2536 ι
3727 2486 3821 2539 καὶ

2237 2573 2435 2646 ἔδησαν
2467 2576 2651 2638 αὑτὸν,
2698 2595 2717 2628 ›
2761 2577 3070 2647 παρέχοντα
3098 2577 3288 2630 ἐαυτὸν
3323 2579 3433 2637 τοῖς
3474 2576 3692 2644 δεσμοῖς
3715 2591 3727 2602 ·
3770 2575 3819 2627 εί

2235 2667 2345 2738 γὰρ
2381 2667 2455 2739 μὴ
2506 2667 2756 2720 ἐϐούλετο
2799 2667 3012 2732 παθεῖν,
3047 2664 3199 2720 εἶπεν
3252 2667 3318 2720 ἂν
3371 2667 3568 2729 πάλιν,
3614 2685 3632 2716 ι
3679 2664 3819 2732 Ἐγώ

2235 2761 2382 2830 είμι;
2423 2779 2440 2811 ι
2469 2761 2564 2813 καὶ
2586 2761 2827 2831 ἀπῆλθον
2859 2760 2926 2814 ἂν
2947 2762 2996 2814 οἱ
3025 2759 3268 2813 τοσοῦτοι
3297 2761 3374 2823 είς
3398 2759 3468 2812 τά
3487 2759 3693 2823 όπίσω;
3725 2759 3819 2812 καὶ

2234 2853 2437 2916 πάντες
2465 2853 2658 2905 ἔπεσον
2689 2851 2754 2907 ἂν
2787 2853 2959 2924 χαμαί
2979 2869 2994 2918 ;
3015 2854 3223 2923 Ὠσπερ
3243 2851 3299 2904 δὲ
3316 2851 3406 2903 διὰ
3431 2850 3538 2904 τῶν
3561 2850 3818 2902 τοιούτων

2233 2943 2479 2998 διδάσκει
2512 2947 2660 3016 ἡμᾶς
2685 2946 2742 2997 ἐν
2765 2945 3046 3015 διωγμοῖς,
3085 2944 3179 2997 καὶ
3208 2946 3326 3006 ταῖς
3353 2941 3474 2995 καθ’
3516 2942 3673 3014 ἡμῶν
3697 2943 3816 2996 ἐπι-

2233 3037 2456 3100 ϐουλαῖς
2486 3039 2813 3108 ἀναχωρεῖν,
2864 3037 3037 3100 οὓτως
3064 3038 3122 3089 ἐν
3155 3035 3334 3099 ἀλλοις
3378 3034 3561 3106 εὕροις
3610 3035 3676 3088 ἂν
3722 3035 3816 3089 καὶ

2234 3129 2344 3182 ἀπὸ
2362 3128 2471 3181 τῶν
2494 3129 2864 3200 νομιζομένων
2892 3124 3034 3182 εἶναι
3068 3131 3125 3181 ἐν
3153 3129 3343 3198 κόσμῳ
3376 3127 3556 3180 καλῶν
3599 3127 3811 3197 ἀναχω-

2233 3222 2449 3292 ροῦντα,
2489 3222 2574 3275 ἵνα
2605 3222 2697 3274 καὶ
2719 3221 2806 3274 διὰ
2833 3221 3036 3274 τούτων
3064 3220 3246 3292 διδάξῃ
3289 3218 3508 3288 φεύγειν
3539 3219 3608 3272 τά
3634 3222 3690 3272 ἐν
3718 3218 3812 3272 κό-

2232 3327 2355 3380 σμῳ
2375 3309 2660 3380 ἀξιώματα
2682 3311 2776 3364 καὶ¹
2808 3309 2907 3374 τὰς
2937 3313 2994 3362 ἐν
3024 3310 3174 3380 αὐτῷ
3202 3309 3496 3380 ὑπεροχάς.
3539 3327 3556 3360 ι
3609 3307 3813 3377 Ἰησοῦς

2229 3403 2338 3471 γάρ
2366 3418 2498 3454 ποτε
2525 3402 2705 3468 γνοὺς,
2737 3403 2819 3454 ὅτι
2871 3401 3153 3472 μέλλουσιν
3195 3401 3477 3472 ἔρχεσθαι,
3508 3401 3602 3452 καὶ
3630 3401 3810 3470 ἁρπά-

2228 3491 2339 3556 ζειν
2372 3492 2555 3557 αὑτὸν,
2601 3493 2688 3544 ἵνα
2736 3493 3006 3563 ποιήσωσι
3037 3492 3283 3562 βασιλέα,
3336 3491 3682 3562 ἀνεχώρησεν
3730 3492 3811 3554 εἰς

2226 3584 2286 3637 τὺ
2310 3584 2454 3655 ὅρος,
2489 3603 2506 3635 ι
2537 3583 2653 3637 ἀλλ’
2675 3585 2736 3636 ού
2777 3585 2915 3655 μετὰ
2942 3583 3048 3637 τῶν
3074 3582 3354 3654 μαθητῶν,
3382 3582 3517 3636 ἀλλὰ
3539 3602 3556 3632 ι
3589 3582 3803 3652 μόνος,»

2229 3680 2304 3750 μὴ
2337 3679 2593 3750 παρέχων
2624 3680 2758 3750 μηδὲ
2786 3679 2995 3744 τούτοις
3025 3679 3298 3750 ἀφορμὴν,
3333 3678 3410 3742 ὡς
3448 3677 3691 3743 φιλοῦσιν
3721 3676 3810 3731 αὐ.

2223 3769 2337 3832 τὸν,
2361 3772 2453 3822 καὶ
2487 3769 2828 3840 βουληθεῖσιν
2853 3769 2918 3823 ἂν
2947 3769 3086 3840 μετὰ
3126 3769 3235 3822 τῶν
3283 3768 3545 3820 θελόντων
3578 3767 3805 3838 ποιῆσαι

2224 3861 2385 3914 αὑτὸν
2417 3861 2663 3931 βασιλέα,
2691 3863 2758 3915 ἵν’
2785 3863 2886 3933 ἢδη
2912 3862 3138 3932 γένηται
3179 3861 3272 3914 καὶ
3306 3859 3586 3930 κοσμικῶς
3624 3859 3805 3914 αὐτῶν

2224 3946 2498 4016 βασιλεύς.

2296 4039 2380 4092 19.
2415 4039 2599 4092 Ταῦτα
2621 4040 2718 4112 μὲν
2744 4042 2822 4104 εἰς
2847 4041 2908 4094 τὸ
2931 4040 3110 4113 ῥητὸν,
3135 4040 3227 4094 καὶ
3250 4039 3349 4112 τὴν
3371 4040 3479 4094 ἀπὸ
3503 4040 3597 4093 τοῦ
3627 4041 3803 4108 Εὐαγ-

2220 4130 2434 4198 γελικοῦ
2467 4134 2793 4204 γράμματος
2829 4135 2956 4206 περὶ
3001 4135 3400 4205 ἀναχωρήσεως
3429 4131 3800 4189 διδασκαλίαν.

2218 4224 2312 4287 Εἰς
2333 4224 2389 4276 δὲ
2420 4224 2516 4296 τὴν
2547 4227 2837 4299 ἀναγωγὴν
2860 4227 3074 4298 λεχθείη
3104 4227 3170 4281 ἂν
3199 4227 3440 4281 τοιαῦτω
3474 4229 3556 4281 ὄτι
3595 4226 3800 4297 Ἰησοῦς

535 4310 680 4365 inter
720 4310 934 4369 Judazos
981 4319 1381 4388 obambulasse,
1423 4327 1643 4394 quando
1677 4343 1859 4386 sermo
1890 4329 1982 4385 Dei
2020 4348 2116 4401 per

2235 4319 2386 4374 τάλαι
2421 4320 2519 4389 μὲν
2553 4322 2834 4393 παρρησίᾳ
2871 4326 2984 4387 τοῖς
3022 4322 3296 4387 Ἰουδαίοις
3335 4323 3675 4394 περιεπάτει,
3709 4325 3798 4376 ὅτε

532 4405 827 4470 prophetas
883 4405 1028 4461 inter
1091 4423 1187 4464 eos
1243 4416 1764 4476 versabatnrdesu
1811 4423 1960 4477 enim
1995 4435 2113 4479 erat

2235 4413 2246 4464 ί
2291 4411 2445 4479 λόγος
2470 4411 2564 4463 τοῦ
2597 4413 2730 4465 Θεοῦ
2765 4414 2853 4466 διὰ
2888 4415 3180 4486 προφητῶν
3209 4416 3392 4478 αὐτοῖς
3431 4415 3796 4468 ὲνεπολιτεύε-

531 4495 810 4565 propalam
843 4513 949 4553 vox
981 4498 1069 4554 illa
1099 4518 1114 4553 :
1153 4518 1173 4552 ι
1199 4501 1324 4558 llaec
1352 4506 1482 4562 dicit
1504 4509 1816 4578 Dominusp
1843 4516 1935 4568 sed
1966 4531 2110 4572 nunc

2235 4518 2301 4554 το·
2357 4502 2533 4572 Ἰησοῦ
2560 4503 2668 4575 γὰρ
2702 4487 2769 4575 ἦν
2809 4507 3112 4578 παρρησία,
3245 4525 3263 4558 t
3299 4507 3436 4562 Τάδε
3483 4507 3629 4576 λέγει
3680 4508 3795 4560 Κύ-

530 4601 638 4640 non
671 4589 902 4655 amplius
930 4589 1090 4647 Iesus
1115 4593 1255 4649 inter
1280 4595 1499 4654 Judzeos
1523 4602 1801 4671 propalam
1840 4607 2107 4661 obambu-

527 4675 625 4740 lat,
656 4679 750 4732 sed
781 4679 905 4734 inde
939 4680 1093 4746 a'biit,
1125 4699 1226 4738 nec
1250 4696 1333 4740 est
1358 4688 1450 4742 Dei
1486 4704 1667 4745 sermo
1695 4692 1836 4746 inter
1867 4692 2100 4751 Judzeos:

527 4767 766 4837 indeque
801 4771 1104 4842 digressus,
1137 4791 1381 4848 nempea
1405 4779 1626 4846 Iudaeis,
1665 4784 1814 4838 venit
1846 4786 1897 4838 in
1928 4785 2102 4843 locum

525 4858 742 4913 deserto
792 4861 1054 4927 vicinum,
1114 4866 1180 4919 de
1221 4880 1329 4934 quo
1378 4869 1576 4923 dicitur
1619 4869 1665 4901 ’°
1699 4887 1716 4922 :
1754 4870 1946 4926 «Multi
2008 4874 2102 4928 lilii

525 4948 777 5015 desertae,
806 4953 977 5022 magis
999 4968 1160 5022 quam
1185 4955 1304 5024 ejus
1331 4971 1446 5026 quae
1486 4958 1660 5012 virum
1691 4959 1851 5014 habet
1870 4978 1917 5026 ς»
1960 4972 2014 5016 et
2037 4965 2104 5018 ad

524 5054 687 5108 quam
718 5042 918 5098 dicitur
948 5062 960 5097 :
996 5061 1013 5094 ι
1044 5043 1273 5110 Laetare,
1317 5051 1513 5105 sterilis
1537 5089 1551 5112 ,
1612 5066 1732 5119 quae
1763 5067 1867 5105 non
1914 5054 2101 5122 paris;

521 5144 765 5200 erumpe,
797 5143 850 5187 et
869 5133 1063 5202 clama,
1099 5154 1220 5207 quae
1239 5154 1346 5192 non
1386 5141 1623 5208 parturis
1652 5142 1716 5196 ³⁸.
1760 5162 1778 5194 ι
1809 5143 1905 5198 Est
1921 5155 2102 5200 autem

522 5222 739 5278 deserto
801 5226 977 5280 vicina
1031 5229 1224 5285 civitas
1299 5230 1572 5302 prraim,
1617 5234 1686 5288 ad
1742 5251 1906 5305 quam
1959 5239 2104 5293 venit

591 5391 635 5422 "
667 5390 821 5446 Joan.
878 5409 1035 5457 xvut,
1087 5395 1137 5448 1.

522 5459 567 5490 ⁸⁸⁸
595 5460 770 5514 Galat.
809 5479 885 5529 tv,
927 5464 1016 5518 Ἥ.
1093 5467 1137 5499 ’⁸
1173 5466 1302 5522 ibid.

596 5581 707 5646 (69.)
741 5583 921 5636 Codex
948 5582 1292 5652 Bodleianus,
1321 5583 1680 5648 ταπεινώσας.

598 5652 708 5712 (οὗ)
741 5653 850 5706 Καὶ
881 5652 999 5708 ἀπὸ
1030 5652 1140 5716 τῆρ
1171 5657 1335 5718 θείας
1361 5658 1565 5713 αὐτοῦ.

2213 4610 2358 4661 ριος·
2403 4613 2420 4646 ι
2459 4595 2594 4648 ἀλλά
2627 4595 2722 4648 νῦν
2759 4598 2942 4650 οὐκέτι
2971 4600 3254 4670 παρρησίᾳ
3292 4601 3350 4652 ἐν
3381 4603 3492 4663 τοῖς
3526 4599 3794 4664 Ἰουδαίοις

2223 4685 2428 4756 Ἰησοῦς
2468 4691 2778 4758 περιπατεῖ,
2814 4690 2950 4742 ἀλλὰ
2999 4691 3241 4760 ἀπῆλθεν
3281 4692 3510 4755 ἐκεῖθεν,
3570 4692 3664 4746 καὶ
3696 4693 3792 4744 οὐκ

2207 4777 2320 4831 ἔστι
2347 4779 2480 4832 Θεοῦ
2524 4781 2676 4849 λόγος
2709 4784 2768 4834 ἐν
2812 4782 3100 4847 Ἰουδαίοιςο
3138 4785 3232 4836 καὶ
3268 4783 3516 4837 ἀπελθὼν
3565 4783 3791 4847 ἐκεῖθεν,

2209 4870 2352 4939 λέγω
2376 4871 2431 4924 δὲ
2460 4873 2568 4926 ἀπὸ
2594 4873 2704 4926 τῶν
2743 4874 3034 4940 Ἰουδαίων,
3077 4876 3157 4938 εἰς
3189 4874 3288 4946 τὴν
3320 4875 3486 4944 ἐγγὺς
3528 4875 3628 4944 τῆς
3665 4876 3797 4945 ἐρή-

2212 4979 2312 5031 μου
2337 4959 2468 5034 ἦλθε
2501 4964 2704 5036 χώραν,
2736 4968 2862 5037 περὶ
2889 4963 2956 5038 ἧς
2983 4967 3200 5035 λέγεται
3219 4984 3232 4997 ’
3261 4987 3279 5018 ι
3321 4967 3498 5020 Πολλὰ
3528 4967 3597 5020 τὰ
3626 4967 3790 5019 τέκνα

2205 5051 2304 5121 τῆς
2328 5053 2556 5124 ἐρήμου,
2596 5055 2793 5125 μᾶλλον
2818 5059 2850 5128 ἦ
2885 5058 2985 5128 τῆς
3007 5057 3237 5128 ἐχούσης
3265 5057 3356 5110 τὸν
3392 5058 3560 5127 ἄνδρα
3583 5073 3596 5086 ·
3639 5075 3655 5104 ι
3693 5057 3789 5110 καὶ

2206 5144 2344 5215 πρὸς
2373 5146 2438 5216 ἢν
2471 5148 2712 5219 εἴρηται·
2750 5170 2768 5200 ι
2811 5150 3158 5223 Εύφράνθητι
3193 5151 3443 5222 στείραὴ
3475 5153 3535 5203 ού
3569 5151 3785 5203 τίκτουο

2209 5255 2307 5290 σα·
2332 5240 2515 5310 ῥῆξον,
2541 5243 2634 5295 καὶ
2669 5243 2861 5316 βόησον
2887 5247 2921 5316 ἡ
2949 5246 3052 5298 οὐκ
3081 5244 3366 5298 ὠδίνουσα.
3405 5263 3424 5296 ›
3463 5245 3619 5298 ’Ἐστι
3648 5244 3704 5296 δὲ
3754 5241 3783 5308 ὴ

1217 5396 1414 5480 ’f_ihid.
1447 5400 1502 5453 5.
1575 5401 1624 5432 ³⁸
1651 5398 1848 5473 Philip.
1877 5420 1939 5472 tl,
1968 5405 2021 5463 8.
2097 5407 2145 5438 "
2185 5405 2341 5463 Joan.
2379 5425 2534 5476 xvm,
2559 5409 2593 5463 4
2629 5425 2784 5480 seqq.
2860 5409 2908 5440 "
2950 5409 3079 5465 ibid.
3133 5407 3220 5462 12.
3297 5407 3341 5439 θ’
3398 5403 3555 5462 Joan.
3587 5421 3666 5472 vr,
3698 5405 3764 5461 I5
3831 5441 3836 5452 -.

1636 5659 1757 5715 Ilaec
1794 5659 1988 5716 desunt
2015 5659 2071 5716 in
2099 5658 2338 5717 editione
2379 5655 2584 5723 lluctii,
2612 5656 2704 5714 scd
2740 5666 2959 5714 exstant
2983 5658 3035 5712 in
3066 5657 3254 5715 codice
3285 5655 3602 5714 Bodleiano.
