4182 6414
396 290 500 344 733
1384 283 1744 339 COMMENT.
1792 282 1855 336 IN
1897 281 2089 339 .IOAN.
2128 282 2370 338 TOMUS
2403 280 2644 336 XXVIII.
3545 280 3660 337 734

395 403 563 470 ὲἻίγὺς
587 402 686 473 τῆς
727 400 936 473 ὲρὴμου
986 400 1138 465 πόλις
1172 399 1431 473 Ἐφραῒμ.
1456 401 1534 464 εἰς
1571 401 1639 471 ἢν
1670 397 1832 471 ἦλθεν
1873 401 1975 469 Ἰη-
2003 404 2046 461 Α

2007 398 2256 464 AJesus,
2317 414 2425 452 non
2487 396 2722 466 amplius
2775 393 3054 463 propalam
3113 392 3461 447 obambulans
3508 391 3658 448 inter

395 494 543 559 σοῦς,
579 494 764 547 οὐκέτι
795 494 1080 565 παρρησίᾳ
1098 493 1416 564 περιπατῶν
1439 495 1497 546 ἐν
1523 496 1635 556 τοῖς
1675 492 1967 554 Ἰουδαίοις.

2072 489 2307 544 Iudaeos.
2341 486 2510 541 Sonat
2536 493 2716 538 autem
2747 483 3030 552 Ephraim,
3060 481 3223 553 400
3253 482 3296 536 si
3328 483 3657 550 interprete-

406 583 801 656 Ἐρμηνεύεται
835 585 892 640 δὲ
926 584 1167 656 Ἐφραῖμ
1197 585 1716 654 (64)καρποφορία,
1746 582 1974 651 ἀδελφὸς

2074 587 2174 651 ris,
2242 581 2778 653 fertilitas:fuitque
2837 580 3093 648 Ephraim
3156 581 3323 631 frater
3382 575 3651 644 Manasse,

392 675 468 729 ὢν
503 675 765 746 Μανασσῆ
797 675 1168 747 πρεσϐυτέρου
1210 675 1303 729 τοῦ
1335 676 1442 728 ἀπὸ
1469 676 1640 746 λήθης
1662 675 1793 728 λαοῦ
1825 674 1968 744 (65)’

2076 677 2181 730 hoc
2225 684 2306 728 est
2337 672 2520 742 populi
2558 681 2687 724 natu
2745 669 3070 738 grandioris,
3127 669 3467 735 maximeque
3516 665 3655 719 obli-

396 765 537 836 μετά
559 765 666 837 γὰρ
687 765 778 818 τὸν
807 765 915 818 ἀπὸ
940 764 1109 836 λήθης
1123 765 1249 818 λαὸν
1273 765 1720 834 καταλειφθέντα,
1744 763 1975 835 γεγένη-

2073 766 2224 819 vioni
2253 765 2463 819 traditi.
2507 761 2678 816 Simul
2728 772 2893 830 atque
2927 760 3070 813 enim
3106 760 3396 812 derelictus
3430 767 3511 813 est
3550 772 3651 825 po-

392 874 483 910 ται
517 859 550 927 ή
588 857 647 923 ἐξ
691 856 860 910 ἐθνῶν
911 857 1274 929 καρποφορία,
1322 858 1412 910 ὅτε
1446 876 1466 909 «
1498 859 1778 928 ποταμοὺς
1814 877 1832 909 ι
1874 856 1973 928 μὲν

2073 855 2232 925 pulus
2259 854 2519 908 oblivioni
2566 853 2816 917 traditus,
2849 861 2972 906 orta
2997 860 3080 904 est
3118 866 3182 903 ex
3211 848 3457 919 gentibus
3497 848 3655 929 ferti-

391 950 520 1014 τοὺς
564 952 622 1003 ἐν
654 949 732 1020 τῷ
782 950 998 1021 Ἰσραήλ
1030 969 1049 1001 «
1092 949 1244 1003 ἔθετο
1280 969 1298 1001 ι
1326 953 1354 1003 6
1401 949 1534 1014 Θεὸς
1567 970 1585 1002 «
1626 953 1705 1014 εἰς
1746 950 1970 1022 ἔρημον,

2075 948 2198 1002 litas
2235 966 2250 1002 :
2284 959 2477 1015 nempe
2501 960 2622 1000 cnm
2652 963 2670 995 «
2706 942 2924 996 ﬂumina
2964 961 2984 994 ι
3014 941 3229 1010 quidem
3250 981 3264 1003 ,
3291 955 3408 1009 quae
3437 947 3563 991 sunt
3597 939 3650 990 iu

393 1039 488 1092 καὶ
533 1037 799 1102 διεξόδους
859 1038 970 1092 τῶν
1005 1058 1023 1090 ι
1059 1041 1176 1093 ἐκεῖ
1227 1058 1245 1091 «
1291 1040 1500 1094 ὑδάτων
1543 1042 1623 1104 είς
1648 1039 1827 1109 δίψαν,
1879 1041 1974 1093 καὶ

2073 1037 2290 1101 lsraele,
2351 1053 2370 1087 «
2411 1036 2576 1090 vertit
2613 1055 2633 1086 ι
2688 1033 2831 1088 Deus
2877 1051 2894 1083 «
2928 1033 2979 1086 in
3028 1032 3344 1095 desertum;
3397 1037 3448 1080 et
3489 1042 3654 1080 venas

393 1129 498 1198 γῆν
538 1148 557 1180 ι
589 1129 769 1182 αὐτῶν
803 1148 822 1181 «
863 1130 1211 1202 καρποφόρον
1258 1133 1339 1194 εἰς
1377 1131 1576 1202 ἆλμην,
1631 1131 1740 1184 ἀπὸ
1775 1131 1974 1194 κακίας

2076 1144 2343 1198 aquarum
2378 1147 2396 1180 ι
2438 1127 2552 1182 illic
2586 1125 2986 1192 exsistentium,
3032 1143 3050 1173 «
3079 1123 3131 1176 in
3165 1121 3281 1176 loca
3333 1119 3651 1187 siticulosa;

391 1220 502 1272 τῶν
562 1219 961 1274 κατοικούντων
1007 1221 1066 1274 ἐν
1114 1222 1286 1293 αύτῇο
1321 1241 1340 1273 ι
1399 1222 1507 1278 ἀπὸ
1552 1222 1609 1275 δέ
1650 1220 1758 1276 τῶν
1804 1221 1974 1276 ἐθνῶν

2076 1228 2128 1275 et
2163 1228 2363 1274 terram
2392 1238 2410 1270 ι
2468 1233 2656 1272 eorum
2698 1216 3041 1286 «frugiferam
3069 1254 3084 1278 ,
3118 1215 3170 1267 in
3218 1212 3402 1267 sterile
3451 1210 3649 1275 solum,

398 1329 418 1362 «
455 1311 659 1384 ἔρημον
693 1312 843 1366 ἔθετο
869 1315 948 1376 είς
969 1313 1163 1384 λίμνας
1193 1314 1422 1380 ὑδάτων,
1452 1315 1546 1368 καὶ
1569 1314 1674 1385 γῆν
1701 1315 1925 1384 ἄνυδρον
1950 1333 1968 1366 ι

2074 1320 2297 1380 propter
2366 1307 2666 1362 incolarum
2726 1304 3124 1368 vitiositatem;
3164 1321 3182 1353 ι
3219 1300 3464 1372 gentium
3519 1312 3651 1353 vero

391 1382 572 1456 αὐτῶν
597 1402 706 1474 (66)
741 1404 844 1475 γῆν
902 1422 922 1456 ‹
985 1382 1066 1468 είς
1105 1404 1371 1470 διεξόδους
1417 1382 1661 1460 ὑδάτωνέ
1718 1407 1814 1460 καὶ
1837 1382 1975 1460 -κατ-

2081 1421 2099 1452 «
2128 1382 2399 1455 desertum
2428 1399 2594 1452 vertit
2642 1398 2694 1451 in
2741 1407 2930 1466 stagna
2967 1409 3249 1465 aquarum,
3289 1401 3594 1460 terramque
3624 1407 3645 1441 ι

391 1492 591 1564 ᾤκισεν
613 1496 730 1548 ἐκεῖ
751 1495 1068 1561 πεινῶντας,
1085 1498 1179 1550 καὶ
1201 1499 1596 1569 συνεστήσαντο
1612 1499 1764 1553 πόλιν
1793 1516 1976 1552 κατοι-

2075 1508 2262 1548 eorum
2321 1491 2723 1555 «siticulosam,
2773 1491 2824 1543 in
2861 1503 3028 1544 venas
3077 1501 3339 1556 aquarum
3399 1503 3413 1538 :
3470 1484 3651 1558 ibique

394 1583 608 1650 κεσίας,
644 1603 662 1636 ι
691 1585 790 1656 τὴν
827 1585 1182 1656 Ἐκκλησίαν·
1213 1585 1343 1640 ἔνθα
1383 1605 1400 1638 «
1436 1587 1688 1660 ἔσπειρεν
1720 1589 1922 1658 ἀγροὺς
1950 1606 1969 1640 ι

2075 1582 2361 1638 collocavit
2389 1582 2695 1644 famelicos,
2747 1590 2802 1634 et
2852 1585 3243 1634 exstruxerunt
3280 1576 3466 1630 urbem
3509 1575 3649 1628 cele-

392 1675 536 1729 κατά
565 1677 656 1729 τὸν
683 1676 916 1730 πεσόντα
952 1678 1152 1747 σπόρον
1185 1679 1277 1732 ἐπὶ
1309 1679 1408 1750 τὴν
1435 1680 1605 1753 καλὴν
1632 1683 1726 1734 καὶ
1759 1681 1971 1752 ἀγαθὴν
2002 1745 2040 1753 __

2002 1745 2040 1753 __
2079 1675 2230 1728 brem
2263 1674 2300 1738 ί,
2338 1693 2356 1726 ι
2388 1689 2580 1743 nempe
2602 1672 2923 1737 Ecclesiam,
2963 1672 3049 1726 ubi
3081 1690 3099 1722 «
3125 1670 3641 1734 seminavitagrosn

391 1767 517 1838 γῆν,
544 1769 639 1821 καὶ
668 1767 927 1822 ποιοῦσαν
966 1769 1495 1825 ἑκατονταπλασίονα
1515 1789 1530 1803 ο
1565 1773 1661 1826 καὶ
1692 1791 1710 1821 «
1738 1772 1970 1842 ἐφύτευ-
2002 1745 2042 1800 Β

2002 1745 2221 1833 Bjuxta
2259 1780 2477 1828 semen,
2529 1764 2674 1833 quod
2731 1763 2929 1818 cecidit
2965 1762 3017 1815 in
3057 1773 3256 1814 terram
3310 1759 3646 1829 praeclaram,

394 1874 484 1912 σεν
509 1859 863 1927 ἀμπελῶνας·
901 1879 919 1912 ι
955 1859 1205 1931 κλήματα
1226 1862 1334 1934 γάρ
1364 1865 1500 1916 εἰσιν
1543 1865 1591 1917 ot
1620 1865 1826 1936 Κυρίου
1869 1883 1972 1936 μα-

2072 1870 2126 1914 et
2150 1860 2345 1913 bonam
2375 1899 2390 1923 ,
2426 1866 2482 1911 et
2513 1857 2799 1910 facientem
2841 1857 3074 1908 fructum
3107 1853 3464 1907 centesimum
3501 1851 3554 1916 ’;
3593 1861 3647 1904 et

391 1949 572 2020 θηταὶ,
621 1951 816 2014 οἵτινες
867 1952 962 2004 καὶ
1010 1972 1028 2004 «
1070 1953 1334 2024 ἐποίησαν
1367 1955 1576 2024 καρπὸν
1612 1957 1967 2027 γεννήματος,

2076 1970 2094 2003 «
2123 1950 2388 2020 plantavit
2420 1949 2630 2009 vineas,
2666 1966 2684 1998 ι
2731 1947 2886 2016 cujus
2918 1946 3167 2017 palmites
3215 1955 3373 2000 erant
3403 1943 3645 2013 discipuli

389 2039 487 2091 καὶ
513 2039 804 2110 εὐλόγησεν
841 2042 1060 2107 αὐτοὺς,
1097 2044 1191 2096 καὶ
1220 2044 1628 2116 ἐπληθύνθησαν
1667 2046 1890 2117 σφόδρα.
1944 2065 1964 2097 ο

2069 2040 2307 2105 Domini,
2334 2040 2424 2108 qui
2461 2039 2624 2093 etiam
2663 2037 2945 2091 «fecerunt
2979 2037 3215 2092 fructum
3262 2036 3562 2104 copiosum,
3594 2045 3647 2089 et

402 2130 539 2184 Ἀλλ’
569 2131 692 2184 οὐδὲ
715 2132 841 2195 τοὺς
861 2133 917 2185 ἐν
944 2132 1152 2198 τούτοις
1174 2134 1531 2206 ἀλογωτέροις
1568 2136 1796 2207 μικροὺς
1828 2131 1968 2190 εἶναι

2066 2131 2343 2186 benedixit
2377 2131 2457 2184 eis
2483 2171 2499 2197 ,
2534 2139 2588 2183 et
2611 2129 2956 2198 multiplicati
2989 2140 3115 2183 sunt
3159 2128 3313 2190 valde
3345 2127 3387 2180 ³.
3418 2145 3436 2178 ι
3473 2126 3645 2193 Quiu-

389 2220 670 2291 ἐλογίσατο
697 2223 796 2277 ὀδέ
822 2224 954 2295 (66⁸)
973 2225 1290 2296 ἀνθρώπους
1319 2229 1412 2280 καὶ
1439 2229 1607 2298 κτήνη
1635 2226 1818 2290 σώζων
1852 2227 1967 2281 Κύ-

2067 2223 2230 2278 etiam
2289 2237 2356 2276 ne
2411 2223 2509 2276 hos
2563 2221 2806 2291 quidem,
2864 2221 2954 2288 qui
3007 2236 3036 2272 a
3095 2220 3304 2274 ratione
3357 2218 3645 2274 alieniores

393 2329 525 2385 ptog'
554 2313 859 2386 γέγραπται
893 2317 1027 2386 γάρ·
1067 2335 1086 2368 «
1124 2318 1233 2372 Καὶ
1257 2318 1326 2371 τὰ
1353 2319 1526 2390 κτήνη
1552 2318 1728 2372 αὐτῶν
1755 2319 1854 2372 οὐκ
1879 2320 1967 2371 ἐσ-

2067 2323 2243 2378 erant,
2279 2330 2478 2384 parvos
2522 2328 2643 2368 esse
2673 2313 2933 2383 cogitavit
2972 2311 3062 2366 ille
3087 2351 3102 2376 ,
3157 2313 3246 2379 qni
3288 2311 3534 2364 homines
3590 2320 3645 2363 et

395 2404 644 2475 μίκρυνε.
692 2425 710 2456 ι
743 2407 854 2459 Καὶ
882 2409 930 2460 οἱ
963 2407 1062 2477 μὲν
1098 2407 1340 2462 Ἰουδαῖοι
1377 2427 1396 2460 «
1449 2408 1824 2478 ὼλιγώθησαν,
1873 2409 1968 2462 καὶ

2061 2405 2311 2476 jumenta
2339 2415 2517 2458 servat
2547 2407 2569 2435 ⁸
2590 2421 2604 2471 ;
2625 2405 2884 2474 scriptum
2917 2413 3000 2458 est
3026 2402 3171 2457 enim
3200 2402 3258 2456 δε
3288 2401 3382 2454 «Et
3404 2401 3643 2470 jumenta

387 2491 747 2564 ἐκακώθησαν
787 2494 895 2547 ἀπὸ
951 2494 1183 2564 θλίψεως
1224 2495 1430 2560 κακῶν,
1485 2496 1577 2549 καὶ
1610 2496 1800 2567 ὀδύνης
1823 2514 1836 2527 ·
1872 2496 1966 2550 καὶ

2067 2511 2251 2549 eorum
2283 2511 2386 2549 non
2427 2496 2644 2550 minuit.
2672 2515 2690 2547 ι
2734 2497 2810 2548 Ac
2839 2493 3009 2548 Judaei
3049 2493 3266 2563 quidem
3321 2511 3338 2542 «
3375 2490 3643 2544 imminuti

387 2580 617 2651 ἐξεχύθη
671 2580 1016 2646 ἐξουδένωσις
1055 2585 1148 2637 ἐπὶ
1198 2586 1326 2648 τοὺς
1375 2604 1394 2637 ι
1444 2583 1534 2638 διὰ
1584 2585 1675 2638 τὸν
1713 2584 1966 2656 Ἀϐραὰμ

2067 2597 2215 2652 sunt,
2256 2597 2311 2642 et
2340 2585 2523 2640 alllicti
2575 2586 2724 2642 fuere
2778 2603 2806 2639 a
2856 2585 3205 2640 tribulatione
3237 2583 3538 2644 malorum,
3591 2590 3645 2635 et

393 2690 418 2732 ς
447 2673 745 2746 ἄρχοντας’
783 2675 878 2729 καὶ⁵
926 2676 1229 2748 ἐπλάνησεν
1267 2679 1464 2741 αὐτοὺς
1509 2680 1568 2732 ἐν
1620 2678 1824 2750 ἀϐάτῳ,
1871 2680 1966 2732 καὶ

2066 2679 2290 2745 dolore;
2333 2679 2631 2750 etTuditque
2663 2676 2878 2749 (Deus)
2915 2687 3282 2746 contemptum
3339 2676 3389 2728 in
3435 2674 3643 2744 princi-

384 2761 508 2831 οὐχὶ
536 2763 594 2815 ἐν
625 2761 758 2833 ὁδῷο
803 2782 822 2814 ι
861 2765 977 2834 μετ’
1008 2766 1248 2830 ἐκείνους
1280 2767 1336 2819 δέ
1366 2769 1394 2820 6
1421 2767 1554 2830 Θεὸς
1586 2787 1604 2818 «
1638 2768 1904 2840 ἐϐοήθησε
1941 2789 1959 2821 ι

2065 2786 2194 2841 pes»
2227 2782 2452 2841 propter
2475 2771 2773 2832 Abraham;
2811 2777 2894 2822 «et
2920 2782 3106 2822 errare
3131 2766 3262 2820 fecit
3282 2781 3375 2819 eos
3397 2766 3447 2818 iu
3475 2767 3643 2828 invio,

386 2852 465 2923 τῷ
487 2855 594 2906 ἀπὸ
615 2855 724 2910 τῶν
748 2855 917 2909 ἐθνῶν
944 2875 962 2908 ‹
1002 2857 1195 2927 πένητι
1242 2877 1262 2909 ι
1297 2857 1410 2929 λαῷ
1441 2863 1506 2913 ἐκ
1535 2863 1830 2932 πτωχείας,
1871 2864 1967 2917 καὶ

2065 2873 2118 2920 et
2155 2879 2260 2916 non
2295 2863 2347 2916 in
2378 2864 2488 2915 via.
2525 2879 2545 2912 ι
2591 2861 2732 2924 Dens
2761 2859 2927 2929 igitur
2962 2866 3084 2928 post
3113 2857 3353 2920 Iudaeos,
3384 2859 3639 2926 populum

388 2945 539 2998 ἔθετο
566 2965 584 2998 «
627 2946 702 3010 ὡς
732 2947 981 3018 πρόϐατα
1037 2948 1293 3020 πατριὰν,
1340 2949 1433 3014 οὓς
1469 2951 1691 3021 ὄψονται
1738 2973 1759 3004 ›
1802 2954 1964 3019 εὐθὺς

2065 2955 2325 3025 gentilem
2368 2967 2690 3022 «pauperem
2721 2951 3006 3006 exemith
3040 2949 3412 3016 mendicitate,
3444 2958 3643 3003 tracta:

388 3034 500 3104 (67)
529 3034 769 3104 ἄγγελοι,
806 3055 824 3088 «
862 3037 956 3090 καὶ
996 3038 1476 3109 εὐφρανθήσονται,
1509 3043 1602 3094 καὶ
1646 3046 1796 3097 πᾶσα
1842 3046 1965 3099 ἀνο-
1991 3092 2031 3114 η

1992 3092 2031 3114 η
2067 3047 2252 3114 vitque
2302 3043 2535 3097 familias
2575 3043 2720 3097 velut
2773 3056 2923 3105 oves,
2976 3055 3114 3110 quos
3159 3041 3414 3094 videbunt
3445 3060 3464 3093 ι
3518 3056 3643 3096 mox

390 3092 495 3195 μία
519 3092 787 3195 ὲμῷράξει
814 3126 874 3178 τὸ
915 3092 1113 3196 στόμα⁸
1135 3092 1387 3196 «1016;.»
1427 3092 1962 3203 Τᾉᾶτᾷιςέἔξιυξέξ-
1991 3092 2032 3148 C

1993 3092 2032 3148 Ο
2066 3092 2263 3209 angeli,
2294 3155 2311 3188 «
2335 3146 2388 3191 et
2417 3135 2764 3194 laetabuntur,
2798 3143 2852 3186 et
2875 3133 3056 3188 omnis
3082 3132 3346 3200 iniquitas
3373 3132 3644 3186 obturabit

386 3214 499 3277 κῶς
522 3216 1020 3286 προφητευσμένοις
1051 3219 1108 3271 ἐν
1133 3217 1408 3288 ἑκατοστῷ
1434 3219 1577 3290 ’ἐκτῳ
1605 3221 1803 3293 ψαλμῷ
1841 3226 1962 3278 ἐπι-

2063 3243 2126 3282 os
2156 3242 2337 3282 suum.
2374 3245 2392 3278 ι
2455 3225 2551 3279 llis
2588 3225 2639 3277 in
2666 3222 2873 3293 psalmo
2902 3232 3058 3277 sexto
3081 3237 3244 3290 supra
3284 3223 3641 3276 centesimum

385 3306 644 3378 φέρεται·
681 3324 700 3358 «
739 3308 834 3371 Τίς
865 3309 1045 3378 σοφὸς,
1078 3311 1170 3362 καὶ
1202 3311 1426 3379 φυλάξει
1468 3312 1664 3377 ταῦτα,
1707 3316 1800 3367 καὶ
1842 3333 1963 3369 συν-

2067 3319 2300 3390 mystice
2331 3317 2676 3388 prophetatis
2709 3314 3058 3385 subiungitur
3091 3331 3104 3367 :
3142 3314 3302 3380 «Quis
3327 3313 3562 3382 sapiens,
3589 3324 3643 3368 et

386 3395 579 3460 ήσουσι
599 3397 666 3450 τά
688 3399 810 3468 ἐλέη
840 3401 934 3453 τοῦ
964 3402 1200 3472 Κυρίου;
1237 3421 1256 3453 ι
1286 3403 1588 3467 Ἐλεοῦντος
1602 3404 1708 3475 γὰρ
1735 3405 1828 3458 τοῦ
1854 3409 1965 3462 Κυ-

2063 3411 2332 3466 custodiet
2370 3410 2504 3474 haec,
2535 3417 2588 3462 et
2621 3408 2887 3478 intelliget
2910 3403 3313 3459 misericordias
3340 3404 3589 3458 Domini?
3615 3423 3635 3456 ι

389 3487 513 3558 ρίου¹
531 3489 657 3553 τοὺς
681 3490 788 3543 ἀπὺ
804 3491 913 3544 τῶν
937 3490 1126 3557 ἐθνῶν,
1145 3495 1172 3545 6
1195 3494 1357 3562 σοφὸς
1383 3495 1555 3549 ταῦτα
1574 3497 1820 3566 φυλάξει,
1840 3515 1965 3556 συν-

2064 3502 2306 3557 benefico
2329 3501 2471 3555 enim
2498 3500 2799 3554 exsistente
2828 3499 3050 3552 Domino
3080 3497 3132 3549 in
3160 3495 3408 3562 gentiles,
3428 3497 3643 3560 sapiens

388 3581 488 3645 ιεὶς
528 3582 595 3636 τά
624 3581 746 3654 ἐλέη
790 3583 884 3636 τοῦ
922 3585 1150 3657 Κυρίου.
1195 3587 1403 3640 Οὐκοῦν
1441 3607 1458 3640 «
1502 3589 1710 3659 Ἰησοῦς
1742 3591 1842 3644 οὐκ
1886 3592 1961 3645 ἔτι

2063 3591 2179 3646 haec
2207 3593 2495 3652 custodiet,
2530 3590 2840 3660 intelligens
2873 3588 3136 3642 beneficia
3176 3585 3410 3639 Domini.
3446 3582 3635 3639 «Iesus

385 3673 669 3745 παρρησίᾳ
699 3678 992 3746 περιπατεῖ
1009 3678 1067 3730 ἐν
1091 3682 1203 3742 τοῖς
1242 3679 1534 3744 Ἰουδαίοις,
1560 3680 1694 3735 ἀλλὰ
1719 3683 1960 3752 ἀπῆλθεν

2063 3681 2231 3751 igitur
2281 3695 2384 3734 nou
2437 3680 2669 3748 amplius
2708 3678 2761 3730 in
2803 3676 3018 3746 publico
3073 3674 3459 3730 obambulabat
3501 3675 3644 3728 inter

385 3765 591 3818 ἐκεῖθεν
626 3767 706 3829 είς
733 3767 830 3839 τὴν
857 3766 1040 3839 χώραν
1076 3787 1094 3818 ι
1131 3769 1226 3823 τοῦ
1271 3769 1392 3822 ὅλου
1441 3773 1665 3842 κόσμου,
1727 3793 1744 3825 «
1794 3775 1961 3844 ἐγγὺς

2061 3770 2306 3837 Ιυίὶωοε,
2337 3773 2431 3826 sed
2460 3771 2584 3824 inde
2613 3770 2745 3824 abiit
2785 3769 2836 3823 in
2873 3767 3051 3822 locum
3073 3787 3092 3819 ι
3127 3767 3290 3821 totius
3315 3767 3496 3828 orbis,
3541 3766 3643 3820 Ec-

382 3857 482 3927 τῆς
513 3858 718 3928 ἐρήμου
759 3877 778 3910 ›
819 3859 1170 3932 Ἐκκλησίας,
1207 3881 1225 3913 «
1256 3865 1336 3926 εἰς
1379 3863 1617 3936 Ἐφραῒμ
1654 3885 1671 3917 ι
1697 3865 1798 3938 τὴν
1821 3885 1959 3940 καρ-

2062 3863 2242 3918 clesiae
2305 3881 2324 3914 «
2365 3863 2583 3916 deserto
2641 3861 2949 3925 vicinump
3022 3873 3214 3928 neiupe
3275 3860 3378 3913 «in
3453 3859 3641 3914 urbem

383 3948 727 4020 ποφοροῦσαν
771 3949 1072 4026 λεγομένην
1115 3953 1290 4017 πόλιν,
1338 3974 1355 4005 «
1401 3957 1564 4010 κάκεῖ
1609 3956 1787 4027 ἔμεινε
1825 3959 1962 4028 μετὰ

2060 3954 2343 4024 prraim,
2371 3973 2389 4004 ι
2424 3969 2543 4024 qua:
2571 3953 2770 4008 dicitur
2809 3950 3066 4023 frugifera
3105 3951 3331 4018 civitas;
3375 3970 3394 4002 «
3425 3950 3642 4021 illicqne

380 4038 490 4093 τῶν
518 4039 801 4112 μαθητῶνο
839 4060 858 4093 ι
893 4044 988 4098 καὶ
1017 4042 1130 4096 ἔστι
1162 4045 1322 4116 μέχρι
1347 4045 1442 4099 τοῦ
1473 4047 1631 4120 δεῦρο
1674 4049 1810 4119 μετά
1851 4050 1961 4105 τῶν

2060 4047 2382 4101 versabatur
2410 4060 2534 4099 cum
2556 4045 2879 4115 discipulis:
2915 4063 2935 4096 ι
2971 4053 3166 4114 estque
3191 4046 3256 4098 ad
3292 4043 3437 4098 hunc
3472 4058 3642 4112 usque

385 4131 645 4207 μαθητῶν
705 4133 872 4187 αὐτοῦ
925 4134 1132 4206 Ἰησοῦς
1188 4139 1355 4206 ἐγγὺς
1393 4140 1523 4214 τῆς
1586 4143 1818 4212 ἐρήμου,
1880 4146 1962 4208 είς

2061 4138 2203 4192 diem
2250 4135 2408 4191 .Iesus
2463 4151 2586 4190 cum
2641 4134 2923 4204 discipulis
2974 4134 3087 4188 suis
3143 4134 3198 4188 in
3256 4135 3426 4199 urbe,
3477 4148 3641 4202 quam

395 4222 633 4294 Ἐφραῒμ
658 4223 958 4296 λεγομένην
981 4225 1133 4278 πόλιν
1149 4242 1162 4255 °
1194 4227 1422 4298 πάρεστι
1460 4228 1567 4300 γὰρ
1594 4233 1659 4300 τῇ
1683 4248 1961 4302 καρποφο-

2062 4236 2256 4280 vocant
2325 4225 2633 4294 Ephraim,
2703 4226 2920 4279 deserto
2979 4225 3260 4278 vicinam:
3299 4239 3423 4276 nam
3485 4223 3642 4279 adest

385 4314 496 4387 ρίᾳ,
540 4316 634 4369 καὶ
667 4317 760 4370 ἐπὶ
781 4319 846 4388 τῇ
873 4317 1085 4386 γενέσει
1114 4335 1178 4386 γε
1205 4317 1298 4371 τοῦ
1332 4319 1571 4390 Ἐφραῖμ
1602 4321 1792 4374 τούτου
1814 4323 1958 4378 εἴποι

2062 4315 2334 4371 fertilitali
2369 4339 2380 4372 :
2413 4328 2468 4371 et
2522 4318 2576 4370 in
2625 4325 2748 4372 ortu
2803 4332 2936 4371 sane
2992 4315 3150 4384 hujus
3199 4314 3456 4385 Ephraim
3497 4317 3641 4370 dicet

379 4405 446 4461 ἂν
467 4408 494 4460 ό
514 4409 779 4479 γεννήσας
795 4408 954 4461 αὑτὸν
974 4408 1298 4480 σιτομέτρης
1319 4409 1472 4480 ήμῶν
1489 4409 1712 4481 Κύριος,
1726 4414 1753 4464 6
1768 4430 1957 4467 ταπει-
1991 4426 2030 4480 ι]

1991 4426 2035 4480 ι)
2078 4411 2223 4462 illius
2261 4411 2472 4479 genitor
2518 4410 2774 4464 Dominus
2825 4418 3010 4463 noster
3062 4409 3318 4464 lrumenti
3363 4421 3637 4478 erogatur,

379 4495 556 4560 νώσας
581 4499 790 4566 ἐαυτὸν,
823 4500 918 4560 καὶ¹
947 4500 1235 4570 γενόμενος
1265 4501 1502 4572 ὑπήκοος
1525 4502 1685 4573 μέχρι
1704 4502 1953 4571 θανάτου,

2065 4505 2157 4571 qni
2186 4502 2418 4570 seipsnm
2448 4502 2709 4556 humilem
2730 4504 2957 4571 praebuit
2982 4502 3154 4556 factus
3180 4501 3441 4555 obediens
3471 4517 3641 4570 usque

380 4586 611 4640 θανάτου
642 4587 698 4640 δὲ
757 4587 991 4660 σταυροῦ
1011 4605 1024 4618 ·
1064 4608 1082 4640 «
1137 4587 1354 4662 Ηύξησέ
1382 4608 1450 4662 με
1485 4593 1514 4644 6
1542 4592 1673 4656 Θεὸς
1700 4595 1757 4645 ἐν
1785 4597 1851 4665 τῇ
1885 4599 1954 4667 γῇ

2065 4595 2132 4646 ad
2165 4606 2414 4657 mortem,
2475 4605 2707 4647 mortem
2759 4603 2936 4647 autem
2983 4592 3164 4646 crucis
3205 4591 3266 4645 ἐ
3301 4591 3507 4644 «Auxit
3557 4607 3640 4644 me

378 4678 476 4748 τῆς
503 4678 883 4742 ταπεινώσεώς
913 4697 1033 4750 μου.
1071 4699 1089 4733 ι
1209 4728 1212 4730 ν
1579 4679 1582 4683 ’

1579 4679 1582 4683 ’
2062 4685 2204 4740 Deus
2236 4686 2287 4738 in
2318 4696 2464 4739 terra
2496 4684 2800 4740 alllictiouis
2834 4701 2966 4739 mea:
2996 4685 3037 4739 ".
3065 4703 3082 4736 ι

447 4767 536 4821 20.
577 4786 598 4820 «
624 4764 731 4822 ’Ἦν
767 4770 822 4822 δέ
851 4773 1016 4842 ἐγγὺς
1043 4771 1104 4824 τὸ
1137 4773 1329 4843 Πάσχα
1380 4772 1490 4826 τῶν
1549 4773 1832 4841 Ἰουδαίων,
1861 4778 1956 4831 καὶ

2131 4775 2289 4847 401
2330 4777 2420 4830 20.
2478 4795 2497 4828 «
2538 4776 2780 4831 Instabat
2831 4786 3009 4830 autem
3051 4774 3256 4829 Pascha
3307 4771 3638 4836 Iudaeorum,

377 4861 650 4932 ἀνέϐησαν
696 4862 882 4915 πολλοὶ
907 4863 1014 4917 τῶν
1049 4864 1318 4919 Ἰουδαίων
1369 4868 1450 4930 είς
1511 4866 1857 4937 Ἰεροσόλυμα
1891 4869 1956 4921 ἐκ

2062 4879 2118 4924 et
2140 4872 2498 4924 ascenderunt
2524 4869 2675 4922 multi
2708 4864 3423 4934 .IudmornmJerosolymam
3451 4880 3516 4917 ex
3552 4881 3637 4917 rc-

373 4953 476 5021 τῆς
507 4951 691 5024 χώρας
724 4953 831 5024 πρὸ
866 4953 961 5006 τοῦ
995 4955 1206 5025 Πάσχα,
1260 4956 1348 5009 ἵνα
1381 4957 1675 5025 ἁγνίσωσιν
1705 4959 1952 5023 ἑαυτούς.

2059 4961 2219 5032 giOne
2248 4972 2373 5014 aute
2421 4959 2653 5025 Pascha,
2702 4970 2762 5012 ut
2795 4960 3142 5028 puriﬁcareut
3173 4970 3251 5010 se.
3304 4953 3633 5020 Quwrcbant

388 5045 644 5111 Ἐζήτουν
677 5040 769 5098 οὖν
801 5044 893 5098 τὸν
928 5046 1136 5117 Ἰησοῦν
1157 5088 1172 5112 ,
1207 5047 1302 5102 καὶ
1332 5047 1517 5116 ἐλεγον
1554 5051 1671 5120 μετ’
1704 5050 1953 5121 ἀλλήλων

447 5135 464 5166 ⁸
519 5135 658 5189 Psal.
696 5151 804 5189 CVI.
839 5137 908 5189 5'5
951 5152 1068 5189 seu.
1159 5139 1178 5169 ¹
1233 5138 1365 5189 Luc.
1400 5155 1517 5189 vm.
1558 5141 1611 5189 8.
1720 5143 1744 5174 ³
1785 5142 1931 5189 Psal-
1992 5159 2039 5189 m

2057 5067 2184 5122 ergo
2209 5050 2415 5118 Iesum,
2462 5060 2516 5106 et
2562 5051 3016 5120 colloque-bantur
3050 5049 3196 5102 inter
3241 5060 3299 5099 se
3345 5046 3396 5097 in
3435 5046 3633 5113 ten-mlo

1993 5159 2098 5189 nn-
2153 5143 2239 5189 37-
2298 5142 2388 5189 38-
2494 5141 2686 5189 ‘Psal-
2739 5158 2901 5189 ιικν-
2945 5142 2997 5189 7.
3103 5140 3127 5172 ⁸
3155 5090 3644 5189 Psal.cv1.58-43-I

447 5135 486 5211 ι-
515 5135 658 5211 ρβει,
696 5151 804 5211 Cv},
839 5137 908 5211 5;,
943 5152 1068 5211 §eq.
1159 5139 1178 5169 ¹
1233 5138 1365 5211 Duc.
1400 5155 1517 5200 vnt.
1558 5141 1611 5196 8.
1720 5143 1744 5174 ³
1784 5142 1931 5198 Psal.
1992 5159 2098 5209 CVI,

1992 5159 2100 5209 CVI,
2153 5143 2242 5211 57,
2298 5142 2388 5197 38.
2494 5141 2686 5200 ‘Psal.
2739 5158 2902 5210 xxxv,
2945 5142 2997 5195 7.
3103 5135 3628 5201 'Psal.cvr,58-43.

375 5211 400 5243 ο
428 5204 628 5276 Philip.
654 5221 714 5270 ιι,
751 5206 804 5263 8.
880 5207 901 5238 ⁷
931 5204 1066 5262 Gen.
1103 5223 1214 5274 xu,
1249 5209 1336 5261 52.

447 5294 559 5382 (64)
587 5297 1029 5382 ΠἙρμηῂνεύεται
1054 5297 1173 5382 ..δέ
1251 5301 1490 5382 Ἐςξρᾳῒμ
1511 5371 1523 5382 .
1550 5301 1953 5382 Καρπρςρορία.
2066 5319 2084 5352 «

1518 5301 1953 5382 'Kapx‘osaogla.
2066 5319 2084 5352 «
2122 5299 2391 5382 Manasse,
2435 5297 2703 5382 noblitys,
2738 5298 2850 5382 sive
2865 5300 3169 5382 peccssit”.

377 5365 740 5447 Iliero’uymns
766 5368 841 5447 De
871 5366 1236 5447 φωραθῇ,
1267 5365 1605 5447 «_'E_plti-ai_rn,
1633 5365 1666 5422 ⁷»
1703 5365 1952 5447 frugifer,
2129 5371 2240 5439 (66)
2268 5369 2574 5447 Secundum
2625 5369 2770 5423 istud
2826 5367 2932 5438 γῆν
2979 5370 3195 5425 videtur
3231 5369 3530 5443 παρέλκειν
3574 5383 3632 5427 et

375 5437 488 5491 sive
501 5452 754 5490 crescens.
776 5437 813 5489 A
834 5445 952 5497 ΓιἿὲ
974 5455 991 5488 «
1025 5437 1258 5490 fructum
1277 5437 1443 5493 dedit.
1467 5459 1483 5491 ι
1504 5437 1948 5502 Genes.xei,52.
2059 5437 2440 5493 resecaudum.

447 5505 557 5574 (65)
601 5505 712 5558 Τοῦ
732 5506 1256 5580 ἀπὸμλήθηςᾉλαοῦέ
1285 5509 1528 5562 Manasse
1577 5513 1737 5580 enim,
1775 5511 1949 5580 dictus
2051 5578 2064 5580 _

2051 5578 2064 5580 _
2131 5509 2270 5580 (66‘).
2317 5510 2371 5561 Ὁ
2404 5507 2491 5561 δέ.
2532 5505 2656 5580 Haec
2699 5507 2868 5580 verba
2897 5517 3041 5560 stare
3083 5509 3161 5580 sic
3200 5525 3305 5563 non
3349 5523 3573 5579 possunt
3610 5531 3627 5568 :

372 5583 456 5628 est
493 5590 522 5627 a
554 5583 672 5655 meq
711 5577 968 5655 «_oblitus
1001 5578 1119 5640 fuit,
1159 5577 1414 5655 χροιιςῇ
1457 5595 1569 5655 κω,
1723 5579 1798 5633 Ita
1829 5579 1946 5632 Ma-
2051 5577 2338 5655 lcgeudgum
2362 5589 2446 5634 est
2471 5577 2555 5630 vel
2583 5578 2698 5643 ὅγε,
2727 5578 2870 5646 quod
2904 5587 2960 5630 et
3010 5579 3221 5642 melius,
3273 5577 3362 5634 vel
3412 5581 3497 5633 ὅδε
3534 5594 3631 5636 aut

374 5645 704 5728 pas-selegis
731 5645 1096 5728 .Iu_«_la.no_m_en
1124 5663 1152 5697 a
1187 5646 1278 5700 Dei
1309 5645 1578 5728 oblivione
1601 5650 1802 5728 dictum
1847 5662 1941 5700 vo-
2049 5649 2133 5702 ὅδε
2161 5651 2208 5704 ό.
2240 5649 2395 5704 Ευιτ.
2455 5716 2494 5728 __
2552 5717 2583 5728 __
2625 5717 2636 5728 .
2745 5645 2760 5646 ί
2861 5713 2946 5728 Μ
3074 5717 3105 5728 ν
3140 5715 3150 5725 .
3210 5715 3250 5728 __
3352 5717 3362 5728 _

377 5713 493 5767 Iunt
543 5712 906 5770 Thalmudici.
973 5715 1332 5787 Hieronymus
1392 5717 1469 5772 De
1535 5735 1674 5773 nam.
1730 5715 1938 5773 Helm:

2116 5720 2228 5790 (67)
2253 5721 2432 5776 Codex
2455 5716 2804 5785 Bodleiauus,
2823 5713 3001 5777 εὐθύς·
3024 5715 3188 5771 editio
3210 5715 3412 5785 lluetii,
3431 5715 3628 5784 εὺθεῖς.
