4182 6376
521 273 627 331 735

1991 267 2310 325 ORIGENIS

3680 266 3783 321 756

524 402 732 448 stantes
759 410 773 447 :
805 392 946 461 Quid
991 393 1204 448 videtur
1232 393 1411 460 vobis,
1474 393 1619 463 quod
1656 408 1761 449 non
1789 393 2004 449 vener-it
2036 394 2097 446 ad

2209 393 2266 442 ἐν
2298 385 2375 458 τῷ
2411 385 2542 456 ἱερῷ
2572 386 2883 456 ἑστηκότες
2916 385 2983 439 Τί
3011 377 3139 457 ὑμῖν
3165 385 3333 451 δοκεῖ,
3371 387 3455 441 δτι
3485 386 3595 457 (68)
3630 387 3779 458 [adtL

524 483 665 534 them
708 481 905 535 festum
948 480 1006 536 ’ἲ
1055 501 1073 534 ι
1112 482 1227 536 Non
1274 484 1415 537 idem
1463 485 1797 538 censendum
1847 494 1930 538 est
1981 498 2102 539 esse

524 570 727 625 Pascha
765 574 976 627 Domini
1021 582 1078 628 et
1116 574 1322 629 Pascha
1346 573 1653 631 Judazorum
1683 594 1696 629 :
1729 588 1853 630 nam
1894 574 2098 630 Pascha

523 666 818 717 secundum
854 662 1071 734 Legem,
1118 665 1184 719 ad
1238 666 1523 721 Dominum
1563 668 1829 737 pertinet;
1898 668 1964 722 ad
2006 682 2101 722 eos

523 768 653 806 vero
683 754 773 821 qui
805 766 930 808 sunt
950 756 1185 826 exleges,
1214 756 1426 813 Pascha
1458 759 1791 813 Judazorum.
1832 757 2101 826 Quocirca

521 846 1061 901 animadvertendum
1108 860 1192 904 est
1235 850 1454 920 quando
1499 852 1698 907 dicitur
1749 850 1957 906 Pascha
1992 850 2099 907 Do-

524 937 681 1002 mini,
712 949 765 992 et
796 938 887 992 alii
921 939 1056 1003 dies,
1087 951 1142 996 et
1185 940 1401 1010 quando
1446 957 1551 997 non
1599 941 1835 1008 Domini,
1886 943 1979 998 sed
2007 959 2101 998 co-

525 1041 643 1079 rum
673 1026 764 1096 qui
796 1030 1208 1100 redarguuntur
1237 1033 1308 1087 ob
1336 1042 1581 1103 peccata.
1618 1033 1781 1089 Verbi
1831 1034 2009 1103 gratia
2045 1034 2098 1089 in

522 1116 709 1173 Exodo
733 1130 857 1188 post
888 1123 992 1177 alia
1022 1124 1286 1193 scriptum
1318 1135 1402 1180 est
1433 1126 1500 1180 tle
1534 1125 1800 1182 Paschate
1842 1128 1892 1181 in
1928 1128 2101 1196 primo

522 1218 831 1277 pracepto:
869 1228 888 1262 ι
928 1211 991 1265 Ει
1017 1213 1314 1267 comedetis
1349 1214 1478 1268 illud
1504 1214 1861 1283 festinanter;
1891 1215 2099 1272 Pascha

521 1309 607 1355 est
629 1300 773 1355 enim
804 1302 1058 1369 Domini;
1092 1324 1112 1357 ι
1143 1313 1199 1359 et
1226 1306 1279 1359 in
1308 1308 1550 1361 secundo
1582 1325 1595 1361 :
1630 1327 1650 1360 ι
1679 1307 1734 1362 Si
1764 1308 2005 1363 dixerint
2031 1311 2099 1363 ad

521 1405 618 1446 vos
669 1393 765 1446 filii
819 1394 980 1448 vestri
1013 1411 1027 1447 :
1060 1394 1289 1463 Quinam
1338 1400 1514 1454 cultus
1536 1408 1619 1454 est
1647 1399 1803 1453 vobis
1844 1398 1978 1453 iste?
2013 1414 2098 1453 re-

521 1485 829 1552 spondete:
875 1485 1101 1541 Victima
1152 1500 1235 1543 est
1278 1488 1490 1545 Pascha
1543 1491 1778 1556 Domini,
1826 1492 2091 1562 quoniam

523 1577 761 1642 protexit
790 1578 983 1633 domus
1028 1578 1265 1633 filiorum
1315 1580 1479 1638 Israel
1530 1582 1587 1636 in
1628 1581 1868 1653 Egypto
1897 1586 1940 1638 ’.
1984 1603 2004 1637 ι
2039 1583 2097 1638 In

521 1665 658 1722 Isaia
700 1683 851 1736 vero,
886 1686 992 1725 non
1041 1675 1125 1726 sui
1175 1673 1364 1742 ipsius,
1411 1675 1503 1728 sed
1544 1687 1890 1743 peccatorum
1921 1676 2098 1747 inquit

2200 478 2289 550 οὐ]
2342 479 2416 550 μὴ
2472 478 2602 551 ἔλθῃ
2650 480 2732 542 είς
2782 478 2881 550 τὴν
2912 480 3137 549 ἐορτήν;
3176 498 3194 530 ι
3229 480 3305 533 Οὐ
3340 478 3401 532 τὺ
3430 478 3561 532 αὐτὸ
3592 497 3783 551 νομισ-

2198 571 2321 623 τέον
2337 566 2477 623 εἷναι
2495 569 2688 639 Πάσχα
2711 570 2804 623 τοῦ
2824 569 3033 640 Κυρίου
3050 570 3144 623 καὶ
3159 568 3352 640 Πᾶσχα
3366 569 3475 623 τῶν
3489 568 3781 624 Ἰουδαίων·
3846 614 3852 627 ,

2201 661 2264 715 τὸ
2297 662 2393 733 μὲν
2414 661 2522 732 γὰρ
2548 662 2686 714 κατὰ
2704 661 2797 715 τὸν
2818 661 2980 732 νόμον
3001 663 3213 732 Πάσχα,
3229 661 3342 715 ἐστὶ
3360 660 3456 714 τοῦ
3474 662 3701 733 Κυρίου,
3722 664 3784 715 τὸ

2202 754 2258 808 δὲ
2274 753 2383 808 τῶν
2410 754 2741 826 παρανόμων
2763 754 2955 824 Πάσχα
2973 754 3080 807 τῶν
3111 754 3378 808 Ἰουδαίων
3418 754 3509 806 Διὸ
3532 770 3776 824 παρατη-

2204 846 2397 917 ρητέον
2446 846 2577 899 πότε
2624 846 2846 916 λέγεται
2895 846 3101 917 Κυρίου
3138 845 3200 899 τὸ
3237 846 3450 916 Πὲσχα,
3490 844 3586 898 καὶ
3627 844 3779 899 ἄλλαι

2200 939 2427 1011 ἡμέραι,
2463 941 2558 994 καὶ
2596 940 2727 993 πότε
2761 940 2824 993 οὐ
2855 938 2950 993 τοῦ
2985 940 3225 1016 Κυρίου,
3248 939 3383 993 ἀλλὰ
3421 938 3529 992 τῶν
3566 938 3788 1008 ἐλεγχο-

2205 1026 2383 1103 μένων
2441 1032 2537 1084 ἐπὶ
2592 1030 2910 1102 ἁμαρτίαις·
2963 1025 3075 1083 οἷον
3103 1032 3162 1084 ἐν
3220 1030 3318 1100 μὲν
3361 1032 3426 1100 τῇ
3470 1028 3664 1100 Ἐξόδῳ
3689 1028 3804 1097 γέ·-

2200 1138 2443 1194 γραπται
2476 1121 2593 1193 μεθ’
2625 1121 2792 1193 ἕτερα
2832 1121 2975 1175 κατὰ
3001 1123 3100 1193 τὴν
3144 1120 3366 1194 πρώτην
3410 1120 3538 1192 περὶ
3591 1121 3779 1190 Πάσχα

2201 1212 2420 1283 ἐντολήν
2442 1229 2457 1244 ο
2491 1229 2509 1263 t
2541 1212 2652 1264 Kal
2682 1210 2866 1263 ἑδεσϐε
2914 1209 3046 1263 αὐτὸ
3101 1208 3242 1279 μετὰ
3284 1208 3521 1278 σπουδῆς
3547 1247 3563 1269 ,
3594 1208 3781 1277 Πάσχα

2202 1300 2320 1354 ἐστὶ
2352 1299 2577 1372 Κυρίου·
2642 1317 2662 1350 ι
2723 1300 2818 1353 καὶ
2859 1299 3002 1353 κατὰ
3028 1297 3127 1368 τὴν
3157 1297 3434 1369 δευτέραν-
3474 1317 3492 1347 ι
3541 1296 3666 1349 Ἐὰν
3694 1297 3771 1349 λέ-

2202 1409 2340 1463 γωσι
2379 1395 2514 1463 πρὸς
2552 1392 2697 1462 ὑμᾶς
2742 1393 2790 1445 oi
2828 1392 2936 1445 υίολ⁵
2973 1390 3149 1461 ὑμῶν’
3184 1390 3279 1453 Τίς
3315 1391 3349 1460 ὴ
3389 1389 3611 1459 λατρεία
3645 1389 3780 1443 αὕτη

2203 1486 2367 1556 ὑμῖν;
2397 1487 2489 1539 καὶ
2523 1488 2731 1557 ἐρεῖτεο
2765 1484 2939 1538 Θυσία
2969 1485 3031 1537 τὸ
3078 1485 3270 1553 Πάσχα
3317 1482 3410 1536 τοῦ
3451 1483 3682 1554 Κυρίου,
3710 1483 3781 1546 ὼς,

2202 1577 2477 1631 ἐσκέπασε
2506 1579 2633 1640 τοὺς
2655 1578 2838 1640 οἴκους
2856 1576 2965 1629 τῶν
2987 1576 3118 1630 υἱῶν
3131 1575 3351 1646 Ἰσραὴλ
3378 1577 3436 1627 ἐν
3467 1573 3745 1643 Αἰγύπτῳ.
3762 1593 3780 1625 ι

2201 1669 2294 1723 Ἐν
2317 1669 2374 1722 δὲ
2400 1668 2478 1739 τῷ
2513 1670 2732 1739 Ἡσαΐᾳ,
2758 1669 2867 1739 ,οὐχ
2901 1667 3117 1732 ἐαυτοῦ,
3148 1666 3285 1720 ἀλλὰ
3312 1665 3422 1719 τῶν
3451 1664 3785 1735 ἁμαρτανόνο

526 1759 783 1814 Dominus
810 1774 932 1817 esse
959 1762 1256 1827 novilunia,
1306 1775 1361 1821 et
1397 1765 1659 1834 Sabbata,
1708 1779 1764 1823 et
1800 1768 2093 1839 jejunium,

2202 1778 2311 1814 των
2365 1763 2533 1831 φησὶν
2589 1756 2732 1812 εἶναι
2767 1761 2797 1811 ὁ
2828 1759 3035 1830 Κύριος
3066 1756 3164 1821 τὰς
3196 1757 3494 1827 νουμηνίας
3524 1794 3538 1820 ,
3587 1755 3683 1807 καὶ
3718 1754 3782 1805 τὰ

519 1858 575 1902 et
602 1848 786 1914 ferias,
821 1859 876 1905 et
903 1850 1256 1921 festivitates;
1288 1857 1433 1925 quod
1457 1858 1501 1912 si
1532 1857 1894 1925 festivitates,
1928 1861 2096 1932 liquet

518 1939 681 1994 etiam
709 1942 853 2010 quod
897 1943 1129 2009 Pascha,
1157 1962 1280 2001 cum
1321 1950 1437 2004 haec
1480 1967 1584 2003 uua
1624 1952 1697 2005 sit
1724 1954 1866 2007 inter
1891 1954 2096 2009 festivi-

523 2038 683 2084 tates.
718 2031 992 2103 Scriptum
1022 2049 1110 2091 est
1140 2048 1321 2093 autem
1355 2033 1501 2095 bun’c
1532 2043 1584 2095 in
1616 2042 1833 2097 modunt
1880 2063 1894 2099 :
1940 2065 1958 2097 ι
1991 2046 2097 2101 No-

519 2121 725 2177 vilunia
759 2133 956 2189 vestra,
981 2138 1036 2183 et
1069 2127 1308 2186 Sabbata
1343 2144 1555 2198 vestra,
1585 2144 1640 2189 et
1668 2132 1809 2190 diem
1839 2152 2093 2208 magnum

520 2229 629 2268 non
656 2214 826 2271 tolero
846 2232 860 2268 :
883 2217 1174 2289 jejunium,
1204 2232 1258 2278 et
1291 2222 1479 2290 ferias,
1506 2235 1562 2280 et
1587 2228 1862 2282 noviluuia
1886 2242 2092 2300 vestra,

519 2311 578 2358 et
612 2306 939 2364 festivitates
971 2319 1182 2367 vestras
1204 2313 1317 2368 odit
1347 2317 1527 2369 anima
1557 2332 1676 2371 mea
1707 2319 1772 2373 ⁸⁸.
1818 2339 1837 2371 ι
1872 2320 2011 2386 Quin
2043 2326 2093 2378 in

521 2410 632 2450 uno
654 2412 720 2450 ex
756 2399 1040 2457 duodecim
1075 2405 1352 2476 prophetis
1380 2409 1638 2480 scriptum
1667 2423 1748 2467 est
1781 2429 1792 2462 :
1832 2434 1850 2466 ι
1882 2414 1981 2469 Odi
2032 2430 2097 2471 ac

521 2486 766 2543 detestor
794 2490 1113 2551 festivitates
1133 2508 1343 2554 vestras
1367 2499 1411 2532 ¹¹
1437 2516 1449 2550 :
1483 2520 1503 2553 ι
1533 2511 1589 2556 et
1608 2503 1765 2572 juxta
1792 2508 2094 2575 expositam

520 2576 905 2647 elocutionem,
951 2580 1161 2640 Pascha
1209 2605 1315 2642 non
1354 2588 1590 2655 Domini,
1638 2594 1735 2648 sed
1782 2591 2095 2651 dada-orum

518 2678 679 2724 erat:
733 2669 1046 2745 dictumque
1090 2687 1175 2732 est
1218 2676 1528 2736 Iudaeorum
1571 2681 1804 2753 Pascha,
1853 2690 1993 2757 quod
2039 2691 2093 2743 iu

518 2759 642 2831 ip.—o
676 2764 900 2821 insidias
938 2769 1262 2827 molirentur
1312 2768 1593 2832 Servatori
1645 2792 1858 2838 nostro.
1890 2782 2097 2853 Opinor

517 2854 687 2946 etiam
717 2854 822 2910 illis
848 2860 1161 2929 prophetice
1211 2864 1416 2921 dictum
1466 2867 1679 2927 fuisse:
1712 2888 1732 2923 ι
1773 2872 1873 2929 Odi
1930 2888 2096 2946 atque

517 2945 864 3004 abominatus
892 2967 1012 3005 sum
1043 2953 1370 3014 festivitates
1402 2973 1611 3017 vestras
1640 2980 1655 3017 :
1696 2985 1716 3018 ο
1770 2981 1906 3035 Opus
1949 2945 2094 3023 enim

518 3048 627 3133 non
656 3053 957 3109 congruens
987 3042 1265 3103 festivitati
1294 3049 1409 3121 Dei,
1442 3055 1538 3108 sed
1565 3058 1857 3114 scelestum
1894 3063 1946 3117 in
1980 3065 2095 3133 ipso

517 3122 783 3184 Pascltate
828 3129 1094 3197 fecerunt,
1163 3137 1449 3196 interfecto
1493 3140 1646 3199 Jesu.
1706 3122 2094 3206 Verumtamen

518 3226 647 3272 ante
677 3219 778 3274 hoc
800 3218 1009 3278 PaScba
1039 3224 1372 3298 Judaaorum,
1423 3233 1577 3288 multi
1616 3239 1983 3294 ascenderunt
2031 3259 2095 3296 ex

518 3308 761 3377 regione,
794 3321 849 3365 ut
875 3328 936 3368 se
965 3315 1339 3384 puriticarent.
1371 3321 1763 3394 Prmoccupans
1792 3339 1977 3384 autem
2013 3333 2096 3386 di-

517 3412 701 3455 cerem
727 3403 931 3460 multos
955 3423 1059 3462 non
1105 3411 1483 3470 considerasse
1528 3421 1803 3487 quomodo
1842 3424 2100 3492 purifica-

520 3497 642 3545 rent
692 3492 919 3563 seipsos,
975 3510 1261 3567 prapterea
1308 3507 1453 3573 quod
1506 3509 1884 3569 existimantes
1936 3532 2095 3570 suum

518 3580 760 3652 ipsorum
814 3582 1288 3671 Pascha‘cultum
1338 3609 1600 3665 pmstare
1667 3601 1813 3671 Deo,
1885 3616 2095 3661 tantum

517 3671 695 3732 abfuit
739 3686 798 3732 ut
828 3694 889 3735 se
907 3680 1285 3752 purificarent,
1320 3698 1379 3744 ut
1408 3695 1574 3746 etiam
1614 3694 1959 3753 scelestiores
2003 3699 2098 3754 lie-

520 3776 645 3822 rent
667 3782 830 3838 quam
858 3784 1038 3838 erant,
1068 3786 1361 3847 antequam
1409 3784 1823 3842 sanctiﬁcarent
1859 3791 2093 3860 seipsos.

518 3858 783 3917 Dixerunt
803 3865 946 3920 enim
982 3866 1156 3924 Pilato
1188 3871 1279 3940 qui
1306 3869 1493 3929 Jesum
1523 3876 1597 3932 illi
1630 3858 1974 3938 tradiderunt
1996 3883 2091 3941 Ju-

517 3952 619 4010 daei
651 3970 666 4008 ε
705 3972 725 4006 ι
755 3954 925 4013 Nobis
962 3976 1066 4015 non
1094 3961 1221 4017 licet
1257 3966 1567 4023 interficere
1598 3984 1929 4041 quemquam
1952 3975 2031 4040 u;
2072 3995 2090 4028 ι

517 4054 733 4135 propter
764 4065 900 4118 quos
944 4050 1032 4106 ille
1072 4053 1210 4109 dixit
1263 4056 1545 4114 Servatori
1582 4078 1597 4115 :
1635 4078 1655 4113 ι
1692 4060 1943 4129 Nunquid
1994 4081 2097 4135 ego

515 4130 734 4191 Judaeus
760 4140 919 4193 sum?
950 4141 1096 4198 Gens
1126 4152 1237 4211 tua,
1266 4157 1321 4201 et
1343 4148 1629 4215 pontifices
1660 4153 2007 4209 tradi-lerunt
2030 4130 2096 4211 te

518 4228 649 4284 mihi
685 4228 750 4285 ⁸³.
781 4250 800 4284 ι
833 4231 910 4287 Ac
954 4249 1087 4289 sane
1137 4237 1229 4305 qui
1284 4239 1538 4294 dicebant
1588 4257 1646 4296 se
1696 4248 2004 4300 ascendisse
2040 4260 2097 4302 ut

516 4322 956 4392 purificarentur,
987 4343 1007 4378 ι
1047 4329 1418 4386 clamaverunt
1465 4331 1629 4406 M2
1674 4337 1921 4393 dicentes
1954 4358 1973 4390 ι
2007 4339 2098 4393 Pi-

520 4411 667 4469 lato:
700 4414 919 4515 (“Hunc
937 4434 1004 4474 ne
1082 4422 1379 4491 dimiseris,
1416 4443 1435 4476 ι
1473 4429 1567 4481 sed
1602 4427 1904 4484 Barabbam
1935 4447 1947 4482 :
1978 4444 2096 4485 erat
2130 4461 2170 4515 ι)

517 4512 698 4558 autem
729 4506 1004 4565 Barabbas
1040 4510 1179 4568 latro
1212 4513 1291 4577 ﬂ;
1327 4534 1346 4567 ι
1383 4525 1439 4570 et
1487 4532 1700 4573 rursum
1730 4535 1751 4572 ι
1799 4525 2096 4592 responde—

519 4594 837 4653 runtludaci
866 4617 881 4654 :
914 4600 1023 4658 Nos
1054 4604 1225 4674 legem
1260 4607 1545 4675 habemus,
1576 4619 1632 4664 et
1665 4614 1968 4668 secundum
2022 4617 2100 4669 Ie-

517 4701 638 4756 gem
667 4689 830 4746 debet
873 4696 1034 4763 mori,
1083 4698 1208 4767 quia
1253 4698 1447 4754 Filium
1489 4701 1583 4757 Dei
1625 4718 1685 4758 se
1717 4703 1848 4761 fecit
1878 4706 1943 4763 ¹⁸.
1984 4726 2002 4759 ι
2038 4707 2101 4761 Ει

517 4793 709 4837 rursus
735 4802 755 4835 ι
789 4782 957 4841 Judaei
998 4788 1373 4845 clamaverth
1402 4810 1423 4845 ι
1455 4794 1792 4853 ad,Pilatum
1849 4815 1869 4850 ι
1906 4799 2097 4854 dicen-

519 4880 601 4927 tes
632 4890 647 4928 :
682 4874 738 4928 Si
778 4876 919 4934 hunc
940 4880 1195 4945 dimittis,
1220 4897 1324 4937 non
1359 4897 1419 4939 es
1440 4886 1648 4941 amicus
1673 4887 1935 4954 Caesaris;
1970 4906 2094 4943 nam

515 4962 765 5033 quisquis
821 4982 881 5021 se
934 4984 1113 5041 regem
1146 4970 1299 5037 facit,
1350 4977 1680 5033 contradicit
1722 4978 1923 5035 (lassari
1965 4980 2029 5036 ¹⁶.
2070 5000 2090 5034 ι

516 5053 596 5107 Ac
650 5069 839 5112 rursus
865 5077 883 5111 ι
917 5061 1295 5118 clamaverunt
1330 5084 1349 5118 ι
1380 5064 1551 5124 Judaei
1584 5088 1598 5124 :
1638 5087 1656 5121 ι
1698 5066 1881 5136 Tolle,
1924 5074 2052 5129 tolle
2078 5117 2092 5140 ,

518 5144 775 5216 crucifige
831 5164 957 5204 euut
987 5152 1053 5207 ν’.
1086 5172 1105 5205 ι
1136 5156 1212 5208 Ac
1235 5172 1366 5212 sane
1417 5160 1509 5229 qui
1569 5162 1934 5217 ascenderant
1971 5174 2099 5217 ante

520 5232 734 5293 Pascha
764 5240 978 5312 seipsos
1018 5244 1357 5311 purificaturi
1394 5249 1647 5306 dicebant
1691 5254 1742 5305 in
1784 5254 1972 5308 eodem
2000 5254 2100 5309 Pa-

466 5342 470 5347 λ
520 5327 750 5384 achate:
780 5347 799 5381 ι
827 5332 945 5388 Non
983 5334 1248 5393 habemus
1287 5354 1470 5409 regem
1511 5342 1613 5397 nisi
1664 5343 1934 5400 Caesarem
1971 5347 2034 5402 ¹³.
2074 5368 2093 5401 ι

594 5466 617 5498 ⁸
649 5465 808 5551 luat}:
830 5473 1040 5551 _x_l,_§5,
1226 5477 1270 5551 "
1299 5478 1473 5551 Exod.
1508 5496 1606 5547 xn,
1634 5482 1691 5537 ll
1716 5499 1733 5551 ;
1756 5498 1904 5550 xxvr,
1928 5483 2018 5538 27.

2135 5486 2178 5519 ¹⁰
2208 5486 2311 5541 lsa.
2337 5502 2375 5550 l,
2412 5485 2498 5551 15,
2550 5486 2635 5540 14.

2203 1852 2468 1918 σάϐϐατα,
2511 1854 2605 1906 καὶ
2654 1852 2929 1922 νηστείαν,
2984 1851 3080 1903 καὶ
3126 1848 3324 1919 ἀργίαν
3348 1887 3363 1911 ,
3415 1847 3510 1901 καὶ
3546 1847 3740 1917 ἑορτάς
3766 1863 3782 1877 ’

2201 1946 2249 1997 εί
2281 1944 2337 1997 δέ
2368 1944 2465 2008 τὰς
2502 1943 2719 2017 ἑορτὰς,
2753 1943 2933 2015 δῆλον,
2964 1944 3048 1996 δτι
3086 1942 3179 1995 καὶ
3206 1941 3267 1994 τὸ
3301 1940 3509 2009 Πάσχαο
3549 1940 3647 2009 μία
3674 1937 3783 2010 γὰρ

2200 2035 2343 2107 αὑτὴ
2371 2035 2479 2089 τῶν
2510 2034 2712 2108 ἑορτῶν
2757 2037 2896 2088 ἐστι.
2953 2033 3266 2103 Γέγραπται
3291 2031 3350 2084 δὲ
3380 2029 3582 2093 οὕτως’
3617 2048 3636 2080 ι
3673 2028 3783 2093 Τὰς

2201 2125 2501 2195 νουμηνίας
2532 2126 2709 2195 ὑμῶν,
2747 2126 2842 2179 καὶ
2899 2124 2969 2177 τὰ
3021 2123 3269 2178 σάϐϐατα
3303 2122 3478 2193 ὑμῶν,
3523 2123 3621 2175 καὶ
3648 2122 3781 2192 ἠμέ-

2204 2231 2303 2286 ραν
2339 2215 2581 2287 μεγάλην
2607 2217 2709 2269 οὐκ
2736 2216 3021 2286 ἀνέχομαι·
3052 2212 3327 2285 νηστείαν,
3356 2213 3389 2284 ἢ
3432 2212 3525 2266 καὶ
3556 2212 3784 2285 ἀργίαν,

2202 2308 2296 2360 καὶ
2338 2307 2635 2378 νουμηνίας
2666 2306 2821 2378 ὑμῶν
2851 2347 2865 2371 ,
2906 2308 3000 2361 καὶ
3033 2308 3132 2370 τὰς
3163 2306 3356 2377 ἐορτὰς
3389 2305 3544 2375 ὑμῶν
3574 2306 3720 2375 μισεῖ
3751 2307 3784 2359 ἡ

2200 2401 2345 2473 ψυχή
2380 2419 2503 2473 μου.
2536 2422 2555 2455 ι
2594 2403 2705 2455 Καὶ
2735 2402 2792 2456 ἐν
2837 2419 2943 2455 τινι
2980 2401 3037 2454 δὲ
3080 2400 3187 2454 τῶν
3216 2398 3422 2452 δώδεκα
3454 2398 3782 2469 γέγραπται·

2207 2513 2226 2545 ι
2258 2493 2579 2565 Μεμίσηκα,
2614 2493 2879 2565 ἀπῶσμαι
2905 2494 3004 2556 τὰς
3028 2491 3221 2563 ἐορτὰς
3257 2490 3429 2562 ὑμῶν·
3472 2510 3489 2542 ι
3524 2491 3618 2544 καὶ
3645 2490 3784 2543 κατὰ

2199 2586 2298 2657 τὴν
2337 2585 2665 2657 ἐκκειμένην
2697 2585 2879 2640 τοίνυν
2921 2585 3066 2649 λέξιν
3088 2623 3102 2648 ,
3136 2583 3197 2636 τὸ
3229 2582 3421 2651 Πάσχα
3460 2582 3520 2634 οὐ
3556 2581 3651 2635 τοῦ
3677 2583 3775 2634 Κυ-

2205 2677 2342 2750 ρίου,
2369 2677 2505 2731 ἁλλὰ
2548 2678 2657 2733 τῶν
2691 2677 2962 2731 Ἰουδαίων
2994 2672 3083 2748 ἦν’
3119 2678 3149 2730 ὁ
3180 2675 3290 2746 γὰρ
3323 2674 3514 2746 Σωτὴρ
3547 2674 3701 2745 ὑμῶν
3727 2676 3787 2727 ἐν

2202 2768 2351 2841 αὑτῷ
2380 2770 2796 2823 ἐπεϐουλεύετοι
2837 2770 2931 2823 καὶ⁸
2961 2769 3051 2823 διὰ
3105 2768 3262 2822 τοῦτο
3302 2768 3481 2822 αὐτῶν
3530 2763 3683 2837 οἶμαι
3725 2766 3785 2820 τὸ

2203 2861 2398 2932 Πάσχα
2423 2859 2675 2932 εἰρῆσθαι
2706 2862 2889 2924 αὐτοῖς
2923 2857 3278 2931 προφητικῶς
3307 2859 3386 2912 τό’
3421 2877 3440 2909 ι
3464 2856 3783 2929 Μεμίσηκα,

2204 2951 2474 3022 ὰπῶσμαι
2499 2953 2598 3015 τὰς
2629 2950 2821 3023 ἑορτὰς
2851 2951 3023 3023 ὑμῶν·
3056 2969 3076 3002 ι
3114 2951 3273 3021 ἔργον
3303 2948 3413 3021 γὰρ
3463 2949 3561 3018 οὐχ
3594 2948 3785 3020 ἑορτῆς

2202 3042 2362 3108 Θεοῦ,
2399 3040 2512 3096 ἀλλ’
2550 3041 2745 3110 ἐναγὲς
2772 3045 2830 3095 ἐν
2878 3039 3029 3111 αὐτῷ
3062 3040 3398 3111 πεποιήκασι
3436 3038 3529 3091 τὸν
3579 3036 3784 3107 Ἰησυῦν

2126 3115 2173 3177 C
2202 3134 2643 3197 ἀποκτείναντες,
2703 3133 2851 3204 Πλὴν
2883 3131 2989 3205 πρὸ
3021 3130 3114 3183 τοῦ
3148 3131 3337 3201 Πάσχα
3377 3130 3486 3183 τῶν
3514 3131 3785 3184 Ἰουδαίων

2198 3225 2410 3289 τούτου,
2437 3224 2621 3278 πολλοὶ
2654 3221 2923 3295 ἀνέϐησαν
2952 3225 3031 3286 είς
3071 3220 3419 3293 Ἰεροσόλυμα
3447 3222 3511 3273 ἐκ
3557 3221 3656 3292 τῆς
3680 3220 3784 3291 χώ-

2198 3333 2322 3392 ρας,
2359 3317 2446 3370 ἵνα
2483 3316 2782 3385 ἁγνίσωσιν
2827 3313 3071 3377 ἑαυτούς.
3114 3312 3410 3386 Προλαϐὼν
3435 3312 3481 3366 δ’
3511 3312 3578 3367 ἂν
3614 3314 3784 3365 εἴποι-

2203 3427 2286 3481 μι,
2322 3410 2404 3461 ὅτι
2442 3408 2543 3460 οὐκ
2576 3407 2763 3459 ἐνόουν
2786 3406 2835 3459 οἱ
2872 3405 3057 3458 πολλοὶ
3101 3406 3219 3469 πῶς
3248 3404 3313 3459 ἂν
3355 3406 3635 3473 ἁγνίσαιεν
3658 3405 3782 3457 ἐαυ-

2196 3498 2345 3562 τούς·
2384 3498 2573 3570 διόπερ
2602 3495 2887 3560 δοκοῦντες
2928 3496 2989 3550 τὸ
3044 3496 3254 3550 ἑαυτῶν
3300 3497 3497 3567 Πάσχα
3532 3496 3787 3568 λατρείαν

2199 3590 2534 3663 προσφέρειν
2559 3588 2637 3660 τῷ
2671 3588 2808 3659 Θεῷ,
2850 3587 3103 3642 τοσοῦτον
3148 3588 3377 3660 ἐδέησαν
3422 3588 3516 3641 τοῦ
3569 3588 3787 3657 ἁγνίσαι

2198 3684 2448 3745 ἑαυτοὺς,
2479 3681 2621 3735 ὥστε
2646 3683 2995 3754 ἐναγέστεροι
3025 3682 3279 3751 γενέσθαι
3315 3677 3375 3736 οὗ
3400 3676 3543 3753 ἦσαν
3574 3682 3786 3750 ἐναγεῖς

2198 3774 2327 3845 πρὶν
2369 3772 2670 3841 ἁγνίσωσιν
2718 3768 3180 3849 ἐαυτούςηΕἷπον
3228 3771 3337 3844 γὰρ
3382 3772 3460 3843 τῷ
3492 3770 3709 3842 Πιλάτῳ
3736 3772 3788 3824 οἱ

2197 3865 2585 3936 παραδιδόντες
2640 3864 2792 3936 αὐτῷ
2845 3864 2938 3918 τὸν
2991 3863 3199 3935 Ἰησοῦν
3246 3864 3522 3917 Ἰουδαῖοι·
3562 3883 3581 3916 ι
3625 3862 3787 3934 Ἡμῖν

2196 3962 2296 4013 οὐκ
2329 3959 2536 4024 ἔξεστιν
2580 3960 2899 4013 ἀποκτεῖναι
2958 3956 3177 4011 οὐδένα·
3206 3975 3226 4008 ι
3280 3956 3348 4009 δι’
3393 3956 3487 4020 οὒς
3527 3955 3680 4026 ἔλεγε
3709 3956 3789 4028 τῷ

2197 4055 2428 4127 Σωτῆριο
2472 4073 2491 4105 ‹
2530 4056 2677 4126 Μήτι
2726 4053 2837 4124 ἐγὼ
2876 4052 3128 4115 Ἰουδαῖός
3174 4053 3328 4123 είμι;
3362 4050 3437 4103 Τὸ
3471 4050 3562 4103 σὸν
3596 4049 3745 4107 ἔθνος
3769 4089 3789 4113 ,

2198 4150 2292 4204 καὶ
2319 4152 2367 4203 οἱ
2396 4151 2671 4221 ἀρχιερεῖς
2689 4148 3014 4220 παρέδωκάν
3036 4164 3095 4199 σε
3114 4147 3259 4217 ἐμοί.
3284 4165 3301 4196 ι
3325 4146 3434 4198 Kal.
3463 4147 3511 4197 οί
3536 4144 3786 4213 λέγοντές

2196 4259 2259 4311 γε
2283 4241 2683 4314 ἀναϐεϐηκέναι
2718 4241 2809 4294 ἵνα
2847 4240 3142 4309 ἁγνίσωσιν
3172 4240 3420 4303 ἑαυτοὺς,
3458 4258 3476 4290 ι
3515 4236 3785 4309 ἐκραύγα-

2200 4349 2297 4386 σαν
2329 4332 2578 4401 λέγοντες
2616 4350 2634 4382 ι
2662 4329 2741 4401 τῷ
2781 4329 2999 4400 Πιλάτῳ
3024 4348 3037 4360 °
3064 4348 3082 4380 ι
3117 4327 3208 4399 Μὴ
3236 4327 3423 4381 τοῦτον
3461 4348 3478 4379 ι
3516 4326 3787 4397 ἀπολύσῃ,

2207 4443 2225 4474 ι
2263 4423 2399 4477 ἀλλὰ
2424 4423 2515 4475 τὸν
2544 4422 2839 4494 Βαραϐϐᾶν
2861 4434 2874 4449 ’
2919 4416 2987 4491 ἦν
3026 4420 3081 4473 δέ
3107 4421 3136 4472 ὁ
3177 4419 3467 4490 Βαραϐϐᾶς
3503 4419 3725 4491 λῃστής.
3761 4438 3781 4470 ι

2200 4515 2367 4567 Πάλιν
2434 4533 2453 4565 ι
2488 4511 2867 4585 ἀπεκρίθησαν
2914 4513 2962 4565 oi
3023 4510 3300 4564 Ἰουδαῖον
3366 4510 3555 4580 Ἦμεῖς
3622 4510 3788 4579 νόμον

2198 4607 2394 4679 ἔχομεν
2415 4647 2429 4672 ,
2461 4606 2556 4661 καὶ
2606 4606 2748 4659 κατὰ
2782 4604 2876 4659 τὸν
2907 4604 3069 4675 νόμον
3102 4604 3308 4674 ὀφείλει
3356 4601 3667 4661 ἀποθανεῖν,
3703 4603 3787 4654 ὅτι

2200 4699 2326 4752 Υἱὸν
2353 4697 2489 4752 Θεοῦ
2516 4697 2707 4752 ἑαυτὸν
2742 4697 2991 4770 ἐποίησε.
3025 4715 3043 4748 ι
3077 4696 3187 4749 Καὶ
3215 4694 3376 4749 πάλιν
3410 4713 3427 4745 ι
3455 4696 3504 4747 oi
3543 4694 3785 4747 Ἰουδαῖοι

2203 4789 2544 4863 ἐκραύγαζον
2588 4789 2837 4858 λέγοντες
2880 4808 2898 4841 ι
2949 4788 3087 4860 πρὸς
3136 4787 3229 4841 τὸν
3281 4787 3514 4842 Πιλᾶτον
3540 4804 3554 4817 ’
3595 4807 3614 4839 ι
3661 4787 3785 4840 Ἐὰν

2202 4881 2391 4936 τοῦτον
2443 4883 2721 4954 ἀπολύσῃς
2743 4920 2756 4946 ,
2804 4881 2905 4935 οὐκ
2935 4877 2986 4934 εῐ
3013 4880 3166 4951 φίλος
3198 4880 3291 4934 τοῦ
3330 4881 3607 4952 Καίσαρος
3627 4894 3640 4908 ³
3678 4881 3785 4942 πᾶς

2202 4972 2483 5044 ὁῆβασιλέα
2513 4974 2704 5027 ἑαυτὸν
2743 4972 2914 5026 ποιῶν
2944 4971 3215 5039 ἀντιλέγει
3239 4969 3316 5041 τῷ
3342 4970 3603 5041 Καίσαρι.
3633 4989 3650 5019 ι
3678 4970 3789 5022 Καὶ

2203 5067 2365 5121 πάλιν
2395 5085 2410 5115 ι
2432 5066 2775 5137 ἐκραύγασαν
2797 5069 2877 5123 »οἱ
2901 5067 3158 5121 Ἰουδαῖοι·
3183 5086 3200 5117 ι
3221 5058 3409 5136 'Apov,
3439 5060 3590 5135 ἆρον,
3621 5061 3786 5114 σταύ-

2210 5181 2380 5237 ρωσον
2418 5164 2599 5217 αὐτόν.
2631 5182 2650 5214 ›
2705 5163 2816 5215 Kal.
2870 5163 2919 5214 οί
2980 5158 3380 5229 ἀναϐεϐηκότες
3428 5174 3493 5227 γε
3538 5156 3674 5227 πρὸς
3725 5156 3791 5208 τὸ

2206 5256 2399 5328 Πάσχα
2421 5295 2436 5321 ,
2474 5256 2559 5309 ἵνα
2592 5255 2886 5325 ἁγνίσωσιν
2914 5254 3162 5317 ἑαυτοὺς,
3192 5251 3377 5321 ἔλεγον
3412 5253 3469 5304 ἐν
3519 5249 3670 5319 αὐτῴ
3708 5248 3787 5320 τῷ

2206 5346 2431 5419 Πάσχαο
2490 5365 2508 5399 ι
2546 5346 2658 5399 υὺκ
2711 5345 2908 5416 ἔχομεν
2960 5344 3185 5416 βασιλέα
3226 5346 3275 5398 εί
3328 5343 3403 5415 μὴ
3456 5341 3781 5413 Καίσαρα.)

2742 5486 2782 5517 ¹¹
2837 5488 3007 5539 Amos
3054 5501 3109 5555 v,
3141 5485 3236 5545 2i.
3342 5486 3386 5519 ⁸⁸
3431 5481 3595 5541 «ιοοιι.
3627 5498 3783 5550 xvttt,

522 5534 615 5591 ει.
692 5534 1039 5600 "images:
1093 5546 1139 5579 ιι
1166 5547 1298 5608 ibid.
1323 5534 1733 5610 ιυᾙιιζιὸὶιιὶῖ
1759 5534 2061 5625 ἱῖι,²ί.“”ισ
2090 5534 2375 5614 ίυωῗῐὲῗ
2416 5534 2743 5614 ὶῖῖυὶὰζίε.
2821 5534 3016 5612 iam:

591 5672 707 5746 (68)
732 5672 793 5730 In
823 5677 1012 5738 codice
1034 5679 1206 5755 Regio
1232 5682 1384 5742 deest
1419 5684 1526 5742 ὅτι.

3789 5622 3854 5663 χ’1
