4182 6422
433 368 534 420 ’157

1399 364 1757 423 COMMENT.
1799 363 1869 420 IN
1902 362 2090 420 JDAN.
2133 361 2374 419 TOMUS
2405 363 2644 422 XXVIII.

3600 374 3707 431 738

435 490 612 559 Ὅπερ
644 488 705 542 δὲ
755 487 892 560 πρὸς
937 488 1063 553 τοὺς
1110 486 1360 559 μαθητάς
1399 483 1520 541 εἷπε
1571 487 1932 559 προφητεύων
1985 484 2005 534 ἐ

2119 481 2384 536 C:eterum
2415 481 2559 551 quod
2591 480 2874 551 discipulis
2902 483 3167 540 Servator
3211 486 3423 543 dixerat
3461 492 3705 559 prophe-

433 580 624 652 Σωτὴρ
651 619 666 644 ,
726 582 823 634 καὶ
876 578 1070 649 λέγων,
1118 599 1137 631 1
1175 581 1430 651 Ἔρχεται
1486 579 1646 652 ὥρα,
1691 580 1781 632 ὅτε
1827 580 1937 643 πᾶς
1987 580 2016 631 ό

432 673 762 738 ἀποκτείνας
814 674 960 745 ὑμᾶς
1010 671 1153 738 δόξει
1222 672 1479 745 λατρείαν
1544 672 1880 744 προσφέρειν
1935 672 2015 743 τῷ

431 764 588 835 Θεῷ,
631 783 651 815 1
698 765 857 819 τοῦτο
891 765 986 819 ἀπ’
1032 763 1199 817 αὐτοῦ
1249 763 1557 835 ἀρξάμενον
1611 763 2011 834 πεπλήρωται·

430 857 481 910 οἱ
511 856 619 927 γὰρ
644 856 971 924 ἀξιώσαντες
993 857 1156 911 αὑτὸν
1182 857 1493 920 ἀποθανεῖν,
1521 856 1741 910 ἐδόκουν
1762 854 2015 928 λατρείαν

431 950 764 1022 προσφέρειν
789 950 868 1021 τῷ
891 948 1028 1020 Θεῷ,
1064 950 1159 1005 καὶ
1195 950 1629 1022 ἀναδεδήκεισαν
1672 950 1753 1013 είς
1792 948 2018 1019 Ἰεροσόο

433 1052 577 1110 λυμα
611 1040 718 1111 πρὸ
764 1040 859 1094 τοῦ
893 1041 1121 1111 Πάσχα,
1172 1041 1259 1097 ἵνα
1304 1040 1595 1110 ἁγνίσωσιν
1624 1038 1870 1104 ἑαυτούς’
1903 1041 1930 1094 ό
1959 1040 2015 1094 δὲ

433 1130 638 1203 ἀληθὴς
679 1131 943 1203 ἀγνισμὺς
976 1133 1037 1185 ού
1083 1132 1191 1205 πρὸ
1237 1132 1331 1187 τοῦ
1377 1132 1604 1203 Πάσχα,
1652 1131 1767 1186 ἀλλ’
1825 1134 1882 1185 ἐν
1936 1130 2015 1202 τῷ

433 1224 622 1295 Πάσχα
646 1266 661 1285 ,
701 1225 791 1278 ὅτε
839 1224 1049 1296 Ἰησοῦς
1096 1224 1366 1279 ἀπέθανεν
1396 1225 1536 1295 ὑπὲρ
1569 1223 1678 1280 τῶν
1722 1223 2014 1296 ἁγνιζομέ-

433 1334 559 1383 νων,
584 1319 658 1383 ὼς
681 1317 870 1393 Ἀμνὺς
903 1317 1062 1385 Θεοῦ,
1093 1317 1188 1372 καὶ
1217 1312 1319 1389 ἦρε
1345 1317 1438 1371 τοῦ
1470 1318 1675 1388 κόσμου
1706 1317 1804 1390 τὴν
1829 1318 2012 1389 ἀμαρ-

430 1410 571 1463 τίαν.
621 1410 732 1463 Kal
773 1408 999 1480 ἐζήτουν
1031 1426 1095 1477 γε
1139 1402 1287 1462 οὗτοι
1352 1408 1594 1462 Ἰουδαῖοι
1649 1407 1741 1461 τὸν
1784 1407 2011 1480 Ἰησοῦν,

429 1501 527 1571 ούχ
574 1501 661 1554 ἴνα
708 1500 1099 1572 ὠφεληθῶσιν,
1149 1500 1263 1552 ἀλλ’
1302 1500 1386 1552 ἵνα
1419 1497 1581 1552 αὑτὸν
1628 1500 2009 1553 ἀποκτείνωσι·

431 1593 566 1664 πρὸς
594 1592 688 1656 οὒς
712 1588 868 1647 εἶπεν
902 1594 967 1648 ἀν
987 1611 1001 1624 ·
1038 1612 1056 1644 ι
1087 1592 1201 1646 Νῦν
1222 1593 1279 1646 δὲ
1310 1592 1524 1664 ζητεῖτέ
1557 1610 1624 1664 με
1664 1593 2009 1655 ἀποκτεῖναι,

428 1682 487 1745 ὃς
518 1683 616 1755 τὴν
646 1682 903 1754 ἀλήθειαν
934 1682 1063 1753 ὑμῖν
1094 1680 1396 1750 λελάληκα,
1434 1681 1502 1752 ἢν
1539 1682 1748 1752 ἤκουσα
1779 1679 1887 1732 ἀπὸ
1917 1677 2010 1731 τοῦ

428 1771 585 1826 Θεοῦ.
615 1793 635 1826 1
672 1775 782 1826 Καὶ
811 1775 869 1826 ἐν
901 1772 1051 1843 αὐτῷ
1097 1790 1160 1841 γε
1211 1770 1288 1842 τῷ
1339 1770 1468 1844 ἱερῷ
1502 1770 1792 1840 ἑστηκότες
1827 1768 2011 1838 ἔλεγον

2121 581 2260 637 laus,
2290 586 2353 625 ac
2379 571 2568 625 dicens
2594 587 2608 623 :
2640 590 2660 622 ι
2699 573 2859 627 Venit
2891 574 3047 640 hora,
3075 591 3198 629 cum
3223 578 3470 647 quisquis
3498 595 3597 635 vos
3621 582 3706 635 in-

2120 657 2413 726 terfecerit,
2441 661 2691 715 videatur
2737 664 2943 717 cultum
2996 677 3258 732 praestare
3283 666 3392 722 Deo
3422 667 3491 733 '9,
3534 688 3553 722 1
3601 671 3703 727 hoc

2118 748 2170 803 in
2203 750 2384 819 seipso
2410 766 2533 804 cum
2577 750 2891 821 incepisset,
2939 753 3219 825 impletum
3246 766 3353 812 est.
3405 757 3506 825 Qui
3544 775 3703 813 nam-

2116 856 2220 909 que
2249 843 2469 915 dignum
2492 858 2614 899 esse
2642 856 2973 899 censuerunt
3003 857 3062 900 ut
3086 859 3413 914 moreretur,
3438 850 3703 904 videban-

2120 941 2207 985 tur
2240 932 2442 986 cultum
2476 943 2739 1002 praestare
2769 936 2907 1001 Deo,
2954 945 3009 991 et
3042 941 3404 993 ascenderant
3427 939 3703 1011 Jerosoly-

2118 1037 2258 1075 mam
2291 1032 2418 1076 ante
2446 1023 2673 1088 Pascha,
2703 1036 2761 1078 ut
2785 1041 2843 1080 se
2869 1026 3244 1097 puriﬁcareut.
3282 1033 3353 1084 At
3383 1046 3516 1085 vero
3548 1033 3701 1101 puri-

2116 1111 2296 1166 ﬁcatio
2327 1128 2453 1167 vera
2498 1130 2605 1168 non
2634 1126 2761 1169 ante
2795 1114 3026 1183 Pascha,
3071 1120 3167 1173 sed
3198 1121 3253 1172 in
3285 1120 3403 1189 ipso
3427 1121 3698 1176 Paschate

2115 1210 2268 1268 erat;
2307 1212 2416 1258 tum
2467 1205 2700 1270 scilicet,
2736 1210 2955 1275 quando
2989 1206 3149 1263 Jesus
3193 1220 3443 1266 mortuus
3480 1219 3564 1267 est
3601 1229 3702 1283 pro

2116 1294 2199 1347 his
2229 1294 2323 1361 qui
2357 1294 2808 1364 puriﬁcahantur,
2834 1297 2977 1351 velut
3004 1299 3187 1369 Agnus
3229 1301 3320 1356 ille
3358 1302 3470 1368 Dei,
3503 1314 3559 1357 et
3580 1303 3702 1359 tulit

2114 1396 2394 1452 peccatum
2428 1388 2612 1441 mundi
2649 1388 2716 1440 ⁸ο.
2757 1388 2836 1443 Ac
2872 1389 3119 1458 profecto
3146 1390 3332 1448 Jcsum
3382 1395 3701 1463 quarebant

2115 1476 2167 1528 hi
2197 1474 2390 1542 Judaei,
2426 1493 2533 1532 non
2558 1487 2615 1532 ut
2637 1478 3049 1548 adjuvarentur,
3075 1485 3168 1536 sed
3195 1495 3252 1538 ut
3277 1499 3399 1538 eum
3425 1486 3703 1540 interﬁce-

2114 1575 2235 1620 rent
2267 1582 2282 1619 :
2311 1568 2507 1635 quibus
2535 1569 2766 1623 dixisset
2793 1586 2807 1622 :
2845 1585 2865 1620 1
2906 1568 3060 1625 Nunc
3084 1587 3217 1626 vero
3245 1574 3490 1642 quaeritis
3511 1591 3597 1629 me
3624 1577 3702 1629 in-

2114 1658 2385 1720 terﬁcere,
2421 1659 2715 1726 hominem,
2743 1662 2835 1728 qui
2870 1662 3156 1715 veritatem
3189 1663 3403 1719 locutus
3436 1681 3555 1719 sum
3595 1681 3697 1719 vo—

2112 1749 2216 1813 bis,
2278 1764 2441 1817 quam
2500 1751 2680 1803 audivi
2743 1768 2771 1803 a
2824 1753 2932 1806 Deo
2962 1753 3028 1805 “.
3075 1773 3093 1805 1
3125 1754 3194 1807 Ει
3243 1771 3375 1810 sane
3409 1757 3461 1810 in
3500 1758 3702 1828 templo

430 1866 566 1938 πρὸς
596 1865 856 1936 ἀλλήλους
889 1840 1139 1937 περὶντοῦ
1186 1840 1359 1935 ἰη-σοῦ
1378 1840 1403 1893 ο-
1484 1863 1548 1915 Τί
1580 1863 1727 1917 δοκεῖ
1749 1854 1898 1933 ύμῖν,
1928 1862 2005 1915 ὅτι

2115 1840 2233 1907 ipso
2281 1850 2493 1896 stantes
2542 1843 2994 1911 colloquebantur
3053 1846 3199 1900 inter
3258 1862 3317 1902 se
3364 1847 3432 1903 de
3501 1848 3628 1904 Jesu
3675 1868 3696 1907 :

425 1959 488 2011 ού
531 1957 604 2029 μὴ
643 1958 773 2031 ἔλθῃ
801 1959 883 2023 είς
911 1958 1011 2029 τήν
1044 1957 1272 2028 ἐορτήν;
1312 1975 1331 2006 1
1378 1954 1518 2006 Ἀλλ’
1550 1954 1649 2024 οὐχ
1683 1954 1817 2006 ὃπου
1862 1946 2007 2006 οὗτοι

426 2045 790 2116 είστήκεισαν,
808 2047 1074 2117 ἑώρταζεν
1093 2047 1321 2116 Ἰησοῦς,
1352 2046 1468 2100 ἀλλ’
1494 2047 1574 2109 είς
1598 2045 1658 2099 τὸ
1692 2044 1837 2116 μέγα
1866 2045 2008 2098 ἀνώ-

426 2155 565 2208 γεων
579 2140 691 2210 (69)
725 2138 787 2192 τὸ
830 2140 1214 2211 σεσαρωμένον
1244 2139 1340 2192 καὶ
1373 2136 1818 2208 κεκοσμημένον,
1872 2137 2007 2191 ὅπου

425 2227 691 2299 ἐπιθυμίᾳ
740 2228 1055 2300 ἐπεθύμησε
1105 2230 1165 2284 τὸ
1193 2229 1389 2299 Πάσχα
1440 2226 1576 2298 μετά
1610 2228 1719 2280 τῶν
1751 2225 2008 2298 μαθητῶν

425 2321 639 2389 φαγεῖν,
683 2319 787 2390 πρὸ
820 2319 913 2372 τοῦ
942 2319 1155 2375 παθεῖν.
1190 2319 1382 2382 Εἴποις
1426 2317 1472 2371 δ’
1516 2317 1617 2378 ἂν,
1663 2317 1744 2369 ὅτι
1785 2317 1880 2370 καὶ
1913 2316 2006 2369 νῦν

423 2407 716 2478 ἑστήκασιν
766 2407 825 2458 ὲν
870 2408 949 2479 τῷ
996 2407 1126 2480 ἱερῷ
1171 2407 1460 2479 ζητοῦντες
1498 2406 1589 2460 τὸν
1635 2405 1865 2478 Ἰησοῦν,
1909 2408 2010 2458 ἐπ-

420 2499 751 2570 ερειδόμενοι
783 2498 881 2570 μὲν
910 2500 986 2563 ὼς
1016 2502 1187 2571 ἱεραῖς
1234 2503 1356 2563 ταῖς
1405 2499 1670 2571 Γραφαῖς,
1731 2496 1819 2550 διὰ
1850 2498 1907 2551 δέ
1945 2498 2005 2552 τὸ

420 2589 635 2658 ἀγνοεῖν
679 2591 769 2644 τὸν
813 2590 1126 2661 ἐληλυθότα,
1194 2590 1484 2662 ζητοῦντες
1537 2589 1725 2644 τοῦτον
1778 2590 1879 2662 μὲν
1906 2608 2006 2645 κα-

423 2679 689 2749 κολογεῖν,
729 2680 915 2752 ἕτερον
957 2681 1013 2734 δὲ
1044 2680 1234 2734 τούτου
1265 2682 1502 2754 Χριστὸν
1533 2681 1834 2753 ὁμολογεῖν.
1862 2682 2004 2755 Πρό-

423 2788 549 2843 σχες
602 2773 661 2827 δὲ
710 2775 760 2826 εί
806 2773 1032 2827 δύνασαι
1086 2775 1180 2828 καὶ
1231 2775 1425 2839 ἄλλους
1467 2774 1752 2839 Ἰουδαίους
1796 2774 2001 2845 λέγειν,

418 2859 806 2925 ἀναϐαίνοντας
850 2864 931 2926 εἰς
976 2863 1344 2935 Ἰεροσόλυμα,
1401 2864 1496 2918 καὶ
1549 2865 1879 2936 ἐρχομένους
1923 2867 2002 2931 είς

418 2950 517 3023 τὴν
557 2951 712 3006 πόλιν
737 2952 829 3006 τοῦ
857 2952 1014 3018 Θεοῦ,
1059 2954 1167 3008 ἀπὸ
1200 2955 1300 3025 τῆς
1333 2954 1439 3020 ἔξω
1481 2955 1869 3029 Ἰεροσολύμων
1896 2957 2003 3029 χώ-

421 3058 539 3111 ρας,
585 3043 680 3097 καὶ
725 3045 1054 3116 ἐρχομένους
1101 3047 1187 3100 ἵνα
1233 3047 1554 3116 ἁγνίσαντες
1582 3050 1809 3115 ἑαυτοὺς
1836 3051 2001 3123 δυνη-

420 3134 604 3202 θῶσιν,
636 3137 800 3208 ήνίκα
842 3137 908 3192 ἀν
938 3137 1000 3192 τδ
1026 3138 1219 3210 Πάσχα
1267 3138 1400 3212 τυθῇ
1430 3141 1683 3213 Χριστὸς,
1720 3142 1999 3214 ἑορτάζειν

2118 1950 2137 1982 1
2167 1931 2306 1997 Quid
2361 1932 2572 1987 videtur
2603 1937 2779 2000 vobis,
2834 1937 2978 2005 quod
3008 1954 3114 1992 non
3167 1939 3387 1994 venerit
3430 1944 3497 1995 ad
3551 1943 3694 1996 diem

2113 2023 2306 2079 festum
2335 2026 2423 2081 ιιι
2464 2044 2483 2076 1
2514 2028 2583 2080 Αι
2624 2043 2747 2103 non.
2773 2029 2864 2082 ubi
2910 2030 2962 2083 hi
3014 2030 3256 2096 stabant,
3311 2032 3453 2086 diem
3499 2032 3694 2088 festum

2111 2116 2509 2185 agebatlesus,
2565 2120 2660 2172 sed
2697 2122 2750 2173 in
2800 2123 3084 2178 cmnaculo
3125 2137 3320 2194 magno
3349 2126 3528 2193 scOpis
3561 2139 3695 2192 pur-

2109 2220 2236 2277 gato
2265 2218 2321 2261 et
2345 2210 2623 2275 mundato,
2649 2212 2738 2264 ubi
2767 2212 3035 2269 desiderio
3057 2215 3459 2269 desideraverat
3481 2215 3694 2271 Pascha

2110 2302 2438 2356 manducare
2467 2318 2590 2356 cum
2623 2304 2932 2373 discipulis,
2963 2316 3258 2376 antequam
3304 2318 3589 2377 pateretur
3619 2309 3693 2365 ⁸⁸.

2112 2390 2329 2445 Diceres
2353 2380 2515 2460 igitur
2534 2406 2629 2446 eos
2652 2393 2945 2446 etiamnum
2972 2395 3023 2449 in
3050 2396 3247 2466 templo
3269 2408 3416 2453 stare
3435 2413 3691 2467 quaeren-

2111 2490 2189 2533 tes
2214 2479 2421 2545 Jesum,
2479 2482 2699 2538 innixos
2759 2485 2926 2539 veluti
2984 2487 3162 2541 sacris
3207 2487 3539 2558 Scripturis;
3596 2495 3695 2548 sed

2105 2574 2234 2641 quia
2268 2583 2575 2642 quaerentes
2601 2576 2857 2647 ignorent
2903 2592 3027 2634 eum
3078 2579 3171 2649 qui
3213 2581 3382 2649 venit,
3413 2582 3537 2636 huic
3570 2584 3692 2652 qui-

2105 2667 2227 2720 dem
2280 2665 2630 2732 maledicere,
2685 2667 2961 2723 diversqu
3012 2685 3142 2725 vero
3196 2673 3266 2727 ab
3297 2673 3402 2728 hoc
3437 2675 3691 2731 conﬁteri

2106 2757 2401 2815 Christum.
2445 2760 2657 2819 Adhibe
2707 2776 2839 2819 vero
2891 2772 3153 2828 mentem,
3182 2780 3251 2820 an
3296 2767 3480 2822 dicere
3516 2770 3696 2839 possis

2107 2849 2243 2903 alios
2269 2863 2489 2919 quoque
2532 2847 2752 2906 Judteus
2784 2866 2907 2908 esse
2955 2855 3047 2923 qui
3077 2858 3379 2913 ascendant
3409 2858 3690 2933 Jerosoly-

2106 2956 2272 3006 mam,
2308 2942 2635 3010 veniantque
2660 2945 2726 2997 ad
2759 2947 2947 3000 urbem
2983 2947 3074 3001 Dei
3111 2962 3176 3002 ex
3214 2950 3438 3020 regione
3462 2967 3582 3021 quae
3605 2964 3692 3008 est

2103 3042 2258 3087 extra
2286 3030 2708 3104 Jerosolymam,
2761 3038 3092 3107 veniantque
3138 3050 3197 3094 ut
3244 3043 3515 3112 putilicati
3546 3046 3689 3101 diem

2106 3123 2304 3179 festum
2339 3136 2450 3180 tum
2483 3140 2646 3195 agere
2677 3128 2909 3197 possint,
2942 3146 3065 3187 cum
3112 3131 3324 3189 Pascha
3378 3137 3693 3194 immolatus

420 3225 494 3298 μὴ
532 3225 678 3299 ζύμῃ
720 3227 945 3300 παλαιᾷ,
985 3229 1059 3301 μὴ
1090 3230 1241 3304 ζύμῃ
1293 3211 1495 3294 κακίας
1543 3231 1638 3284 καὶ
1695 3211 1995 3305 πονηρίας,

2108 3214 2265 3272 fuerit
2293 3217 2545 3277 Christus
2569 3221 2636 3287 “,
2667 3236 2772 3276 non
2808 3223 3079 3278 fermento
3134 3214 3326 3291 veteri,
3374 3244 3551 3298 neque
3579 3230 3691 3286 fer-

419 3317 528 3372 ἀλλ’
565 3319 621 3371 ἐν
660 3318 891 3390 ἀζύμοις
927 3321 1278 3392 εἰλικρινείας
1319 3321 1413 3375 καὶ
1462 3320 1740 3394 ἀληθείας.
1793 3323 1906 3378 Kal
1946 3326 1994 3379 οί

423 3409 641 3464 τοιοῦτοί
682 3397 761 3479 γε’
783 3409 1006 3481 ζητοῦσι
1038 3412 1131 3465 τὸν
1159 3412 1371 3485 Ἰησοῦν
1402 3415 1459 3467 ἐν
1496 3412 1574 3484 τῷ
1608 3412 1740 3486 ίερῷ
1770 3414 1998 3486 ἑστηκό-

419 3515 505 3563 τες
538 3498 647 3553 τῶν
679 3501 934 3571 Γραφῶν,
971 3503 1066 3556 καὶ
1094 3504 1434 3575 ἐπαποροῦσι
1467 3504 1603 3578 πρὸς
1631 3504 1916 3577 ἀλλήλους,
1945 3507 1996 3560 ει

415 3592 691 3647 ἐλεύσεται
716 3595 796 3658 είς
827 3594 926 3667 τὴν
957 3594 1148 3668 ἑορτὴν
1188 3595 1414 3667 Ἰησοῦς.

481 3773 573 3829 21.
607 3794 625 3829 1
657 3774 995 3830 Δεδώκεισαν
1025 3776 1083 3830 δέ
1106 3778 1154 3830 oi
1188 3777 1465 3849 ἀρχιερεῖς
1496 3779 1589 3831 καὶ¹
1616 3780 1666 3832 οί
1709 3778 1993 3850 Φαρισαῖοι

413 3867 653 3931 ἐντολὰς,
683 3867 790 3933 ἵνα,
831 3867 927 3921 ἐάν
964 3885 1051 3933 τις
1090 3868 1202 3939 γνῴ
1240 3869 1403 3923 αὐτὸν
1432 3870 1544 3942 (70)
1574 3870 1677 3924 ποῦ
1704 3871 1819 3925 ἐστι
1842 3912 1857 3937 ,
1890 3890 1996 3944 μη-

416 3957 581 4031 νύσῃ,
612 3961 759 4022 ὅπως
796 3961 1063 4014 πιάσωσιν
1096 3961 1279 4015 αὐτόν.
1310 3982 1328 4014 1
1370 3963 1512 4035 Ὅρα
1552 3962 1669 4027 πῶς
1709 3963 1993 4036 μεμαρτύ-

414 4070 575 4126 ρηται
610 4053 1095 4126 ἀνακεχωρηκέναι
1118 4094 1131 4118 ,
1187 4055 1275 4109 ἵνα
1305 4057 1399 4109 καὶ
1444 4058 1607 4127 ἡμεῖς
1635 4055 1994 4127 γινώσκωμεν

328 4196 335 4203 .
411 4146 468 4199 ἐν
503 4145 679 4218 καιρῷ
707 4145 767 4199 τὸ
795 4146 1003 4200 τοιοῦτο
1041 4151 1234 4202 ποιεῖν.
1261 4149 1371 4201 Kal
1402 4148 1639 4219 πρόσχες
1671 4164 1758 4217 γε,
1785 4149 1868 4202 ὃτι
1894 4149 1995 4203 οὐκ

410 4238 632 4310 ᾔδεισαν
665 4239 796 4292 ὅπου
841 4240 988 4293 ἐστὶν
1036 4238 1161 4293 οὔτε
1208 4241 1257 4293 οἱ
1294 4241 1590 4312 ἀρχιερεῖς,
1620 4239 1745 4293 οὔτε
1782 4241 1831 4293 οἱ
1877 4241 1991 4294 Φα-

412 4334 631 4402 ρισαῖοι·
682 4332 777 4385 καὶ
807 4332 884 4405 μῂ
914 4332 1118 4395 εἰδότες
1146 4332 1380 4386 διδόασιν
1411 4330 1650 4395 ἐντολὰς,
1686 4332 1771 4386 ἵνα
1792 4332 1888 4386 ἐάν
1909 4349 1994 4397 τις

411 4416 525 4488 γνῷ
552 4416 654 4472 ποῦ
688 4416 825 4482 ἐστι,
861 4418 1318 4490 μηνύσῃάὐτοῖς,
1368 4418 1462 4472 καὶ
1514 4416 1851 4472 συλλάϐωσιν
1896 4417 1994 4471 αύ-

2104 3319 2288 3363 meuto
2316 3310 2538 3367 malitia:
2559 3324 2614 3367 et
2642 3316 2911 3378 versutiae,
2947 3315 3040 3369 sed
3067 3316 3119 3369 ir.
3155 3318 3386 3386 panibus
3418 3320 3691 3381 fermento

2103 3399 2438 3467 carentibus,
2474 3403 2580 3458 hoc
2623 3414 2707 3460 est
2755 3406 3072 3462 sinceritate
3100 3419 3157 3463 et
3186 3411 3438 3466 veritate.
3484 3411 3690 3485 Hujus-

2105 3493 2360 3563 niodique
2386 3509 2519 3552 sane
2546 3507 2793 3567 quaerent
2821 3497 3010 3554 Jesum
3043 3499 3097 3553 in
3133 3503 3336 3570 templo
3367 3503 3687 3573 Scriptura-

2064 3640 2067 3641 ν
2102 3599 2221 3641 rum
2273 3596 2501 3655 stantes,
2527 3601 2582 3645 et
2607 3591 2750 3647 inter
2773 3606 2831 3647 se
2861 3593 3171 3650 dubitantes
3220 3610 3290 3649 an
3326 3606 3593 3655 venturus
3615 3600 3688 3656 sit

2098 3677 2263 3735 Jesus
2282 3683 2349 3735 ad
2376 3682 2518 3738 diem
2548 3683 2770 3739 festum.

2169 3775 2333 3849 403
2361 3778 2451 3834 21.
2480 3798 2500 3831 1
2529 3779 2802 3836 Dederant
2832 3791 3011 3837 autem
3040 3781 3297 3838 Pharisaei
3323 3792 3378 3838 et
3402 3784 3692 3854 pontifices

2103 3875 2439 3937 mandatum,
2474 3882 2531 3925 ut
2556 3873 2603 3927 si
2625 3875 2747 3942 quis
2775 3875 3121 3944 cognovisset
3159 3875 3248 3931 ubi
3280 3886 3445 3940 esset,
3480 3877 3687 3933 indica-

2102 3967 2204 4024 ret,
2247 3969 2307 4012 ut
2343 3962 2869 4029 comprehenderent
2915 3976 3038 4017 eum
3071 3966 3138 4016 ’⁸.
3179 3980 3199 4014 1
3235 3961 3367 4017 Vide
3415 3971 3472 4016 ut
3507 3965 3686 4021 dictus

2101 4056 2187 4101 est
2221 4048 2540 4113 secessisse,
2590 4065 2699 4120 quo
2755 4065 2852 4104 nos
2899 4052 3064 4109 etiam
3116 4052 3392 4107 discamus
3442 4053 3494 4106 iu
3543 4062 3684 4109 tem-

2100 4153 2230 4208 pore
2265 4140 2403 4195 idem
2437 4139 2638 4197 facere.
2665 4143 2744 4198 Ac
2778 4141 3025 4213 profecto
3054 4144 3277 4205 attende
3303 4160 3476 4215 neque
3501 4146 3688 4215 ponti-

2102 4232 2255 4296 lices,
2286 4246 2463 4301 neque
2496 4232 2804 4290 Pharisaaos
2833 4251 2992 4291 nosse
3023 4235 3111 4290 ubi
3144 4237 3218 4291 sit
3250 4235 3429 4304 Jesus,
3459 4249 3509 4293 et
3539 4239 3688 4309 quod

2101 4324 2406 4380 nescientes
2429 4325 2556 4381 deut
2596 4329 2914 4383 mandatum
2946 4338 3008 4384 ut
3051 4329 3095 4386 si
3122 4330 3247 4399 quis
3271 4332 3555 4399 agnoverit
3590 4333 3681 4387 ubi

2099 4415 2195 4480 sit,
2243 4417 2452 4472 indicet
2502 4418 2609 4473 illis
2666 4429 2726 4474 ut
2778 4420 3248 4488 comprehendant
3299 4436 3445 4475 eum.
3505 4423 3687 4492 Atque

410 4510 520 4564 τόν.
554 4509 664 4564 Kal
695 4509 869 4574 ἄλλως
908 4509 966 4563 δὲ
1021 4511 1250 4581 φήσεις,
1308 4510 1392 4563 ὅτι
1430 4510 1872 4576 ἐπιϐουλεύοντες
1913 4511 1993 4584 τῷ

2108 4507 2263 4561 etiam
2306 4507 2465 4563 aliter
2507 4510 2675 4577 dices,
2707 4512 2848 4580 quod
2879 4513 2969 4583 qui
3017 4512 3140 4571 Jesu
3187 4513 3415 4568 insidias
3447 4513 3680 4569 moliun-

425 4602 598 4673 Ἰησοῦ
619 4603 719 4657 ούκ
739 4603 911 4656 οῖδασι
948 4603 1050 4657 ποῦ
1084 4602 1220 4656 ἐστι’
1255 4602 1337 4657 διὸ
1356 4602 1590 4658 διδόασιν
1620 4603 1814 4676 ἐτέρας
1844 4606 1997 4676 παρά

2108 4607 2209 4665 Iur,
2244 4602 2495 4656 nesciunt
2527 4602 2616 4656 ubi
2665 4602 2769 4667 sit;
2818 4619 2981 4672 quam
3028 4605 3099 4660 ob
3141 4620 3365 4661 causam
3409 4606 3512 4660 alia
3548 4607 3683 4660 dant

410 4694 509 4759 τὰς
568 4694 663 4748 τοῦ
718 4695 854 4749 Θεοῦ
905 4694 1144 4760 ἐντολὰς,
1199 4695 1546 4760 διδάσκοντες
1602 4693 1950 4757 διδασκαλίας
1976 4730 1993 4757 ,

2108 4692 2354 4747 mandata
2394 4708 2423 4747 a
2473 4694 2744 4749 mandatis
2792 4694 2910 4759 Dei,
2963 4696 3226 4751 docentes
3267 4695 3549 4751 doctrinas
3583 4693 3683 4748 ho-

410 4788 722 4858 ἐντάλματα
779 4788 1104 4859 ἀνθρώπων·
1145 4788 1234 4841 καί
1267 4791 1406 4842 εἰσιν
1441 4787 1631 4867 αὐτῶν
1667 4789 1725 4842 αἱ
1784 4786 1995 4841 ἐντολαὶ

2108 4785 2420 4854 minumque
2460 4788 2716 4841 mandata
2752 4788 2818 4843 ".
2856 4787 2917 4841 Et
2972 4796 3100 4844 sunt
3138 4788 3377 4856 ipsorum
3427 4786 3680 4841 mandata

409 4882 475 4943 ἃς
509 4878 711 4932 διδόασι
746 4880 1028 4951 Φαρισαῖοι
1063 4879 1158 4932 καὶ
1191 4881 1466 4951 ἀρχιερεῖς
1507 4879 1616 4933 τῶν
1651 4877 1994 4949 ’σωματικῶν

2108 4892 2220 4946 quae
2252 4876 2513 4933 Pharisaei
2567 4881 2834 4950 praebent,
2879 4890 2931 4935 et
2973 4881 3262 4948 pontiﬁces
3306 4877 3673 4948 corporalium

408 4969 765 5040 τυγχάνοντες
822 4970 1093 5024 Ἰουδαίων
1154 4973 1294 5024 κατὰ
1327 4969 1422 5023 τοῦ
1456 4969 1657 5042 Ἰησοῦο
1714 4969 1992 5041 βούλονται

2108 4967 2429 5036 Iudaeorum,
2454 4973 2718 5029 adversus
2742 4971 2929 5028 Jesum
2965 4989 2980 5029 :
3011 4975 3200 5028 volunt
3226 4975 3373 5027 enim
3404 4973 3672 5043 quosdam

400 5060 518 5133 ργάρ
561 5079 712 5126 τινας
747 5061 983 5133 μηνῦσαι
1030 5062 1215 5127 αὐτοῖς
1271 5062 1363 5115 τὸν
1393 5062 1634 5135 Ἰησοῦν,
1693 5061 1781 5114 ἵνα
1830 5061 1991 5114 αὑτὸν

2108 5060 2342 5116 iudicare
2371 5063 2472 5117 sibi
2501 5060 2710 5129 Jesum,
2747 5073 2806 5118 ut
2839 5065 3348 5134 illum'mancipium
3392 5074 3680 5134 acceptum

413 5154 715 5225 ὑποχείριον
769 5153 1023 5219 λαϐόντες
1079 5153 1342 5225 προδῶσι.
1403 5155 1515 5208 Kal
1577 5154 1775 5225 φήσεις
1812 5153 1990 5207 πάντα

2108 5154 2348 5219 prodant.
2373 5152 2529 5209 Dices
2558 5157 2724 5210 etiam
2749 5171 2967 5210 omnem
2995 5156 3213 5211 curiose
3239 5156 3676 5225 perscrutantem

409 5245 500 5300 τὸν
528 5244 1025 5318 περιεργαζόμενον
1060 5245 1129 5299 τά
1190 5246 1320 5319 περὶ
1372 5245 1463 5299 τὸν
1518 5244 1988 5317 Χριστιανισμδν,

2108 5245 2596 5316 Christianismum,
2646 5263 2758 5319 quo
2804 5249 3087 5304 subvertat
3143 5248 3274 5303 illud
3327 5255 3384 5302 et
3430 5259 3679 5314 accuset,

364 5336 377 5351 '
410 5336 502 5390 ἐπὶ
537 5335 614 5408 τῷ
647 5336 810 5391 αὐτὸν
864 5334 1192 5407 ἀνατρέπειν
1212 5375 1229 5403 ,
1264 5336 1359 5390 xal
1390 5337 1717 5408 κατηγορεῖν
1744 5374 1760 5401 ,
1816 5335 1988 5408 Φαρι-

2108 5334 2427 5392 Pharisaaum
2457 5339 2749 5411 quemdam
2791 5352 2935 5401 esse,
2981 5346 3038 5393 et
3074 5352 3181 5393 non
3213 5336 3414 5393 bonum
3462 5338 3677 5408 pontiﬁ-

484 5500 528 5532 ¹⁹
548 5499 704 5556 Joan.
740 5517 853 5566 m,
882 5501 938 5555 2.
1016 5503 1061 5534 ²⁰
1085 5500 1241 5556 Joan.
1269 5516 1312 5565 t,
1341 5500 1428 5556 29.
1506 5503 1550 5533 ¹¹
1580 5499 1737 5556 Joau.
1767 5516 1882 5566 vm,
1919 5499 2005 5555 40.

2110 5498 2303 5557 ’Joan.
2328 5500 2504 5567 xt,56.
2578 5500 2624 5533 "
2645 5501 2780 5558 Luc.
2813 5517 2949 5567 un,
2972 5501 3150 5557 52-15.

411 5569 631 5625 "Joau.
659 5588 734 5636 xl,
769 5573 859 5626 57.
936 5571 982 5604 ²⁶
1012 5571 1203 5626 Matth.
1252 5586 1342 5639 xv,
1381 5576 1449 5638 9;
1498 5570 1668 5625 Marc.
1709 5586 1803 5634 vn,
1828 5572 1880 5625 7.
2700 5608 2707 5609 κ

3254 5500 3299 5533 ³⁸
3326 5499 3346 5556 l
3371 5499 3502 5556 Cor.
3532 5516 3588 5568 v,
3615 5499 3675 5561 8.

483 5730 596 5804 (ti?)
614 5730 792 5804 Qodex
826 5729 1150 5804 Dodleianus
1179 5738 1327 5804 recte
1359 5729 1549 5804 habet,
1575 5727 1848 5804 ἀνῴγεων·
1874 5728 2002 5804 Regi

2108 5744 2230 5788 vero
2266 5729 2408 5787 male
2436 5729 2755 5798 ἀναγκαῖον.

481 5799 594 5869 (70)
616 5801 795 5858 Codex
823 5800 1169 5868 Bodleianus,
1196 5799 1356 5854 αὐτόν
1374 5816 1388 5832 ·
1422 5800 1640 5870 Regius,
1668 5800 1884 5856 ἑαυτόν.
