4182 6372
521 344 626 404 πο

1983 335 2305 393 ORIGENIS

3675 340 3781 395 πυ

519 477 660 527 cem,
704 473 885 517 rerum
928 458 1146 516 ratione
1194 458 1496 515 carentium
1544 459 1771 514 dantem
1814 458 2080 523 mandata,

2194 459 2344 510 σαῖον
2366 450 2529 520 εἶναι,
2565 455 2660 509 καὶ
2695 453 2798 508 οὐκ
2829 454 3033 525 ἀγαθὸν
3070 453 3352 526 ἀρχιερέα,
3382 456 3560 514 ἄλλων
3605 457 3779 527 λόγων

518 556 717 625 quibus
759 554 1038 609 existimat
1087 567 1146 608 se
1190 554 1387 607 docere
1413 551 1625 616 Jesum,
1685 559 1743 605 ut
1774 552 1951 620 ipsum
1983 550 2089 604 sibi

519 648 814 702 indicatum
862 645 1292 714 comprehendat
1345 654 1399 699 et
1438 644 1785 699 contumeliis
1840 641 2091 696 allectum

515 738 755 791 occidat.
807 736 1175 790 Verum.cum
1226 735 1361 790 satis
1406 733 1776 801 amplitudinis
1821 731 2096 799 acceperit

515 830 809 883 vicesimus
835 838 1064 882 octavus
1106 837 1286 881 tomus
1334 826 1779 894 explanationum
1829 823 1882 877 in
1918 822 2093 875 Evan-

516 921 711 990 gelium
733 937 763 974 a
787 920 1001 975 Joanne
1026 922 1306 987 traditum,
1333 920 1436 972 hoc
1466 919 1520 973 in
1548 916 1669 970 loco
1696 916 1945 970 ﬁniemus
1969 929 2095 969 ora—

518 1011 739 1077 tionem,
768 1013 820 1066 in
851 1011 1107 1068 vicesimo
1129 1027 1273 1067 nono
1292 1024 1412 1080 quae
1431 1016 1752 1078 sequuntur,
1780 1007 1887 1060 Deo
1909 1007 2090 1072 dante,

516 1105 881 1172 prosecuturi.

2194 546 2405 600 διδόντα
2441 546 2660 610 ἐντολὰς
2693 586 2708 611 ,
2760 541 2844 610 οἷς
2888 546 3060 599 οἴεται
3091 545 3321 611 διδάξειν
3355 548 3521 603 αὐτὸν
3551 550 3621 605 τά
3653 552 3783 622 περὶ

2195 638 2287 691 τὸν
2300 637 2528 708 Ἰησοῦν,
2546 638 2631 692 ἵνα
2646 637 2949 709 μηνυθέντα
2964 636 3127 692 αὑτὸν
3143 636 3291 711 αὐτῷ
3306 639 3498 711 πιὰσῃ,
3513 640 3609 693 καὶ
3626 640 3785 712 ὑϐρί-

2200 743 2300 790 σας
2357 727 2673 798 ἀποκτείνῃ.
2718 727 2879 780 ’Λλλά
2925 728 3034 800 γάρ
3057 769 3073 794 ,
3124 729 3376 802 αὐτάρκη
3430 730 3782 804 περιγραφὴν

2198 818 2479 888 εἰληφότος
2513 820 2606 872 καὶ
2636 819 2731 873 τοῦ
2771 820 2958 889 ὀγδόου
2997 822 3091 875 καὶ
3124 822 3371 876 εἰκοστοῦ
3414 824 3527 895 (7i)
3561 823 3668 877 τῶν
3701 825 3783 888 είς

2199 910 2262 963 τὸ
2298 910 2441 963 κατά
2491 911 2744 981 Ἰωάννην
2788 912 3121 981 Εὑαγγέλιον
3171 914 3512 986 έξηγητικῶν
3562 915 3733 986 τόμου
3760 954 3778 981 ,

2201 1001 2365 1057 αὑτοῦ
2436 1004 2878 1075 καταπαύσωμεν
2950 1006 3042 1061 τὸν
3097 1007 3156 1060 λό
3170 1024 3254 1076 γον
3280 1047 3297 1074 ,
3356 1008 3417 1063 ὲν
3466 1005 3542 1073 τῷ
3573 1009 3780 1080 ἐννάτῳ

2198 1096 2292 1149 καὶ
2337 1096 2565 1167 εἰκοστῷ
2618 1096 2752 1168 (72),
2810 1096 2946 1152 Θεοῦ
3012 1099 3276 1167 διδόντος,
3319 1100 3613 1173 ἀρχόμενοι
3667 1100 3779 1156 τῶν

2194 1184 2322 1258 ἑξῆς
2353 1188 2489 1257 (75).

822 1309 1148 1361 Λείπουσιν
1184 1308 1237 1361 οἱ
1269 1307 1433 1376 τόμοι
1465 1306 1679 1371 ἔνατος
1708 1303 1807 1358 καὶ
1843 1303 2140 1369 εἰκοστὸς,
2170 1304 2545 1372 τριακοστὸς.
2578 1304 2675 1358 καὶ
2703 1303 2933 1373 πρῶτος
2961 1305 3061 1361 καὶ
3094 1308 3466 1376 τριακοστός.

1669 1600 2615 1735 ΩΡΙΓΕΝΟΥΣ

1107 1835 1247 1891 ΤΩΝ
1279 1836 1404 1889 ΕΙΣ
1446 1838 1529 1888 T0
1566 1836 1756 1888 ΚΑΤΑ
1795 1833 2131 1887 ΙΩΑΝΝΗΝ
2175 1832 2653 1885 ΕΥΑΓΓΕΛΙΟΝ
2704 1831 3179 1889 ΕΞΗῘἭΤῙΚΩΝ

1836 1993 2220 2081 ΤΟΜΟΣ
2255 1988 2437 2079 ΛΒ’.

1795 2291 2475 2407 ORIGENIS

941 2512 1718 2580 COMMENTARIORUM
1761 2510 1844 2573 ΙΝ
1886 2511 2413 2575 EVANGELIUM
2458 2513 2882 2577 SECUNDUM
2923 2516 3303 2581 JOANNEM

1223 2692 1637 2787 TOMUS
1672 2693 2247 2785 TRICESIM
2273 2696 2409 2786 US
2447 2695 3093 2790 SECUNDUS.

575 3001 739 3076 ἥ,οά
767 3002 820 3057 l.
858 3001 970 3057 Deo
997 2999 1153 3056 nobis
1195 3015 1292 3071 per
1337 2997 1523 3055 Jesum
1567 2998 1844 3056 Christum
1884 3000 1990 3057 iter
2017 3016 2080 3057 ex

2258 3003 2311 3056 1.
2342 3000 2474 3056 Ἀπὸ
2502 3002 2635 3058 Θεοῦ
2666 3001 2755 3057 διὰ
2793 3002 2971 3074 Ἰησοῦ
3009 3001 3248 3076 Χριστοῦ
3291 3002 3634 3077 εύοδούμενοι
3680 3009 3771 3080 ὲρο

507 3095 673 3149 animi
725 3092 993 3149 sententia
1041 3091 1325 3162 largiente,
1353 3091 1633 3163 gradimur
1679 3106 1777 3162 per
1808 3091 2081 3161 Evangelii

506 3183 677 3239 sancti
708 3182 850 3253 viam
875 3196 1146 3252 magnam,
1173 3195 1401 3251 eamque
1425 3182 1796 3247 viventem,ut
1816 3181 1885 3236 ad
1911 3182 2084 3253 ipsius

502 3276 666 3329 etiam
697 3274 853 3327 tinem
889 3272 1294 3343 perveniamus,
1319 3273 1364 3327 si
1393 3287 1490 3342 per
1522 3287 1645 3327 eam
1669 3287 1698 3325 a
1734 3274 1892 3328 nobis
1924 3275 2085 3345 agni-

504 3374 613 3422 tam
638 3364 1115 3420 ambulaverimus.
1144 3363 1319 3431 Atque
1350 3365 1560 3417 utinam
1591 3377 1713 3417 cum
1742 3379 1887 3418 nunc
1913 3365 2083 3420 veluti

503 3457 799 3512 secundam
826 3464 881 3510 et
924 3456 1250 3510 tricesimam
1279 3454 1591 3519 stationem,
1629 3455 1682 3509 in
1726 3454 1814 3509 his
1850 3469 1971 3524 qua:
2003 3453 2084 3509 di-

504 3549 673 3603 cenda
707 3554 856 3613 sunt,
889 3546 1097 3617 ingredi
1136 3560 1418 3609 conemur,
1464 3544 1619 3600 nobis
1648 3545 1791 3599 adsit
1831 3544 2083 3600 columna

504 3644 594 3698 illa
624 3642 816 3698 lucida:
848 3641 1006 3696 nubis
1024 3639 1177 3707 Jesu,
1212 3655 1333 3709 quas
1358 3655 1458 3695 nos
1478 3639 1773 3709 praecedat,
1798 3654 1923 3695 cum
1947 3655 2085 3710 opus

503 3736 632 3794 erit,
671 3746 965 3801 rursusque
990 3739 1097 3787 stet
1140 3746 1264 3785 cum
1310 3730 1613 3800 Oportebit;
1663 3731 1856 3794 donec,
1887 3745 1921 3785 ο
1953 3729 2085 3785 Am-

505 3823 654 3878 brosi
693 3822 856 3877 homo
882 3835 1059 3887 sacer,
1091 3820 1343 3890 idemque
1388 3821 1579 3888 frater,
1639 3828 1812 3875 totum
1847 3821 2082 3891 copiosis

503 3910 1059 3968 commentationibus
1144 3910 1618 3980 explanaverimus
1690 3910 2078 3979 Evangelium;

503 4021 612 4060 non
661 4003 1076 4061 succumbentes
1123 4004 1193 4059 ob
1239 4003 1628 4072 longitudinem
1676 4004 1780 4057 via:
1830 4003 2077 4073 prolixae,

504 4112 680 4166 neque
705 4094 983 4165 defatigati
1033 4095 1102 4149 ob
1143 4103 1384 4149 nostram
1423 4093 1821 4159 inﬁrmitatem,
1863 4094 1956 4149 sed
1989 4108 2081 4150 co-

503 4199 697 4244 nantes
747 4187 1005 4244 incedere
1059 4201 1156 4256 per
1209 4185 1436 4255 vestigia
1490 4184 1754 4242 columnae
1809 4185 2076 4240 veritatis.

503 4279 693 4335 Utrum
720 4290 901 4335 autem
937 4280 1067 4334 velit
1096 4280 1235 4333 Deus
1273 4287 1508 4331 mentem
1539 4285 1785 4332 nostram
1816 4277 1922 4332 iter
1962 4292 2081 4347 per-

2186 3093 2411 3167 χὼμεθα
2441 3094 2553 3167 (74)
2581 3096 2682 3167 τὴν
2712 3095 2954 3166 μεγάλην
2995 3093 3091 3148 τοῦ
3135 3096 3467 3165 Εὐαγγελίου
3496 3096 3643 3162 ὁδὸν,
3674 3098 3770 3152 καὶ

2185 3187 2365 3253 ζῶσαν
2418 3188 2586 3258 ἡμῖν,
2651 3188 2701 3240 εἰ
2756 3188 2850 3240 καὶ
2906 3186 3213 3258 γνωσθείη,
3257 3186 3353 3241 καὶ
3394 3188 3636 3262 ὁδευθείη
3677 3191 3766 3260 ὐφ’

2185 3278 2362 3350 ἡμῶν,
2416 3278 2619 3347 φθάσαι
2660 3278 2829 3349 αὐτῆς
2876 3279 2971 3333 καὶ
3019 3279 3113 3331 ἐπὶ
3172 3277 3233 3332 τὺ
3270 3278 3445 3343 τέλος.
3488 3280 3605 3333 Νῦν
3640 3282 3768 3352 μέν-

2181 3383 2330 3437 τοιγε
2386 3368 2547 3421 οἱονεὶ¹
2588 3367 2847 3441 δευτέρας
2898 3369 2993 3423 καὶ
3036 3369 3365 3441 τριακοστῆς
3416 3371 3768 3444 παρεμϐολῆς

2184 3464 2242 3516 έν
2267 3464 2378 3526 τοῖς
2406 3461 2831 3533 λεχθησομένοις
2861 3463 3119 3534 ὲπιὸἧναι
3153 3462 3471 3534 πειρώμεθα
3496 3482 3510 3495 ο
3538 3464 3633 3518 καὶ
3664 3481 3772 3518 πα-

2187 3551 2305 3623 ρείη
2340 3569 2406 3621 γε
2444 3553 2575 3622 ἡμῖν
2619 3554 2648 3606 ὁ
2683 3551 2873 3616 στῦλος
2924 3553 3025 3623 τῆς
3077 3552 3347 3623 φωτεινῆς
3399 3553 3629 3625 νεφέλης
3668 3554 3769 3626 ’1η-

2185 3641 2300 3707 σοῦ,
2346 3645 2603 3714 προάγων
2634 3644 2783 3714 ἡμᾶς
2812 3644 2901 3697 ὅτε
2927 3643 3026 3705 δεῖ,
3054 3644 3150 3698 καὶ
3182 3642 3335 3707 me;
3370 3644 3457 3696 ὅτε
3510 3643 3635 3715 χρὴ,
3662 3644 3767 3708 ἔως

2183 3734 2323 3801 ὅλον,
2356 3733 2452 3789 καὶ
2498 3736 2564 3805 τῇ
2606 3735 2975 3806 ὑπαγορεύσει
3020 3734 3128 3787 τῶν
3161 3736 3242 3798 εἰς
3291 3734 3352 3788 τὸ
3383 3734 3715 3804 Εὑαγγέλιον
3747 3775 3764 3800 ,

2184 3824 2296 3897 ἱερὲ
2315 3824 2566 3897 ἄνθρωπε
2589 3825 2683 3878 καὶ¹
2710 3825 2905 3895 ἀδελφὲ
2938 3824 3249 3896 ’Λμδρόσιε,
3278 3823 3634 3894 διεξέλθωμεν
3652 3824 3764 3894 (75)

2180 3916 2243 3969 τὸ
2276 3915 2629 3984 Εύαγγέλιον,
2661 3915 2736 3986 μὴ
2768 3915 3133 3979 ὲκκακοῦντες
3154 3915 3264 3968 ἀπὸ
3290 3913 3388 3968 τοῦ
3417 3915 3629 3987 μακροῦ
3666 3915 3765 3985 τῆς

2178 4006 2507 4078 ὁδοιπορίας,
2546 4006 2685 4076 μηδὲ
2736 4008 3144 4077 ἀποκάμνοντες
3190 4005 3280 4059 διὰ
3333 4005 3432 4076 τὴν
3486 4005 3764 4078 ἡμετέραν

2178 4098 2482 4164 ἀσθένειαν,
2510 4098 2624 4152 ἀλλ’
2659 4098 3039 4169 ἐκϐιαζόμενοι
3081 4099 3203 4152 κατ’
3237 4096 3359 4169 ἴχνη
3421 4096 3625 4168 βαίνειν
3664 4096 3762 4150 τοῦ

2180 4188 2369 4243 στύλου
2395 4190 2493 4262 τῆς
2524 4188 2783 4260 ἀληθείας
2810 4189 2823 4241 ι
2858 4190 3095 4261 Πότερον
3124 4188 3181 4242 δὲ
3216 4188 3460 4259 βούλεται
3485 4189 3576 4242 τὸν
3606 4188 3760 4259 ὑμῶν

2179 4277 2242 4351 [Ι.
2279 4278 2483 4352 ὴμῶν],
2518 4280 2641 4334 νοῦν
2663 4281 2879 4334 τελέσαι
2913 4279 3000 4332 διὰ
3040 4278 3151 4333 τῶν
3202 4275 3622 4349 ὑπαγορεύσεων
3659 4277 3761 4348 τὴν

502 4372 663 4426 licere
716 4371 1011 4440 Scriptura:
1043 4369 1205 4425 totius
1243 4362 1521 4437 Evangelii
1571 4382 1603 4422 a
1650 4365 1861 4423 Joanne
1888 4369 2069 4423 traditi

2183 4369 2483 4443 ὁδοιπορίαν
2520 4372 2618 4444 τῆς
2645 4373 2766 4426 ὅλου
2834 4370 2985 4443 [add.
3024 4369 3144 4442 τοῦ]
3175 4369 3317 4424 κατά
3367 4369 3460 4423 τὸν
3502 4369 3757 4441 Ἰωάννην

499 4462 990 4531 explanationibus,
1030 4476 1100 4515 an
1133 4476 1261 4525 non,
1305 4460 1421 4531 ipse
1443 4459 1610 4515 novit.
1667 4457 1897 4513 Tantum
1928 4458 2070 4513 domi

499 4554 822 4608 exsisteutes
854 4553 906 4607 in
936 4567 1181 4624 corpore,
1214 4561 1271 4607 et
1297 4551 1366 4606 ab
1399 4550 1517 4621 ipso
1550 4548 1984 4619 peregrinantes,
2011 4559 2075 4605 ut

498 4652 794 4711 praesentes
816 4643 1059 4699 adsimus
1088 4642 1231 4711 apud
1276 4640 1561 4696 Dominum
1591 4639 1659 4706 ",
1702 4650 1855 4693 extra
1890 4638 2070 4693 Evan-

498 4736 697 4806 gelium
774 4750 879 4789 non
932 4749 1141 4798 eamus,
1197 4742 1258 4787 ut
1308 4731 1566 4801 operibus
1620 4730 2072 4799 sermonibusque

499 4827 857 4882 beatitudines
895 4825 1217 4892 ferentibus,
1261 4824 1316 4880 in
1343 4823 1598 4892 paradiso
1621 4820 1937 4876 deliciarum
1969 4820 2066 4876 Dei

497 4918 763 4972 fruamur.

570 5014 615 5046 "
642 5014 684 5068 ll
709 5013 839 5069 Cor.
872 5029 927 5079 v,
956 5012 1011 5077 6,
1044 5013 1101 5068 8.

569 5107 682 5187 )
710 5108 893 5187 _C_odex
930 5104 1610 5187 Botlleianus,frptaxoa_roﬁ
1637 5103 1878 5187 πρώτου.

571 5171 852 5301 (ἹΞῊιὶειιι
886 5179 1053 5232 codex
1118 5171 1459 5241 Bodleiauus,
1517 5177 1574 5228 ἐν
1631 5171 1710 5246 τῷ
1761 5171 2068 5246 τριακοστῷ

571 5266 620 5301 ὂτ
654 5265 749 5301 ουκ

495 5249 749 5302 δευτέρω.

567 5265 1046 5388 ξξὲςρίίρχὸμενοι
1069 5312 1187 5368 τῶν
1212 5313 1382 5388 ἑξῆς.
1409 5311 2070 5388 ’l‘resdeincepsdeside-

502 5381 689 5443 rantur
713 5381 891 5447 to'uii,‘
925 5388 991 5439 de
1037 5402 1267 5455 quorum
1312 5381 1497 5452 aliquo
1550 5385 1665 5437 lucc
1721 5381 2066 5448 intelligenda

499 5468 791 5536 Slillitﬁllla:
816 5455 1261 5536 babetOrigenes
1301 5456 1356 5536 iri
1382 5455 1729 5536 Matrinio").
1766 5467 2066 5536 nuntianti.

501 5529 567 5582 19
597 5547 610 5581 :
646 5521 793 5595 Πλὴν
823 5525 878 5578 ἑν
907 5544 1012 5581 τινι
1043 5521 1150 5578 τῶν
1183 5527 1262 5588 εἰς
1308 5525 1369 5577 τὸ
1395 5522 1538 5595 κατά
1582 5522 1835 5595 Ἰωάννην
1888 5521 2069 5589 Εὐαγ-

495 5598 677 5678 γέλιον
696 5593 789 5678 ετει
822 5597 994 5678 ποσὸν
1008 5596 1150 5678 κατά
1189 5595 1361 5678 ταῦτα
1383 5593 1724 5678 ὲξητάσαμξν
1741 5593 1879 5678 ’.ὅτε
1939 5608 2071 5662 προ-

496 5660 676 5738 έκειτο
699 5666 1060 5738 διηγήσασθαι
1091 5667 1153 5719 τό
1178 5684 1191 5698 ·
1225 5669 1303 5738 Τῇ
1336 5660 1726 5738 ἐπαύριονμοῦν
1757 5660 1911 5738 ὄχλος
1972 5660 2069 5713 πο-

496 5737 594 5802 ὶξδς
619 5738 649 5789 ὀ
682 5730 955 5810 mihist;
984 5739 1083 5810 τὴν
1110 5730 1323 5810 ὲορτὴῆ),
1354 5736 1449 5810 καὶ
1471 5730 1541 5786 τὰ
1773 5730 2068 5810 (γεω-11η-

510 5801 692 5862 tamen
749 5808 804 5861 iu
861 5801 1091 5876 quodam
1139 5801 1301 5878 super
1357 5801 1710 5875 Evangelium
1770 5801 2066 5859 secundum

2178 4462 2512 4532 Εὑαγγελίου
2540 4465 2776 4536 γραφῆς,
2808 4466 2857 4517 εί
2906 4463 3013 4535 μὴ,
3053 4463 3216 4527 αὐτὸς
3247 4461 3315 4516 ἂν
3345 4462 3510 4534 εἰδείη
3544 4464 3573 4515 ό
3604 4462 3757 4525 Θεός.

2178 4553 2355 4608 Μόνον
2382 4554 2476 4608 καὶ
2503 4555 2861 4627 ἐνδημοῦντες
2887 4558 2945 4608 ὲν
2965 4554 3044 4626 τῷ
3078 4552 3313 4624 σώματι,
3334 4554 3429 4607 καὶ
3458 4552 3758 4624 ὲκδημοῦνέ

2176 4661 2269 4709 τες
2300 4645 2486 4712 αὐτοῦ,
2530 4648 2622 4700 ἐπὶ
2656 4646 2735 4717 τῷ
2758 4645 3061 4717 ἐνδημῆσαι
3091 4645 3229 4717 πρὸς
3266 4645 3357 4698 τὸν
3390 4644 3619 4716 Κύριον,
3654 4642 3759 4707 ἔξω

2174 4735 2269 4789 τοῦ
2290 4737 2621 4808 Εὐαγγελὶου
2656 4739 2730 4810 μὴ
2754 4739 3049 4811 βαίνοιμεν,
3078 4737 3167 4791 ἵνα
3194 4737 3289 4791 καὶ
3306 4736 3413 4790 τῶν
3429 4739 3556 4800 τοὺς
3578 4751 3760 4807 μακα-

2181 4831 2407 4900 ρισμοὺς
2431 4833 2704 4903 φερόντων
2726 4832 2901 4905 ἔργων
2932 4832 3025 4885 καὶ
3050 4830 3223 4900 λόγων
3253 4833 3313 4886 ἐν
3342 4831 3419 4904 τῷ
3446 4831 3761 4904 παραδείσῳ

2184 4919 2283 4989 τῆς
2313 4922 2524 4993 τρυφῆς
2552 4922 2647 4975 τοῦ
2677 4920 2813 4976 Θεοῦ
2848 4921 3264 4994 ἀπολαύσωμεν.

2173 5105 2438 5162 Joannem
2471 5107 2902 5171 Commentario,
2929 5121 2991 5159 ea
3023 5119 3237 5175 quoque
3264 5104 3451 5175 aliqua
3489 5118 3554 5175 ex
3605 5112 3757 5172 parte

2176 5192 2204 5229 a
2233 5178 2390 5231 nobis
2419 5191 2654 5245 expensa
2688 5187 2850 5243 sunt;
2880 5174 3099 5246 quando
3124 5175 3375 5246 videlicet
3402 5174 3530 5227 illud
3581 5189 3755 5242 expo-

2177 5252 2415 5299 nendum
2450 5243 2605 5301 nobis
2636 5243 2970 5315 propositum
2996 5255 3112 5299 erat
3145 5261 3158 5297 :
3210 5243 3276 5297 In
3320 5246 3617 5315 crastinum
3649 5261 3751 5297 au-

2175 5327 2277 5369 tem
2300 5317 2455 5369 turba
2482 5317 2669 5387 multa,
2700 5312 2815 5383 qua:
2839 5326 3042 5370 venerat
3068 5319 3138 5367 ad
3169 5315 3309 5368 diem
3337 5319 3531 5387 [cuum
3563 5312 3729 5369 (loca

2178 5402 2275 5447 an,
2312 5387 2421 5452 l2),
2451 5398 2507 5440 et
2536 5384 2767 5454 reliqua.
2808 5405 2828 5437 ι

2245 5457 2359 5524 (74)
2384 5449 2569 5510 Codex
2599 5449 2944 5515 Bodleianns,
2973 5452 3291 5524 ἐρχώμεθα’
3339 5454 3561 5523 Regius,
3613 5449 3750 5524 έχῲ-

2175 5522 2364 5648 μεὲαλ
2430 5526 2715 5582 Perionius
2786 5535 2966 5579 autem
3009 5522 3245 5579 videtur
3320 5522 3515 5593 legisse
3586 5522 3748 5593 εὐχό-

2177 5613 2240 5648 ιιε
2280 5615 2334 5648 α.

2217 5613 2334 5649 ευα.
3753 5620 3760 5631 ·

2175 5614 2355 5790 μεέῗεέ)
2387 5665 2569 5803 ἓὲιὲξιχ
2601 5666 2821 5737 Regius,
2852 5664 2963 5737 ἱερὲ
2995 5664 3188 5734 ἁδελφὲ
3216 5663 3468 5736 ἄνθρωπε
3510 5658 3748 5735 ’Δμϐρό-

2175 5752 2274 5801 σιε,
2345 5754 2388 5789 ιε
2518 5754 2681 5803 ωμεν.

2174 5752 2274 5801 σιε,
2310 5752 2681 5806 οιεςελυιιιμεν,
