4182 6378
368 364 462 419 7H

1319 350 1676 410 COMMENT.
1720 348 1787 403 IN
1834 344 2027 403 ιΙΟΑΝ.
2062 337 2306 403 TOMUS
2354 336 2572 393 XXXII.

3536 343 3640 399 742

431 478 486 532 2.
524 495 543 527 ι
583 475 696 529 Καὶ
713 475 930 529 δείπνου
952 470 1247 545 γενομένω
1267 469 1429 544 (75⁸),
1452 469 1547 524 τοῦ
1575 468 1822 523 διαϐόλου
1842 466 1944 538 ήδη

2119 464 2178 519 2.
2220 482 2237 515 ι
2274 462 2340 517 Et
2377 474 2532 516 ctena
2560 457 2727 526 facta,
2772 473 2898 515 cum
2944 457 3194 515 diabolus
3229 457 3343 529 jam
3369 458 3637 515 immisis-

365 569 695 642 βεϐληκότος
752 568 834 632 είς
883 566 983 638 τὴν
1039 566 1268 639 καρδίαν
1346 563 1516 618 Ἰούδα
1561 561 1806 633 Σίμωνος
1851 558 1948 611 τοῦ

377 658 727 734 Ἰσκαριώτου
780 661 870 715 ἳνα
925 658 1157 731 παραδῷ
1208 657 1372 712 αὑτὸν
1393 697 1409 723 ,
1460 656 1656 721 είδὼς,
1699 656 1781 707 ὅτι
1836 652 1948 724 (76)

366 756 544 808 πάντα
602 752 835 807 δέδωκεν
899 750 1048 823 αὑτῷ
1092 753 1121 805 ὁ
1175 751 1368 822 Πατὴρ
1419 751 1501 813 είς
1565 748 1667 812 τὰς
1720 748 1909 819 χεῖρας
1932 787 1949 813 ,

367 848 461 902 καὶ
517 848 601 901 ὅτι
665 844 773 901 ἀπὸ
848 844 984 898 Θεοῦ
1038 843 1228 916 ἐξῆλθε
1253 883 1269 909 ,
1319 843 1414 896 καὶ
1475 840 1613 914 πρὸς
1671 840 1762 894 τὸν
1820 839 1952 893 Θεὸν

367 939 612 1009 ὑπάγει,
675 936 949 1010 ἐγείρεται
1020 938 1087 991 ὲκ
1139 934 1233 990 τοῦ
1281 934 1540 1001 δείπνου,
1605 935 1701 989 καὶ
1767 934 1953 1006 τίθησι

322 1034 437 1087 ’τὰ
510 1031 701 1104 ἱμάτια
729 1071 745 1096 ,
807 1031 903 1085 καὶ
974 1028 1155 1083 λαϐὼν
1214 1028 1425 1083 λέντιον
1492 1028 1749 1093 διέζωσεν
1822 1029 1952 1082 ἑαυ-

367 1126 492 1180 τόνο
558 1121 678 1179 εἶτα
736 1122 920 1194 βάλλει
996 1122 1142 1196 ὕδωρ
1197 1124 1278 1186 είς
1347 1121 1441 1176 τὸν
1511 1120 1795 1193 νιπτῆρα,
1859 1120 1955 1175 καὶ

367 1218 572 1291 ἡρξατο
636 1217 848 1272 νίπτειν
899 1217 1028 1281 τοὺς
1095 1215 1265 1280 πόδας
1322 1213 1433 1268 τῶν
1487 1212 1749 1284 μαθητῶν
1775 1255 1791 1280 ,
1859 1213 1955 1267 καὶ

369 1312 671 1385 ἐκμάσσειν
714 1308 794 1381 τῷ
839 1309 1032 1381 λεντίῳ
1096 1301 1142 1376 ᾧ
1203 1304 1272 1379 ἦν
1345 1306 1726 1378 διεζωσμένος.
1775 1325 1795 1358 ι
1867 1306 1956 1359 Ἐν

370 1409 493 1471 ταῖς
564 1406 646 1467 είς
710 1404 772 1458 τὸ
829 1401 971 1457 κατὰ
1043 1401 1260 1455 Λουκᾶν
1326 1398 1567 1471 ὁμιλίαις
1640 1397 1958 1469 συνεκρίνα-

370 1517 476 1572 ’μεν
519 1496 780 1569 ἀλλήλαις
831 1495 944 1567 (77)
984 1493 1086 1558 τὰς
1135 1491 1452 1565 παραϐολὰς
1475 1531 1491 1557 ,
1539 1490 1633 1546 καὶ
1688 1490 1959 1563 ἐζητήσα-

372 1606 497 1663 μεν,
529 1590 584 1644 τί
609 1591 707 1662 μὲν
759 1588 1016 1661 σημαίνει
1073 1585 1135 1640 τὸ
1185 1584 1330 1640 κατὰ
1385 1584 1486 1649 τὰς
1534 1584 1686 1648 Θείας
1734 1585 1959 1656 Γραφὰς

372 1685 632 1756 ἄριστον,
678 1683 733 1737 τί
778 1683 836 1737 δὲ
879 1680 1178 1754 παρίστησι
1221 1678 1283 1732 τὸ
1326 1680 1452 1733 κατ’
1501 1677 1673 1741 αὑτὰς
1724 1677 1955 1734 δεῖπνον.

374 1778 485 1832 Καὶ
503 1776 600 1833 νῦν
619 1776 798 1830 τοίνυν
822 1774 1082 1846 λελέχθω,
1111 1773 1194 1827 ὅτι
1221 1771 1443 1844 ἄριστον
1471 1770 1569 1841 μὲν
1586 1769 1732 1823 ἐστιν
1749 1771 1783 1841 ή
1808 1771 1961 1842 πρὼ-
1990 1817 2034 1872 Β

371 1888 442 1943 τη
473 1872 568 1925 καὶ
601 1869 708 1943 πρὸ
731 1869 830 1940 τῆς
854 1866 1162 1929 συντελείας
1191 1865 1293 1935 τῆς
1308 1865 1365 1918 ὲν
1394 1862 1473 1934 τῷ
1503 1862 1603 1933 βίῳ
1626 1861 1799 1933 τούτῳ
1827 1861 1963 1934 ἡμέ-

376 1980 475 2035 ρας
508 1961 885 2032 πνευματικῆς
904 1961 1016 2022 τοῖς
1035 1957 1406 2029 είσαγομένοις
1433 1954 1745 2026 ἁρμόζουσα
1760 1954 1957 2027 τροφή.

370 2054 584 2109 δεῖπνον
609 2054 686 2119 δὲ,
714 2055 748 2124 ἡ
781 2050 1067 2105 τελευταία
1096 2050 1193 2103 καὶ
1221 2051 1335 2112 τοῖς
1360 2048 1462 2119 ἤδη
1503 2045 1614 2118 (78)
1648 2046 1743 2099 ἐπὶ
1779 2046 1961 2100 πλεῖον

372 2145 741 2220 προκεκοφόσι
776 2142 1186 2216 παρατιθεμένη
1229 2139 1370 2195 κατὰ
1419 2139 1596 2208 λόγον.
1637 2140 1748 2192 Καὶ
1786 2126 1962 2201 ἄλλως

371 2239 431 2293 δὲ
453 2240 595 2292 εἴποι
637 2238 703 2292 ἄν
731 2254 834 2301 τις,
859 2235 1079 2309 ἄριστον
1113 2233 1213 2306 μὲν
1245 2229 1384 2286 εἶναι
1420 2232 1513 2285 τὸν
1547 2229 1672 2285 νοῦν
1702 2229 1810 2284 τῶν
1856 2246 1962 2284 πα-

372 2331 541 2387 λαιῶν
580 2328 950 2403 Γραμμάτων,
979 2328 1194 2382 δεῖπνον
1229 2325 1287 2380 δὲ
1325 2325 1396 2379 τὰ
1431 2322 1960 2396 ὲναποκεκρυμμένα

371 2426 439 2496 τῇ
470 2426 629 2495 καινῇ
655 2423 897 2495 Διαθήκῃ
937 2421 1229 2493 μυστήρια.
1268 2416 1454 2472 Ταῦτα
1481 2417 1539 2471 δὲ
1568 2417 1663 2471 καὶ
1683 2417 1742 2469 ὲν
1777 2431 1963 2486 προοι-

377 2514 486 2586 μίῳ
511 2513 759 2567 λέλεκται
783 2511 1110 2579 ὲξετάζοντι,
1129 2508 1247 2574 πῶς
1264 2507 1560 2580 γενομένου
1581 2505 1795 2559 δείπνου
1816 2504 1961 2573 ὲγεί-

377 2622 531 2676 ρεται
559 2607 588 2659 ὁ
637 2603 847 2677 Ἰησοῦς
875 2604 938 2655 ὲκ
964 2599 1059 2655 τοῦ
1105 2601 1343 2664 δείπνου,
1380 2598 1475 2653 καὶ
1503 2596 1680 2669 βαλὼν
1712 2596 1856 2668 ῦδωρ
1881 2597 1961 2659 είς

372 2699 464 2752 τὸν
496 2696 737 2769 νιπτῆρα
768 2695 996 2768 ἄρχεται
1033 2694 1164 2758 τοὺς
1195 2692 1306 2746 τῶν
1340 2689 1599 2764 μαθητῶν
1624 2689 1833 2742 νίπτειν
1865 2686 1964 2740 πό-

373 2789 489 2855 δας·
521 2785 678 2861 οἶμαι
711 2789 839 2860 γὰρ,
880 2787 960 2840 ὅτι
989 2787 1037 2840 οἱ
1072 2784 1212 2857 μετὰ
1249 2782 1344 2837 τοῦ
1382 2780 1559 2854 Ἰησοῦ
1592 2779 1960 2844 δειπνοῦντες,

375 2881 472 2935 καὶ
508 2883 565 2935 ὲν
595 2882 662 2952 τῇ
681 2879 773 2932 ἐπὶ
803 2878 945 2932 τέλει
969 2875 1064 2931 τοῦ
1099 2876 1215 2947 βίου
1242 2873 1434 2929 τούτου
1470 2871 1653 2945 ἡμέρᾳ
1688 2871 1964 2943 μεταλαμ-

374 2974 629 3037 ϐάνοντες
668 2972 765 3046 σὺν
811 2969 961 3041 αὑτῷ
1003 2968 1229 3042 τροφῆς,
1266 2966 1477 3020 δέονται
1520 2964 1618 3035 μὲν
1662 2958 1963 3034 καθαρσίου

373 3066 540 3131 τινὸς,
574 3065 635 3118 οὑ
689 3063 794 3136 μὴν
844 3062 971 3133 περί
996 3079 1049 3114 τι
1085 3060 1196 3115 τῶν
1239 3056 1472 3130 πρώτων
1498 3055 1593 3109 τοῦ
1621 3055 1722 3126 τῆς
1762 3054 1962 3127 ψυχῆς,

376 3158 443 3212 ἵν’
469 3155 640 3220 οὕτως
672 3154 944 3226 ὀνομάσω,
975 3151 1245 3223 σώματος,
1281 3148 1417 3212 ἀλλ’,
1459 3146 1536 3211 ὡς
1569 3145 1636 3200 ἂν
1666 3146 1811 3199 εἴποι
1856 3162 1962 3209 τις,
1991 3164 2037 3224 C

373 3249 668 3322 χρῄζουσιν
692 3243 1108 3301 ἀποπλύνασθαι
1126 3242 1195 3296 τὰ
1216 3240 1524 3303 τελευταῖα,
1548 3237 1721 3292 καὶτὰ
1737 3236 1962 3308 ἔσχατα,

376 3345 472 3398 καὶ
493 3345 561 3416 τῇ
589 3344 659 3414 γῇ
686 3338 999 3409 ἀναγκαίως
1024 3335 1332 3409 ὁμιλοῦντα·
1361 3333 1459 3388 καὶ
1485 3331 1643 3386 τοῦτο
1667 3331 1730 3384 τὸ
1761 3329 1966 3403 καθάρ-

377 3453 492 3491 σιον
517 3433 734 3506 πρῶτον
758 3433 854 3504 μὲν
883 3430 975 3484 ὑπ’
997 3428 1211 3492 οὐδενὸς
1235 3426 1269 3499 ἢ
1297 3425 1392 3479 τοῦ
1423 3421 1596 3495 Ἰησοῦ
1627 3422 1788 3494 μόνου
1814 3420 1967 3491 γενέ-

378 3529 503 3583 σθαι
524 3526 769 3589 δύναται,
786 3522 1038 3594 δεύτερον
1067 3520 1124 3574 δὲ
1138 3519 1233 3574 καὶ¹
1247 3517 1309 3571 τὸ
1322 3516 1458 3588 (78‘)
1473 3516 1578 3570 ὑπὸ
1588 3515 1697 3569 τῶν
1710 3512 1966 3586 μαθητῶν

377 3617 564 3683 αὑτοῦ,
591 3616 728 3689 πρὸς
752 3614 846 3679 οὒς
869 3611 1010 3668 εἷπε·
1047 3631 1066 3663 ι
1094 3611 1207 3665 Καὶ
1240 3610 1400 3682 ὑμεῖς
1438 3606 1684 3679 ὀφείλετε
1711 3607 1839 3671 τοὺς
1871 3606 1968 3659 πό-

376 3708 473 3770 δας
490 3705 734 3777 ἁλλήλων
752 3702 979 3757 νίπτειν
1009 3698 1315 3768 ὑπόδειγμα
1339 3697 1448 3767 γὰρ
1466 3695 1645 3749 ἔδωκα
1671 3695 1821 3765 ὑμῖν,
1856 3694 1964 3760 ἵνα,

376 3795 562 3860 καθὼς
583 3794 696 3865 ἐγὼ
731 3792 963 3863 ἐποίησα
991 3792 1140 3861 ὑμῖν,
1176 3789 1272 3843 καί
1312 3789 1469 3859 ὑμεῖς
1507 3787 1720 3857 ποιῆτε.
1752 3805 1771 3839 ι
1813 3785 1968 3839 Καὶό

377 3882 784 3953 Εὑαγγελιστής
797 3898 861 3950 γε
879 3882 938 3933 ἐν
963 3877 1174 3941 τούτοις
1201 3894 1292 3948 μοι
1312 3876 1479 3941 δοκεῖ,
1509 3875 1794 3948 διεγείρων
1809 3876 1843 3946 ἡ
1851 3874 1966 3946 μῶν

376 3975 469 4030 τὸν
491 3974 617 4030 νοῦν
638 3974 730 4028 ἐπὶ
744 3973 806 4027 τὸ
833 3971 1023 4042 νοητὸν
1046 3970 1158 4043 (79)
1177 3969 1286 4023 τῶν
1303 3969 1445 4023 κατὰ
1468 3967 1559 4022 τὸν
1579 3967 1766 4030 τόπον,
1790 3965 1865 4038 μὴ
1881 3983 1969 4020 τε-

377 4070 675 4143 τηρηκέναι
699 4068 796 4140 μὲν
823 4064 1141 4137 σωματικὴν
1173 4064 1302 4137 περ)⁴
1322 4061 1417 4117 τοῦ
1438 4060 1696 4133 νίψασθαι
1719 4060 1817 4132 τὴν
1841 4061 1969 4114 ἀκο-

377 4162 617 4227 λουθίαν,
651 4161 741 4214 ὅτε
768 4158 879 4232 (80)
910 4158 1018 4231 πρὸ
1034 4156 1128 4210 τοῦ
1151 4156 1368 4211 δείπνου
1393 4155 1488 4208 καὶ
1520 4153 1621 4225 τῆς
1645 4154 1738 4205 ὲπὶ
1770 4152 1831 4205 τὸ
1861 4152 1971 4206 δει-

380 4258 534 4311 πνεῖν
559 4252 891 4316 ἀνακλίσεως
914 4252 965 4305 οἱ
992 4250 1235 4321 δεόμενοι
1256 4247 1351 4303 τοῦ
1367 4246 1624 4318 νίψασθαι
1649 4245 1776 4309 τοὺς
1802 4243 1969 4308 πόδας

380 4349 678 4402 νίπτονταν
728 4344 974 4419 ὑπερϐὰς
1011 4343 1070 4398 δὲ
1105 4343 1197 4397 τὸν
1229 4341 1421 4415 καιρὸν
1453 4343 1658 4396 ἐκεῖνον
1700 4338 1778 4412 τῷ
1799 4339 1966 4410 λόγῳ,

380 4442 482 4514 ἠδη
508 4440 866 4495 ἀνακλιθέντα
894 4439 988 4494 τὸν
1030 4437 1236 4511 Ἰησοῦν
1258 4438 1353 4491 ἐπὶ
1375 4436 1437 4490 τὸ
1467 4435 1704 4489 δειπνεῖν
1731 4434 1968 4506 ἐγηγερ-

382 4533 536 4588 κέναι
579 4533 645 4586 ὲκ
690 4531 786 4585 τοῦ
813 4531 1054 4595 δείπνου,
1080 4530 1167 4585 ἴνα
1200 4526 1606 4599 δειπνησάντων
1640 4523 1874 4598 ἄρξηται
1894 4525 1974 4579 νί-

2049 567 2134 611 set
2180 556 2234 611 in
2286 570 2385 611 cor
2410 554 2565 609 Judte
2625 552 2869 608 Simonis
2915 553 3214 618 lscariotaa,
3269 559 3328 607 ut
3380 553 3640 621 proderet

2049 665 2194 715 eum,
2256 649 2439 705 sciens
2483 645 2644 704 Jesus
2684 647 2869 703 omnia
2916 647 3129 703 dedisse
3160 645 3262 702 sibi
3314 644 3532 700 Patrem
3578 643 3639 697 in

2052 755 2263 807 manus,
2288 752 2458 810 seque
2491 756 2521 795 a
2557 740 2666 795 Deo
2696 739 2894 802 exisse,
2924 748 2980 794 et
3011 739 3078 793 ad
3107 738 3275 792 Deum
3311 738 3485 802 abire,
3517 750 3639 791 sur—

2050 830 2126 899 git
2154 846 2182 884 a
2208 845 2385 896 caena,
2422 841 2477 886 et
2506 830 2658 900 ponit
2684 830 3043 893 vestimenta;
3072 842 3309 897 cumque
3333 827 3641 894 accepisset

2053 922 2301 986 linteum,
2330 923 2619 993 przecinxit
2667 937 2765 978 se:
2796 921 2992 977 deinde
3020 921 3173 976 misit
3215 936 3411 988 aquam
3447 919 3501 973 in
3531 919 3643 988 pel-

2055 1018 2184 1080 vim,
2216 1027 2273 1071 et
2299 1017 2466 1088 cmpit
2490 1020 2676 1071 lavare
2704 1016 2874 1086 pedes
2895 1014 3313 1083 discipulorum,
3355 1023 3412 1068 et
3458 1023 3643 1067 exter-

2052 1124 2180 1179 gere
2216 1108 2385 1163 linteo
2432 1123 2539 1178 quo
2579 1107 2902 1177 praecinctus
2933 1115 3053 1161 erat
3076 1105 3143 1160 ‘°.
3210 1124 3231 1157 ι
3290 1104 3348 1159 In
3400 1103 3643 1159 homiliis

2055 1215 2188 1270 quas
2216 1199 2269 1255 in
2302 1199 2503 1255 Lucam
2528 1199 2819 1264 edidimus,
2845 1198 3123 1268 parabolis
3147 1198 3288 1252 inter
3311 1212 3370 1252 se
3403 1196 3640 1259 collatis,

2057 1294 2441 1365 inquisivintus
2465 1292 2593 1360 quid
2624 1291 2678 1345 in
2724 1293 2926 1348 divinis
2958 1290 3261 1361 Scripturis
3309 1291 3644 1360 signiﬁcaret

2056 1388 2369 1457 prandium,
2399 1386 2638 1455 quidque
2670 1402 2861 1442 rursus
2884 1387 2937 1441 in
2975 1387 3064 1441 his
3104 1384 3437 1456 signiﬁcaret
3460 1397 3641 1440 ctena.

2055 1476 2216 1549 ωδ
2257 1476 2478 1531 Dicatur
2500 1491 2632 1543 ergo
2677 1477 2839 1531 etiam
2870 1490 3014 1530 nunc
3062 1476 3207 1544 quod
3237 1474 3525 1546 prandium
3567 1475 3645 1530 sit

2060 1569 2148 1625 ille
2177 1569 2385 1639 primus
2430 1569 2585 1624 cibus
2627 1568 2719 1639 qui
2771 1569 2840 1624 iis
2867 1570 2958 1638 qui
2988 1568 3414 1623 inlroducuntur
3444 1581 3645 1625 conve-

2061 1660 2160 1722 nit.
2191 1669 2354 1730 atque
2382 1662 2546 1715 etiam
2583 1671 2876 1730 antequam
2922 1661 3145 1715 ﬁniatur
3180 1661 3298 1716 dies
3342 1661 3645 1729 spiritualis

2060 1752 2152 1820 qui
2198 1753 2303 1806 hac
2351 1753 2460 1806 vita
2507 1752 2776 1821 obtingit;
2814 1764 3026 1807 cauam
3069 1767 3199 1806 vero
3231 1767 3353 1807 esse
3394 1751 3643 1807 ultimum

2067 1841 2215 1895 illum
2267 1842 2449 1896 cibum
2499 1843 2590 1912 qui
2648 1842 3050 1898 rationabiliter
3098 1843 3393 1913 apponitur
3429 1844 3513 1898 his
3549 1844 3643 1911 qui

2064 1931 2185 2002 plus
2239 1931 2611 2002 profecerunt.
2665 1933 2778 1987 Nisi
2831 1934 2976 1987 dicat
3020 1934 3186 1987 etiam
3248 1933 3445 2005 aliquis
3477 1948 3644 2004 pran-

2064 2022 2204 2076 dium
2222 2036 2341 2078 esse
2360 2022 2771 2092 intelligentiam
2791 2034 3033 2076 veterum
3062 2022 3491 2091 Scripturarum,
3525 2035 3644 2076 cte-

2065 2130 2190 2168 nam
2239 2129 2369 2169 vero
2404 2113 2662 2184 mysteria
2695 2128 2814 2182 quae
2843 2113 2897 2167 in
2934 2112 3085 2167 Novo
3113 2111 3466 2167 Testamento
3516 2119 3646 2166 sunt

2066 2204 2366 2259 recondita.
2395 2204 2521 2259 Haec
2546 2213 2730 2258 autem
2760 2204 2813 2257 in
2843 2202 3114 2273 prowmio
3141 2203 3286 2258 dicta
3323 2203 3458 2257 mihi
3490 2200 3648 2257 fuere

2063 2294 2373 2364 exquirenti
2422 2295 2698 2364 quomodo
2751 2292 2896 2348 facta
2942 2308 3097 2348 coma
3146 2293 3319 2361 surgit
3360 2290 3540 2356 Jesus,
3592 2300 3649 2345 et

2065 2387 2233 2440 missa
2263 2400 2406 2456 aqua
2451 2385 2502 2439 iu
2549 2384 2747 2454 pelvim
2794 2383 2962 2454 cmpit
2993 2384 3179 2437 lavare
3208 2383 3374 2453 pedes
3400 2381 3648 2451 discipu-

2064 2479 2266 2535 lorum.
2323 2479 2582 2535 Arbitror
2629 2479 2777 2534 enim
2830 2492 2933 2548 ego
2968 2492 3064 2533 eos
3094 2476 3187 2547 qui
3223 2492 3346 2531 cum
3378 2473 3508 2531 Jesu
3535 2489 3649 2531 cos-

2066 2585 2219 2639 nant,
2251 2573 2432 2629 cibum
2462 2589 2587 2627 cum
2627 2573 2744 2642 ipso
2789 2572 3156 2643 percipientes
3193 2571 3245 2624 in
3276 2569 3469 2625 ultimo
3492 2569 3651 2638 hujus

2063 2667 2190 2722 vitae
2226 2669 2314 2722 die
2338 2707 2355 2734 ,
2396 2664 2777 2737 puriﬁcatione
2808 2665 3030 2735 quidem
3067 2663 3250 2735 aliqua
3294 2677 3431 2734 opus
3481 2663 3652 2719 habe-

2066 2775 2163 2828 re;
2201 2774 2325 2814 cum
2357 2771 2534 2813 tamen
2573 2772 2679 2813 non
2712 2772 2849 2828 opus
2896 2757 3132 2812 habeant
3192 2766 3253 2812 nt
3289 2757 3489 2831 prima;
3520 2770 3651 2826 par-

2070 2860 2152 2907 tes
2185 2851 2432 2922 corporis
2479 2851 2695 2915 animze,
2747 2857 2807 2903 ut
2836 2850 2912 2904 ita
2963 2849 3178 2919 loquar,
3213 2849 3428 2904 illorum
3458 2848 3650 2904 laven-

2068 2952 2200 3009 tur;
2245 2942 2361 3006 sed,
2409 2949 2470 2996 ut
2524 2941 2724 3009 aliquis
2749 2940 2977 3009 diceret,
3030 2941 3121 2995 illa
3153 2939 3260 2995 illis
3295 2949 3507 2994 tantum
3568 2938 3650 2994 la-

2070 3034 2248 3087 vanda
2274 3033 2389 3089 sint
2427 3048 2550 3103 qua:
2581 3041 2707 3088 sunt
2737 3031 2927 3086 ultima
2958 3039 3013 3086 et
3040 3042 3312 3096 extrema,
3346 3040 3401 3085 et
3435 3044 3557 3099 qua:
3593 3028 3653 3085 in

2073 3133 2217 3179 terra
2247 3123 2558 3179 necessario
2577 3131 2903 3187 versantur;
2936 3121 3183 3191 hancque
3212 3122 3651 3191 puriﬁcationem

2071 3215 2307 3287 primum
2343 3215 2564 3284 quidem
2600 3230 2632 3269 a
2677 3213 2827 3268 nullo
2875 3224 3243 3284 prmterqnam
3297 3230 3326 3268 a
3358 3214 3475 3269 solo
3516 3211 3651 3270 Iesu

2070 3308 2187 3362 ﬁeri
2238 3321 2440 3379 posse;
2499 3307 2696 3361 deinde
2745 3321 2877 3362 vero
2910 3306 3078 3361 etiam
3118 3321 3147 3358 a
3196 3304 3482 3374 discipulis
3511 3305 3647 3373 suis,

2069 3397 2267 3469 quibus
2295 3399 2433 3453 dixit
2465 3414 2479 3452 :
2522 3415 2541 3449 ι
2575 3397 2796 3452 Debetis
2819 3409 2870 3452 et
2906 3411 3003 3451 vos
3036 3404 3222 3449 mutuo
3244 3395 3430 3450 lavare
3446 3384 3648 3473 pedes:

2067 3490 2379 3561 exemplum
2413 3490 2559 3547 enim
2597 3489 2721 3544 dedi
2750 3488 2928 3554 vobis,
2970 3496 3032 3542 ut
3059 3487 3524 3558 quemadmodum
3547 3502 3652 3558 ego

2069 3581 2174 3638 feci
2198 3581 2374 3648 vobis,
2403 3581 2481 3637 sic
2506 3591 2563 3635 et
2594 3594 2690 3635 vos
2720 3578 2936 3634 faciatis
2964 3578 3033 3632 ²⁹.
3091 3597 3110 3629 ι
3143 3577 3285 3645 Quin
3313 3575 3653 3648 evangelista

2068 3677 2232 3732 etiam
2284 3675 2504 3730 videtur
2539 3672 2700 3741 mihi,
2747 3671 2996 3727 excitans
3023 3682 3258 3726 mentem
3285 3678 3531 3724 nostram
3583 3669 3652 3724 ad

2072 3766 2488 3838 intelligentiam
2530 3765 2866 3835 spiritualem
2900 3763 3310 3835 przesentisloci
3329 3778 3434 3817 non
3461 3762 3655 3817 obser-

2070 3874 2228 3914 vasse
2278 3859 2382 3913 hoc
2411 3857 2468 3911 in
2502 3856 2621 3912 loco
2669 3856 3017 3927 corporalem
3055 3856 3269 3911 lavandi
3308 3868 3651 3924 consequen-

2071 3948 2203 4003 tiam
2233 3957 2290 4005 et
2318 3946 2566 4002 ordinem
2595 3962 2612 4011 ;
2664 3944 3107 4017 quandoquidem
3135 3944 3227 4014 qui
3276 3958 3413 4013 opus
3445 3944 3653 3999 habent

2070 4039 2271 4105 lavari,
2325 4049 2453 4094 ante
2483 4053 2718 4104 coenam,
2751 4046 2987 4107 anteque
3013 4050 3183 4092 cana:
3213 4038 3518 4092 accubitum
3552 4049 3653 4106 pe-

2071 4133 2167 4187 des
2196 4132 2419 4198 lavent;
2449 4131 2542 4187 sed
2573 4130 2625 4185 id
2670 4129 2931 4198 temporis
2955 4144 3077 4184 cum
3114 4143 3369 4184 sermone
3396 4143 3655 4183 consum-

2068 4227 2293 4298 psisset,
2332 4223 2622 4295 scripsisse
2649 4221 2858 4287 Jesum,
2894 4223 2985 4292 qui
3033 4222 3145 4293 jam
3176 4223 3508 4278 accubuerat
3537 4235 3655 4279 c03-

2072 4318 2240 4375 nandi
2268 4331 2460 4382 causa,
2488 4330 2519 4370 a
2549 4331 2709 4372 omna
2750 4316 3083 4380 surrexisse,
3131 4323 3191 4369 ut
3237 4315 3652 4386 discipulorum,

2070 4412 2164 4482 qui
2195 4410 2309 4478 jam
2341 4417 2650 4475 caanarant,
2693 4406 2953 4478 Magister
3008 4414 3064 4461 et
3097 4404 3358 4461 Dominus
3385 4405 3656 4476 inciperet

2080 4505 2245 4577 pedes
2273 4504 2494 4567 lavare;
2551 4516 2789 4573 namque
2834 4511 2961 4557 ante
3004 4515 3220 4557 coenant
3255 4498 3351 4554 loti
3383 4507 3563 4564 erant,
3598 4507 3656 4553 et

382 4639 539 4677 πτειν
569 4622 696 4685 τοὺς
737 4620 906 4685 πόδας
935 4591 1049 4673 τῶν
1094 4617 1351 4690 μαθητῶν
1441 4591 1780 4676 Διδάσκαλος.
1800 4611 1895 4665 καὶ
1938 4613 1964 4665 ό

2076 4600 2203 4656 facti
2249 4600 2434 4657 mundi
2463 4597 2582 4663 toti,
2614 4603 2836 4666 propter
2861 4594 2990 4649 illud
3023 4610 3038 4648 :
3081 4610 3100 4645 ι
3130 4591 3437 4656 Lavamini,
3465 4591 3653 4646 mundi

383 4714 589 4787 Κύριος
611 4681 744 4784 (8l)'
784 4681 900 4784 πρὸ.
921 4712 1018 4783 μὲν
1036 4681 1146 4783 γάρ
1172 4681 1265 4763 τοῦ
1293 4708 1509 4762 δείπνου
1536 4701 1678 4778 ἦσαν
1708 4702 1964 4773 λελουμέ-

2073 4702 2271 4758 estote,
2311 4690 2523 4747 auferte
2566 4688 2700 4742 vitia
2757 4683 2826 4740 ab
2857 4683 3149 4739 animabus
3195 4681 3415 4744 vestris,
3461 4694 3650 4735 coram

382 4771 490 4870 Wt:
511 4771 603 4861 καὶ
617 4771 904 4876 γενόμενοι
921 4771 1035 4857 δλοι
1048 4771 1317 4874 ’καθαρομ
1346 4800 1490 4854 κατὰ
1510 4771 1591 4851 τό·
1628 4815 1647 4849 t
1666 4771 1964 4861 Λούσασθε,

2068 4785 2244 4843 oculis
2286 4783 2490 4839 vestris
2520 4780 2589 4845 ³⁸,
2627 4799 2647 4833 ι
2677 4786 2734 4834 et
2775 4792 2896 4847 qum
2929 4782 3275 4845 sequuntur;
3325 4781 3448 4843 post
3505 4771 3651 4841 quod

384 4863 616 4968 καθαροὶ
636 4863 892 4963 γένεσθε,
919 4893 1148 4963 ἀφέλετε
1180 4863 1280 4956 τας
1312 4891 1575 4963 πονηρίας
1606 4888 1716 4943 ἀπὸ
1741 4887 1851 4941 τῶν
1872 4887 1964 4958 ψυ-

2070 4879 2347 4934 lavacrum
2383 4874 2617 4931 secunda
2633 4871 2797 4926 etiam
2836 4883 2975 4938 aqua
3020 4867 3257 4935 egebant
3287 4864 3355 4919 ad
3384 4863 3527 4919 solos
3558 4877 3656 4932 pe-

386 4988 498 5061 χῶν
717 4954 1004 5038 κατέναντι
1040 4982 1150 5036 τῶν
1178 4954 1474 5053 ὀφθαλμῶν
1499 4977 1674 5050 ὑμῶν,
1713 4996 1733 5028 ι
1767 4976 1865 5030 καὶ
1888 4954 1964 5027 γτὰ

2076 4973 2197 5034 des,
2223 4971 2326 5025 hoc
2362 4977 2448 5024 est
2492 4964 2559 5021 ad
2582 4980 2676 5020 eas
2706 4961 2854 5018 solas
2886 4960 3133 5029 corporis
3168 4968 3351 5027 partes
3382 4970 3502 5026 qua:
3526 4954 3652 5009 inﬁ-

387 5048 536 5155 ἒξῆς·
569 5048 724 5155 ’μετὰ
765 5080 822 5135 δὲ
843 5080 906 5134 τὸ
928 5078 1149 5149 λουτρὸν
1174 5048 1372 5130 ἐκεῖνον
1398 5048 1696 5139 ἐδεήθησαν
1719 5067 1964 5140 δευτέρου

2074 5078 2177 5119 mae
2211 5073 2358 5119 sunt.
2390 5061 2525 5115 Nam
2576 5057 2691 5114 ﬁeri
2721 5069 2827 5111 non
2883 5065 3044 5124 posse
3078 5051 3338 5111 arbitror,
3379 5057 3442 5103 ut
3470 5048 3650 5104 anima

1972 5226 2019 5259 "
2042 5226 2147 5282 lsa.
2182 5237 2225 5285 ι,
2264 5218 2350 5274 16.

2143 5338 2280 5409 (78‘)
2306 5332 2800 5409 iFortejegendum
2830 5330 2903 5385 sit
2929 5329 3049 5409 sine
3075 5323 3459 5409 hoc_articulo.
3490 5321 3648 5376 Eutr.

2143 5395 2464 5480 (‘79)ICodex
2479 5395 2839 5480 _Re‘gius,_':bv
2864 5399 3072 5480 νοητόν,
3102 5395 3262 5480 male.

1290 5469 1301 5472 '
1315 5469 1567 5569 ρδίανζ
1576 5486 1691 5569 Eva
1724 5480 1964 5569 ’,παραδῷ

2143 5469 2257 5569 is???
2292 5480 2466 5569 ἵετε,
2476 5476 2574 5569 δεῖ
2582 5469 2739 5569 ‘11???
2748 5490 2775 5523 υ
2784 5490 2840 5569 '1'.
2849 5474 3093 5569 ηιξλειεξι
3102 5469 3204 5569 διες
3240 5532 3320 5569 ιη

393 5532 576 5622 acts?
594 5532 795 5628 νῑξῑέεῖς
808 5532 1697 5683 'iz;;;."~’n;§§s1‘§;etas;
1722 5532 1964 5620 διέῖῖείεξ

467 5636 576 5683 (Tn
604 5638 746 5683 Idem
773 5637 943 5683 codex
983 5633 1207 5683 Regius.
1302 5630 1491 5683 λήλας.
1521 5627 1683 5680 male.

2139 5532 2252 5623 (Si),
2291 5547 2474 5602 Codex
2532 5544 2749 5610 Regius,
2792 5541 2971 5600 male,
3005 5536 3100 5590 καὶ
3141 5534 3201 5588 ὃν
3238 5532 3464 5616 Κύριος.
3503 5532 3653 5598 (Ιιαεε

2067 5621 2204 5683 Reg.
2232 5621 2355 5674 cod.
2401 5616 2670 5683 scriptura
2717 5618 2909 5683 potest_
2949 5621 3095 5683 esse,
3151 5607 3420 5683 Ιονιεεέιιιει
3468 5617 3653 5683 (ξος-ςτ-

491 5617 576 5705 ἧἹ)
604 5617 746 5689 idem
773 5617 943 5689 codex
972 5617 1207 5705 Regius.
1235 5617 1491 5705 gnarae;
1521 5617 1693 5705 male};
1759 5696 1772 5705 _
1799 5617 1820 5705 ς
2067 5617 2204 5701 Reg.
2232 5617 2355 5674 cod.
2401 5617 2670 5705 scriptura
2717 5618 2916 5705 potest;
2948 5617 3591 5705 ξεξξὶυὲιξνιξεέιιιειυξὶοιέ

605 5671 1021 5776 ’ἦν
1031 5671 1302 5766 ιὲαιὶυτοῖς
1334 5671 1491 5776 ἧδηΐ
1508 5707 1612 5751 etc.
1640 5696 1731 5776 Sic
1759 5695 1964 5776 hiatum

2067 5671 2258 5746 ctione
2273 5671 2852 5776 af:lmut§.t50tte,'pt:o,
2888 5678 2916 5728 ὁ
2933 5671 3377 5776 ξιδβῆαλκὶῶν
3416 5676 3513 5727 καὶ
3541 5673 3655 5724 Κύ-

2068 5744 2204 5834 ριος,
2238 5768 2292 5815 et
2317 5759 2440 5815 ideo
2469 5755 2647 5811 minus
2676 5744 3092 5807 coiitcntncnda.
3120 5744 3303 5812 Ebur.)

500 5240 547 5271 ³⁸
573 5239 731 5295 Joan.
760 5250 883 5302 xm,
916 5235 954 5290 2
977 5250 1096 5304 seq.
1235 5233 1280 5263 ’9
1312 5229 1470 5286 Joan.
1505 5244 1626 5292 xm,
1658 5226 1748 5291 14,
1778 5225 1866 5280 l5.

463 5356 601 5423 (75‘)
659 5350 1153 5423 Feroyérov._lta
1199 5347 1538 5423 correximus
1577 5344 1667 5400 hic
1716 5352 1773 5398 et
1821 5341 1966 5397 infra

393 5418 839 5498 quodlegebatur
869 5420 1174 5498 γινομένου.
1205 5418 1366 5498 Eutr.

392 5764 485 5857 qui
526 5764 579 5829 in
616 5778 803 5833 codice
836 5774 1004 5845 ltegio
1029 5764 1312 5841 comparet
1361 5764 1534 5839 replet
1588 5768 1758 5822 codex
1821 5764 1962 5819 Bod-

393 5859 622 5903 tetanus.
