4182 6390
552 355 660 411 7‘5

2006 341 2329 399 ORlGENlS

3705 355 3811 414 7M

541 474 678 531 nihil
725 470 968 527 sordium
1020 472 1338 533 contrahat,
1373 483 1441 523 ne
1492 467 1544 522 in
1591 464 1855 523 extremis
1905 464 2117 534 quidem

2230 465 2421 529 ὓδατος
2446 467 2527 529 είς
2557 466 2754 538 μόνους
2776 468 2903 532 τοὺς
2931 468 3116 532 πόδας,
3137 468 3386 525 τουτέστι
3413 468 3482 523 τὰ
3509 472 3812 528 κατωτάτω

537 568 810 638 partibus,
843 573 896 619 et
935 579 1055 634 qua:
1085 563 1285 617 inﬁmae
1312 571 1461 627 sunt,
1495 560 1710 616 etiamsi
1734 560 1914 629 quoad
1945 557 2123 614 homi-

542 674 637 712 nes
672 656 942 726 perlectus
978 655 1102 723 quis
1127 668 1250 708 esse
1285 653 1552 707 videatur.
1587 651 1768 722 Atque
1802 650 1955 705 multi
1990 650 2119 720 qui--

541 750 662 803 dem
692 750 854 801 etiam
880 757 1001 816 post
1028 746 1361 815 baptismum
1382 754 1744 821 peccatorum
1771 743 1995 814 pulvere
2024 759 2120 797 ca-

539 850 637 911 put
669 840 901 910 replent,
926 843 1008 893 vel
1044 855 1107 894 ea
1153 855 1272 907 qua:
1311 838 1476 911 ωε
1502 840 1604 892 hoc
1641 846 1764 891 sunt
1794 837 1953 905 paulo
1983 836 2122 892 infe-

512 935 686 987 ‘riora
714 951 728 995 ;
770 934 858 1003 qui
892 948 1022 986 vero
1071 947 1330 1001 germane
1356 932 1525 1001 ipsius
1554 929 1682 985 Jesu
1716 930 1969 1000 discipuli
2000 929 2119 986 fue-

543 1026 673 1088 rint,
724 1026 860 1079 adeo
891 1034 949 1078 ut
978 1039 1043 1077 eo
1077 1024 1404 1092 perveniam
1438 1032 1496 1077 ut
1541 1023 1708 1076 etiam
1740 1037 1863 1077 cum
1909 1035 1976 1075 eo
2003 1021 2121 1089 ipso

538 1127 777 1180 cmuent,
803 1116 948 1171 solos
980 1116 1147 1185 pedes
1185 1115 1407 1177 habent,
1444 1115 1537 1182 qui
1586 1122 1781 1184 egeant
1813 1112 1979 1167 lavari
2006 1112 2118 1167 ἀπὸ

539 1210 632 1264 τοῦ
663 1209 835 1276 Λόγου
888 1207 1015 1280 [hoc
1048 1216 1129 1262 est
1165 1224 1193 1260 a
1224 1206 1358 1260 Filio
1390 1205 1481 1258 Dei
1512 1215 1565 1258 et
1596 1203 1853 1276 ratione].
1880 1203 1947 1257 Et
1971 1214 2121 1260 certe

538 1300 630 1368 qui
663 1299 810 1353 videt
836 1299 1181 1352 diversitates
1228 1303 1605 1364 peccatorum,
1651 1295 1860 1365 quique
1894 1306 2119 1365 peccata

540 1390 853 1445 considerat
902 1398 1162 1456 quantum
1201 1388 1268 1442 ad
1317 1398 1630 1442 accuratam
1682 1394 1737 1440 et
1779 1397 2117 1442 constantem

540 1483 806 1535 rationem
843 1484 985 1551 (quae
1020 1494 1115 1532 nec
1150 1487 1368 1548 peccata
1407 1477 1800 1531 existimantur
1822 1492 1943 1532 esse
1972 1478 2114 1548 apud

540 1569 786 1642 multos),
829 1571 874 1624 is
906 1572 1124 1624 visurus
1148 1580 1230 1624 est
1252 1585 1500 1639 quamam
1523 1570 1631 1623 sint
1647 1569 1733 1624 il’la
1758 1571 1828 1626 ob
1843 1586 1965 1640 qua:
1983 1587 2120 1642 Oplls

540 1664 775 1718 habeant
791 1661 954 1732 pedes
977 1662 1138 1715 lavari
1159 1676 1186 1714 a
1204 1660 1353 1716 Jesu.
1374 1662 1469 1715 Sin
1488 1676 1617 1716 vero
1635 1661 1763 1716 talia
1782 1672 1905 1718 sunt
1922 1664 2116 1731 pedum

537 1756 965 1823 inquinamenta,
995 1755 1122 1824 quid
1150 1754 1344 1809 facturi
1372 1770 1566 1810 sumus
1594 1769 1690 1810 nos
1711 1755 1803 1824 qui
1835 1771 2114 1826 nunquam

536 1846 602 1898 ad
640 1847 966 1901 cmnandum
998 1860 1120 1899 cum
1152 1845 1282 1899 Jesu
1334 1846 1701 1915 pervenimus,
1756 1846 1959 1915 quique
2009 1862 2115 1901 nou

536 1935 941 2004 pedes.tantum
997 1934 1257 1988 habemus
1308 1934 1668 2002 inquinatos?
1722 1936 1941 1991 dicente
1986 1934 2117 1992 Jesu

534 2023 697 2079 Petro
722 2036 832 2079 tum
867 2025 1157 2091 nescienti,
1177 2026 1270 2080 sed
1294 2028 1549 2097 agnitum
1574 2036 1761 2097 postea
1795 2028 2116 2098 mysterium

534 2117 824 2171 lavationis
849 2116 1046 2187 pedum
1078 2118 1170 2187 qui
1205 2133 1233 2170 a
1265 2115 1392 2173 Jesu
1427 2119 1761 2174 mundantur
1795 2138 1853 2175 ει
1884 2119 1999 2174 Nisi
2031 2118 2115 2172 la-

533 2225 665 2265 vero
692 2219 762 2274 te,
784 2225 888 2264 non
922 2208 1148 2263 habebis
1174 2217 1382 2275 partem
1407 2221 1617 2263 mecum
1639 2210 1717 2271 ἰς
1748 2229 1766 2261 ι
1792 2211 1932 2280 quod
1956 2225 2117 2279 quem

533 2315 754 2355 sensum
801 2300 1000 2353 habeat
1033 2300 1315 2369 iuquires;
1365 2309 1623 2354 utrumne
1655 2301 1801 2355 hunc
1835 2319 1851 2356 :
1885 2301 2000 2356 Nisi
2032 2301 2115 2356 la-

532 2407 664 2447 vero
696 2402 750 2448 te
772 2433 787 2459 ,
844 2393 1043 2446 nullam
1083 2393 1311 2446 omnino
1349 2393 1544 2446 bonam
1575 2402 1788 2462 partem
1823 2393 2116 2449 habiturus

532 2501 632 2552 es;
682 2501 750 2539 an
786 2484 949 2539 illum
982 2501 998 2539 :
1029 2483 1108 2539 Ne
1138 2499 1349 2539 mecum
1381 2485 1602 2554 quidem
1656 2496 1992 2556 praeceptore
2050 2501 2116 2542 ac

534 2577 767 2633 Domino
818 2578 1105 2633 habiturus
1155 2591 1214 2631 es
1260 2589 1495 2644 partem,
1547 2578 1648 2632 nisi
1684 2587 1736 2632 te
1767 2578 1975 2644 lavero,
2017 2579 2114 2635 sed

532 2685 658 2727 cum
691 2669 1186 2733 meinl'erioribus,
1221 2669 1366 2722 inter
1401 2684 1540 2739 quos
1587 2678 1716 2724 sunt
1762 2670 1799 2723 ii
1852 2672 1943 2739 qui
1992 2680 2116 2739 post

532 2762 862 2832 baptismum
901 2777 1001 2816 nec
1049 2769 1344 2814 emanarunt
1388 2776 1622 2828 mecum,
1666 2777 1766 2817 nec
1819 2766 1982 2833 pedes
2014 2764 2114 2817 ha-

532 2855 769 2909 buerunt
791 2868 821 2907 a
856 2868 942 2907 me
971 2852 1148 2920 lotos;
1188 2851 1272 2908 vel
1303 2853 1350 2907 si
1394 2864 1705 2917 cmnarunt,
1738 2870 1767 2907 a
1802 2870 1891 2909 me
1931 2865 2111 2910 tamen

534 2945 630 3000 loti
689 2962 794 3000 non
833 2944 1075 3002 fuerunt.
1126 2942 1259 2998 Illud
1313 2954 1497 2999 autem
1548 2953 1680 2999 noto
1724 2956 1947 3016 prepter
1996 2945 2113 3001 haec

530 3039 697 3092 verba
725 3051 740 3089 :
777 3054 796 3087 ι
838 3036 978 3092 Ecce
1023 3053 1124 3109 ego
1152 3048 1238 3094 sto
1267 3041 1334 3094 ad
1366 3040 1563 3093 ostium
1607 3048 1661 3092 et
1686 3037 1880 3108 pulso:
1914 3040 1958 3094 si
1991 3040 2113 3107 quis

2224 555 2317 609 τοῦ
2366 557 2633 628 σώματος·
2679 559 2937 614 ἀδύνατον
2976 560 3084 632 γὰρ
3111 556 3263 631 οἴμαι
3295 561 3462 632 μηδὲν
3488 563 3815 635 ῥυπωθῆναι

2221 645 2321 715 τῆς
2351 644 2549 717 ψυχῆς,
2569 647 2706 719 μηδέ
2732 648 2801 702 τὰ
2826 648 3132 711 τελευταῖα,
3167 648 3260 701 καὶ
3287 647 3355 701 τά
3384 648 3684 703 κατωτάτω
3707 650 3811 704 αύ-

2222 738 2340 807 τῆς,
2376 738 2480 792 κᾶν
2507 739 2585 803 ὡς
2610 740 2668 793 ἐν
2699 740 3008 811 ἀνθρώποις
3048 740 3253 804 τέλειός
3281 757 3367 803 τις
3396 735 3534 794 εἶναι
3565 740 3719 813 δοκῇ.
3742 740 3811 796 Οἱ

2226 830 2323 899 μὲν
2358 826 2452 883 οὖν
2495 831 2679 886 πολλοὶ
2730 833 2824 887 καὶ
2880 832 3015 904 μετὰ
3048 833 3109 886 τὸ
3133 831 3354 904 λουτρὸν
3386 834 3665 904 κονιορτοῦ
3698 835 3810 889 τῶν

2220 924 2631 996 ἁμαρτημάτων
2647 924 2976 996 πληροῦνται
3000 926 3092 978 καὶ
3111 925 3211 997 τὴν
3230 925 3492 998 κεφαλὴν,
3510 926 3542 998 ἢ
3566 924 3635 979 τὰ
3652 925 3810 994 ὀλίγα

2222 1012 2307 1083 (81
2320 1013 2357 1083 ⁸)
2376 1014 2580 1086 ταύτης
2592 1015 2904 1087 κατωτέρωο
2923 1016 2971 1068 οἱ
2987 1014 3044 1069 δέ
3064 1015 3301 1084 γνησίως
3320 1015 3397 1086 τῷ
3431 1014 3607 1087 Ἰησοῦ
3636 1014 3810 1086 μαθη-

2220 1105 2488 1174 τεύοντες,
2540 1107 2616 1171 ὡς
2664 1107 2867 1178 φθάσαι
2914 1108 3010 1162 καλ⁸
3038 1107 3132 1160 ἐπὶ
3167 1106 3601 1162 τδσυνδειπνεῖν
3633 1106 3805 1178 αὐτῷ,

2225 1201 2416 1272 μόνους
2434 1201 2559 1266 τοὺς
2592 1201 2757 1266 πόδας
2780 1201 3065 1271 δεομένους
3087 1200 3269 1272 ἔχουσι
3314 1201 3413 1272 τῆς
3444 1200 3553 1254 ἀπὸ
3573 1199 3670 1253 τοῦ
3699 1199 3807 1254 Λό-

2220 1310 2318 1362 γου
2348 1292 2564 1362 νίψεως.
2602 1293 2835 1365 Ἐνορῶν
2862 1294 2919 1347 δὲ
2943 1293 3225 1366 διαφοραῖς
3252 1292 3689 1364 ἁμαρτημάτων,
3713 1293 3810 1347 καὶ

2221 1384 2499 1438 κατανοῶν
2528 1382 2615 1446 τὰ,
2640 1383 2716 1447 ὡς
2751 1385 2849 1455 μὲν
2893 1382 3031 1453 πρὸς
3060 1382 3121 1437 τὺ
3147 1384 3373 1455 ἀκριϐὲς
3415 1384 3510 1437 καὶ
3546 1384 3608 1439 τὸ
3632 1384 3809 1455 Eppu-

2224 1478 2381 1549 μένον
2410 1477 2504 1531 τοῦ
2539 1477 2718 1546 λόγου,
2752 1477 3143 1549 ἁμαρτήματα,
3173 1476 3310 1549 πρὸς
3333 1475 3391 1529 δὲ
3419 1477 3547 1539 τοὺς
3577 1474 3807 1539 πολλοὺς

2218 1572 2339 1625 οὐδὲ
2370 1570 2700 1642 νομιζόμενα
2752 1569 2864 1641 (82)
2892 1565 3031 1623 εἶναι
3075 1570 3472 1641 ἁμαρτήματα,
3528 1566 3647 1637 ὄψει
3682 1566 3806 1622 τίνα

2220 1665 2388 1727 ἐστὶν,
2421 1665 2507 1733 ἐφ’
2536 1658 2618 1727 οἷς
2654 1663 2865 1731 δέονται
2887 1663 2938 1717 οἱ
2979 1662 3136 1725 πόδες
3167 1660 3262 1716 τοῦ
3292 1659 3546 1731 νίψασθαι
3569 1658 3678 1712 ἀπὸ
3707 1658 3804 1712 τοῦ

2235 1757 2428 1829 Ἰησοῦ.
2462 1757 2573 1810 Καὶ
2601 1755 2763 1827 εἴπερ
2789 1755 3013 1810 τοιαῦτά
3040 1756 3156 1808 ἐστι
3197 1754 3267 1808 τὰ
3294 1754 3437 1809 κατά
3460 1754 3588 1816 τοὺς
3634 1751 3805 1815 πόδας

2225 1846 2565 1918 μολύσματα,
2616 1845 2670 1898 τί
2698 1845 2997 1917 ποιήσομεν
3026 1845 3076 1897 oi
3111 1842 3378 1915 μηδέποτε
3428 1841 3522 1895 ἐπὶ
3549 1840 3614 1894 τὸ
3664 1838 3806 1911 μετά

2219 1938 2313 1992 τοῦ
2349 1937 2522 2008 Ἰησοῦ
2563 1938 2779 1992 δεῖπνον
2817 1935 3137 2006 ἐφθακότες,
3175 1933 3309 2006 μηδέ
3346 1934 3473 1997 τοὺς
3501 1931 3666 1997 πόδας
3708 1930 3806 2003 μό-

2220 2045 2342 2091 νους
2396 2027 2824 2100 μεμολυσμένοι,
2864 2026 3116 2095 λέγοντος
3176 2022 3351 2094 Ἰησοῦ
3393 2022 3473 2093 τῷ
3521 2022 3596 2093 μὴ
3640 2019 3806 2074 είδότι

2216 2120 2339 2173 τότε
2361 2120 2573 2191 Πέτρῳ,
2604 2118 2740 2172 ἀλλά
2764 2117 3091 2188 γνωσομένῳ
3127 2115 3265 2188 μετὰ
3291 2114 3468 2170 ταῦτα
3495 2113 3554 2167 τὸ
3592 2113 3803 2185 μυστή-

2221 2230 2334 2284 ριον
2362 2212 2462 2282 τῆς
2481 2212 2677 2282 νίψεως
2696 2211 2804 2266 τῶν
2824 2209 2929 2265 ὑπὸ
2964 2208 3139 2280 Ἰησοῦ
3156 2206 3603 2280 καθαριζομένων
3628 2205 3804 2259 ποδῶν

2217 2304 2297 2368 τὸ,
2335 2322 2353 2355 ι
2396 2303 2522 2358 Ἑάν
2550 2304 2625 2375 μὴ
2654 2303 2793 2374 νίψω
2816 2320 2898 2367 σε,
2925 2302 3025 2357 οὐκ
3050 2302 3195 2373 ἔχεις
3222 2301 3386 2374 μέρος
3421 2301 3538 2371 μετ’
3570 2297 3739 2370 ἐμοῦ;
3778 2316 3798 2350 ι

2217 2398 2354 2469 ὅπερ
2380 2396 2638 2469 ζητήσεις
2661 2396 2714 2450 τί
2735 2396 2903 2462 δηλοῖ·
2944 2396 3192 2467 πότερον,
3232 2396 3337 2459 ὅτι,
3353 2397 3475 2450 Οὐδ’
3490 2395 3626 2456 ὅλως
3658 2392 3804 2463 ἔχεις

2221 2491 2405 2562 μέρος,
2439 2490 2533 2544 ἐὰν
2563 2491 2637 2562 μὴ
2668 2489 2806 2560 νίψω
2836 2506 2917 2554 σε,
2955 2488 3178 2559 ἀγαθὸν,
3199 2488 3254 2559 ἡ·
3283 2487 3358 2541 Οὐ
3389 2485 3505 2558 μετ’
3531 2483 3666 2555 ἐμοῦ
3705 2482 3805 2555 μὲν

2215 2582 2308 2637 τοῦ
2341 2582 2658 2637 διδασκάλου
2692 2582 2786 2636 καί
2823 2581 3053 2654 Κυρίου,
3093 2579 3232 2652 μετὰ
3270 2578 3380 2634 τῶν
3424 2576 3720 2630 ἐλαττόνων
3744 2574 3805 2628 δέ

2220 2691 2345 2745 μου,
2373 2675 2429 2727 ἐν
2456 2669 2538 2738 οἷς
2571 2674 2708 2727 εἰσιν
2733 2674 2783 2727 οἱ
2835 2672 2972 2745 μετά
3002 2673 3063 2726 τὸ
3100 2669 3394 2725 λούσασθαι
3419 2669 3557 2740 μήτε
3588 2666 3807 2735 δειπνή-

2219 2782 2409 2830 σαντες
2432 2765 2493 2819 τὸ
2519 2768 2635 2837 μετ’
2666 2763 2801 2836 ἐμοῦ
2829 2764 3061 2829 δεῖπνον,
3087 2765 3225 2835 μήτε
3244 2761 3527 2833 νιψάμενοι
3548 2761 3640 2812 ὑπ’
3669 2757 3803 2831 ἐμοῦ

2214 2856 2341 2920 τοὺς
2388 2855 2576 2921 πόδας,
2622 2854 3075 2926 ἢδειπνήσαντες
3123 2852 3242 2923 μέν,
3292 2851 3354 2905 ού
3401 2849 3685 2921 νιψάμενοι
3722 2847 3804 2903 δέ.

2231 2946 2372 3017 Ἐγὼ
2414 2948 2675 3019 ἐφίστημι
2706 2945 2797 3000 διὰ
2825 2946 2905 2999 τό·
2961 2963 2980 2997 ι
3021 2944 3151 2999 Ἰδοὺ
3180 2942 3291 3013 ἐγὼ
3336 2943 3544 3014 ἕστηκα
3572 2941 3666 2995 ἐπὶ
3707 2940 3808 3010 τὴν

2216 3037 2410 3112 θύραν,
2439 3038 2532 3093 καὶ
2561 3037 2761 3111 κρούω·
2792 3037 2887 3092 ἐάν
2914 3054 2998 3101 τις
3017 3036 3205 3108 ἀνοίξῃ
3237 3052 3325 3107 μοι
3351 3034 3448 3106 τήν
3479 3032 3668 3105 θύραν,
3693 3033 3808 3086 εἱσ-

533 3130 664 3185 niihi
698 3129 973 3198 aperuerit
994 3133 1216 3192 ostimn,
1250 3132 1529 3200 ingrediar
1562 3131 1628 3185 ad
1660 3146 1809 3196 eum,
1839 3141 1895 3186 et
1920 3144 2075 3185 cmna
2096 3159 2112 3171 -

2220 3131 2505 3202 ελεύσομαι
2546 3130 2681 3201 πρὸς
2709 3128 2894 3191 αὐτὸν,
2921 3129 3015 3181 καὶ
3042 3126 3317 3198 δειπνήσω
3356 3123 3470 3195 μετ’
3495 3120 3684 3187 αὑτοῦ,
3712 3120 3808 3174 καὶ

532 3225 603 3279 bo
622 3239 743 3277 cum
774 3239 861 3289 eo,
895 3232 949 3277 et
982 3223 1098 3294 ipse
1120 3239 1331 3279 mecum
1366 3224 1411 3257 "
1437 3240 1453 3290 ;
1494 3242 1515 3274 ι
1541 3240 1608 3279 ne
1642 3224 1781 3279 forte
1804 3222 1962 3279 Jesus
1989 3240 2113 3280 cum

534 3316 644 3371 ullo
676 3333 783 3371 non
813 3318 1077 3387 prandeat
1103 3335 1118 3384 ;
1150 3333 1327 3388 neque
1351 3319 1497 3373 enim
1526 3330 1649 3389 eget
1684 3318 2114 3386 introductione,

532 3420 588 3465 et
625 3411 815 3479 primis
845 3411 1169 3480 disciplinis,
1193 3425 1371 3480 neque
1400 3414 1629 3479 prandet
1659 3411 1858 3482 aliquis
1883 3428 2004 3468 cum
2028 3427 2114 3479 eo,

532 3504 627 3557 sed
674 3502 767 3571 qui
821 3517 944 3557 cum
997 3502 1089 3557 illo
1139 3503 1375 3558 comedit
1412 3510 1623 3557 tantum
1659 3513 1843 3558 ctnnat
1876 3519 1893 3559 :
1934 3524 1954 3558 ι
1986 3504 2117 3561 Plus

533 3610 697 3665 quam
730 3613 749 3646 ι
790 3595 933 3650 enim
971 3614 989 3647 ι
1022 3593 1312 3659 Salomon,
1355 3614 1374 3647 ι
1411 3595 1588 3663 inquit
1617 3596 1683 3663 ⁸³,
1731 3614 1752 3648 ι
1789 3597 1893 3652 hoc
1935 3598 1989 3651 in
2033 3598 2119 3651 lo-

535 3702 627 3751 co,
679 3705 699 3739 ι
748 3688 815 3743 de
842 3702 952 3757 quo
1004 3690 1266 3756 scriptum
1316 3696 1445 3742 est:
1482 3706 1503 3739 ι
1541 3687 1609 3742 Et
1657 3698 1779 3743 erat
1830 3691 2115 3760 prandium

536 3778 845 3834 Salomonis
886 3798 905 3831 ι
941 3780 1067 3843 hoc,
1098 3781 1240 3849 quod
1273 3780 1325 3832 in
1355 3779 1561 3846 Regum
1592 3783 1756 3837 tertio
1786 3781 2115 3836 recensitum

534 3882 619 3925 est
645 3868 711 3924 “.
736 3872 923 3926 Ausim
946 3873 1111 3926 etiam
1149 3873 1250 3927 hoc
1281 3872 1465 3926 dicere
1496 3882 1754 3943 tanquam
1779 3888 2117 3945 consequens

535 3960 664 4016 huic
691 3961 838 4016 dicto
874 3979 888 4015 :
928 3979 947 4012 ι
990 3961 1102 4016 Nisi
1148 3961 1335 4017 lavero
1369 3973 1420 4018 te
1449 4003 1463 4026 ,
1498 3979 1604 4017 non
1639 3964 1869 4018 habebis
1901 3975 2115 4035 partem

536 4066 748 4105 mecum
779 4091 795 4116 ,
842 4071 863 4106 ι
911 4050 1095 4109 Iesum
1140 4052 1277 4108 Juda
1324 4056 1492 4123 pedes
1549 4071 1655 4109 non
1708 4055 1907 4110 lavisse
1954 4074 1969 4110 :
2029 4056 2114 4110 ni-

535 4144 733 4198 mirum
757 4145 900 4214 qnod
926 4144 999 4199 illi
1037 4145 1148 4214 jam
1181 4145 1433 4202 diabolus
1475 4147 1795 4202 immisisset
1831 4148 1884 4202 in
1917 4163 2033 4212 cor,
2060 4157 2119 4202 ut

536 4233 718 4291 iesum
747 4236 987 4290 traderet
1010 4246 1398 4306 praeceptorem
1430 4247 1486 4293 et
1523 4238 1844 4303 Dominum,
1877 4255 1999 4294 cum
2034 4240 2119 4293 in—

536 4328 773 4383 venisset
796 4344 920 4383 eum
945 4343 1048 4382 non
1086 4328 1333 4384 indutum
1376 4345 1592 4384 omnem
1633 4330 1729 4385 Dei
1758 4342 2117 4394 armaturam,

2219 3226 2382 3291 αὐτὸς
2404 3227 2517 3296 μετ’
2544 3223 2701 3296 ἐμοῦ·
2737 3242 2756 3275 ι
2804 3224 3012 3295 μήποτε
3044 3223 3075 3274 ὁ
3113 3221 3317 3290 Ἰησοῦς
3338 3216 3460 3271 οὔτε
3492 3216 3691 3288 ἀριστᾷ
3714 3231 3810 3285 με-

2218 3318 2288 3372 τά
2312 3334 2456 3381 τινος
2490 3316 2570 3385 (οὐ
2597 3315 2705 3387 γὰρ
2728 3314 2898 3367 δεῖται
2922 3312 3231 3383 εἰσαγωγῆς
3260 3309 3354 3363 καὶ
3384 3308 3614 3380 πρώτων
3636 3306 3811 3377 μαθη-

2223 3413 2454 3486 μάτων),
2490 3409 2615 3463 οῦτε
2646 3408 2843 3481 ἀριστᾷ
2866 3425 2951 3472 τις
2983 3405 3103 3478 μετ’
3135 3404 3323 3469 αὑτοῦ,
3351 3403 3465 3456 ἀλλ’
3495 3403 3525 3454 ὁ
3559 3402 3678 3474 μετ’
3710 3400 3809 3455 αὐ-

2216 3504 2312 3561 τοῦ
2338 3504 2532 3558 ἐσθίων
2548 3501 2755 3555 δειπνεί
2769 3499 2948 3569 μόνον’
2976 3517 2995 3550 ι
3015 3497 3203 3551 Πλεῖον
3223 3515 3243 3547 ι
3266 3495 3395 3566 γὰρ,
3416 3496 3571 3566 φησι,
3598 3513 3616 3544 ι
3643 3492 3803 3545 Σολο-

2222 3597 2431 3669 μῶντος
2474 3588 2597 3659 ὧδε,
2631 3612 2652 3646 ι
2688 3588 2812 3665 περὶ
2840 3586 2900 3648 οὗ
2940 3592 3270 3662 γέγραπταιο
3311 3607 3330 3639 ι
3366 3588 3477 3642 Καὶ
3497 3581 3567 3660 ἦν
3592 3585 3652 3639 τὸ
3684 3586 3808 3657 ἄρι-

2221 3706 2345 3743 στον
2373 3686 2623 3758 Σολομῶν
2655 3705 2673 3739 ι
2707 3685 2849 3748 τόδε,
2878 3685 2908 3739 ὃ
2941 3682 3281 3738 κατείλεκται
3315 3683 3373 3735 ἐν
3398 3682 3464 3751 τῇ
3488 3678 3650 3752 τρίτῃ
3697 3677 3810 3731 τῶν

2219 3780 2534 3836 Βασιλειῶν.
2575 3779 2688 3833 Καὶ
2718 3777 2878 3832 τοῦτο
2909 3776 2968 3830 δὲ
3010 3775 3290 3846 τολμήσας
3344 3772 3549 3843 εἴποιμ’
3598 3772 3685 3835 ἂν,
3731 3771 3808 3836 ὡς

2219 3874 2513 3929 ἀκόλουθον
2544 3871 2645 3943 τῷ,
2688 3890 2708 3924 ι
2752 3870 2877 3924 Ἐὰν
2920 3869 2996 3941 μὴ
3029 3867 3169 3938 νίψω
3194 3883 3275 3931 σε,
3316 3866 3419 3920 ούκ
3450 3865 3596 3937 ἔχεις
3640 3865 3807 3936 μέρος

2223 3970 2339 4039 μετ’
2368 3966 2525 4039 ἐμοῦ,
2555 3985 2574 4017 ι
2611 3967 2693 4019 ὅτι
2717 3964 2818 4018 οὐκ
2844 3961 2994 4032 ἑνιψε
3012 3962 3140 4026 τοὺς
3158 3960 3324 4024 πόδας
3343 3958 3439 4013 τοῦ
3482 3957 3673 4021 Ἰούδα,
3704 3956 3805 4028 ήδη

2218 4064 2298 4126 εἰς
2331 4061 2430 4132 τήν
2456 4058 2683 4131 καρδίαν
2701 4055 2953 4127 βεϐλήκει
2978 4054 3007 4107 ὁ
3032 4052 3276 4116 διάϐολος
3317 4052 3404 4105 ἵνα
3431 4050 3525 4105 τὸν
3561 4048 3811 4105 διδάσκα-

2218 4151 2308 4206 λον
2352 4151 2448 4205 καὶ
2468 4149 2673 4223 Κύριον
2707 4146 2954 4219 παραδιῖ),
2987 4143 3161 4217 εὑρὼν
3195 4144 3356 4198 αὑτὸν
3387 4142 3487 4196 ούκ
3520 4138 3806 4211 ἐνδεδυμέ-

2218 4262 2306 4299 νον
2326 4245 2425 4316 τὴν
2450 4241 2750 4299 πανοπλίαν
2772 4238 2867 4293 τοῦ
2921 4237 3080 4303 Θεοῦ,
3107 4237 3201 4290 καὶ
3228 4237 3329 4290 οὐκ
3353 4236 3545 4306 έχοντα
3586 4233 3677 4287 τὸν
3708 4233 3807 4301 τῆς

2220 4337 2455 4398 πίστεως
2495 4331 2710 4404 θυρεὸν,
2760 4322 2807 4399 ᾧ
2838 4328 3061 4384 δύναταί
3101 4344 3185 4389 τις
3230 4326 3406 4381 πάντα
3438 4324 3510 4378 τὰ
3539 4323 3666 4394 βέλη
3711 4321 3806 4376 τοῦ

539 4435 639 4475 nec
659 4421 943 4474 habentem
963 4418 1085 4473 ﬁdei
1104 4428 1343 4485 scutum,
1358 4435 1465 4490 quo
1481 4420 1759 4490 valetquis
1779 4436 1971 4475 omnes
1990 4421 2112 4474 mali

2221 4425 2457 4498 πονηροῦ
2486 4424 2555 4479 τὰ
2604 4422 2979 4495 πεπυρωμένα
3012 4420 3218 4474 σϐέσαν
3268 4416 3652 4491 γεγραμμένου
3697 4416 3808 4488 γὰρ

538 4510 684 4566 illius
733 4511 958 4580 sagittas
1009 4513 1212 4582 ignitas
1257 4512 1607 4583 exstinguere
1666 4512 1792 4553 ³⁸-⁸⁶
1824 4531 1837 4567 :
1875 4513 2117 4583 intelligo

2220 4490 2393 4581 τοῦ,“‹
2436 4515 2543 4571 Τοῦ
2605 4490 2852 4569 διαϐόλου
2895 4513 2995 4584 ἥδη
3048 4511 3390 4582 βεϐληκότος,
3430 4529 3449 4560 ι
3482 4508 3688 4573 ἀκούω,
3731 4507 3807 4571 ὡς

537 4603 685 4656 enim
714 4601 817 4656 hoc
848 4602 988 4669 quod
1021 4603 1283 4672 scriptum
1312 4611 1397 4655 est
1424 4619 1439 4656 :
1479 4620 1497 4653 ι
1527 4602 1665 4656 Cum
1709 4600 1820 4670 jam
1870 4602 2118 4657 diabolus

540 4682 858 4749 immisisset
894 4695 964 4759 ³⁷,
1004 4713 1023 4748 ι
1061 4695 1204 4748 sicut
1243 4695 1408 4748 etiam
1440 4693 1721 4762 Scriptura
1754 4694 1856 4749 hac
1887 4693 1955 4747 de
1986 4693 2120 4746 rein

539 4786 771 4856 septimo
804 4786 1014 4856 psalmo
1066 4785 1245 4851 docet,
1287 4786 1545 4840 nimirum
1593 4785 1823 4842 feriente
1869 4787 2120 4853 diabolo,

540 4880 630 4947 qui
685 4879 849 4934 veluti
899 4881 1217 4947 sagittarius
1260 4881 1497 4949 sagittas
1548 4880 1748 4947 ignitas
1782 4878 2022 4932 coniecit
2054 4879 2121 4933 iis

540 4972 633 5041 qui
679 4972 827 5027 omni
860 4974 1105 5027 custodia
1141 4988 1237 5026 cor
1261 4987 1417 5027 suum
1450 4987 1556 5025 non
1592 4981 1837 5026 servant.
1869 4971 1968 5025 Est
2016 4988 2117 5024 au-

540 5068 650 5118 tém
682 5063 875 5134 psalmi
901 5075 1189 5119 contextus
1221 5063 1341 5117 talis
1379 5063 1424 5094 ³⁸
1460 5081 1473 5117 :
1516 5082 1535 5115 ι
1572 5062 1684 5116 Nisi
1713 5065 1961 5117 conversi
1998 5062 2118 5117 fue—

542 5154 682 5216 ritis,
713 5154 948 5223 gladium
987 5171 1144 5208 suum
1177 5153 1430 5216 vibrabit,
1464 5169 1650 5207 arcium
1681 5170 1835 5206 suum
1869 5157 2118 5221 tetendit,

540 5257 596 5300 et
626 5246 837 5314 paravit
866 5246 1029 5318 407
1065 5248 1239 5308 illum,
1276 5255 1333 5299 et
1371 5244 1423 5298 in
1454 5260 1520 5299 eo
1554 5246 1763 5315 paravit
1796 5261 1922 5299 vasa
1968 5262 2120 5302 mor-

506 5354 511 5357 ·
544 5339 637 5404 tis,
676 5338 907 5409 sagittas
940 5353 1070 5393 snas
1117 5336 1434 5391 ardentibus
1461 5336 1663 5391 ell‘ecit.
1702 5337 1838 5392 Ecce
1864 5340 2119 5408 parturiit

2222 4611 2316 4665 καὶ
2352 4612 2409 4662 ἐν
2440 4607 2663 4679 ἑϐδόμῳ·
2678 4604 2878 4677 ψαλμῷ
2909 4606 3005 4675 τῆς
3044 4602 3267 4675 Γραφῆς
3294 4602 3423 4670 περὶ.
3445 4599 3637 4654 τούτου
3664 4598 3794 4652 διδαο

2224 4700 2481 4771 σκούσης,
2514 4699 2591 4762 ὡς
2617 4697 2857 4764 τοξότου,
2885 4697 2979 4750 καὶ
3019 4695 3145 4767 βέλη
3180 4693 3553 4766 πεπυρωμένα
3577 4691 3806 4761 ἐξεργα-

2224 4794 2450 4865 ζομένου
2467 4794 2579 4855 τοῖς
2600 4790 2674 4862 μὴ
2696 4790 2845 4862 πάσῃ
2862 4789 3074 4859 φυλακῇ
3097 4786 3322 4858 τηροῦσι
3338 4785 3435 4857 τὴν
3452 4785 3661 4838 ἐαυτῶν
3678 4801 3806 4853 καρ-

2221 4885 2360 4939 δίαν.
2390 4886 2543 4955 Ἐχει
2575 4884 2633 4937 δὲ
2659 4881 2888 4953 οῦτωςή
2922 4880 3014 4935 τοῦ
3044 4877 3260 4949 ψαλμοῦ
3300 4877 3463 4943 λέξις⁸
3507 4895 3540 4928 ι·
3579 4875 3704 4929 Ἐάν
3733 4874 3806 4946 μίο

2227 4975 2622 5047 ὲπιστραφῆτε,
2651 4973 2750 5044 τὴν
2777 4971 3051 5044 ῥομφαίαν
3067 4969 3231 5024 αὐτοῦ
3257 4968 3562 5032 στιλϐιῦσει,
3583 4968 3643 5021 τὸ
3658 4967 3807 5033 τόξον

2219 5067 2385 5121 αὐτοῦ
2410 5068 2661 5131 ἐνέτεινε,
2690 5066 2784 5120 καὶ
2808 5064 3104 5135 ἡτοίμασεν
3128 5062 3278 5126 αὐτὸ,
3306 5062 3399 5116 καὶ⁸
3413 5062 3471 5115 ἐν
3493 5059 3640 5131 αύτῷ
3665 5059 3797 5129 ήτοί-

2223 5176 2362 5229 μασε
2398 5157 2566 5229 σκεύη
2612 5157 2865 5221 θανάτου,
2893 5156 2962 5209 τά
2997 5155 3127 5227 βέλη
3165 5152 3330 5207 αὐτοῦ
3359 5156 3470 5214 τοῖς
3498 5150 3805 5222 καιομένοις

2218 5251 2598 5323 ἐξειργάσατο.
2634 5249 2767 5304 ’ἰδοὺ
2790 5248 3051 5320 ὠδίνησεν
3069 5244 3302 5310 ἀδικίαν,
3337 5243 3594 5297 συνέλαϐε
3625 5242 3805 5326 πόνοντ

2220 5344 2317 5397 καὶ
2358 5342 2542 5397 ἔτεκεν
2587 5342 2838 5413 ἀνομίαν.
2882 5359 2901 5392 ι
2946 5339 3063 5404 Πᾶς
3095 5339 3194 5409 μέν
3221 5333 3315 5391 οῦν
3350 5334 3674 5406 ὁμολογήσει
3725 5332 3803 5385 τό·

613 5503 655 5537 ³¹
687 5504 976 5575 Joanmu,
1007 5504 1059 5557 8.
1151 5503 1194 5535 δ’
1217 5502 1385 5575 Apoc.
1423 5503 1629 5575 111,20,
1709 5501 1754 5534 ³³
1787 5503 1978 5575 hiauit.
2007 5523 2105 5573 xu,

2232 5525 2245 5575 ;
2284 5505 2417 5560 Luc.
2447 5521 2519 5570 ιι,
2550 5503 2640 5557 51.
2716 5501 2761 5533 ³⁸
2789 5500 2856 5555 lll
2891 5500 3024 5571 Reg.
3051 5513 3123 5565 tv,
3175 5498 3270 5552 22.
3348 5496 3473 5537 ³⁸-³⁶
3500 5494 3694 5565 Ephes.
3732 5506 3801 5545 vt.

543 5572 636 5640 ﬂ,
689 5577 775 5629 16.
873 5575 916 5606 ³⁷
945 5573 1102 5629 Joau.
1128 5590 1250 5639 xm,
1282 5574 1339 5626 2.
1434 5573 1477 5604 ³⁸
1500 5572 1647 5628 Psal.
1689 5573 1881 5642 vn,l3,
1912 5576 2001 5630 l5.

621 5717 756 5785 (81⁸)
796 5717 1010 5785 Ultra.
1043 5715 1205 5785 Forte
1232 5713 1517 5785 legendum
1548 5711 1731 5785 ὀλίγῳ.

624 5765 935 5858 ζὲἑίηρἒῗό
952 5765 1030 5857 se
1046 5765 1213 5851 ’ὧδέ
1234 5765 1523 5849 ἐτοοζιλοὺς
1561 5765 1728 5836 οὐδέ
1751 5780 2118 5853 νομιζόμενα.

2228 5708 2306 5762 Ita
2345 5710 2493 5762 hunc
2537 5708 2741 5779 locum_
2767 5707 2840 5779 in,
2869 5707 3054 5779 codice
3101 5705 3259 5779 Regio
3296 5705 3543 5761 mutilum
3584 5704 3801 5760 sanitati

2232 5780 2469 5835 restituit
2507 5779 2677 5835 codex
2715 5777 3060 5833 Bodleianus.
