4182 6432
401 371 507 426 743

1399 350 1755 413 COMMENT.
1795 347 1861 404 IN
1902 345 2093 404 JOAN.
2136 343 2373 401 TOMIIS
2412 341 2631 401 XXXII.

3551 344 3655 401 746

402 484 422 514 ι
464 462 599 517 Ἰδοὺ
628 460 891 531 ὠδίνησεν
918 456 1152 521 ἀδικίαν,
1179 452 1434 513 συνέλαϐε
1461 452 1643 513 πόνον,
1672 448 1767 501 καὶ
1795 446 1979 498 έτεκεν

2094 442 2425 514 injustitiam,
2452 437 2703 509 concepit
2735 437 3004 505 laborem,
3038 444 3095 494 et
3137 438 3346 509 peperit
3390 439 3653 509 iniquita-

397 553 644 625 ἀνομίαν,
700 572 718 604 ι
752 550 1011 604 δύνασθαι
1055 544 1423 617 ἀναφέρεσθαι
1456 543 1550 597 ἐπὶ
1580 540 1672 595 τὸν
1709 538 1975 593 διάϐολον·

396 642 597 697 ἄτοπον
625 641 680 694 δὲ
724 638 799 711 μὴ
826 638 1024 709 ὁμοίως
1052 634 1225 705 τούτῳ
1252 633 1347 686 καὶ
1378 629 1518 684 αὐτὰ
1552 628 1791 700 νομίζειν
1825 625 1980 695 λέγε-

399 732 543 787 σθαι’
576 751 594 783 ι
650 730 775 785 Ἐὰν
811 729 886 801 μὴ
927 726 1318 799 ὲπιστραφῆτε,
1361 722 1460 795 τὴν
1509 721 1784 794 ῥομφαίαν
1817 719 1981 773 αὐτοῦ

400 823 707 886 στιλϐὡσει,
763 821 826 875 τὸ
877 820 1029 887 τόξον
1062 816 1229 874 αὐτοῦ
1274 817 1524 881 ἐνέτεινε,
1563 814 1658 869 καὶ
1691 812 1983 886 ἡτοίμασεν

400 917 553 981 αὐτὸ,
597 916 689 970 καὶ
721 915 779 967 ἐν
806 912 954 983 αύτῷ
979 911 1240 983 ἡτοίμασε
1280 908 1447 979 σκεύη
1479 906 1726 960 θανάτουο
1763 923 1781 956 ι
1818 905 1985 975 σκεύη

400 1008 508 1079 γὰρ
537 1006 766 1061 θανάτου
799 1002 975 1067 ἄλλως
1008 1000 1184 1063 οὐδεὶς
1209 999 1266 1051 έν
1311 996 1391 1068 τῷ
1427 996 1565 1067 τόξῳ
1598 990 1790 1048 ἑαυτοῦ
1824 986 1869 1061 ᾧ
1897 994 1984 1046 ὲν-

402 1099 603 1152 έτεινεν
635 1094 947 1168 ἡτοίμασεν,
1000 1091 1034 1163 ἢ
1068 1081 1130 1144 οὗ
1161 1088 1240 1160 τῷ
1281 1087 1458 1158 φθόνῳ
1490 1086 1718 1148 θάνατος
1742 1083 1986 1154 εἰσῆλθεν

403 1192 485 1253 εἰς
509 1182 599 1242 τὸν
627 1186 849 1257 κόσμον.
888 1182 1021 1237 Ἀπὸ
1056 1180 1260 1235 τούτων
1282 1179 1459 1233 τοίνυν
1481 1177 1591 1231 τῶν
1620 1175 1788 1245 βελῶν
1812 1174 1848 1229 ἃ.
1875 1176 1988 1236 τοῖς

402 1279 711 1350 καιομένοις
736 1273 1090 1347 ἐξειργάσατο
1121 1273 1150 1325 6
1191 1269 1463 1332 διάϐολος,
1498 1266 1745 1321 ἐνέϐαλεν
1774 1266 1853 1327 εἰς
1888 1264 1986 1334 τὴν

402 1373 629 1446 καρδίαν
664 1371 831 1424 Ἰούδα
869 1368 1111 1440 Σίμωνος
1150 1362 1517 1436 Ἰσκαριώτου,
1548 1354 1609 1414 οὗ
1639 1359 1738 1433 ἢδη
1764 1358 1875 1429 (85)
1902 1358 1988 1428 βε-

402 1465 669 1536 ϐλημένου
701 1466 759 1517 έν
782 1460 860 1531 τῷ
892 1459 1093 1530 δείπνῳ
1142 1456 1336 1520 οὕτως,
1377 1453 1519 1507 ὥστε
1541 1451 1598 1506 δὲ
1630 1452 1724 1504 καὶ⁸
1756 1449 1987 1522 ἀρέσκε-

404 1559 528 1612 σθαι
555 1554 718 1627 αὐτῷ’
747 1553 977 1623 ἐπείπερ
1006 1553 1040 1622 ἡ
1063 1548 1156 1603 τοῦ
1191 1548 1408 1601 δείπνου
1444 1544 1635 1599 τούτου
1667 1543 1860 1614 τροφὴ,
1894 1541 1989 1595 καὶ

403 1653 433 1704 6
468 1645 608 1712 οἶνος
641 1650 678 1702 '6
723 1648 781 1700 ὲν
808 1643 976 1714 αύτῷ,
1026 1642 1128 1697 οὑκ
1164 1639 1388 1694 ἐδύνατο
1421 1636 1672 1709 γενέσθαι
1705 1637 1760 1688 έν
1794 1633 1990 1705 καρδίᾳ

407 1740 513 1795 ὑπὸ
530 1738 622 1792 τού
653 1720 899 1792 διαϐόλου
926 1732 1231 1806 βεϐλημένῃ
1260 1729 1403 1801 βέλει
1425 1728 1537 1799 (84)
1567 1727 1695 1799 περι
1724 1724 1820 1779 τοῦ
1851 1740 1987 1798 προ-

405 1830 624 1901 δοθῆναι
650 1829 741 1882 τὸν
768 1799 1269 1898 τάχασέστιάτοραί
1294 1820 1415 1875 ἐπεὶ
1444 1818 1518 1892 μὴ
1556 1817 1744 1888 σαφῶς
1776 1817 1833 1870 ἐν
1861 1814 1986 1869 τού-
2020 1799 2061 1853 Β

406 1940 520 1987 τοις
556 1922 801 1992 φαίνεται
842 1920 926 1982 τίς
948 1913 1037 1990 ἦν,
1074 1916 1163 1985 ὑφ’
1202 1906 1264 1968 οὗ
1295 1913 1357 1967 :6
1400 1912 1613 1966 δεῖπνον
1645 1908 1870 1979 ἐγίνετο,
1913 1907 1990 1972 ὡς

408 2016 467 2068 ὲν
490 2016 602 2078 τοῖς
642 2011 748 2084 πρὸ
789 2009 1013 2072 τούτων,
1055 2026 1072 2059 ι
1137 2003 1451 2076 Ἐποίησαν,
1494 2001 1679 2072 φησιν,
1712 1998 1860 2069 αὐτῷ
1884 1998 1990 2052 δεῖ-

410 2123 542 2160 πνον
570 2104 707 2170 ἐκεῖ,
751 2103 846 2157 καὶ
873 2103 906 2173 ὴ
933 2098 1134 2170 Μάρθα
1180 2096 1438 2171 διηκόνει,
1466 2094 1560 2148 καὶ
1583 2094 1611 2146 6
1641 2089 1888 2162 Λάζαρος
1910 2084 1990 2151 εἷς

406 2193 476 2270 ἦν
500 2198 566 2250 έκ
605 2194 714 2248 τῶν
747 2191 1123 2263 ἀνακειμένων
1170 2191 1267 2244 σὺν
1311 2187 1479 2259 αὐτῷ.
1535 2204 1554 2238 ›
1601 2186 1723 2239 Ἐπὶ
1763 2184 1861 2256 μὲν
1897 2177 1990 2237 οὖν

407 2287 504 2342 τοῦ
546 2286 715 2341 Ἰούδα
741 2286 1048 2357 γέγραπται
1074 2282 1155 2335 τόο
1196 2301 1215 2333 ι
1250 2280 1357 2334 Τοῦ
1396 2277 1640 2334 διαϐόλου
1665 2276 1769 2348 ἤδη
1800 2274 1994 2345 βεϐλη-

410 2381 569 2442 κότος
597 2382 676 2442 sl;
705 2379 803 2449 τὴν
836 2375 1082 2448 καρδίαν,
1113 2374 1202 2431 ἵνα
1229 2370 1453 2444 παραδῷ
1474 2370 1634 2423 αὐτὸν
1679 2367 1879 2429 Ἰούδας
1902 2365 1993 2417 Σί-

416 2489 594 2544 μωνος
625 2466 999 2543 Ἰσκαριώτης·
1033 2488 1052 2520 ι
1087 2466 1262 2537 τούτῳ
1280 2464 1350 2517 δὲ
1374 2460 1680 2524 ἀκολούθως
1708 2460 1886 2528 λέγοις
1924 2460 1992 2513 ἂν

415 2564 543 2635 περὶ
574 2561 802 2615 ἑκάστου
839 2558 944 2612 τῶν
991 2556 1097 2611 ύπὺ
1128 2554 1220 2610 τοῦ
1256 2551 1500 2607 διαϐόλου
1530 2552 1609 2613 είς
1642 2551 1742 2621 τὴν
1764 2547 1992 2620 καρδίαν

410 2651 785 2722 τετρωμένων·
831 2647 927 2703 τοῦ
975 2646 1216 2703 διαϐόλου
1264 2644 1365 2717 ἤδη
1415 2641 1736 2713 βεϐληκότος
1766 2640 1847 2703 είς
1891 2638 1990 2712 τὴν

412 2742 661 2814 καρδίαν,
691 2741 778 2795 ἵνα
806 2737 1078 2812 πορνεύσῃ
1108 2734 1204 2790 τοῦ
1234 2733 1399 2796 δεῖνα,
1430 2733 1525 2786 καὶ
1542 2732 1627 2785 ἵνα
1642 2730 1992 2802 ἀποστερήσῃ

414 2834 507 2889 τοῦ
552 2833 721 2898 δεῖνα,
750 2833 844 2886 καὶ
891 2831 981 2884 ἴνα
1010 2825 1319 2899 δοξομανῶν
1347 2821 1783 2893 εἰδωλολατρείαν
1806 2819 1997 2875 ἀναδέ-

415 2926 572 2999 ξηται
614 2923 712 2998 τὴν
760 2922 868 2977 τῶν
894 2920 1193 2976 δοκούντων
1246 2914 1384 2971 εἶναι
1431 2902 1519 2968 ὲπ⁵
1550 2911 1857 2984 ἀξιώματος
1901 2910 1999 2965 τοῦ

413 3017 581 3072 δεῖναο
604 3017 699 3072 καὶ¹
717 3014 890 3079 οὕτως
914 3013 1006 3066 ἐπὶ
1029 3011 1138 3065 τῶν
1164 3006 1365 3063 λοιπῶν
1392 3003 1826 3078 ἁμαρτημάτων,
1850 3002 1995 3073 ἅπερ

415 3113 443 3163 6
473 3108 713 3173 διάϐολος
741 3106 921 3178 βάλλει
944 3106 1024 3168 είς
1058 3103 1157 3174 τὴν
1183 3099 1396 3173 γυμνὴν
1418 3096 1512 3151 τοῦ
1553 3095 1747 3168 θυρεοῦ
1775 3095 1874 3166 τῆς
1901 3095 1994 3147 πί-

420 3221 589 3268 στεως
613 3200 857 3275 καρδίαν·
882 3200 940 3253 ὲν
961 3189 1006 3267 ᾧ
1027 3192 1203 3268 θυρεῷ
1223 3192 1457 3253 πίστεως
1477 3187 1695 3241 δύναταί
1716 3203 1799 3250 τις
1816 3187 1914 3256 οὐχ
1933 3184 1991 3237 ἐν

417 3296 537 3351 οὐδὲ
572 3294 685 3358 δύο,
719 3292 856 3348 ἀλλὰ
882 3290 1060 3347 πάντα
1085 3285 1155 3339 τὰ
1194 3282 1320 3355 βέλη
1366 3277 1603 3353 πονηροῦ
1636 3277 1704 3330 τά
1733 3293 1991 3348 πεπυρω-

421 3389 561 3460 μένα
592 3386 798 3440 σϐέσαι.

490 3478 543 3533 5.
583 3472 936 3544 Ἐγγιζούσης
962 3469 1145 3523 τοίνυν
1175 3466 1275 3537 τῆς
1307 3462 1446 3518 κατὰ
1485 3460 1547 3514 :6
1577 3458 1745 3522 πάθος
1791 3459 1995 3510 οίκονο-

423 3569 573 3640 μίας,
602 3566 686 3638 ἐφ’
705 3566 734 3620 ὃ
763 3562 985 3637 ἔμελλεν
1014 3558 1177 3615 αὑτὸν
1204 3554 1556 3628 παραδιδόναι
1589 3548 1789 3611 Ἰούδας
1821 3545 1997 3616 Σίμω-

417 3638 508 3725 νος
532 3651 884 3731 Ἰσκαρὶώτης
906 3651 1251 3726 τετρωμένος
1282 3649 1388 3703 ὑπὸ
1409 3645 1505 3700 τοῦ
1529 3642 1798 3708 διαϐόλου,
1828 3658 1846 3691 ι
1882 3638 1999 3692 Δεί-

423 3772 555 3809 πνου
578 3753 682 3823 ἤδη
710 3749 1014 3821 γινομένου,
1059 3742 1237 3808 εἰδὼς,
1275 3761 1294 3793 ι
1328 3741 1514 3812 φησιν,
1557 3756 1575 3788 ι
1604 3739 1633 3790 6
1657 3733 1884 3803 Ἰησοῦς,
1914 3733 1997 3786 ὅτι

423 3851 600 3905 πάντα
642 3846 841 3898 έδωκεν
886 3839 1033 3911 αύτῷ
1058 3840 1087 3893 6
1108 3836 1300 3907 Πατὴρ
1330 3834 1411 3896 εἰς
1438 3832 1537 3894 τὰς
1565 3831 1770 3901 χεῖρας,
1795 3826 1889 3879 καὶ
1917 3825 1999 3877 ὅτι

421 3942 530 3997 ἀπὸ
550 3937 683 3992 Θεοῦ
709 3934 916 4006 ἐξῆλθε,
938 3933 1033 3985 καὶ
1060 3929 1196 4002 πρὸς
1222 3927 1313 3980 τὸν
1331 3924 1463 3978 Θεὸν
1485 3922 1705 3989 ὑπάγει,
1732 3919 2000 3988 ἐγείρεται

424 4037 488 4087 ἐκ
513 4030 606 4086 τοῦ
634 4029 870 4083 δείπνου.
899 4043 918 4077 ι
952 4019 1160 4076 Οὐκοῦν
1186 4018 1257 4071 τὰ
1283 4015 1357 4087 μὴ
1371 4013 1635 4086 πρότερον
1663 4010 1792 4063 ὄντα
1810 4010 1868 4062 έν
1882 4009 2003 4070 ταῖς

423 4124 579 4196 χερσὶ
608 4120 702 4174 τοῦ
734 4114 910 4188 Ἰησοῦ
942 4114 1138 4168 δίδοται
1168 4110 1272 4163 ὑπὸ
1306 4107 1398 4161 τοῦ
1427 4105 1640 4176 Πατρὸς
1667 4106 1748 4166 εἰς
1768 4102 1869 4165 τὰς
1893 4105 2002 4173 χεῖ-

428 4194 526 4291 ρας
553 4211 741 4279 αὐτοῦ,
784 4211 878 4265 καὶ
901 4203 962 4258 ob
990 4208 1109 4263 τινὰ
1146 4203 1264 4274 μὲν,
1294 4197 1481 4253 τινὰδ*
1514 4196 1599 4260 οὒ,
1632 4194 1767 4248 ἀλλὰ
1801 4194 1998 4246 πάντα·

424 4284 562 4380 δπερ
625 4297 1006 4375 πνευματικῶς
1064 4295 1175 4369 (85)
1229 4296 1258 4347 6
1301 4289 1465 4345 Δαϐὶδ
1506 4287 1717 4358 βλέπων
1765 4285 1897 4355 φησι
1919 4284 1999 4336 τό·

434 4420 453 4454 ι
488 4373 654 4453 Είπεν
697 4398 727 4450 6
757 4373 959 4465 Κύριος
983 4388 1062 4460 τῷ
1106 4384 1299 4457 Κυρίῳ
1342 4396 1462 4453 μου’
1508 4376 1693 4432 Κάθου
1729 4378 1793 4429 ὲκ
1817 4373 2004 4439 δεξιῶν

2087 543 2213 588 tem.
2249 551 2268 585 ι
2323 533 2500 600 Atque
2523 533 2700 587 omnis
2728 532 2944 600 quidem
2987 528 3248 585 fatebitur
3274 532 3439 584 verba
3490 529 3605 584 haec
3636 546 3651 583 :

2089 641 2110 675 ι
2138 623 2279 679 Ecce
2312 622 2575 692 parturiit
2606 620 2952 693 injustitiam,
2985 619 3236 688 concepit
3282 619 3545 685 laborem,
3599 627 3658 675 et

2083 713 2296 784 peperit
2322 712 2687 783 iniquitatem,
2735 731 2754 765 ι
2790 710 2986 768 referri
3018 725 3177 782 posse
3224 711 3291 765 ad
3343 711 3654 777 diabolum;

2084 810 2150 863 ad
2174 823 2404 879 quorum
2431 810 2594 865 etiam
2623 810 2913 864 verborum
2952 806 3366 863 similitudinem
3415 822 3521 862 non
3563 821 3660 862 ex-

2084 899 2331 956 istimare
2360 899 2562 955 dictum
2594 898 2761 955 fuisse
2805 898 2938 955 illud
2966 913 2982 952 :
3021 915 3043 950 ‹
3075 897 3191 954 Nisi
3236 898 3515 965 conversi
3540 896 3657 953 fue-

2086 991 2225 1054 ritis,
2256 991 2493 1062 gladium
2518 1005 2675 1045 suum
2708 989 2967 1056 vibrabit,
2996 1004 3182 1044 arcum
3217 1005 3374 1045 suum
3406 989 3656 1056 tetendit,

2085 1097 2142 1142 et
2192 1086 2404 1157 paravit
2445 1085 2619 1151 illum,
2656 1095 2712 1141 et
2747 1085 2800 1141 in
2844 1099 2911 1141 eo
2958 1084 3171 1154 paravit
3205 1099 3332 1140 vasa
3361 1083 3576 1149 mortis,
3631 1100 3653 1135 ι

2087 1180 2379 1234 absurdum
2412 1187 2517 1233 est.
2548 1177 2683 1231 Nam
2737 1191 2870 1232 vasa
2907 1177 3099 1233 mortis
3148 1191 3311 1231 nemo
3355 1176 3495 1229 allus
3526 1190 3657 1229 arcu

2088 1283 2186 1322 suo
2214 1281 2374 1336 quem
2412 1268 2663 1331 tetendit,
2694 1268 2925 1336 paravit,
2959 1268 3063 1322 nisi
3111 1267 3203 1322 ille
3251 1265 3408 1336 cujus
3454 1265 3659 1320 invidia

2089 1373 2236 1412 mors
2269 1359 2492 1444 intravit
2542 1358 2596 1412 in
2653 1361 2841 1414 orbem
2885 1361 2951 1415 ".
2991 1359 3071 1415 Ex
3120 1360 3188 1414 iis
3218 1359 3382 1429 igitur
3422 1357 3655 1428 sagittis,

2086 1466 2223 1522 quas
2272 1452 2593 1506 ardentibus
2628 1452 2944 1507 confecerat
2991 1451 3283 1515 diabolus,
3334 1450 3560 1504 immisit
3603 1448 3657 1502 in

2088 1558 2186 1597 cor
2223 1540 2375 1598 Iuda:
2397 1542 2640 1599 Simonis
2684 1543 2984 1608 lscariotis,
3009 1542 3122 1611 jam
3156 1544 3237 1598 sic
3265 1541 3320 1596 in
3350 1554 3505 1596 cinna
3534 1554 3659 1595 sau-

2090 1633 2183 1698 cii,
2232 1642 2292 1689 ut
2335 1634 2500 1688 etiam
2537 1634 2615 1688 illi
2650 1633 2894 1703 placeret
2949 1632 3203 1687 celeriter
3252 1631 3659 1685 convivatorem

2091 1726 2321 1797 prodere
2351 1745 2365 1781 :
2394 1728 2650 1798 quoniam
2704 1740 2878 1782 omna:
2922 1724 3080 1793 hujus
3122 1724 3276 1778 cibus
3302 1763 3320 1789 ,
3366 1723 3660 1795 vinumque

2090 1819 2230 1889 quod
2261 1821 2313 1873 in
2352 1821 2464 1890 ipsa
2499 1830 2639 1885 erat,
2685 1834 2782 1875 cor
2832 1833 2943 1873 non
2990 1826 3205 1886 poterat
3251 1814 3471 1887 (diaboli
3511 1813 3657 1868 enim

2090 1918 2211 1968 erat
2242 1910 2442 1981 sagitta
2492 1911 2757 1979 saucium)
2801 1917 3113 1978 penetrare.
3143 1906 3254 1961 Nec
3281 1916 3466 1975 aperte
3494 1906 3548 1959 in
3575 1904 3661 1959 his

2091 2012 2321 2073 apparet
2365 2002 2487 2071 quis
2534 2010 2684 2056 esset
2738 2000 2828 2055 ille
2875 2015 2906 2054 a
2933 2014 3041 2070 quo
3072 2012 3231 2054 caena
3284 1997 3468 2061 ﬂebat,
3502 2006 3563 2052 ut
3604 1995 3662 2052 in

2093 2094 2466 2163 superioribus
2501 2109 2514 2147 ;
2555 2112 2574 2143 ι
2617 2092 2888 2146 Fecerunt
2916 2090 3047 2153 illic,
3081 2089 3278 2158 inquit,
3302 2101 3512 2142 ctenam
3559 2085 3657 2154 illi,

2091 2193 2146 2239 et
2179 2184 2392 2240 Martha
2423 2185 2793 2249 ministrabat,
2843 2194 3071 2253 eratque
3116 2183 3357 2237 Lazarus
3408 2195 3549 2237 unus
3593 2195 3661 2236 ex

2092 2275 2532 2329 recumbentihus
2559 2289 2683 2329 cum
2707 2275 2824 2344 ipso
2855 2275 2919 2326 ιθ.
2957 2292 2977 2325 ι
3005 2273 3181 2342 Atque
3197 2275 3263 2328 de
3285 2271 3419 2327 Iuda
3441 2271 3662 2340 quidem

2091 2367 2354 2432 scriptum
2386 2376 2471 2422 est
2502 2385 2515 2419 :
2559 2385 2577 2417 ι
2632 2367 2768 2422 Cum
2815 2367 2930 2436 jam
2980 2366 3233 2422 diabolus
3264 2366 3577 2421 immisisset
3609 2365 3664 2419 in

2093 2475 2189 2516 cor
2216 2458 2368 2515 Iudae
2396 2459 2632 2515 Simonis
2655 2459 2953 2524 Iscariotaa,
2994 2468 3054 2512 ut
3096 2459 3346 2528 proderet
3368 2474 3490 2512 eum
3510 2457 3555 2491 δι
3581 2474 3600 2526 ;
3637 2476 3657 2510 ι

2093 2554 2187 2610 sed
2218 2551 2351 2607 huic
2379 2561 2781 2621 consequenter
2815 2552 2960 2606 dices
2983 2552 3050 2607 de
3080 2550 3307 2620 singulis
3352 2565 3447 2604 cor
3489 2564 3519 2603 a
3550 2550 3665 2604 dia-

2095 2645 2220 2702 bolo
2255 2646 2500 2700 saucium
2552 2643 2875 2699 habentibus
2905 2660 2922 2697 :
2955 2657 3081 2697 cum
3118 2645 3231 2711 jam
3266 2642 3502 2696 misisset
3536 2642 3661 2696 dia-

2093 2737 2253 2793 holus
2289 2737 2342 2791 in
2377 2752 2473 2791 cor
2521 2735 2664 2790 illius
2687 2744 2749 2789 ut
2790 2734 3194 2800 fornicaretur;
3226 2744 3281 2789 et
3307 2733 3360 2788 in
3396 2749 3493 2788 cor
3523 2734 3668 2791 illius

2095 2840 2156 2884 ut
2180 2830 2497 2895 fraudaret;
2533 2836 2590 2882 et
2621 2837 2681 2881 ut
2702 2828 2929 2894 perdita:
2952 2826 3230 2897 opinionis
3252 2826 3505 2881 admittat
3544 2825 3664 2880 ido-

2099 2921 2378 2978 lolatriam
2409 2918 2641 2987 alicujus
2666 2932 2732 2971 ex
2759 2916 2845 2973 his
2869 2916 2960 2985 qui
2988 2917 3240 2972 videntur
3259 2931 3381 2972 esse
3406 2917 3460 2971 in
3487 2915 3668 2988 digni-

2098 3022 2208 3069 tate
2237 3032 2253 3069 :
2281 3024 2336 3068 et
2360 3013 2462 3067 isto
2498 3011 2658 3066 modo
2682 3011 2735 3064 in
2784 3012 3002 3065 caeteris
3028 3010 3266 3079 peccatis
3295 3009 3460 3064 etiam
3492 3009 3664 3073 dices,

2098 3120 2216 3175 qua:
2261 3103 2508 3159 diabolus
2541 3101 2708 3156 mittit
2752 3101 2804 3153 in
2838 3114 2934 3154 cor
2967 3100 3111 3169 quod
3163 3113 3270 3152 non
3327 3098 3491 3152 habet
3544 3097 3670 3153 lldei

2096 3207 2350 3261 scutum;
2396 3208 2504 3263 quo
2536 3192 2657 3247 ﬁdei
2687 3200 2843 3246 scuto
2888 3205 2996 3259 non
3037 3206 3223 3253 unam,
3251 3198 3346 3243 aut
3385 3190 3547 3255 duas,
3573 3192 3668 3247 sed

2094 3302 2286 3344 omnes
2337 3285 2464 3339 mali
2501 3283 2731 3354 sagittas
2773 3282 2976 3353 iguitas
3025 3282 3376 3352 exstinguere
3398 3284 3522 3350 quis
3569 3295 3670 3351 po-

2097 3391 2204 3439 test
2235 3382 2301 3434 δ’.

2167 3476 2222 3530 5.
2256 3473 2741 3544 Appropinquante
2773 3468 2942 3540 igitur
2966 3463 3267 3522 mconomia
3294 3460 3588 3531 passionis,
3618 3460 3671 3513 in

2104 3580 2211 3633 qna
2237 3563 2554 3633 proditurus
2585 3574 2708 3614 eum
2734 3566 2853 3613 erat
2877 3554 3044 3609 ludas
3094 3552 3335 3608 Simonis
3362 3549 3670 3611 lscariotes,

2102 3672 2131 3710 a
2148 3653 2361 3709 diabolo
2382 3652 2596 3706 saucius
2623 3649 2798 3703 factus
2821 3664 2838 3713 ;
2873 3665 2892 3696 ι
2917 3659 3069 3699 cinna
3092 3644 3202 3714 jam
3235 3641 3398 3708 facta,
3421 3638 3620 3703 sciens,
3644 3657 3666 3693 ο

2103 3745 2298 3816 inquit,
2329 3761 2349 3794 ι
2373 3740 2532 3797 Iesus
2558 3739 2740 3794 omnia
2767 3737 2869 3793 sibi
2902 3734 3115 3791 dedisse
3135 3731 3349 3787 Patrem
3377 3731 3429 3784 in
3459 3742 3672 3790 manus,

2102 3850 2269 3906 seque
2309 3850 2339 3888 a
2388 3833 2499 3888 Deo
2530 3832 2752 3894 exiisse,
2783 3837 2838 3884 et
2871 3827 2938 3882 ad
2970 3824 3154 3897 Deum
3195 3822 3366 3886 abire,
3414 3820 3586 3889 surgit
3641 3833 3674 3872 a

2103 3942 2260 3983 caena
2288 3926 2358 3979 “.
2391 3944 2410 3977 ι
2443 3922 2614 3994 Igitur
2641 3935 2762 3990 qua:
2792 3927 2951 3973 antea
2991 3931 3101 3970 non
3130 3923 3296 3969 erant
3344 3913 3396 3965 in
3429 3911 3674 3966 manibus

2103 4020 2232 4076 Iesu
2259 4061 2275 4087 ,
2308 4019 2510 4074 dantur
2539 4030 2568 4069 a
2598 4013 2761 4068 Patre
2804 4012 2859 4066 in
2918 4024 3078 4063 manu
3131 4006 3296 4068 illius,
3346 4019 3446 4060 nec
3491 4003 3675 4073 aliqua

2105 4114 2348 4185 quidem,
2380 4119 2435 4165 et
2453 4109 2633 4177 aliqua
2666 4122 2796 4170 non,
2826 4104 2995 4175 ωε
3039 4100 3132 4155 sed
3169 4100 3350 4154 omnia
3381 4115 3394 4151 :
3427 4110 3547 4165 quae
3566 4097 3677 4164 spi-

2108 4206 2376 4263 ritualiter
2401 4204 2567 4260 David
2607 4202 2801 4256 videns
2833 4196 3012 4265 inquit
3044 4192 3091 4224 “
3122 4208 3139 4250 :
3174 4210 3192 4242 ι
3229 4191 3371 4244 Dixit
3417 4186 3676 4241 Dominus

2108 4300 2336 4356 Domino
2365 4311 2487 4352 meo
2523 4313 2538 4350 :
2577 4293 2721 4350 Sede
2747 4291 2814 4345 ad
2846 4290 3096 4344 dextram
3145 4296 3341 4346 meam,
3371 4280 3542 4335 donec
3568 4276 3676 4330 iul-

2107 4391 2280 4444 micos
2312 4396 2433 4443 tuos
2455 4385 2682 4441 subdam
2718 4379 3023 4439 scabellum
3057 4375 3283 4446 pedibus
3319 4371 3445 4427 tuis.
3492 4387 3513 4422 ι
3546 4367 3677 4422 Ete-

434 4507 555 4561 μου,
581 4487 687 4551 ἕως
707 4485 772 4539 ἂν
799 4484 876 4537 θῶ
908 4481 1037 4544 τοὺς
1076 4475 1306 4549 ἐχθρούς
1336 4490 1430 4527 σου
1458 4469 1743 4525 ὑποπόδιον
1766 4466 1877 4520 τῶν
1909 4485 1995 4519 πο-

2111 4482 2221 4537 nim
2246 4478 2452 4534 inimici
2482 4475 2611 4532 Iesu
2640 4489 2768 4545 pars
2799 4471 3047 4542 quaadam
3074 4467 3316 4521 omnium
3358 4469 3518 4518 erant
3541 4473 3680 4530 quos

431 4558 535 4635 δῶν
565 4594 681 4631 σου·
717 4593 736 4627 ›
771 4573 865 4633 καὶ
889 4571 999 4643 γὰρ
1015 4570 1063 4624 οί
1089 4566 1273 4639 ἐχθροὶ
1301 4563 1395 4618 τοῦ
1425 4561 1602 4633 Ἰησοῦ
1637 4559 1801 4631 μέρος
1823 4575 1875 4611 τι
1896 4558 2005 4611 τῶν

436 4669 649 4721 πάντων
678 4662 837 4738 ἦσαν,
868 4662 961 4727 οὓς
985 4661 1121 4733 ᾔδει,
1145 4661 1269 4712 ὅσον
1295 4656 1390 4708 ἐπὶ
1408 4656 1476 4726 τῇ
1510 4649 1835 4724 προγνώσει,
1865 4649 2007 4702 δεδό-

436 4759 559 4812 σθαι
583 4756 690 4810 άπδ
720 4755 815 4809 τοῦ
857 4752 1070 4824 Πατρὸς
1109 4747 1259 4820 αύτῷ
1283 4748 1312 4801 6
1349 4744 1577 4816 Ἰησοῦς.
1609 4744 1729 4796 Ἵνα
1755 4741 1811 4794 δὲ
1842 4739 2007 4809 σαφέ-

436 4864 622 4920 στερον
648 4846 1009 4917 θεωρήσωμεν
1040 4841 1091 4895 τί
1111 4842 1226 4893 ἐστι
1256 4837 1338 4903 :6,
1368 4856 1386 4887 (
1424 4836 1609 4889 Πάντα
1634 4833 1833 4886 ἔδωκεν
1858 4829 2007 4901 αύτῷ

435 4945 464 4994 6
491 4939 682 5010 Πατὴρ
704 4938 782 5000 είς
802 4936 902 4998 τὰς
936 4936 1144 5006 χεῖρας,
1188 4951 1208 4984 ι
1244 4927 1572 5001 προσχῶμεν
1600 4922 1700 4995 τῷο
1742 4943 1760 4974 ι
1799 4923 2008 4992 Ὥσπερ

436 5035 544 5106 γὰρ
591 5035 649 5089 ὲν
704 5031 783 5104 τῷ
828 5028 999 5099 Ἀδὰμ
1059 5027 1258 5089 πάντες
1313 5022 1779 5093 ἀποθνήσκουσιν,
1835 5016 2008 5080 οὕτως

439 5128 533 5181 καὶ
569 5126 627 5179 ὲν
660 5123 740 5194 τῷ
771 5118 992 5193 Χριστῷ
1034 5117 1146 5189 (86)
1190 5115 1391 5177 πάντες
1428 5108 1945 5181 ζωοποιηθήσονται·
1985 5126 2004 5158 ι

438 5217 550 5272 ἀλλ’
579 5218 629 5270 εί
658 5214 754 5269 καὶ
782 5214 958 5268 πάντα
986 5210 1184 5263 έδωκεν
1212 5204 1361 5276 αὐτῷ
1384 5206 1414 5258 6
1453 5200 1645 5271 Πατὴρ
1670 5201 1751 5262 είς
1775 5195 1875 5261 τὰς
1900 5197 2013 5266 χεῖ-

442 5327 558 5381 ρας,
594 5308 689 5362 καὶ
710 5308 768 5361 ὲν
800 5303 880 5376 τῷ
918 5299 1138 5374 Χριστῷ
1174 5297 1376 5358 πάντες
1403 5289 1918 5360 ζωοποιηθήσονται,
1949 5287 2012 5340 οὐ

512 5426 556 5458 ³⁸
594 5424 825 5495 διιιιειιζ
841 5420 931 5475 24.
1022 5418 1069 5450 ’⁸⁸
1103 5410 1499 5495 ἔροηηῃμηὶ.
1552 5405 1785 5495 ξζιῐοιεὲη.
1825 5415 1952 5470 xm,
1982 5406 2039 5460 2.

443 5510 554 5557 cur.
589 5474 952 5551 i.“"~i'isan.
984 5504 1104 5552 xm,
1137 5487 1191 5540 ‘5.
1266 5483 1313 5515 “
1348 5482 1365 5536 I
1395 5480 1521 5536 Cor.
1551 5492 1642 5542 xv,
1665 5474 1758 5529 22.

508 5587 893 5663 (85)lta_hunc
918 5584 1098 5663 locum
1118 5577 1342 5663 sanitati
1374 5568 1846 5663 gestaj‘tqiigodeig
1875 5564 2017 5663 god-

443 5636 891 5721 ιοίἶινιῖιίέξῖιὶιῖοξὲ
910 5636 1054 5708 enim
1087 5654 1139 5705 in
1163 5642 1546 5721 codiceRegio
1577 5640 1792 5721 legitur,
1820 5636 1984 5721 βεϐλη

732 5706 1068 5816 63%;qu
1087 5720 1229 5816 ῶοσξε
1255 5717 1313 5770 δὲ
1346 5706 1573 5816 ἀραέᾶθαι
1602 5706 1773 5778 αὐτῷ,
1794 5706 1900 5763 etc.

518 5799 629 5871 (84)
661 5788 843 5854 Codex
871 5788 1092 5862 Regius,
1122 5788 1269 5859 βέλη,
1297 5788 1455 5838 male.

761 5910 1033 5970 ΡΑτιιοι..
1066 5904 1183 5965 Gtt.
1225 5898 1389 5962 XIV.

2112 4583 2335 4631 noverat
2361 4572 2540 4638 Iesus,
2567 4578 2827 4639 quantum
2861 4567 2928 4620 ad
2946 4559 3369 4633 praescientiam,
3387 4556 3490 4611 sibi
3527 4556 3680 4610 datos

2113 4668 2278 4722 fuisse
2299 4680 2328 4718 a
2354 4663 2535 4718 Patre.
2557 4662 2626 4718 IJt
2644 4668 2823 4715 autem
2851 4655 3133 4709 videamus
3157 4648 3396 4718 apertius
3423 4645 3551 4714 quid
3573 4646 3680 4711 sit,

2117 4781 2135 4812 ι
2170 4757 2361 4814 Omnia
2389 4754 2537 4811 dedit
2575 4751 2624 4806 ei
2655 4750 2817 4804 Pater
2863 4747 2918 4801 iu
2949 4757 3141 4799 manus
3168 4741 3235 4806 ι’,
3275 4758 3294 4792 ι
3330 4736 3680 4807 inspiciamus

2114 4853 2217 4908 hoc
2273 4850 2477 4904 dictum
2523 4862 2539 4900 :
2595 4862 2615 4895 ι
2672 4835 3138 4908 Quemadmodum
3192 4833 3336 4888 enim
3384 4843 3575 4884 omnes
3621 4829 3669 4881 ἱιι

2111 4941 2279 4995 Adam
2312 4935 2644 4997 moriuntur,
2681 4933 2761 4986 sic
2784 4928 2946 4983 etiam
2975 4927 3029 4981 in
3062 4925 3280 4981 Christo
3327 4933 3518 4975 omnes
3545 4916 3678 4968 vivi-

2110 5030 2420 5087 ﬁcabuntur
2439 5026 2522 5094 “;
2565 5042 2583 5076 ι
2613 5035 2737 5077 nam
2765 5018 3013 5088 quamvis
3053 5010 3353 5071 dederitilli
3369 5007 3549 5063 omnia
3579 5004 3680 5089 P9-

2112 5135 2196 5181 ter
2227 5122 2281 5176 in
2320 5132 2535 5182 manus,
2567 5124 2733 5185 atque
2784 5112 2841 5166 in
2877 5108 3097 5167 Christo
3128 5104 3240 5161 sint
3283 5115 3473 5158 omnes
3506 5095 3650 5152 vivitl

2114 5213 2300 5278 candi,
2330 5225 2438 5266 non
2492 5202 2843 5262 confunditur
2897 5211 3079 5255 tamen
3126 5192 3341 5264 iustitia
3388 5189 3504 5254 Dei,
3549 5187 3679 5256 quin

2114 5301 2427 5361 distributio
2458 5299 2554 5353 llat
2591 5309 2657 5349 ex
2713 5292 2978 5364 dignitate
3020 5283 3488 5352 uniuscujusque;
3537 5278 3681 5348 quod

2132 5403 2179 5437 ⁸⁸
2206 5399 2405 5470 Ephes.
2469 5409 2545 5457 vi,
2599 5389 2688 5446 l6.
2779 5387 2826 5420 “
2859 5383 3015 5442 Joan.
3061 5396 3182 5447 xm,
3216 5380 3278 5445 2,
3326 5376 3382 5434 4.
3457 5374 3505 5406 ⁸⁵
3537 5370 3678 5426 Psal.

2150 5553 2513 5629 Γ(85)(Ξοι1ιξιι
2577 5547 2925 5611 Bodleianus,
2982 5538 3401 5611 πνευματικῶς·
3461 5535 3678 5607 Regius,

2114 5622 2386 5697 πνεύματι
2409 5622 2525 5697 καί.

2184 5673 2761 5769 Regius,
2792 5686 2851 5741 ὲν
2877 5681 2954 5753 τῷ
2981 5679 3189 5750 Κυρίῳ,
3216 5677 3420 5732 omisso
3449 5673 3568 5731 κατ,

3326 5849 3405 5907 26
