4182 6368
527 332 632 388 7H

2004 328 2331 386 ORIGENIS

3707 326 3810 383 7&8

530 446 840 505 declaratur
888 463 953 504 ex
985 448 1071 505 his
1117 464 1238 520 quae
1281 463 1409 504 mox
1468 448 1593 504 huic
1642 447 1810 518 dicto,
1863 466 1881 500 ι
1921 448 2015 503 Sic
2067 447 2103 501 it

2228 446 2510 516 συγχεῖται
2555 445 2589 517 ἡ
2617 442 2933 515 δικαιοσύνη
2967 440 3062 496 τοῦ
3090 439 3249 508 Θεοῦ,
3278 440 3373 496 καὶ
3401 442 3462 496 τὸ
3496 443 3614 497 κατ’
3654 443 3811 511 ἀξίαν

528 541 750 598 Christo
799 556 994 596 omnes
1056 541 1530 607 viviﬁcabuntur,
1594 560 1613 595 ι
1670 539 2113 611 subjunguntur,

530 646 748 702 nempe,
800 648 820 683 ι
876 631 1267 702 Unusquisque
1305 641 1482 687 autem
1514 632 1566 687 in
1618 647 1717 687 suo
1747 632 1940 687 ordine
1967 630 2034 683 δ’.
2091 649 2111 682 ι

529 720 852 794 Rursusque
885 725 1036 780 varie
1068 725 1213 795 ipsos
1247 725 1625 780 considerabis
1668 727 1892 782 ordines
1920 743 2114 783 eorum

527 816 621 887 qui
672 816 726 871 in
780 815 998 872 Christo
1030 826 1157 872 sunt
1207 816 1539 881 viviﬁcandi,
1590 818 1811 887 quando
1857 818 2116 887 impletur

529 907 686 975 illud,
756 926 775 960 ι
818 907 1011 964 Omnia
1046 907 1193 964 dedit
1247 909 1297 963 ei
1326 906 1491 964 Pater
1518 909 1569 963 in
1606 925 1801 966 manus
1824 910 1892 977 ⁸⁸,
1928 929 1947 963 ι
1983 911 2114 967 illud

530 1008 728 1055 notans
757 1019 771 1054 :
811 1018 831 1053 ι
872 1000 1163 1070 Primitiae;
1190 1000 1443 1056 Christus
1474 1016 1491 1058 :
1523 1001 1718 1056 deinde
1759 1002 1811 1057 hi
1841 1002 1932 1071 qui
1986 1012 2113 1058 sunt

527 1089 757 1156 Christi,
804 1090 856 1145 in
882 1091 1117 1147 adventu
1148 1091 1267 1163 ejus
1311 1110 1325 1161 ;
1378 1087 1571 1145 deinde
1619 1084 1745 1144 ﬁnis
1803 1111 1818 1160 ;
1869 1112 1887 1145 ι
1926 1095 2019 1166 qui
2051 1094 2114 1148 li-

526 1182 616 1238 nis
647 1198 770 1237 cum
817 1182 1038 1240 Christo
1092 1185 1143 1238 in
1184 1186 1421 1240 adventu
1478 1183 1599 1253 ejus
1634 1185 1878 1251 instabit,
1913 1205 1932 1239 ι
1987 1202 2111 1242 cum

530 1274 817 1330 tradiderit
863 1289 1089 1345 regnum
1124 1275 1236 1330 Deo
1268 1286 1323 1330 et
1354 1275 1499 1331 Patri
1529 1293 1543 1343 ;
1590 1277 1741 1346 prius
1784 1279 1930 1333 omni
1960 1279 2111 1349 prin-

529 1365 712 1436 cipatu
743 1407 759 1432 ,
794 1374 849 1421 et
878 1367 1026 1421 omni
1079 1376 1375 1437 potestate,
1428 1383 1493 1423 ac
1537 1365 2044 1424 virtuteabolitis".
2085 1391 2104 1423 ι

530 1456 671 1533 [(87)
708 1457 833 1513 llmc
864 1467 1042 1513 autem
1075 1467 1224 1526 sunt,
1254 1467 1313 1513 ut
1345 1459 1604 1525 arbitror,
1642 1475 1764 1515 cum
1794 1461 1992 1531 quibus
2022 1461 2107 1516 lu-

527 1562 622 1605 eta
658 1559 767 1612 est,
801 1558 860 1604 ut
888 1549 999 1617 jam
1050 1564 1158 1603 non
1201 1548 1273 1604 sit
1304 1550 1662 1621 principatus,
1698 1568 1802 1606 non
1845 1562 2106 1623 potestas,

531 1657 637 1696 non
664 1643 829 1696 etiam
854 1644 1048 1703 virtus,
1076 1656 1198 1696 cum
1228 1642 1429 1711 quibus
1474 1653 1559 1697 est
1581 1643 1727 1698 lucta
1763 1653 1815 1698 et
1844 1645 2109 1701 collucta-

529 1734 607 1788 tio
633 1734 680 1767 ⁸⁸
718 1734 831 1789 :ob
859 1748 1089 1803 eamque
1137 1747 1356 1787 causam
1384 1734 1499 1802 jam
1560 1734 1718 1790 luctas
1764 1736 1946 1792 nullus
1999 1737 2106 1791 erit

2218 538 2446 591 ἕκαστον
2484 536 2908 608 οίκονομεῖσθαυ
2942 536 3082 607 ὅπερ
3115 534 3368 606 δηλοῦται
3406 536 3810 609 ἐπιφερομένου

2214 630 2312 702 τῷ,
2337 649 2357 682 ι
2393 630 2580 694 Οῦτως
2604 632 2661 685 ἐν
2682 629 2761 700 τῷ
2782 628 3006 701 Χριστῷ
3021 628 3223 692 πάντες
3251 627 3770 700 ζωοποιηθήσονται,
3785 650 3807 685 ι

2214 720 2330 774 τοῦ·
2371 741 2390 772 ι
2425 721 2698 784 ’Ἕκαστος
2732 719 2789 773 δὲ
2821 722 2880 773 ἐν
2907 718 2987 790 τῷ
3024 719 3139 790 ίδίῳ
3164 720 3428 790 τάγματι.
3473 738 3492 770 ι
3526 719 3696 774 Πάλιν
3748 739 3811 777 τε

2215 813 2355 867 αὑτὰ
2383 813 2656 885 διαφόρως
2676 815 2891 885 νοήσεις
2919 812 3179 884 τάγματα
3202 812 3313 865 τῶν
3344 815 3403 866 ἐν
3427 812 3653 884 Χριστῷ
3676 814 3811 878 ζωο-

2215 906 2685 977 ποιηθησομένων,
2733 905 2821 958 ὅτε
2863 904 3165 977 πληροῦται
3209 905 3293 969 τὸ,
3329 923 3349 956 ι
3392 905 3578 959 Πάντα
3611 905 3809 959 ἔδωκεν

2214 998 2363 1069 αὑτῷ
2410 1000 2438 1051 6
2494 997 2687 1069 Πατὴρ
2738 998 2819 1061 εἰς
2875 996 2973 1060 τὰς
3026 998 3238 1068 χεῖρας,
3294 1014 3313 1046 ι
3364 996 3668 1067 ἐπιστήσας
3705 996 3804 1068 τῷ·

2220 1110 2240 1143 ι
2269 1090 2518 1163 Ἀπαρχὴ
2547 1091 2800 1163 Χριστὸς,
2820 1091 3011 1144 ἔπειτα
3036 1095 3088 1147 οῖ
3113 1088 3208 1143 τοῦ
3240 1088 3476 1160 Χριστοῦ
3506 1091 3562 1141 ἐν
3578 1092 3644 1160 τῇ
3665 1107 3809 1161 παρ-

2212 1184 2368 1255 ουσία
2419 1182 2607 1247 αὑτοῦ,
2648 1179 2770 1237 εἷτα
2800 1182 2861 1236 τὸ
2894 1182 3066 1245 τέλος
3114 1201 3132 1234 ι
3172 1182 3310 1253 ὅπερ
3342 1179 3494 1243 τέλος
3535 1179 3673 1251 μετά
3710 1181 3807 1233 τοῦ

2212 1272 2449 1346 Χριστοῦ
2474 1276 2532 1327 ἐν
2556 1275 2623 1344 τῇ
2656 1271 2929 1343 παρουσίᾳ
2957 1268 3121 1323 αὑτοῦ
3158 1269 3498 1339 ἐνστήσεται,
3542 1287 3558 1317 ι
3585 1268 3676 1320 ὅτε
3703 1284 3810 1321 πα-

2214 1364 2444 1437 ραδώσει
2484 1365 2583 1436 τὴν
2632 1362 2906 1434 βασιλείαν
2939 1361 3018 1433 τῷ
3043 1360 3162 1432 Θεῷ
3188 1361 3282 1414 καὶ
3307 1359 3507 1431 Πατρὶ,
3539 1359 3805 1432 πρότερον

2211 1458 2563 1529 καταργήσας
2606 1457 2788 1510 πᾶσαν
2823 1455 3018 1527 ἀρχὴν,
3058 1454 3153 1508 καὶ
3178 1455 3357 1507 πᾶσαν
3390 1451 3660 1518 ἐξουσίαν,
3709 1454 3805 1507 καὶ

2210 1548 2458 1621 δύναμιν.
2502 1569 2521 1601 ι
2550 1548 2734 1602 Ταῦτα
2765 1547 2833 1613 δ’,
2857 1542 3032 1617 οἶμαι,
3062 1548 3181 1600 ἐστὶ
3211 1544 3349 1617 πρὸς
3371 1544 3408 1599 ἀ
3440 1547 3474 1617 ή
3507 1544 3677 1617 πάλη,
3714 1545 3804 1599 ἵνα

2215 1640 2411 1711 μηκέτι
2522 1640 2686 1711 ἀρχὴ,
2723 1641 2817 1693 καὶ
2857 1638 3097 1705 ἐξουσία,
3123 1641 3218 1693 καὶ
3249 1636 3505 1707 δύναμις·
3533 1635 3672 1707 πρὸς
3703 1636 3739 1690 ἃ
3765 1638 3801 1708 ἡ

2212 1733 2381 1804 πάλη,
2411 1734 2507 1787 καὶ
2533 1732 2621 1785 διὰ
2644 1718 2803 1785 τοῦτο
2839 1731 3035 1803 μηκέτι
3066 1732 3287 1801 ὑπάρχῃ
3315 1728 3483 1800 πάλη,
3514 1745 3803 1800 καταργη-

529 1829 751 1884 relictus
781 1827 954 1892 locus,
1004 1830 1150 1883 omni
1198 1830 1532 1900 principatu,
1590 1839 1859 1897 potestate
1898 1840 1954 1885 et
2000 1830 2103 1885 vir-

2211 1825 2398 1898 θείσης
2423 1827 2604 1898 πάσης
2631 1825 2808 1897 ἀρχῆς
2833 1842 2895 1878 τε
2946 1825 3041 1877 καὶ
3072 1823 3340 1891 ἐξουσίας,
3369 1822 3464 1877 καὶ
3493 1822 3799 1893 δυνάμεως.

530 1929 646 1974 tute
694 1919 912 1976 deletis.
944 1918 966 1992 ]
1001 1919 1178 1974 Movet
1219 1930 1402 1974 autent
1439 1935 1525 1974 me
1555 1930 1615 1974 ut
1656 1923 1872 1976 credam
1906 1922 2108 1990 princi-

526 2021 711 2081 patum
740 2026 959 2066 omnem
990 2051 1004 2074 ,
1035 2020 1089 2066 et
1121 2019 1446 2081 potestatem
1476 2026 1715 2077 omnem,
1760 2020 1817 2065 et
1853 2012 2106 2068 virtutem

527 2119 746 2158 omnem
776 2118 895 2172 quae
920 2102 1301 2167 destruuntur,
1330 2118 1393 2156 ea
1421 2116 1542 2157 esse
1583 2104 1843 2158 adversus
1868 2118 1988 2173 qua:
2010 2120 2109 2158 no-

526 2196 612 2251 bis
658 2196 730 2249 sit
777 2209 976 2265 pugna,
1008 2209 1074 2250 eo
1106 2194 1250 2264 quod
1284 2194 1370 2249 his
1404 2209 1523 2264 quae
1571 2194 1770 2251 Paulus
1818 2195 1955 2251 dixit
1984 2212 2108 2251 mox

529 2289 891 2359 subjungatur
925 2303 940 2342 :
984 2306 1002 2341 ι
1041 2289 1269 2359 Oportet
1303 2287 1449 2341 enim
1497 2302 1621 2342 eum
1653 2304 1905 2360 regnare,
1934 2290 2109 2344 donec

528 2380 771 2451 posuerit
792 2395 982 2435 omnes
1006 2379 1257 2434 inimicos
1277 2379 1379 2433 sub
1407 2380 1572 2448 pedes
1594 2395 1758 2436 suos:
1789 2381 1983 2437 deinde
2012 2397 2109 2435 no-

527 2472 785 2527 vissimus
831 2471 1007 2526 hostis
1050 2469 1335 2525 abolentur
1369 2486 1513 2527 mors
1535 2471 1624 2538 ⁸¹;
1672 2491 1691 2527 ι
1725 2475 1870 2543 quod
1926 2474 2107 2545 profe-

529 2571 616 2617 cto
652 2577 774 2616 cum
827 2564 931 2617 hoc
982 2564 1153 2629 dicto,
1222 2582 1241 2616 ι
1294 2562 1488 2619 Omnia
1538 2563 1683 2619 dedit
1729 2565 1802 2619 illi
1835 2563 1999 2620 Pater
2048 2565 2103 2619 in

529 2667 723 2707 manus
757 2653 876 2723 ejus
902 2655 971 2720 ",
1013 2673 1031 2706 ι
1073 2656 1363 2722 convenit;
1415 2656 1467 2712 id
1501 2656 1643 2726 quod
1674 2657 1915 2727 apertius
1940 2672 2107 2727 expo-

528 2760 666 2800 nens
696 2744 895 2801 Paulus
926 2746 1105 2816 inquit
1135 2763 1151 2802 :
1183 2765 1202 2799 ι
1236 2746 1370 2802 Cum
1414 2758 1595 2801 autem
1641 2748 1787 2803 dicat
1812 2749 1992 2804 omnia
2026 2749 2102 2804 illi

528 2837 773 2904 subjecta
809 2853 933 2893 esse
960 2878 975 2904 ,
1016 2838 1195 2908 palam
1228 2848 1310 2894 est
1358 2840 1736 2909 excipiendum
1769 2854 1891 2895 esse
1937 2856 2059 2897 eum
2084 2882 2101 2908 ,

527 2931 618 2999 qui
637 2931 870 3000 subjecit
900 2931 974 2986 illi
1008 2933 1190 2987 omnia
1211 2933 1277 2987 ⁸³.
1312 2951 1330 2985 ι
1363 2933 1457 2988 Sin
1490 2948 1618 2988 vero
1652 2935 1832 2988 omnia
1862 2935 2101 3006 subjecta

527 3022 682 3078 fuere
700 3033 899 3092 prater
918 3039 1038 3078 eum
1064 3025 1156 3095 qui
1182 3025 1414 3094 subjecit
1430 3024 1506 3079 illi
1533 3026 1735 3089 omnia,
1754 3028 2099 3098 perspicuum

525 3124 610 3170 est
636 3115 779 3185 quod
798 3126 851 3169 et
878 3116 923 3170 is
963 3116 1028 3171 de
1059 3132 1165 3187 quo
1195 3118 1456 3186 scriptum
1486 3126 1607 3182 est,
1637 3135 1656 3168 ι
1688 3118 1883 3173 Coram
1918 3118 2101 3175 Domi-
2126 3149 2168 3208 ο

527 3222 599 3263 no
652 3208 1025 3276 omnipotente
1071 3208 1270 3263 collum
1320 3208 1482 3278 fregit
1533 3209 1601 3272 “,
1659 3228 1678 3263 ι
1732 3210 1837 3265 erit
1887 3225 1955 3266 ex
2013 3213 2098 3267 his

526 3301 617 3371 qui
673 3301 976 3357 subduntur
1010 3301 1126 3362 illi;
1168 3303 1345 3356 victus
1392 3309 1449 3355 ut
1495 3303 1655 3356 cedat
1702 3302 1973 3369 Sermoni,
2004 3305 2097 3360 Fi-

524 3391 600 3446 lio
644 3392 762 3457 Dei,
817 3402 870 3445 et
907 3402 963 3447 ut
997 3393 1264 3447 subdatur
1318 3392 1541 3462 imagini
1602 3393 1717 3458 Dei,
1770 3404 1824 3449 et
1864 3396 1934 3449 sit
1968 3397 2097 3451 sub-

525 3482 738 3537 sellium
795 3482 997 3538 Christi
1062 3482 1280 3552 pedum.
1339 3480 1732 3537 (Economiam
1794 3484 1957 3554 igitur
2011 3501 2100 3539 as-

522 3573 731 3645 piciens
775 3574 841 3627 ad
895 3573 1097 3627 bonum
1161 3573 1322 3627 ﬁnem
1373 3572 1485 3642 jam
1549 3575 1879 3641 tendentem,
1930 3576 2096 3648 409

527 3673 744 3735 propter
815 3664 942 3719 illud
993 3683 1006 3719 :
1061 3682 1081 3716 ι
1142 3663 1277 3720 Cum
1315 3664 1430 3734 jam
1490 3666 1810 3722 immisisset
1854 3669 2100 3725 diabolus

500 3757 581 3811 -in
630 3772 728 3811 cor
773 3755 922 3811 Iudae
973 3757 1210 3813 Simonis
1275 3758 1587 3825 lscariotis,
1635 3767 1694 3815 ut
1731 3776 1853 3815 eum
1899 3765 2098 3831 prode-

525 3858 610 3904 ret
632 3849 702 3913 ⁵⁸,
734 3869 752 3902 ι
782 3861 1005 3906 noverat
1024 3854 1203 3905 omnia
1227 3851 1330 3906 sibi
1349 3851 1562 3907 Patrem
1589 3853 1798 3909 dedisse
1816 3895 1831 3920 ,
1855 3855 2098 3911 dedisse-

525 3955 630 4011 que
666 3941 718 3995 in
745 3957 935 3996 manus
959 3942 1139 3995 omnia
1164 3942 1443 4010 capientes
1463 3983 1478 4006 ,
1512 3953 1568 3998 ut
1594 3945 1777 3999 omnia
1804 3955 1985 4001 essent
2018 3947 2096 4002 illi

525 4035 828 4104 mancipia;
859 4035 944 4089 vel
967 4035 1150 4089 omnia
1175 4033 1391 4089 dedisse
1425 4035 1526 4090 sibi
1569 4034 1784 4092 Patrem
1822 4036 1875 4090 in
1906 4052 2098 4094 manus

524 4135 769 4191 noverat,
818 4127 921 4179 hoc
949 4135 1033 4180 est
1083 4125 1134 4179 in
1167 4125 1413 4180 actiones
1444 4141 1570 4181 suas
1613 4137 1668 4179 et
1713 4138 1863 4182 recte
1913 4127 2092 4193 facta;

525 4231 647 4270 nam
679 4236 697 4268 ι
728 4216 904 4280 Pater,
937 4234 957 4267 ι
991 4217 1196 4286 inquit,
1229 4234 1249 4268 ι
1282 4232 1436 4271 meus
1468 4219 1534 4271 ad
1563 4218 1665 4272 hoc
1698 4233 1867 4288 usque
1894 4226 2099 4287 tempo-

522 4310 599 4364 ris
626 4319 903 4377 operatur,
952 4318 1008 4364 et
1036 4324 1137 4379 ego
1171 4324 1367 4380 operor
1391 4310 1459 4364 ⁸⁸.
1492 4328 1512 4362 ι
1564 4309 1837 4365 Caeterum
1872 4321 2099 4380 propter

520 4399 610 4455 illa
632 4415 751 4469 quae
776 4416 806 4454 a
837 4400 946 4455 Deo
979 4401 1229 4455 exierant
1268 4402 1410 4455 facta
1447 4411 1600 4456 extra
1630 4403 1819 4468 Deum,
1853 4411 1909 4455 et
1935 4412 2091 4457 extra

2210 1922 2365 1973 Κινεῖ
2393 1920 2450 1973 δέ
2480 1937 2548 1991 με
2582 1922 2661 1983 είς
2686 1920 2747 1972 τὸ
2764 1919 2863 1990 τὴν
2889 1921 3342 1988 καταργουμένην
3386 1917 3567 1970 πᾶσαν
3601 1915 3798 1989 ἀρχὴν,

2210 2016 2303 2069 καὶ
2324 2016 2505 2069 πᾶσαν
2536 2014 2803 2081 ἐξουσίαν,
2840 2014 2935 2069 καὶ
2972 2013 3201 2083 δύναμιν
3240 2006 3381 2067 εἶναι
3414 2011 3483 2065 τὰ
3519 2011 3657 2083 πρὸς
3680 2012 3717 2066 ἃ.
3764 2013 3801 2085 ἡ

2210 2107 2378 2177 πάλη,
2408 2106 2469 2159 τὸ
2506 2106 2904 2177 ἐπιφερόμενον
2949 2104 3100 2176 παρά
3127 2103 3206 2174 τῷ
3240 2103 3440 2175 Παύλῳ
3460 2102 3692 2169 τούτοις,
3713 2104 3798 2158 τόο

2215 2216 2233 2249 ι
2273 2200 2365 2250 Δεῖ
2383 2196 2494 2267 γὰρ
2525 2196 2689 2250 αὑτὸν
2720 2195 3026 2266 βασιλεύειν
3047 2195 3205 2266 ἄχρις
3229 2188 3290 2248 οῦ
3322 2193 3390 2265 θῇ
3431 2194 3639 2257 πάντας
3672 2194 3801 2258 τοὺς

2209 2290 2440 2362 ἐχθροὺς
2463 2290 2569 2343 ὑπὸ
2586 2289 2752 2352 πόδας
2779 2286 2967 2341 αὑτοῦ·
2991 2284 3112 2342 εἶτα
3127 2287 3354 2359 ἔσχατος
3384 2287 3580 2359 ἐχθρὸς
3597 2303 3801 2359 καταρ-

2209 2385 2387 2449 γεῖται
2416 2384 2444 2436 6
2478 2381 2726 2446 θάνατος·
2765 2400 2785 2432 ι
2810 2379 2906 2434 καὶ
2931 2379 3148 2451 συνᾴδει
3177 2397 3241 2449 γε
3265 2379 3364 2451 τῷο
3403 2398 3421 2432 ι
3460 2380 3644 2434 Πάντα
3668 2379 3801 2434 ἐδω-

2209 2491 2305 2527 κεν
2327 2473 2477 2545 αὑτῷ
2508 2476 2537 2528 6
2568 2472 2757 2545 Πατὴρ
2783 2474 2862 2537 εἰς
2898 2476 2998 2536 τὰς
3026 2474 3215 2544 χεῖρας
3245 2471 3431 2525 αὑτοῦ·
3471 2490 3491 2523 ι
3524 2473 3661 2542 ὅπερ
3698 2488 3797 2526 σα.-

2210 2564 2470 2635 φέστερον
2489 2562 2838 2633 ἐκτιθέμενός
2862 2578 3027 2633 φησιν
3053 2564 3082 2615 6
3111 2561 3453 2626 Ἀπόστολος·
3487 2580 3506 2613 ι
3545 2562 3711 2616 Ὅταν
3737 2559 3798 2615 δὲ

2207 2654 2451 2726 εἴπῃ,ὄτι
2463 2654 2640 2708 πάντα
2660 2652 3043 2715 ὑποτέτακται,
3059 2650 3240 2722 δῆλον,
3256 2652 3339 2704 ὅτι
3367 2651 3524 2716 ἐκτὸς
3541 2650 3634 2705 τοῦ
3664 2652 3797 2705 ὑπο-

2206 2749 2465 2814 τάξαντος
2485 2746 2633 2818 αὑτῷ
2657 2745 2727 2799 τὰ
2743 2747 2941 2800 πάντα·
2969 2764 2987 2797 ι
3004 2748 3053 2800 εί
3080 2745 3137 2799 δὲ
3166 2745 3382 2798 ἃπαντα
3406 2744 3794 2809 ὑποτέτακται,

2208 2840 2487 2895 καὶτοῦτο
2528 2840 2705 2912 δῆλον,
2743 2840 2825 2894 ὅτι
2870 2840 3236 2894 ὑποτέτακται
3285 2840 3465 2894 πάντα
3512 2839 3669 2903 ἐκτὸς
3695 2824 3793 2893 τοῦ

2207 2932 2570 2998 ὑποτάξαντος
2612 2930 2759 3002 αὑτῷ
2787 2931 2856 2985 τὰ
2897 2932 3097 2997 πάντα,
3127 2933 3223 2985 καὶ
3257 2925 3412 2996 οὗτος
3455 2932 3584 3003 περὶ
3608 2923 3670 2985 οὗ
3698 2930 3794 3000 γέο

2206 3042 2468 3097 γραπται,
2510 3042 2530 3074 ι
2570 3021 2833 3077 Ἐνώπιον
2866 3022 3072 3093 Κυρίου
3103 3021 3541 3094 παντοκράτορος
3567 3024 3796 3093 ἐτραχη-

2204 3115 2379 3179 λίασε,
2400 3132 2419 3166 ι
2453 3112 2561 3166 τῶν
2578 3112 3033 3183 ὑποτασσομένων
3062 3110 3211 3181 αὑτῷ
3235 3110 3410 3175 ἔσται,
3442 3110 3683 3182 νικηθεὶς
3699 3111 3792 3163 ἐπὶ

2200 3207 2280 3279 τῷ
2309 3204 2449 3274 εἶξαι
2470 3205 2547 3277 τῷ
2562 3205 2740 3275 Λόγῳ,
2764 3205 2858 3257 καὶ
2878 3203 3220 3274 ὑποταγῆναι
3239 3207 3305 3275 τῇ
3332 3206 3498 3259 εἰκόνι
3514 3206 3607 3258 τοῦ
3630 3204 3787 3267 Θεοῦ,

2200 3303 2295 3355 καὶ
2309 3300 2559 3369 γενέσθαι
2577 3298 2866 3351 ὑποπόδιον
2884 3297 2993 3351 τῶν
3007 3296 3243 3368 Χριστοῦ
3262 3296 3456 3352 ποδῶν.
3480 3298 3592 3370 Τὴν
3607 3298 3789 3352 τοίνυν

2199 3391 2510 3462 οἰκονομίαν
2539 3389 2750 3460 βλέπων
2768 3390 2861 3442 ἐπὶ
2878 3389 2940 3442 τὸ
2955 3389 3188 3461 χρηστὸν
3198 3388 3348 3453 τέλος
3362 3388 3650 3444 ὁδεύουσαν
3662 3391 3788 3462 ἤδη,

2206 3484 2298 3537 διὰ
2337 3484 2422 3547 τὸ,
2464 3502 2484 3535 ι
2516 3481 2623 3536 Τοῦ
2656 3481 2902 3536 διαϐόλου
2940 3481 3265 3553 βεϐληκότος
3291 3484 3373 3547 είς
3400 3483 3497 3555 τὴν
3534 3484 3785 3555 καρδίαν,

2200 3577 2286 3629 ἵνα
2335 3574 2563 3646 παραδῴ
2606 3574 2768 3627 αὑτὸν
2815 3572 3013 3636 Ἰούδας
3058 3573 3299 3644 Σίμωνος
3345 3574 3728 3646 Ἰσκαριώτης,
3758 3602 3778 3634 ι

2198 3666 2334 3738 ᾔδει,
2377 3668 2459 3720 ὅτι
2507 3666 2684 3719 πάντα
2731 3664 2930 3719 ἔδωκεν
2969 3662 3118 3734 αὐτῷ
3158 3665 3188 3718 6
3217 3664 3426 3738 Πατὴρ,
3456 3667 3554 3719 καὶ
3586 3666 3789 3721 ἔδωκεν

2198 3761 2278 3822 είς
2310 3746 2406 3822 τὰς
2438 3757 2723 3829 χωρούσας
2756 3757 2824 3811 τὰ
2855 3756 3034 3811 πάντα
3068 3760 3277 3829 χεῖρας,
3314 3757 3401 3810 ἵνα
3506 3756 3575 3810 τὰ
3609 3759 3784 3811 πάντα

2203 3850 2352 3920 αὑτῷ
2385 3850 2695 3923 ὑποχείρια,
2739 3850 2772 3922 ἦ
2807 3851 2984 3903 πάντα
3015 3847 3215 3902 ἔδωκεν
3246 3849 3394 3919 αὑτῷ
3422 3850 3451 3901 6
3482 3848 3671 3921 Πατὴρ
3702 3851 3782 3912 είς

2195 3942 2293 4006 τὰς
2343 3945 2561 4013 χεῖρας,
2604 3941 2882 3995 τουτέστιν
2922 3944 3003 4004 εἰς
3042 3941 3143 4005 τάς
3177 3939 3404 4012 πράξεις
3446 3941 3647 4005 αὑτοῦ,
3688 3943 3782 3995 καὶ

2195 4034 2265 4088 τά
2312 4018 2812 4105 ἀνδραγαθήματαο
2851 4050 2871 4084 ι
2906 4033 2964 4086 ’0
3007 4034 3200 4105 Πατήρ
3243 4050 3343 4103 μου
3378 4052 3398 4085 ›
3432 4032 3561 4105 γάρ,
3593 4035 3778 4103 φησιν,

2203 4145 2221 4177 ι
2251 4125 2357 4188 ἕως
2409 4126 2535 4196 άρτι
2571 4124 2898 4196 ἐργάζεται,
2950 4123 3105 4192 κάγὼ
3143 4123 3465 4196 ἐργάζομαι.
3495 4144 3512 4176 ι
3562 4124 3662 4178 Διά
3712 4126 3780 4178 τὰ

2195 4215 2478 4281 ἐξελθόντα
2517 4217 2576 4269 δὲ
2605 4217 2713 4269 ἀπὸ
2742 4215 2837 4270 τοῦ
2865 4214 3023 4282 Θεοῦ,
3059 4215 3167 4282 ἐξω
3194 4215 3462 4287 γενόμενα
3492 4215 3587 4269 τοῦ
3620 4215 3776 4276 Θεοῦ.

2195 4308 2290 4362 καὶ
2343 4307 2437 4362 τοῦ
2494 4306 2568 4379 μὴ
2639 4307 2988 4379 βουληθέντος
3059 4307 3488 4378 προηγουμένως
3542 4306 3776 4372 ἐξελθεῖν

2196 4400 2304 4455 ἀπὸ
2344 4399 2438 4454 τοῦ
2488 4400 2720 4471 Πατρὸς,
2767 4400 2992 4469 ἐξῆλθεν
3040 4398 3149 4453 ἀπὸ
3192 4397 3289 4453 τοῦ
3342 4398 3498 4461 Θεοῦ,
3529 4398 3616 4451 ἵνα
3648 4397 3778 4471 ἔλθῃ

520 4506 643 4546 eum
678 4493 765 4561 qui
800 4491 1060 4548 noluisset
1092 4491 1462 4561 principaliter
1503 4494 1658 4547 exire
1696 4507 1725 4546 a
1756 4491 1946 4556 Patre,
1973 4494 2090 4548 exi-

2204 4492 2262 4547 τὰ
2290 4492 2401 4561 (88)
2431 4490 2713 4555 ἐξελθόντα
2740 4493 2819 4555 είς
2847 4491 2947 4554 τὰς
2986 4494 3175 4562 χεῖρας
3208 4489 3312 4562 ὁδῷ
3351 4491 3446 4544 καὶ
3489 4490 3640 4556 τάξει
3680 4490 3774 4545 τοῦ

520 4585 648 4639 vita
680 4584 787 4638 Deo
825 4582 1003 4645 Jesus,
1032 4593 1090 4637 ut
1115 4599 1236 4653 qua:
1260 4585 1508 4639 exierant
1531 4584 1779 4637 venirent
1810 4585 1861 4637 in
1900 4600 2089 4639 manus

519 4679 603 4731 via
637 4687 691 4731 et
718 4677 908 4731 ordine
935 4675 1061 4731 Jesu
1084 4718 1099 4743 ,
1139 4686 1194 4731 et
1232 4678 1651 4746 disponerentur
1697 4678 1762 4731 ad
1797 4677 1962 4730 Deum
2010 4677 2089 4732 ire

518 4769 798 4837 sequentia
825 4767 1040 4835 Jesum;
1087 4778 1139 4823 et
1168 4769 1294 4839 quia
1336 4777 1696 4837 sequerentur
1736 4767 1954 4830 Iesum,
1998 4767 2087 4821 fu-

520 4871 635 4916 tura
671 4862 810 4931 apud
850 4861 1019 4916 Deum
1044 4900 1057 4926 ,
1083 4876 1148 4915 ex
1191 4876 1298 4929 quo
1337 4861 1537 4914 dictum
1563 4870 1645 4914 est
1670 4860 1865 4915 Petro:
1921 4878 1942 4912 ι
1969 4858 2086 4926 Quo

514 4968 615 5024 ego
633 4955 791 5020 vado,
817 4968 921 5008 non
946 4962 1101 5022 potes
1127 4968 1214 5008 me
1239 4967 1381 5007 nunc
1413 4951 1600 5021 sequi;
1629 4950 1876 5021 sequeris
1903 4960 2082 5005 autem

515 5055 702 5115 postea
731 5045 811 5099 ’τε
846 5063 865 5098 ι
904 5044 1084 5100 adhuc
1121 5044 1267 5100 enim
1309 5043 1543 5100 habebat
1573 5041 1769 5097 Petrus
1799 5041 1942 5112 quod
1978 5056 2082 5096 nou

514 5137 867 5207 permitteret
900 5135 1048 5189 illum
1075 5136 1227 5203 sequi
1260 5135 1436 5203 Λόγον
1482 5132 1561 5204 [et
1598 5132 1793 5187 Filium
1821 5129 1962 5203 Dei].
1996 5130 2082 5187 Si-

516 5228 641 5284 mile
665 5241 791 5281 vero
815 5243 959 5291 esse,
977 5226 1073 5282 sed
1092 5226 1244 5294 juxta
1259 5225 1544 5295 quamdam
1558 5225 1758 5296 justam
1778 5223 2079 5293 analogiam

606 5367 650 5400 ⁸⁷
679 5365 701 5420 Ι
735 5366 857 5423 Cor.
891 5383 982 5433 xv,
1021 5365 1113 5421 25.
1207 5364 1254 5419 ἒθ
1279 5365 1436 5422 Joan.
1473 5379 1592 5430 xm,
1615 5364 1669 5420 5.

1748 5364 1835 5418 "l
1871 5367 1996 5419 Cor.
2030 5378 2123 5429 xv,
2181 5362 2275 5424 23.
2312 5365 2404 5419 24.

2207 4586 2404 4657 Ἰησοῦ,
2440 4585 2535 4638 καὶ
2560 4583 2888 4655 οἱκονομηθῇ
2925 4583 3063 4654 πρὸς
3101 4584 3192 4637 τὸν
3221 4582 3353 4636 Θεὸν
3381 4583 3612 4653 ὑπάγειν
3645 4584 3774 4638 ἀκο-

2193 4676 2488 4731 λουθοῦντα
2538 4675 2706 4747 αὑτῷ,
2739 4675 2827 4728 διὰ
2870 4676 2936 4729 τὸ
2981 4675 3293 4730 ἀκολουθεῖν
3338 4676 3490 4747 αὑτῷ
3536 4677 3773 4747 ἐσόμενα

2193 4770 2330 4839 πρὸς
2374 4768 2465 4822 τὸν
2504 4768 2664 4822 Θεόν·
2698 4767 2889 4838 Πέτρῳ
2944 4766 3043 4837 μὲν
3095 4767 3309 4839 εἴρηταί
3344 4785 3474 4822 ποτε
3495 4786 3508 4799 ’
3550 4787 3569 4820 ι
3598 4770 3771 4823 Ὅπου

2191 4861 2304 4930 ἐγὼ
2339 4861 2554 4929 ὑπάγω,
2602 4861 2665 4913 οὑ
2699 4859 2923 4922 δύνασαί
2955 4876 3045 4930 μοι
3086 4860 3180 4913 νῦν
3213 4860 3581 4931 ἀκολουθῆσαι
3625 4861 3766 4933 (89)·

2191 4952 2578 5022 ἀκολουθήσεις
2605 4951 2661 5004 δὲ
2684 4950 2910 5022 ὕστερον
2928 4968 2942 4981 ο
2966 4970 2984 5002 ι
3020 4950 3100 5003 ἐτι
3123 4950 3232 5021 γάρ
3261 4948 3405 5023 εἶχεν
3427 4954 3457 5007 6
3485 4951 3692 5024 Πέτρος
3709 4951 3771 5006 τὸ

2194 5046 2270 5117 μὴ
2301 5045 2594 5114 ἐπιτρέπον
2638 5042 2787 5114 αὑτῷ
2823 5042 3135 5099 ἀκολουθεῖν
3162 5043 3240 5114 τῷ
3280 5045 3437 5115 Λόγῳ
3473 5044 3576 5115 ἤδη
3617 5043 3767 5098 ποτέ.

2191 5132 2265 5186 T6
2290 5133 2334 5186 δ’
2359 5133 2543 5203 ὅμοιον
2583 5127 2720 5186 εἶναι
2748 5134 2889 5186 νοεῖν
2931 5149 2990 5185 σε
3018 5132 3130 5197 δεῖ,
3162 5131 3297 5186 ἀλλά
3342 5134 3486 5187 κατά
3532 5150 3654 5187 τινα
3699 5133 3770 5187 δι-

2188 5224 2349 5279 καίαν
2399 5224 2691 5294 ἀναλογίαν
2740 5224 3138 5295 λεχθησόμενον
3184 5226 3321 5298 πρὸς
3377 5226 3609 5281 ἕκαστον
3658 5225 3768 5280 τῶν

2506 5366 2552 5397 ⁸⁰
2576 5365 2776 5435 Ephes.
2808 5382 2884 5431 vr,
2945 5365 3033 5423 l2.
3136 5367 3181 5399 ⁸¹
3209 5366 3228 5421 1
3258 5367 3384 5422 Cor.
3415 5384 3508 5429 xv,
3538 5367 3632 5430 25,
3671 5367 3765 5422 26.

510 5440 556 5477 δ’
583 5436 737 5494 JOan.
766 5452 883 5504 ml,
915 5438 967 5492 5.
1045 5435 1133 5489 ⁸³1
1169 5435 1295 5492 Cor.
1333 5451 1423 5499 xv,
1449 5436 1541 5489 27.
1618 5435 1663 5467 ⁸⁸
1690 5433 1814 5489 Job.
1850 5450 1940 5499 xv,
1973 5435 2067 5490 25.

2216 5434 2375 5490 Joan.
2416 5451 2535 5502 xttt,
2563 5433 2636 5490 2(
2696 5436 2743 5468 ⁵⁸
2771 5435 2927 5492 Joan.
2965 5452 3015 5501 v,
3044 5437 3135 5493 17.
3209 5440 3254 5470 ⁵⁷
3286 5436 3445 5493 Juan.
3474 5454 3596 5503 χιιι,
3622 5438 3715 5493 εδ.

583 5552 695 5623 (87)
728 5554 854 5623 Haec
882 5550 1252 5623 supplevimus
1279 5568 1308 5607 e
1335 5551 1613 5607 Perionio.

583 5621 697 5687 (88)
736 5622 827 5676 Sic
858 5621 1021 5676 habet
1046 5624 1211 5676 codex
1243 5623 1568 5677 Bodleianus
1594 5639 1608 5687 ;
1637 5621 1692 5675 in
1743 5622 1929 5677 codice
1979 5638 2079 5676 au—

514 5700 640 5760 tem“
660 5691 823 5760 Regio
857 5692 1041 5760 legitur
1081 5711 1094 5747 :
1147 5693 1245 5747 Διά
1266 5691 1335 5745 τὰ
1393 5691 1676 5760 ἐξελθόντα
1718 5692 1775 5745 δὲ
1823 5692 1931 5745 ἀπὸ
1985 5693 2080 5746 τοῦ

510 5758 664 5829 Θεοῦ,
711 5758 934 5831 ἐξῆλθεν
987 5761 1093 5816 ἀπὸ
1142 5762 1233 5816 τοῦ
1284 5758 1446 5831 Θεοῦ,
1485 5763 1588 5828 ἔξω
1635 5763 1921 5835 γενόμενον
1980 5762 2076 5817 τοῦ

2186 5551 2355 5629 Θεοῦ,⁸
2375 5554 2469 5629 καὶ
2494 5552 2589 5629 τοῌῦ
2603 5553 2718 5629 ’μὴ
2751 5554 3103 5629 βουληθέντος
3156 5556 3583 5629 προηγουμένως
3617 5554 3766 5623 ἐξελ-

2184 5598 2586 5696 έέῖῑιίέέξτξέ
2603 5598 2977 5696 pangat;
2990 5598 3100 5685 ’τ’ᾶῖ
3121 5598 3226 5679 et:

2260 5693 2373 5768 (βθ)
2403 5693 2583 5768 Codex
2615 5693 2835 5763 Regius,
2869 5698 3029 5760 male,
3056 5695 3117 5749 οὐ
3148 5695 3376 5751 δύνασαί
3405 5713 3470 5768 με
3493 5694 3610 5760 νῦν,
3635 5693 3760 5751 ἀπω-

2183 5762 2462 5835 λουθήσεις
2480 5763 2561 5830 δὲ,
2577 5775 2686 5820 etc.
