4182 6388
464 358 570 417 749

1450 356 1810 413 COMMENT.
1852 354 1919 410 IN
1952 353 2145 411 JOAN.
2185 353 2423 411 TOMUS
2455 353 2676 413 XXXII.

3604 358 3714 414 750

458 480 673 532 πάντων
702 476 732 531 6
780 477 948 531 ἔδωκε
978 476 1057 547 τῷ
1100 474 1215 545 Υίῷ
1244 478 1273 529 6
1305 477 1495 549 Πατὴρ
1541 480 1620 540 εἰς
1668 476 1768 540 τὰς
1807 479 2017 547 χεῖρας·

2132 474 2663 539 etrationem,illud
2696 473 2839 542 quod
2880 471 3166 528 dicendum
3200 480 3285 529 est
3329 474 3556 544 singulis
3604 476 3713 532 illis

452 569 667 639 ἑκάστῳ
692 569 791 640 μὲν
824 568 932 640 γὰρ
961 568 1070 622 τῶν
1098 568 1313 621 πάντων
1339 568 1660 639 λεχθήσεται
1683 568 1744 621 τό
1764 584 1777 597 ·
1816 585 1835 617 ι
1877 567 2032 621 Ἀκο-

450 660 734 730 λουθήσεις
776 660 834 713 δέ
865 678 954 731 μοι
982 659 1234 730 ὕστερον·
1260 680 1279 712 ι
1313 658 1428 712 ἀλλ’
1458 661 1505 712 εί
1536 658 1609 730 μὴ
1648 658 1765 728 ἅμα
1806 656 2031 711 ἀκολου-

451 751 731 823 θήσουσιν,
758 753 858 805 οὺκ
889 752 982 805 ἐπὶ
1036 751 1128 804 τὸν
1166 750 1325 804 αὐτὸν
1372 750 1703 821 ἀναφέρεται
1738 749 1929 820 καιρὸν
1969 748 2029 801 τὸ

449 845 666 914 ἑκάστῳ
721 844 830 897 τῶν
892 842 1370 913 ἀκολουθησάντων
1418 841 1601 896 αὐτῶν
1654 842 1895 915 ἁρμόζον
1967 840 2028 893 τὸ

448 937 707 1005 ὕστερον
758 936 818 989 ὲν
850 935 984 1006 τῴ·‹
1009 935 1420 1009 Ἀκολουθήσεις
1436 935 1493 989 δέ
1511 953 1597 1007 μοι
1620 935 1812 1006 ὕστερο
1846 955 1893 989 ,ι
1932 934 2027 987 καὶ¹

447 1027 606 1082 τοῦτό
633 1045 723 1098 μοι
754 1027 862 1081 νόει
884 1027 979 1081 καὶ
1011 1025 1139 1097 περὶ
1164 1024 1380 1078 πάντων
1409 1023 1517 1078 τῶν
1545 1024 2024 1095 καταργουμένων,

447 1119 559 1173 εἴτε
591 1120 718 1174 ὅταν
750 1119 1076 1192 καταργήσῃ
1109 1119 1286 1172 πᾶσαν
1310 1119 1506 1189 ἀρχὴν,
1535 1118 1645 1169 εἴτε
1673 1118 1852 1170 πᾶσαν
1878 1116 2027 1181 ἐξου-

448 1215 591 1276 σίαν,
620 1213 731 1266 εἴτε
769 1214 951 1266 πᾶσαν
988 1212 1235 1282 δύναμιν,
1277 1212 1372 1265 καὶ
1404 1209 1741 1276 ἁπαξαπλῶς
1772 1210 1931 1281 άχρις
1964 1205 2025 1264 οὗ

446 1305 514 1376 θῇ
574 1304 784 1368 πάντας
845 1306 971 1368 τοὺς
1024 1303 1251 1374 ἐχθροὺς
1310 1301 1476 1357 αὐτοῦ
1532 1302 1637 1354 ὑπὸ
1686 1302 1812 1365 τοὺς
1859 1302 2026 1366 πόδας

446 1396 638 1461 αὐτοῦ,
672 1397 898 1468 ἔσχατος
932 1396 1125 1468 ἐχθρὸς
1156 1399 1514 1467 καταργεῖται
1541 1398 1570 1449 6
1599 1395 1843 1457 θάνατος.
1892 1412 1910 1444 ι
1934 1394 2025 1446 El-

442 1486 550 1551 δὼς
573 1507 591 1539 ι
628 1482 722 1540 οὖν
756 1506 775 1538 ι
802 1490 830 1540 6
867 1485 1095 1557 Ἰησοῦς,
1135 1486 1216 1538 ὅτι
1245 1485 1420 1539 πάντα
1449 1485 1648 1538 ἔδωκεν
1680 1482 1828 1553 αὐτῷ
1857 1485 1885 1536 6
1913 1484 2026 1536 Πα-

442 1578 547 1650 τὴρ
576 1581 660 1642 είς
688 1578 786 1642 τὰς
826 1581 1043 1649 χεῖρας,
1083 1578 1177 1631 καὶ
1211 1577 1292 1629 ὅτι
1346 1577 1454 1629 ἀπὸ
1485 1576 1619 1629 Θεοῦ
1671 1575 1882 1646 ἐξῆλθε,
1930 1575 2024 1629 καὶ

443 1668 582 1740 πρὸς
606 1669 698 1722 τὸν
726 1669 857 1722 Θεὸν
885 1668 1107 1736 ὑπάγει,
1133 1686 1152 1719 ι
1203 1667 1297 1720 καὶ
1343 1666 1497 1729 εἰδὼς
1541 1667 1664 1719 ὅσον
1711 1668 1794 1733 ἐφ’
1820 1660 1900 1727 οἷς
1933 1683 2023 1718 κε-

444 1758 736 1830 κινήμεθα,
761 1760 837 1823 ὡς
864 1757 1245 1829 διηγησάμεθα
1272 1757 1633 1828 παριστάντες
1664 1756 1774 1827 (90)
1813 1757 1874 1809 τὸ
1918 1772 2021 1823 ερα-

442 1852 531 1905 νὲν
560 1854 690 1922 ἡμῖν
716 1853 796 1915 εἰς
834 1853 931 1915 τὸ,
971 1872 989 1903 ι
1034 1851 1167 1904 Ἀπὸ
1193 1850 1288 1903 τοῦ
1330 1848 1464 1903 Θεοῦ
1501 1846 1714 1917 ἐξῆλθε,
1741 1865 1760 1897 ι
1799 1847 1894 1900 καὶ
1940 1849 2018 1910 εἰς

441 1937 537 1999 τδ,
584 1957 602 1990 ι
634 1940 775 2010 Πρὸς
795 1939 885 1992 τὸν
916 1940 1046 1994 Θεὸν
1083 1940 1300 2008 ὑπάγει*
1338 1938 1673 2009 ὲγείρεται,›
1713 1936 1897 2007 φησιν,
1926 1937 2019 1989 «ὲκ

439 2026 535 2080 τοῦ
578 2028 815 2093 δείπνου,
842 2049 861 2080 ι
897 2032 1033 2101 ὅπερ
1064 2031 1206 2084 κατά
1236 2028 1393 2083 τοῦτο
1433 2029 1837 2098 κατανοήσομεν
1882 2030 2017 2097 μετά

438 2121 549 2173 τῶν
580 2120 725 2191 ἑξῆς.
768 2122 877 2174 Καὶ
916 2121 1017 2191 ὅρα
1057 2122 1105 2173 εἰ
1133 2120 1357 2174 δύνασαι
1387 2121 1444 2172 ὲν
1476 2120 1683 2181 τούτοις
1711 2118 1908 2187 λέγειν,
1937 2120 2017 2172 ὃτι

439 2211 819 2283 ἁπεριστάτως
860 2210 957 2281 μὲν
986 2210 1147 2264 αὑτὸν
1180 2209 1415 2280 εὖφρανε
1443 2209 1504 2261 τὸ
1536 2208 1673 2278 μετὰ
1699 2208 1808 2261 τῶν
1842 2207 2019 2278 μαθη-

439 2303 551 2356 τῶν
587 2300 846 2354 δειπνεῖνο
884 2301 1287 2372 περιστατικῶς
1334 2300 1390 2352 δὲ
1435 2300 1527 2351 καὶ
1569 2299 1879 2366 ἀναγκαίως
1930 2297 2019 2350 διὰ

440 2396 565 2457 τοὺς
602 2393 850 2465 μαθητὰς
892 2390 1002 2447 ἀπὸ
1043 2391 1137 2445 τοῦ
1188 2392 1402 2444 δείπνου
1458 2388 1750 2458 ἐγείρεται,
1801 2389 1894 2441 καὶ
1924 2388 2017 2441 ἐπὶ

440 2487 612 2539 ποσὸν
658 2486 752 2539 τοῦ
785 2486 1021 2539 δειπνεῖν
1056 2484 1346 2547 παύσεται,
1374 2482 1479 2543 ἓως
1524 2479 1647 2541 τοὺς
1686 2481 1794 2531 τῶν
1843 2477 2017 2550 μαθη-

435 2576 548 2628 τῶν
577 2574 846 2646 καθαρίσῃ
876 2575 1064 2638 πόδας,
1090 2575 1149 2626 οὐ
1184 2572 1494 2643 δυναμένων
1522 2573 1666 2643 ἔχειν
1700 2571 1862 2643 μέρος
1898 2572 2013 2640 μετ’

439 2668 629 2731 αὑτοῦ,
658 2667 752 2720 ἐὰν
785 2666 860 2738 μὴ
893 2667 1055 2731 αὐτὸς
1085 2665 1234 2736 νίψῃ.

507 2760 561 2813 4.
605 2761 671 2813 Τί
707 2755 799 2815 οὖν
837 2760 1058 2829 λέγεται
1106 2757 1243 2829 μετὰ
1278 2759 1368 2821 τὸ,
1415 2776 1434 2808 ι
1474 2757 1774 2829 Ἐγείρεται
1825 2759 1889 2810 ὲκ
1916 2754 2013 2808 τοῦ

433 2854 673 2921 δείπνου,
700 2874 719 2907 ι
774 2854 1217 2924 κατανοήσωμεν.
1289 2873 1307 2903 ι
1337 2852 1563 2921 Τίθησι,
1606 2871 1625 2904 ι
1673 2852 1838 2922 φησὶ,
1899 2868 1917 2901 ι
1947 2849 2015 2903 τὰ

446 2948 653 3019 ἱμάτια,
683 2948 777 3001 καὶ
813 2945 997 3000 λαϐὼν
1021 2945 1229 2997 λέντιον
1259 2940 1570 3007 διεζώσατο.
1601 2962 1620 2994 ι
1662 2942 1769 2995 Καὶ
1802 2943 1859 2994 ὲν
1886 2940 2013 2994 τού-

435 3055 549 3102 τοις
587 3038 645 3092 δὲ
694 3040 941 3109 εἴποιμεν
982 3037 1049 3090 ἂν
1079 3039 1192 3097 τοῖς
1230 3035 1304 3106 μὴ
1360 3033 1698 3104 βουλομένοις
1749 3032 1857 3086 ἀπὸ
1906 3032 2012 3086 τῶν

437 3130 619 3202 ῥητῶν
662 3130 993 3196 ἀναϐαίνειν,
1029 3130 1124 3183 κα¹ι
1175 3127 1381 3199 νοητῶς
1425 3128 1563 3180 νοεῖν
1608 3125 1675 3178 τά
1722 3123 2014 3195 παρατιθέ-

438 3241 580 3295 μενα
625 3225 681 3277 ὲν
713 3221 923 3284 τούτοις
956 3221 1056 3291 τῆς
1084 3220 1265 3290 ψυχῆς
1311 3217 1604 3290 βρώματα’
1642 3216 1706 3269 Τί
1739 3216 1847 3286 γὰρ
1889 3214 2012 3267 ὲλύ-

433 3331 529 3368 πει
568 3314 911 3384 ἐνδεδυμένον
936 3312 1095 3366 αὐτὸν
1114 3310 1264 3381 νῖψαι
1309 3310 1433 3373 τοὺς
1480 3309 1642 3372 πόδας
1683 3306 1788 3360 τῶν
1836 3305 2013 3377 μαθη-

432 3408 576 3472 τῶν;
621 3405 780 3458 Ἀλλά
804 3403 1036 3473 μήπως,
1072 3404 1169 3457 ὲάν
1208 3402 1407 3474 ῐδωμεν
1440 3401 1549 3471 (9i)
1591 3399 1755 3465 ἀξίως
1781 3398 1877 3451 τοῦ
1918 3399 2015 3468 Ἰη-

435 3499 531 3553 σοῦ
561 3497 634 3552 τὰ
676 3496 947 3567 ἐνδύματα
986 3494 1154 3549 αὑτοῦ
1198 3494 1235 3549 ὃ.
1266 3494 1573 3567 περιέκειτο
1617 3492 1867 3555 δειπνῶν,
1916 3490 2012 3544 καὶ

433 3589 858 3663 εὐφραινόμενος
902 3587 1043 3660 μετά
1065 3588 1174 3641 τῶν
1204 3586 1480 3658 μαθητῶν,
1520 3578 1860 3655 ἐννοήσωμεν
1892 3582 2012 3634 τίνα

433 3684 638 3753 κόσμον
668 3682 1020 3753 περίκειταιό
1038 3679 1327 3749 γενόμενος
1346 3675 1483 3747 σὰρξ
1511 3677 1701 3744 Λόγος.
1736 3673 1936 3727 Τοῦτον
1953 3674 2012 3727 δὲ

433 3774 492 3827 ἓν
508 3792 614 3827 τινι
645 3775 926 3844 ὑφάσματι
939 3772 1137 3838 λέξεων
1155 3771 1289 3839 πρὸς
1322 3768 1515 3835 λέξεις,
1534 3768 1628 3822 καὶ
1649 3767 1842 3836 φωνῶν
1875 3766 2013 3837 πρὸς

434 3866 618 3935 φωνὰς
690 3865 1058 3934 συνεστηκότα
1112 3861 1462 3919 ἀποτίθεται,
1522 3861 1623 3913 κᾶν
1682 3858 2013 3927 γυμνότερος

436 3956 576 4030 μετὰ
618 3955 862 4010 δουλικοῦ
910 3956 1207 4026 σχήματος,
1254 3954 1390 4025 ὅπερ
1437 3952 1693 4023 δηλοῦται
1745 3950 1833 4004 διὰ
1882 3949 1971 4003 τοῦ
1994 3989 2009 4013 ,

437 4069 458 4102 ι
487 4048 681 4103 Λαϐὼν
721 4048 947 4111 λέντιον,
996 4045 1306 4110 διεζώσατο,
1330 4064 1349 4095 ι
1399 4044 1631 4113 γίνεται,
1682 4043 1768 4097 ἴνα
1799 4044 1895 4096 καὶ
1934 4043 2008 4113 μὴ

433 4142 609 4213 πάντη
652 4140 887 4210 γυμνὸς,
923 4139 1017 4191 καὶ⁸
1061 4136 1198 4206 μετὰ
1238 4137 1298 4190 τὸ
1332 4136 1487 4206 νῖψαι
1520 4136 1830 4206 οίκειοτέρῳ
1875 4134 2012 4203 ὑφά-

432 4250 601 4305 σματι
630 4231 887 4303 ἀπομάξῃ
916 4232 1040 4295 τοὺς
1066 4229 1173 4283 τῶν
1202 4228 1454 4300 μαθητῶν
1485 4228 1665 4290 πόδας.
1692 4228 1803 4281 Καὶ
1825 4227 1925 4296 ὅρα
1952 4228 2010 4279 ὲν

428 4326 641 4390 τούτοις
689 4325 808 4388 πῶς
838 4323 1028 4378 ἑαυτὸν
1065 4320 1352 4392 σμικρύνει
1391 4320 1503 4390 (92)
1541 4322 1570 4373 6
1603 4320 1774 4391 μέγας
1800 4318 1896 4372 καὶ
1925 4318 2010 4372 δε-

2131 567 2383 621 omnibus
2429 580 2551 635 qua:
2595 565 2756 619 Pater
2799 563 2937 618 Filio
2986 565 3133 620 dedit
3186 566 3237 618 in
3286 565 3456 633 ipsius
3511 583 3710 622 manus

2130 657 2381 727 (singulis
2435 657 2579 712 enim
2624 655 2876 710 omnibus
2920 655 3129 709 dicetur
3170 654 3336 710 illud:
3391 674 3411 707 ι
3447 654 3709 726 Sequeris

2128 756 2312 800 autem
2340 762 2425 800 me
2450 757 2636 816 postea
2665 764 2685 797 ι
2712 745 2732 816 >
2790 746 3142 800 considerare
3167 755 3220 801 te
3245 757 3493 815 oportet:
3521 763 3707 804 verum

2132 834 2176 888 si
2204 835 2366 889 simul
2410 851 2517 891 non
2563 844 2896 905 sequantur,
2939 851 3065 891 cum
3109 836 3342 904 dicitur,
3390 857 3410 890 ι
3446 839 3708 909 Sequeris

2127 940 2309 983 autem
2354 943 2439 983 me
2476 938 2662 997 postea
2684 966 2699 991 ,
2730 945 2750 979 ι
2781 942 2886 981 vox
2927 936 3131 996 postea,
3157 928 3383 999 singulis
3405 930 3497 1000 qui
3536 932 3708 987 secuti

2126 1021 2330 1076 fuerint
2349 1019 2684 1075 conveniens
2703 1059 2718 1082 ,
2767 1035 2872 1072 non
2900 1019 2968 1073 ad
3012 1020 3153 1075 idem
3182 1029 3397 1090 tempus
3427 1021 3700 1086 refertur;

2127 1114 2178 1167 id
2206 1114 2349 1183 quod
2377 1112 2543 1166 etiam
2570 1111 2700 1165 mihi
2733 1112 3021 1167 considera
3051 1114 3117 1167 de
3141 1113 3229 1168 his
3253 1128 3373 1183 quae
3404 1114 3702 1169 destruun-

2128 1215 2234 1266 tur,
2264 1204 2379 1259 sive
2410 1219 2533 1258 cum
2562 1206 2901 1262 destruxerit
2926 1219 3140 1259 omnem
3169 1204 3558 1274 principatum,
3587 1207 3704 1261 sive

2125 1310 2338 1349 omnem
2365 1305 2690 1364 potestatem
2710 1337 2723 1360 ,
2751 1298 2864 1352 sive
2887 1311 3103 1351 omnem
3133 1298 3391 1351 virtutem
3414 1337 3430 1361 ,
3456 1307 3512 1352 et
3540 1312 3705 1368 gene-

2129 1385 2287 1439 ratim
2323 1386 2497 1441 donec
2521 1388 2761 1455 posuerit
2792 1403 2984 1442 omnes
3013 1387 3260 1442 inimicos
3300 1404 3428 1443 suos
3469 1389 3570 1443 sub
3608 1405 3703 1457 pe-

2125 1479 2219 1532 des
2241 1492 2400 1538 suos,
2433 1489 2596 1546 atque
2628 1479 2852 1533 ultimus
2894 1480 3065 1534 hostis
3094 1480 3400 1535 abolebitur
3448 1496 3595 1539 mars
3623 1481 3695 1535 ⁸⁸.

2128 1588 2148 1621 ι
2178 1569 2399 1625 Sciens»
2435 1571 2598 1638 igitur
2620 1570 2804 1625 «Jesus
2827 1572 3005 1624 omnia
3037 1571 3254 1626 dedisse
3270 1573 3370 1625 sibi
3400 1571 3614 1627 Patrem
3645 1574 3697 1628 in

2123 1680 2344 1730 manus,
2375 1679 2542 1735 seque
2568 1681 2596 1719 a
2628 1664 2738 1719 Deo
2768 1666 2946 1719 exisse
2966 1704 2981 1728 ,
3015 1674 3070 1719 et
3094 1668 3160 1718 ad
3205 1667 3369 1719 Deum
3400 1668 3550 1720 abire
3574 1668 3642 1730 ⁸⁸,
3673 1687 3693 1718 ›

2122 1767 2180 1810 et
2205 1756 2388 1811 sciens
2418 1768 2685 1826 quantum
2716 1757 2768 1810 in
2801 1757 2917 1810 haec
2948 1757 3078 1810 moti
3108 1772 3318 1819 sumus,
3346 1768 3404 1811 ut
3432 1773 3699 1827 exposue-

2052 1833 2093 1890 Β
2124 1850 2294 1903 rimus
2325 1849 2377 1902 in
2407 1849 2641 1903 medium
2669 1850 2995 1905 adducentes
3024 1851 3331 1919 opinionem
3371 1861 3609 1905 nostram
3641 1852 3694 1905 iu

2121 1942 2226 1996 hoc
2252 1942 2453 1995 dictum
2474 1980 2489 2004 ,
2521 1959 2539 1991 ι
2569 1943 2613 1994 Α
2656 1942 2765 1995 Deo
2798 1944 3023 2006 exivit,»
3047 1953 3097 1998 et
3127 1944 3179 1996 in
3212 1943 3335 2007 hoc,
3367 1961 3387 1993 ι
3411 1944 3489 1996 Ad
3525 1944 3692 1997 Deum

2119 2027 2299 2092 vadit;
2342 2025 2551 2094 surgit,
2587 2045 2605 2078 ι
2648 2028 2851 2096 inquit,
2900 2049 2917 2079 ι
2944 2044 2972 2082 a
3024 2043 3212 2092 coena,
3256 2048 3274 2080 ι
3317 2033 3458 2098 quod
3493 2031 3697 2099 pariter

2119 2118 2583 2173 considerabimus
2605 2133 2726 2172 cum
2767 2120 3140 2187 sequentibus.
3175 2120 3238 2173 Et
3262 2121 3383 2175 vide
3409 2136 3476 2173 an
3519 2122 3697 2190 possis

2119 2210 2174 2265 in
2206 2212 2292 2265 his
2315 2212 2519 2275 dicere,
2558 2227 2906 2280 summopere
2936 2213 3155 2281 quidem
3185 2213 3334 2266 illum
3361 2214 3689 2269 oblectatum

2118 2301 2287 2356 fuisse
2324 2303 2592 2356 eteuando
2625 2318 2746 2356 cum
2778 2303 3058 2371 discipulis
3085 2304 3237 2368 suis;
3279 2303 3512 2358 alllictim
3540 2320 3691 2369 vero,

2117 2403 2169 2451 et
2193 2395 2539 2457 necessario,
2569 2405 2793 2463 propter
2823 2395 3123 2465 discipulos
3150 2434 3164 2458 ,
3195 2411 3223 2448 a
3251 2410 3411 2449 etena
3442 2411 3689 2466 surgere,

2117 2491 2448 2552 eatenusque
2478 2500 2507 2536 a
2538 2484 2802 2538 cenando
2837 2500 2959 2539 eum
2997 2500 3242 2547 cessare,
3278 2497 3547 2554 quatenus
3594 2502 3689 2553 pe-

2117 2575 2214 2628 des
2263 2572 2483 2627 mundet
2539 2572 2925 2642 discipulorum
2982 2590 3091 2629 non
3146 2575 3437 2630 valentium
3490 2578 3693 2633 habere

2116 2673 2325 2732 partem
2349 2679 2557 2731 secum,
2593 2666 2697 2718 nisi
2736 2666 2851 2735 ipse
2882 2666 3094 2720 illorum
3124 2668 3287 2735 pedes
3321 2667 3536 2724 laverit.

2185 2755 2350 2828 510
2401 2756 2457 2809 4.
2500 2756 2607 2810 Sed
2655 2757 2952 2826 diligenter
2987 2760 3116 2827 quid
3160 2760 3376 2813 dicatur
3416 2772 3536 2829 post
3577 2762 3693 2817 ha‘c

2116 2850 2306 2915 verba,
2340 2869 2359 2902 ι
2390 2849 2575 2920 Surgit
2609 2867 2637 2904 a
2662 2867 2844 2914 ctena,
2894 2870 2912 2903 ι
2947 2852 3373 2909 consideremus.
3411 2873 3431 2907 ι
3469 2854 3686 2917 Ponit.)

2117 2942 2332 3010 inquit,
2364 2960 2383 2992 ι
2415 2943 2768 3006 vestimenta,
2819 2959 3051 3012 cumque
3093 2946 3388 3015 accepisset
3438 2946 3687 3009 linteum.

2118 3032 2397 3098 praecinxit
2425 3048 2484 3085 se
2513 3032 2579 3085 πο.
2614 3052 2632 3084 ι
2670 3034 2920 3090 Dicamus
2963 3036 3126 3089 etiam
3177 3037 3228 3089 in
3278 3037 3380 3092 hoc
3432 3048 3687 3092 contextu

2115 3124 2179 3177 ad
2203 3137 2296 3177 eos
2323 3125 2414 3192 qui
2448 3124 2637 3177 nolunt
2664 3140 2695 3179 a
2730 3128 2910 3182 verbis
2935 3129 3246 3194 ascendere,
3277 3139 3329 3184 et
3353 3138 3534 3183 mente
3557 3147 3690 3185 eon-

2118 3214 2361 3269 siderare
2408 3216 2608 3270 animae
2651 3216 2800 3271 cibos
2834 3217 2886 3270 in
2925 3218 3008 3272 his
3054 3219 3232 3273 verbis
3277 3222 3519 3288 positos:
3549 3221 3687 3288 Quid

2117 3305 2368 3361 obstabat
2405 3308 2695 3375 quominus
2746 3310 2965 3363 indutus
3009 3310 3124 3378 ipse
3161 3312 3545 3380 discipulorum
3583 3329 3684 3382 pe-

2115 3398 2211 3452 des
2235 3398 2473 3452 lavarctl
2500 3400 2572 3453 At
2602 3414 2730 3454 vero
2754 3400 2855 3455 nisi
2880 3401 3059 3470 aliquo
3088 3403 3246 3456 modo
3275 3403 3596 3467 viderimus,
3630 3416 3689 3458 ut

2116 3489 2335 3558 dignum
2380 3500 2463 3542 est
2504 3490 2670 3558 ipsius
2692 3488 2845 3556 Iesu,
2881 3492 3204 3545 vestimenta
3239 3494 3434 3561 quibus
3456 3493 3689 3549 circum-

2115 3582 2346 3637 dabatur
2388 3596 2613 3636 emuans
2653 3598 2775 3636 cum
2822 3583 3135 3649 discipulis,
3177 3593 3232 3637 et
3265 3600 3325 3639 se
3351 3584 3682 3645 exliilarans.

2114 3674 2584 3729 coosiderabimus
2617 3678 2761 3744 quod
2790 3687 3173 3730 ornamentum
3220 3677 3367 3730 circa
3418 3690 3477 3731 se
3516 3676 3684 3732 habe—

2112 3766 2207 3818 bat
2255 3781 2386 3820 caro
2433 3766 2608 3821 factus
2640 3767 2811 3822 Filius
2835 3770 2927 3823 Dei
2953 3769 3165 3823 Sermo.
3202 3768 3316 3823 Hoc
3359 3777 3541 3823 autem
3574 3767 3686 3822 for-

2113 3864 2315 3909 malqu
2370 3856 2424 3911 in
2471 3860 2703 3927 quadam
2756 3868 2971 3913 textura
3016 3870 3076 3913 et
3124 3860 3226 3914 tela
3271 3860 3569 3914 dictionum
3617 3862 3683 3913 ad

2112 3946 2394 4010 dictiones,
2420 3959 2474 4002 et
2490 3965 2683 4004 vocum
2717 3953 2782 4005 ad
2808 3967 2971 4006 voces
3008 3953 3258 4021 deponit,
3291 3951 3457 4021 ﬁtque
3490 3953 3686 4005 nudior

2112 4052 2236 4091 cum
2268 4038 2438 4105 ﬁgura
2463 4041 2667 4105 servili,
2696 4042 2838 4109 quod
2866 4043 3175 4096 declaratur
3198 4057 3296 4111 per
3325 4042 3475 4107 illud,
3497 4061 3515 4093 ι
3544 4041 3678 4097 Cum

2110 4131 2675 4200 accepissetlinteuzu,
2698 4134 2984 4202 praecinxit
3018 4149 3100 4197 se,
3130 4153 3149 4185 ι
3178 4144 3231 4186 ιιι
3254 4144 3308 4187 et
3330 4150 3434 4189 non
3458 4135 3684 4189 omnino

2111 4224 2283 4278 nudus
2308 4234 2473 4291 esset,
2505 4236 2561 4279 et
2585 4240 2707 4279 cum
2735 4224 2977 4292 lavisset,
3007 4226 3106 4280 tela
3136 4226 3201 4280 ad
3220 4226 3271 4281 id
3301 4226 3646 4281 accommoda
3665 4257 3682 4268 -

2112 4316 2250 4368 tiore
2300 4314 2691 4384 discipulorum
2745 4315 3080 4383 abstergeret
3127 4317 3307 4385 pedes.
3343 4317 3411 4372 Et
3454 4317 3576 4371 vide
3626 4318 3682 4371 in

428 4417 753 4489 δοξασμένος
800 4416 992 4485 Λόγος.
1022 4415 1310 4484 γενόμενος
1360 4410 1524 4482 σὰρξ,
1572 4411 1659 4464 ἵνα
1707 4410 1834 4482 νίψῃ
1879 4411 2006 4475 τοὺς

2118 4406 2215 4475 his,
2245 4408 2516 4477 quomodo
2565 4423 2791 4478 magnus
2834 4417 2888 4463 et
2923 4407 3258 4479 gloriﬁcatus
3289 4407 3481 4465 Sermo
3508 4410 3681 4464 factus

430 4511 599 4573 πόδας
631 4509 741 4563 τῶν
775 4507 1055 4581 μαθητῶν·
1098 4526 1117 4559 ι
1145 4504 1338 4560 Βάλλει
1362 4523 1380 4555 ι
1413 4502 1543 4574 γὰρ,
1586 4505 1771 4574 φησὶν,
1812 4522 1829 4557 ι
1862 4502 2006 4575 ὕδωρ

2118 4517 2238 4557 caro
2269 4501 2504 4569 seipsum
2532 4502 2738 4553 minuat
2757 4542 2770 4563 ,
2808 4510 2867 4554 ut
2892 4501 3035 4555 lavet
3064 4500 3229 4569 pedes
3254 4499 3677 4570 discipulorum;

428 4604 508 4665 εἰς
550 4601 642 4654 τὸν
678 4600 937 4671 νιπτῆρα.
965 4618 983 4652 ι
1035 4595 1289 4669 Ἀϐραὰμ
1340 4594 1436 4664 μὲν
1464 4591 1578 4658 οὖν,
1618 4593 1831 4665 «ἡνίκα
1873 4594 2004 4647 ἁνα-

2118 4608 2135 4642 ι
2187 4590 2387 4644 Mittih
2426 4591 2610 4658 enim,
2673 4589 2886 4659 inquit,
2925 4608 2945 4643 ι
2980 4606 3173 4660 aquam
3203 4591 3257 4644 in
3303 4590 3502 4661 pelvim
3533 4590 3599 4644 “.
3654 4609 3674 4641 ι

429 4691 631 4760 ϐλέψας
679 4694 791 4755 τοῖς
836 4690 1131 4762 ὀφθαλμοῖς
1177 4687 1344 4744 αὐτοῦ
1386 4682 1492 4740 εἶδε
1513 4703 1525 4715 ·
1568 4686 1662 4740 καὶ
1714 4687 1822 4740 ἰδοὺ
1854 4688 2003 4757 τρεῖς

2118 4684 2288 4753 Atque
2308 4683 2582 4739 Abraham
2610 4684 2862 4752 equidem
2900 4701 2920 4735 ι
2968 4700 3090 4738 cum
3134 4684 3463 4752 respexisset
3507 4683 3680 4738 oculis

428 4783 620 4854 ἄνδρες
669 4780 779 4852 (95)
803 4784 1156 4854 είστήκεισαν
1216 4779 1403 4833 ἐπάνω
1466 4776 1629 4831 αὑτοῦ
1656 4794 1669 4807 ·
1730 4777 1824 4830 καὶ⁵
1880 4775 2003 4830 ἰδὼν

2118 4774 2225 4828 suis
2274 4772 2410 4827 vidit
2448 4789 2464 4827 :
2498 4783 2553 4828 et
2593 4786 2721 4828 ecce
2762 4781 2872 4829 tres
2907 4773 3010 4828 viri
3048 4782 3318 4828 steterunt
3335 4772 3490 4844 juxta
3518 4786 3679 4840 eum,

495 4961 544 4995 ⁸⁸
574 4960 596 5016 l
629 4961 757 5018 Cor.
793 4977 883 5029 xv,
904 4959 1096 5016 υσεδ.
1171 4961 1217 4994 ⁸⁸
1243 4959 1399 5017 Joan.
1426 4976 1547 5026 xm,
1575 4960 1629 5014 5.
1707 4956 1752 4990 ⁶⁰
1781 4957 1940 5015 Joan.
1966 4973 2017 5012 ιιι

2121 4954 2174 5009 4.
2252 4956 2295 4987 ⁶¹
2332 4955 2464 5010 ibid.
2492 4954 2546 5010 5.

498 5111 610 5184 (90)
647 5112 981 5184 ldemcodex
1014 5112 1234 5184 Regius,
1265 5111 1429 5184 male,
1466 5110 1844 5184 περιστάντες.
1908 5181 1919 5184 _
1948 5179 1960 5184 Α
2107 5115 2302 5177 stabat,
2336 5116 2589 5180 detrahit,
2629 5116 2932 5184 nudiorque
2977 5115 3038 5170 ﬁt
3073 5129 3193 5170 cum
3236 5113 3416 5168 servili
3449 5116 3669 5182 habitu;

496 5179 609 5254 (9L)
647 5182 822 5236 Ἀλλὰ
846 5181 921 5253 μή
945 5179 1226 5247 πως-[ἐὰν
1261 5180 1502 5254 ἴδωμεν.
1525 5179 1631 5236 etc.
1673 5180 1876 5254 Vitiosa
1907 5179 1999 5235 hic

2118 5179 2658 5252 quemadmodumex
2708 5185 2800 5238 illo
2829 5179 3178 5254 perspicitur,
3216 5201 3236 5234 ›
3264 5194 3371 5240 etc.
3410 5179 3673 5239 Videntur

424 5252 893 5326 eratFerrariapa
914 5252 1335 5326 interpretatio,
1393 5252 1993 5326 qttatn__correximus;
2106 5255 2300 5323 legisse
2336 5252 3182 5326 FerrariusetPerioniustxa't
3208 5255 3541 5326 γυμνότερος
3586 5256 3672 5322 γί-

424 5324 627 5394 rectior
656 5337 790 5394 vero
814 5321 1159 5394 ﬁerioniaua,
1194 5336 1502 5394 quanquam
1528 5321 1712 5394 aliqua
1739 5321 1906 5394 etiam
1938 5322 1993 5374 in
2104 5321 2255 5377 νεται
2290 5324 2563 5394 μετὰ,οιο.
2598 5325 2821 5379 Habitus
2849 5334 3028 5378 autem
3059 5321 3354 5388 ille,verbis
3386 5321 3666 5389 constans,

424 5407 485 5447 ea
519 5393 787 5463 desidero.
814 5389 963 5463 Talis
1016 5402 1192 5444 autem
1216 5389 1313 5463 illa
1352 5400 1476 5443 est:
1518 5407 1537 5440 ι
1582 5389 1687 5463 Sed
1732 5390 1776 5442 si
1818 5390 1997 5463 minus
2099 5389 2619 5463 littera'Scripturaz
2648 5404 2766 5460 est;
2798 5394 2934 5448 alter
2965 5403 3166 5463 autem,
3208 5406 3475 5463 anagoge.

423 5465 521 5531 p'ro
543 5461 666 5517 Jcsu
692 5461 958 5533 dignitate
985 5470 1164 5514 vestes
1201 5461 1460 5533 vidimus,
1510 5461 1721 5533 quibus
1763 5460 1997 5533 amictus
2314 5460 2495 5518 Codéx
2526 5463 2866 5527 Bodleianus,
2887 5461 3176 5533 σμικρύνει
3198 5479 3213 5492 ’
3252 5460 3451 5531 Regius
3477 5476 3669 5532 perpe-

424 5529 544 5587 cum
564 5529 850 5600 discipulis
884 5531 1040 5585 latus
1073 5530 1312 5604 cteuavit
1335 5545 1350 5594 ;
1377 5539 1528 5583 certe
1554 5529 1754 5604 animis
1788 5530 1997 5604 nostris
2098 5529 2412 5604 ramirhabet
2436 5534 2645 5604 κρύνει.

423 5597 722 5674 cernamus
746 5617 852 5670 quo
893 5609 1088 5674 ornatu
1129 5599 1364 5674 Verbum
1432 5599 1574 5668 quod
1613 5613 1742 5653 caro
1790 5597 1996 5674 factum
2171 5597 2495 5674 (95)Codei
2549 5602 2790 5674 Regius,
2842 5601 2948 5653 ἰδοὺ
3007 5601 3221 5671 ἄνδρες,
3277 5600 3478 5657 omissa
3538 5614 3669 5656 voce

422 5680 528 5732 est,
566 5666 812 5725 indutum
837 5679 975 5725 erat.
1012 5669 1188 5731 Hunc,
1240 5668 1331 5737 qui
1368 5666 1462 5721 ex’
1488 5677 1722 5740 textura_
1758 5666 1994 5736 quadam
2095 5666 2276 5740 τρεῖς(
2331 5670 2334 5677 ’

425 5742 714 5796 verborum
744 5755 868 5795 eum
903 5740 1107 5804 verbis,
1140 5749 1195 5795 et
1221 5736 1414 5793 vacum
1447 5753 1568 5793 cum
1609 5736 1834 5792 vocibus
1866 5749 1997 5789 cou-
