4182 6390
455 358 553 414 ’151
1926 345 2062 403 0th

2170 345 2253 402 us
3619 341 3727 396 759.

461 498 599 555 quos
627 496 748 536 cum
779 477 1006 534 vidisset
1036 475 1277 532 occurrit
1315 475 1395 530 eis
1424 475 1490 530 de
1519 472 1659 529 ostio
1682 472 2038 535 tabernaculi,

2170 469 2522 543 προσέδραμεν
2573 471 2653 533 είς
2706 469 3031 540 συνάντησιν
3085 467 3268 532 αὐτοῖς
3313 468 3420 522 ἀπὸ
3477 466 3574 537 τῆς
3630 468 3722 520 θύα

459 573 845 631 etincurvavit
895 587 954 626 se
995 586 1183 626 versus
1217 580 1458 630 terram,
1504 578 1556 622 et
1587 568 1755 622 dixit:
1803 566 2035 629 Amabo,

2170 579 2240 626 ας
2286 560 2395 633 (94)
2445 563 2546 632 τῆς
2579 562 2821 632 σκηνῆς’
2873 562 2966 615 καὶ
3018 559 3429 632 προσεκύνησεν
3488 560 3581 614 ἐπὶ
3630 559 3730 627 τὴν

456 669 711 732 Domine,
745 667 790 721 si
828 669 969 722 hanc
1012 665 1245 736 gratiam
1292 672 1406 716 ate
1458 662 1753 730 impetrare
1795 675 2038 729 possum,

2170 656 2264 726 ἣν,
2295 655 2390 709 καὶ
2428 652 2582 708 εἶπε-
2626 654 2820 726 Κύριε,
2866 655 2914 707 εί
2945 655 3054 725 ἄρα
3083 648 3242 725 εὗρον
3286 653 3443 723 χάριν
3487 651 3730 706 ἐναντίον

455 777 545 828 ne,
579 775 782 832 qumso.
825 768 1120 828 praetereas
1164 771 1382 812 servum
1413 764 1561 808 tuum
1597 752 1666 804 η.
1701 770 1720 804 ι
1761 750 1877 805 Non
1925 750 2040 820 ipse

2170 767 2258 813 ου,
2293 748 2366 820 μὴ
2400 747 2681 820 παρέλθῃς
2710 748 2803 801 τὸν
2845 748 3012 802 παῖδά
3051 763 3144 800 σου
3168 788 3182 812 ,
3209 766 3229 798 ι
3263 746 3364 798 οὐκ
3401 746 3565 808 αὐτὸς
3591 745 3733 816 λαμ-

455 858 656 926 accipit
695 869 920 924 aquam,
953 867 1058 906 non
1087 849 1356 920 promittit
1399 863 1458 902 se
1487 846 1651 916 pedes
1696 859 1917 908 eorum,
1947 846 2038 912 qui

2170 842 2296 895 ἱάνει
2336 839 2502 913 ὕδωρ,
2539 841 2659 894 οὐδὲ
2696 839 3089 909 ἐπαγγέλλεται
3141 839 3348 892 νίπτειν
3379 838 3506 900 τοὺς
3564 837 3732 900 πόδας

457 947 620 1004 veluti
672 945 915 1015 h05pites
970 943 1344 1002 advenerant,
1389 939 1616 1000 lavare,
1663 936 1756 991 sed
1821 935 2038 1004 inquit:

2173 935 2249 988 ῶν
2287 935 2563 1007 μαθητῶν,
2588 935 2664 1000 ὡς
2693 935 2858 1002 ξένων
2887 933 3151 987 ἐλθόντων
3185 931 3322 1004 πρὸς
3362 932 3557 985 αὐτόν·
3595 931 3735 985 ἀλλά

464 1061 481 1090 ι
510 1040 790 1100 Sumatur,
815 1051 1018 1106 qureso,
1039 1049 1202 1104 aqua,
1222 1041 1276 1087 et
1299 1031 1552 1085 laventur
1569 1029 1732 1096 pedes
1746 1029 1909 1082 vestri
1929 1025 1994 1079 ⁸⁸.
2017 1046 2036 1080 ι

2170 1043 2313 1096 ›ησι’
2377 1027 2698 1098 «Ληφθήτω
2747 1027 2812 1096 δὴ
2870 1026 3045 1097 ὕδωρ,
3097 1025 3192 1079 καὶ
3244 1024 3559 1094 νιψάτωσαν
3605 1025 3734 1087 τοὺς

465 1132 570 1187 Sed
600 1147 664 1186 ne
694 1130 890 1196 Joseph
919 1127 1138 1198 quidem
1178 1139 1375 1194 aquam
1403 1121 1583 1177 attulit
1614 1131 1672 1175 ut
1701 1119 1908 1174 lavaret
1944 1135 2044 1172 un-

2170 1115 2311 1180 ιόδας
2339 1116 2509 1187 ὑμῶν.
2541 1136 2559 1167 ι
2601 1115 2740 1168 Ἀλλ’
2763 1115 2884 1169 οὐδὲ
2920 1115 3118 1185 Ἰωσὴφ
3144 1114 3375 1185 ἡνεγκεν
3404 1111 3551 1182 ὕδωρ
3574 1111 3734 1180 νῖψαι

463 1225 634 1280 decim
675 1223 904 1276 l‘ratrum
955 1218 1152 1288 pedes,
1203 1216 1297 1272 sed
1332 1215 1498 1269 homo
1551 1216 1617 1268 de
1653 1213 1813 1268 domo
1843 1210 2043 1282 Joseph

2170 1211 2270 1274 rei);
2300 1209 2469 1273 πόδας
2517 1209 2625 1263 τῶν
2665 1208 2931 1278 ἀδελφῶν,
2965 1207 3079 1262 ἀλλ’
3118 1209 3148 1259 ὁ
3182 1207 3274 1258 ἐπὶ
3306 1203 3402 1258 τοῦ
3429 1205 3580 1258 οῐκου
3623 1205 3738 1256 ἰω-

468 1339 487 1368 «
523 1316 708 1372 eduxit
735 1315 801 1368 ad
831 1327 924 1367 eos
950 1311 1171 1365 Simeon
1194 1351 1208 1373 ,
1245 1321 1299 1362 et
1326 1307 1451 1362 tulit
1484 1322 1681 1376 aquam
1713 1315 1770 1360 ut
1798 1306 2046 1360 lavarent

2170 1305 2257 1376 ιὴφ
2285 1303 2568 1376 ἄνθρωπος
2608 1322 2626 1353 ι
2657 1302 2894 1373 ἐξήγαγε
2941 1299 3078 1371 πρὸς
3121 1298 3318 1360 αὐτοὺς
3345 1297 3436 1350 τὸν
3487 1295 3734 1366 Συμεὼν,

463 1411 629 1482 pedes
664 1423 790 1462 suos
828 1405 893 1457 “.
933 1423 951 1457 ι
986 1404 1055 1457 At
1078 1416 1208 1456 vero
1238 1398 1326 1453 ille
1359 1399 1448 1470 qui
1484 1399 1657 1462 dixit,
1697 1416 1715 1448 ι
1762 1397 1873 1464 Ego
1899 1397 2044 1461 veni,

466 1516 569 1556 non
605 1509 862 1567 tanquam
895 1494 986 1564 qui
1035 1490 1345 1556 recumbit,
1379 1489 1473 1542 sed
1526 1496 1781 1558 tanquam
1813 1487 1905 1557 qui
1946 1487 2048 1542 mi-

466 1595 664 1649 ni5trat
696 1590 768 1654 ⁸³,
802 1609 821 1641 ι
878 1589 1082 1658 quique
1136 1583 1556 1652 dicebatjuste,
1599 1599 1618 1633 ι
1664 1581 1865 1636 Discite
1898 1597 1926 1635 a
1963 1597 2049 1636 me

465 1687 592 1756 quia
636 1683 783 1737 mitis
826 1697 970 1742 sum,
1002 1689 1056 1735 et
1087 1677 1306 1732 humilis
1343 1676 1509 1730 corde
1531 1675 1597 1741 “,
1643 1693 1663 1728 ι
1712 1674 1830 1745 ipse
1882 1674 2050 1728 mittit

469 1792 664 1848 aquam
691 1777 744 1831 in
777 1774 1007 1846 pelvim;
1035 1770 1354 1826 noratenim
1392 1769 1663 1824 neminem
1693 1769 1772 1824 sic
1794 1783 1952 1838 posse
1979 1767 2051 1821 la-

469 1886 599 1926 vare
621 1870 785 1940 pedes
808 1864 1198 1938 discipulorum
1263 1861 1400 1934 [(95)
1417 1872 1476 1917 ut
1504 1861 1646 1930 quod
1675 1861 2045 1924 abluerentur,

470 1963 569 2034 ipsi
599 1977 720 2018 cum
757 1975 824 2014 eo
866 1969 1081 2028 partem
1125 1957 1418 2022 haberent,
1445 1953 1902 2024 quemadmodum
1935 1953 2050 2021 ipse

471 2065 674 2124 posset.
697 2054 848 2122 Aqua
869 2060 1073 2114 autem,
1095 2063 1210 2102 mea
1235 2046 1454 2116 quidem
1479 2046 1771 2112 sententia,
1798 2044 1903 2100 tale
1927 2059 2049 2099 ver-

471 2149 595 2203 bum
629 2158 783 2211 erat,
821 2145 1048 2199 abluens
1090 2139 1481 2208 discipulorum
1524 2137 1712 2210 pedes]
1735 2138 1850 2209 ,qui
1888 2152 2052 2192 vene-

472 2252 597 2296 rant
628 2239 788 2313 411
824 2239 890 2292 ad
917 2236 1115 2307 pelvim
1141 2234 1442 2303 appositam
1480 2232 1582 2287 sibi
1609 2248 1637 2286 a
1665 2231 1815 2287 Jesu.
1851 2231 2054 2285 Deinde

473 2350 660 2404 qurere
705 2347 804 2385 cur
851 2329 1068 2384 tandem
1105 2343 1210 2382 non
1242 2328 1508 2396 scriptum
1544 2326 1654 2381 sit:
1682 2324 1843 2379 Lavit
1888 2323 2055 2392 pedes

474 2423 896 2494 discipulorum;
927 2421 1022 2475 sed
1055 2421 1258 2474 dictum
1286 2419 1452 2472 fuerit
1483 2437 1497 2472 :
1538 2435 1556 2468 ι
1595 2417 1657 2470 Ει
1681 2416 1843 2484 cmpit
1869 2416 2056 2470 lavare

476 2517 646 2586 pedes
680 2513 1072 2582 discipulorum
1104 2510 1171 2565 ⁸⁷.
1211 2529 1230 2561 ι
1266 2508 1462 2565 Utrum
1513 2510 1659 2563 enim
1713 2509 2056 2563 consuetudo

479 2609 600 2664 talis
627 2619 708 2663 cst
733 2607 1163 2675 Scripturarum,
1193 2605 1348 2675 juxta
1381 2619 1543 2674 quam
1585 2617 1692 2657 non
1726 2601 1870 2671 jure,
1903 2613 2058 2655 com-

480 2704 762 2776 paratione
785 2700 1198 2757 consuetudinis
1233 2697 1548 2764 multorum,
1577 2695 1816 2766 przeponi
1847 2694 2060 2748 videtur

2148 1399 2241 1451 ml.
2283 1399 2514 1468 ἤνεγκεν
2547 1395 2693 1466 ὕδωρ
2733 1393 2886 1463 νῖψαι
2923 1394 3051 1456 τοὺς
3103 1391 3268 1454 πόδας
3300 1390 3500 1444 αὐτῶν.
3527 1409 3546 1440 ι
3590 1389 3647 1441 '0
3678 1388 3738 1441 δὲ

2149 1490 2319 1544 είπὼν
2338 1531 2353 1555 ,
2395 1509 2413 1540 ι
2439 1485 2643 1542 ’Ἦλθον
2665 1488 2763 1558 οὐχ
2795 1487 2871 1550 ὡς
2907 1484 3265 1556 ἀνακείμενος
3301 1483 3431 1547 (96),
3463 1481 3578 1535 ἀλλ’
3607 1482 3682 1544 ὡς
3707 1483 3739 1533 ό

2149 1582 2474 1644 διακονῶν,›
2523 1581 2617 1634 καὶ
2663 1579 2888 1642 δικαίως
2944 1577 3120 1647 λέγων
3172 1577 3233 1630 τὸ
3260 1616 3278 1641 ,
3321 1595 3339 1626 ι
3368 1575 3587 1631 malea-:5
3640 1573 3738 1629 ἀπ’

2152 1675 2308 1746 ἐμοῦ,
2357 1675 2438 1727 ὅτι
2478 1673 2653 1744 πρᾷός
2697 1674 2845 1742 είμι,
2893 1672 2987 1724 καὶ
3030 1670 3286 1733 ταπεινὸς
3335 1672 3402 1740 τῇ
3449 1669 3680 1740 καρδίᾳ,
3714 1687 3734 1719 ι

2153 1767 2312 1830 αὐτὸς
2359 1765 2542 1836 βάλλει
2577 1764 2723 1834 ὕδωρ
2769 1766 2848 1826 εἰς
2888 1762 2983 1816 τὸν
3017 1762 3257 1832 νιπτῆρα
3281 1776 3295 1790 ·
3336 1759 3452 1831 ᾔδει
3494 1760 3622 1832 γὰρ,
3655 1761 3740 1813 ὃτι

2151 1860 2324 1922 οὐδεὶς
2349 1858 2492 1912 οὕτω
2534 1858 2754 1911 δύναται
2779 1854 2933 1924 νῖψαι
2960 1855 3086 1918 τοὺς
3115 1855 3282 1918 πόδας
3318 1853 3428 1907 τῶν
3458 1852 3742 1924 μαθητῶν,

2153 1959 2229 2021 ὡς
2270 1958 2358 2011 διὰ
2386 1957 2446 2010 τὸ
2491 1955 2749 2025 νίψασθαι
2794 1955 2939 2025 ἔχειν
2991 1955 3188 2018 αὐτοὺς
3230 1953 3332 2021 τὴν
3384 1948 3578 2021 μερίδα
3624 1951 3742 2017 μετ’

2154 2049 2355 2114 αὑτοῦ,
2399 2050 2476 2114 ὼς
2520 2049 2702 2112 αὐτός.
2749 2049 2822 2102 Τὸ
2867 2049 2924 2102 δὲ
2972 2047 3138 2119 ὕδωρ,
3197 2047 3315 2098 κατ’
3365 2043 3494 2114 ἐμὲ,
3536 2039 3744 2094 τοιόσδε

2153 2144 2309 2212 λόγος
2335 2139 2423 2215 ἦν,
2466 2141 2668 2195 νίπτων
2697 2143 2824 2204 τοὺς
2858 2141 3025 2203 πόδας
3056 2139 3164 2193 τῶν
3201 2136 3459 2210 μαθητῶν
3493 2133 3746 2194 ἐλθόντας

2156 2239 2255 2290 ἐπὶ
2295 2237 2388 2290 τὸν
2435 2236 2540 2289 ὑπὸ
2571 2235 2664 2288 τοῦ
2717 2234 2892 2305 Ἰησοῦ
2941 2233 3376 2305 παρατιθέμενον
3429 2229 3613 2292 αὐτοῖς
3664 2245 3746 2280 νι-

2157 2327 2361 2398 πτῆρα.
2395 2321 2529 2378 Εἶτα
2571 2323 2720 2394 ζητῶ
2751 2324 2804 2377 τί
2843 2324 3042 2396 δήποτε
3071 2323 3132 2376 οὐ
3165 2322 3477 2393 γέγραπται
3520 2317 3619 2389 μὲν
3647 2315 3739 2368 τό·

2161 2418 2350 2488 Ἔνιψε
2390 2419 2517 2482 τοὺς
2557 2417 2722 2480 πόδας
2767 2416 2876 2470 τῶν
2925 2414 3214 2487 μαθητῶν
3263 2413 3515 2466 λέλεκται
3549 2409 3606 2463 δὲ
3643 2408 3743 2461 τό·

2170 2531 2189 2565 ι
2218 2513 2328 2566 Καὶ
2379 2511 2578 2582 ἤρξατο
2624 2508 2832 2560 νίπτειν
2864 2510 2989 2571 τοὺς
3044 2507 3209 2571 πόδας
3251 2506 3358 2559 τῶν
3406 2501 3687 2574 μαθητῶν.
3723 2518 3742 2548 ι

2157 2600 2305 2676 τΛρα
2335 2604 2445 2675 γὰρ
2475 2599 2732 2672 συνήθειά
2767 2601 2886 2652 ἐστι
2932 2598 3156 2668 τοιαύτη
3201 2597 3314 2670 (97)
3359 2594 3466 2648 τῶν
3495 2592 3746 2664 Γραφῶν,

2159 2694 2281 2748 καθ’
2312 2695 2378 2764 ἢν
2413 2692 2560 2746 δοκεῖ
2595 2692 2669 2764 μὴ
2711 2691 2975 2759 εὐλόγως,
3017 2689 3092 2752 ὡς
3135 2689 3272 2758 πρὸς
3315 2686 3415 2757 τὴν
3459 2684 3568 2738 τῶν
3616 2682 3745 2735 πολ-

479 2775 634 2862 iliud,
686 2796 880 2864 coepit?
930 2808 998 2846 an
1035 2792 1199 2862 coepit
1231 2791 1454 2861 quidem
1485 2787 1641 2843 Jesus
1671 2787 1858 2840 lavare
1890 2785 2059 2854 pedes

2170 2787 2269 2841 λῶν
2301 2785 2610 2857 συνήθειαν,
2637 2782 3038 2854 προτάσσεσθαι
3065 2780 3148 2846 τὸ,
3177 2778 3434 2846 ἤρξατο;
3470 2778 3502 2847 ἢ
3537 2776 3598 2829 τὸ
3628 2775 3746 2846 μὲν,

478 2889 892 2960 discipulorum,
927 2885 1073 2941 haud
1131 2894 1314 2938 tamen
1379 2891 1492 2935 tum
1540 2878 1781 2934 cessavit
1839 2874 2056 2930 illorum

2170 2879 2406 2952 Ἤρξατο
2477 2877 2686 2930 νίπτειν
2732 2876 2860 2937 τοὺς
2912 2873 3075 2935 πόδας
3116 2871 3225 2924 τῶν
3275 2868 3536 2940 μαθητῶν
3576 2870 3605 2920 ὁ
3643 2868 3748 2935 ⁸1η-

482 2987 648 3055 pedes
710 2980 944 3035 lavare?
999 2977 1128 3032 lavit
1173 2975 1322 3030 enim
1380 2981 1601 3042 postea,
1653 2979 1816 3038 atque
1877 2966 2053 3035 ipsum

2170 2969 2324 3034 σοῢς,
2375 2968 2438 3022 οὐ
2497 2967 2602 3038 μὴν
2655 2965 2932 3020 ἐπαύσατο
2993 2963 3118 3016 τότε
3171 2961 3330 3030 νίψας
3391 2959 3571 3012 αὐτῶν
3618 2959 3750 3020 τοὺς

484 3080 667 3130 lavare
697 3071 1005 3141 complevit,
1043 3069 1297 3138 quoniam
1325 3061 1596 3133 inquinati
1642 3061 1880 3123 fuerant,
1905 3055 2057 3124 juxta

2170 3063 2365 3127 πόδας;
2419 3061 2646 3132 ὕστερον
2680 3058 2790 3131 γὰρ
2836 3056 3004 3126 Evcl/2,
3041 3057 3136 3108 καὶ
3169 3054 3381 3107 ἐτέλεσε
3411 3051 3473 3104 τὺ
3520 3050 3749 3117 νίπτειν,

482 3168 636 3228 illud,
689 3183 707 3216 ι
743 3165 946 3219 Omnes
977 3177 1070 3215 vos
1120 3156 1468 3214 oll'endemini
1525 3165 1687 3208 causa
1741 3163 1860 3202 mea
1899 3155 2056 3202 nocte

2170 3158 2280 3210 ἐπεὶ
2326 3153 2716 3226 ἐμολύνθησαν,
2756 3151 2898 3205 κατὰ
2942 3149 3037 3216 τὸ,
3077 3167 3096 3199 ι
3129 3148 3337 3209 Πάντες
3378 3145 3536 3216 ὑμεῖς
3581 3160 3748 3197 σκαν-

483 3261 586 3312 hac
609 3256 676 3318 ⁸⁸,
708 3273 726 3306 ι
748 3253 970 3320 etjuxta
994 3249 1125 3304 illud
1151 3248 1294 3317 quod
1323 3246 1486 3300 Petro
1510 3251 1596 3296 est
1629 3240 1832 3294 dictum
1860 3251 1875 3291 :
1902 3255 1921 3288 ι
1941 3236 2056 3291 Non

2170 3247 2547 3320 δαλισθήσεσθε
2596 3249 2654 3299 ὲν
2697 3246 2821 3316 ἐμοὶ
2863 3245 2921 3297 ἐν
2965 3245 3032 3314 τῇ
3075 3241 3230 3295 νυκτὶ
3275 3239 3467 3312 ταύτῃ,
3493 3258 3510 3289 ι
3549 3239 3643 3291 καὶ
3685 3237 3748 3290 τὸ

481 3349 726 3404 cantabit
763 3343 962 3416 gallus,
995 3341 1168 3397 donec
1201 3348 1284 3391 ter
1322 3332 1613 3406 abnegaris
1657 3346 1742 3386 me
1763 3328 1831 3382 ".
1870 3347 1889 3380 ι
1924 3326 2059 3382 Cum

2170 3341 2302 3414 πρὸς
2353 3340 2557 3410 Πέτρον
2598 3339 2891 3408 λεγόμενον
2929 3335 3022 3388 τό*
3061 3353 3079 3384 ι
3108 3334 3183 3387 Οὐ
3220 3332 3294 3403 μὴ
3344 3332 3582 3402 φωνήσει
3626 3329 3748 3384 ἁλέ-

481 3440 625 3496 euim
667 3438 786 3492 haec
828 3441 1049 3503 peccata
1095 3426 1390 3483 commissa
1437 3421 1687 3485 fuerunt,
1747 3426 1875 3470 tunc
1927 3428 2062 3483 opus

485 3522 1204 3594 habueruntdiscipulorum
1238 3517 1406 3588 pedes
1452 3512 1717 3583 inquinati
1759 3518 1818 3562 ut
1847 3521 2062 3561 rursum

485 3625 840 3678 lavarentur:
877 3631 1014 3688 quos
1066 3614 1254 3667 lavare
1305 3607 1471 3678 coepit
1532 3602 1751 3674 quando
1804 3600 1976 3670 surgit
2034 3612 2064 3650 a

490 3730 665 3780 cana,
694 3729 758 3767 ac
784 3712 969 3764 lavare
997 3705 1290 3776 complevit
1335 3716 1456 3756 cum
1488 3713 1583 3754 eos
1612 3695 1930 3750 mundasset
1960 3705 2065 3744 non

489 3809 720 3878 amplius
755 3799 1141 3872 inquiuandos.
1183 3797 1340 3853 Hunc
1373 3791 1541 3850 etiam
1575 3791 1628 3846 in
1658 3787 1873 3843 modum
1903 3783 2070 3853 carpit

490 3913 776 3971 extergere
809 3898 973 3970 pedes
1002 3892 1425 3962 discipulorum;
1473 3886 1597 3941 illos
1637 3879 1918 3950 complens
1945 3879 2070 3933 abs-

491 4008 722 4067 tergere,
749 4007 871 4048 cum
903 3989 1192 4060 complevit
1221 3985 1385 4041 etiam
1415 3984 1621 4038 lavare.

561 4177 610 4232 5.
656 4193 675 4228 ι
716 4173 880 4229 Venit
909 4185 1038 4242 ergo
1079 4168 1148 4223 ad
1187 4165 1465 4221 Simonem
1493 4162 1716 4218 Petrum
1745 4165 1835 4224 ;et
1864 4153 1998 4211 dicit
2019 4152 2070 4208 ei

491 4273 631 4326 ille:
682 4268 952 4329 Domine,
1008 4274 1061 4319 tu
1113 4261 1244 4316 mihi
1294 4260 1447 4313 lavas
1514 4255 1716 4327 pedes?
1773 4247 2074 4319 Respondit

492 4364 676 4427 Jcsus,
717 4369 771 4416 et
804 4357 942 4413 dixit
965 4357 1014 4412 ei
1044 4373 1058 4409 :
1100 4354 1251 4421 Quod
1282 4367 1382 4422 ego
1412 4349 1574 4414 facio,
1600 4356 1654 4402 tu
1680 4360 1822 4400 nunc
1859 4342 2071 4407 nescis;

2164 3450 2336 3503 κτωρ,
2380 3432 2484 3495 ἕως
2513 3430 2579 3485 ἂν
2611 3431 2823 3502 ἀρνήσῃ
2869 3445 2934 3498 με
2967 3427 3087 3498 τρίς
3109 3443 3121 3454 ·
3149 3445 3168 3476 ι
3205 3424 3409 3477 τούτων
3449 3423 3558 3492 γὰρ
3602 3438 3753 3489 γενο-

2170 3523 2347 3593 μένων
2398 3520 2506 3575 τῶν
2551 3518 2982 3590 ἁμαρτημάτων,
3015 3515 3213 3584 νίψεως
3253 3513 3414 3567 πάλιν
3459 3512 3666 3565 ἐδέοντο
3699 3511 3750 3562 οι

2172 3612 2520 3686 μολυνθέντες
2541 3610 2649 3664 τῶν
2679 3609 2932 3680 μαθητῶν
2958 3608 3118 3671 πόδες
3134 3623 3148 3636 ·
3172 3605 3264 3667 οὒς
3296 3604 3500 3676 ἤρξατο
3521 3603 3750 3665 νίπτειντ

2169 3707 2331 3778 ἡνίκα
2354 3705 2624 3776 ἐγείρεται
2650 3707 2713 3758 ἐκ
2735 3703 2828 3756 τοῦ
2853 3700 3090 3764 δείπνου,
3123 3697 3437 3752 συνετέλεσε
3466 3693 3528 3747 τὸ
3547 3693 3758 3746 νίπτειν

2169 3799 2473 3872 καθαρίσας
2505 3798 2700 3860 αὐτοὺς
2731 3796 2831 3849 οὐκ
2856 3793 2934 3847 ἔτι
2966 3790 3501 3864 μολυνθησομένους·
3533 3786 3675 3839 οὕτω
3696 3784 3754 3838 δὲ

2171 3893 2266 3947 καὶ
2309 3892 2371 3945 τὸ
2416 3892 2513 3962 μὲν
2562 3887 2764 3960 ἤρξατο
2797 3886 3094 3957 ἐκμάσσειν
3131 3885 3256 3945 τοὺς
3300 3882 3465 3942 πόδας
3495 3879 3604 3932 τῶν
3651 3895 3754 3947 μα-

2171 3985 2370 4057 θητῶν,
2408 3983 2716 4038 συνετέλεσε
2749 3981 2808 4034 es
2853 3979 3166 4050 ὲκμάσσων,
3204 3977 3292 4029 ὅτε
3319 3972 3631 4028 συνετέλεσε
3661 3969 3757 4023 καλ⁵

2172 4079 2398 4132 νίπτων.

2250 4169 2301 4224 5.
2349 4188 2368 4220 ι
2400 4168 2659 4239 Ἔρχεται
2718 4159 2811 4219 οὖν
2857 4164 2994 4236 πρὸς
3041 4161 3262 4232 Σίμωνα
3315 4158 3556 4227 Πέτρον·
3607 4154 3757 4223 λέγει

2173 4261 2355 4333 αὐτῷ·
2413 4260 2610 4332 Κύριε,
2659 4258 2722 4311 σύ
2780 4275 2880 4329 μου
2939 4251 3152 4318 νίπτεις
3203 4251 3405 4315 πόδας;
3460 4248 3756 4320 Ἀπεκρίθη

2187 4353 2426 4426 Ἰησοῦς,
2475 4353 2570 4406 καὶ
2632 4347 2784 4404 εἶπεν
2836 4345 3014 4417 αὐτῷ·
3073 4347 3139 4399 Ὃ
3185 4342 3296 4411 ἐγὼ
3347 4338 3505 4402 ποιῶ,
3542 4339 3606 4392 σὺ
3660 4339 3762 4390 οὐκ

491 4457 632 4510 scies
667 4464 845 4507 autem
880 4459 1093 4521 postea.
1137 4447 1277 4501 Dicit
1322 4444 1372 4498 ei
1419 4443 1616 4498 Petrus
1659 4458 1672 4496 :
1717 4437 2062 4507 Nequaquam

2176 4444 2323 4510 οἶδας
2373 4444 2530 4517 ἄρτι·
2577 4443 2764 4515 γνώσῃ
2796 4442 2856 4495 δὲ
2903 4438 3041 4512 μετά
3092 4436 3286 4490 ταῦτα.
3333 4435 3496 4502 Λέγει
3541 4429 3692 4500 αὐτῷ
3733 4432 3761 4481 ὁ

493 4546 696 4601 laveris
722 4543 886 4616 pedes
917 4556 1064 4595 meos
1094 4539 1144 4592 in
1171 4548 1454 4594 :eternum.
1484 4533 1782 4603 Respondit
1804 4530 1852 4584 ei
1877 4527 2062 4583 Jesus:

2182 4513 2508 4610 Πέτρος-Οὐ
2543 4535 2616 4608 μὴ
2645 4513 2804 4605 νίψης
2832 4533 2960 4595 τοὺς
3004 4530 3168 4591 πόδας
3202 4543 3302 4597 μου
3335 4527 3415 4588 είς
3440 4524 3530 4577 τὸν
3569 4522 3758 4575 αἰῶνα.

496 4641 553 4694 Si
587 4652 695 4693 non
739 4637 922 4690 lavero
968 4643 1038 4701 te,
1077 4647 1182 4687 non
1215 4632 1389 4686 habes
1424 4638 1633 4699 partem
1664 4638 1898 4679 mecum.
1932 4619 2076 4675 Dicit

495 4734 545 4787 ei
582 4731 773 4788 Simon
805 4730 1037 4783 Petrus:
1067 4725 1442 4788 Domine,non
1480 4730 1686 4774 tantum
1717 4717 1881 4785 pedes
1905 4727 2073 4778 meos,

497 4827 592 4882 sed
639 4833 693 4880 et
736 4837 952 4886 manus,
985 4830 1039 4874 et
1083 4828 1267 4889 caput.
1305 4817 1443 4871 Dicit
1481 4815 1529 4871 ei
1563 4813 1725 4868 Jesus
1755 4828 1770 4864 :
1798 4809 1900 4877 Qui
1931 4809 2076 4864 lotus

498 4929 603 4980 est,
655 4914 791 4970 nihil
827 4928 964 4983 opus
1000 4912 1194 4974 habet,
1246 4916 1609 4977 prteterquam
1651 4903 1814 4974 pedes
1867 4902 2072 4968 lavare,

2197 4629 2492 4702 Ἀπεκρίθη
2550 4627 2755 4698 Ἰησοῦς
2810 4623 2992 4695 αὐτῷ’
3040 4621 3165 4674 Ἐὰν
3222 4617 3296 4690 μὴ
3341 4617 3480 4686 νίψω
3535 4631 3617 4674 σε,
3664 4614 3765 4666 οὐκ

2185 4722 2329 4794 ἔχεις
2362 4723 2525 4794 μέρος
2571 4723 2685 4792 μετ’
2724 4718 2878 4791 ἐμοῦ.
2915 4717 3077 4786 Λέγει
3119 4714 3268 4784 αὐτῷ
3304 4711 3492 4782 ’Σίμων
3523 4708 3762 4777 Πέτρος*

2183 4815 2378 4887 Κύριε,
2407 4816 2469 4869 οὐ
2499 4815 2626 4876 τοὺς
2660 4812 2828 4875 πόδας
2862 4828 2963 4882 μου
3000 4810 3180 4881 μόνον,
3216 4800 3352 4860 ἀλλὰ
3379 4802 3476 4856 καὶ
3505 4800 3607 4862 τὰς
3653 4801 3766 4870 χεῖ-

2185 4925 2308 4978 ρας,
2349 4907 2443 4962 καὶ
2491 4906 2588 4977 τὴν
2622 4904 2882 4974 κεφαλήν.
2915 4903 3074 4970 Λέγει
3118 4899 3267 4970 αὑτῴ
3303 4894 3538 4967 Ἰησοῦς·
3581 4892 3638 4944 '0
3679 4891 3768 4943 λε-

566 5014 611 5045 ⁶²
645 5011 780 5068 Gen.
818 5026 976 5072 xvm,
1004 5008 1060 5074 ‘2,
1101 5009 1154 5062 5.
1232 5006 1278 5036 ⁸⁸
1305 5003 1530 5074 ibid._4.
1602 4999 1648 5032 “
1672 5000 1993 5074 Gcn_.}t.tu,
2033 5002 2062 5056 2

2170 5005 2238 5061 ιι.
2310 5003 2357 5035 ⁸⁸
2396 5002 2693 5060 Luc.xxu.
2747 4999 2838 5057 27.
2913 4999 2960 5030 ⁸⁸
2988 4997 3179 5052 Matth.
3243 5009 3320 5061 xl,
3369 4991 3458 5047 29.
3536 4986 3763 5042 "Joan.

501 5100 621 5151 xm,
647 5083 700 5137 5.
767 5082 812 5113 ⁸⁵
844 5068 994 5134 Matt.
1019 5068 1166 5144 xxvr,
1195 5077 1284 5130 51.
1363 5073 1407 5106 ⁶⁹
1434 5072 1591 5127 Joan.
1620 5087 1738 5135 xut,
1774 5068 1863 5123 58.

572 5178 689 5251 (94)
717 5178 942 5251 θύρας.
984 5176 1147 5230 Deest
1178 5173 1230 5227 in
1267 5172 1459 5228 codice
1494 5168 1701 5239 Regio,
1743 5167 1837 5222 sed
1889 5165 2088 5236 legitur

504 5253 555 5307 iu
600 5250 914 5304 Bodleiano.

576 5320 688 5393 (95)
733 5317 855 5393 Haec
915 5330 943 5368 a
977 5312 1232 5393 Ferrario
1269 5309 1653 5380 praetermissa,
1687 5323 1718 5363 e
1761 5305 2082 5367 Perioniana

505 5383 958 5456 interpretatione
985 5383 1376 5456 supplevimus.

581 5445 974 5531 (9ᾀ)ξιι,ιρον,
1029 5445 1158 5531 όῦχ-
1191 5453 1272 5531 ᾡς
1317 5451 1728 5531 ἀνακείμενος,
1792 5457 1919 5531 etc.‘
1959 5445 2087 5501 Haec

506 5518 788 5594 αὐτολὲξεὶ
849 5518 1033 5581 Jesum
1104 5518 1316 5578 dixisse
1391 5522 1571 5594 nullus
1626 5518 2083 5594 evangelistarum

508 5589 751 5668 scripsit,
782 5603 874 5668 sed
916 5597 1208 5649 verborum
1237 5607 1483 5668 securus,
1524 5591 1608 5668 in
1636 5589 1930 5653 sententia,
1965 5601 2087 5657 qua:

512 5658 644 5725 Ι.υεῖ
683 5658 817 5731 xxtt,
849 5667 940 5730 Ἥ,
967 5674 1173 5726 exstat,
1207 5662 1483 5732 acquievit
1519 5658 1912 5732 Origenes,__ut
1975 5673 2081 5712 non

513 5742 587 5794 Illi
627 5729 822 5802 solum,
861 5729 954 5790 sed
1001 5733 1256 5790 Patribus
1293 5729 1477 5789 etiam
1525 5732 1639 5786 fere
1678 5729 1933 5785 clunibus
1985 5742 2085 5782 usu

511 5810 699 5865 venire
725 5807 882 5864 solet.
911 5805 1174 5861 Hunnus.
1612 5814 1614 5816 ·

2267 5166 2382 5239 (97)
2412 5161 2557 5234 Ἆρα
2585 5163 2704 5239 γὰρ
2725 5158 3176 5239 συνήθειά-ἐστι
3202 5159 3465 5239 τοιαύτη,
3483 5167 3588 5239 etc.
3616 5155 3767 5210 Meu-

2195 5227 2325 5292 dosa
2360 5227 2672 5292 base—erant
2692 5233 2744 5288 in
2796 5233 2984 5287 codice
3020 5229 3280 5291 Ferrarii.
3314 5227 3469 5296 cujus
3501 5229 3771 5296 initerpreo

2196 5309 2452 5362 tationem
2488 5306 2862 5360 emeudamus.
2905 5301 3122 5371 Optime
3168 5314 3297 5371 vero
3325 5295 3494 5371 codex
3541 5295 3766 5371 Regius,

2193 5394 2352 5445 quem
2376 5377 2456 5431 sic
2486 5385 2632 5429 recte
2655 5365 3046 5445 interpretatus
3073 5379 3155 5445 est
3180 5367 3538 5445 Perion_ius:_t
3573 5365 3764 5421 Utrum

2191 5439 2338 5502 éuim
2367 5457 2450 5501 est
2480 5447 2596 5500 haec
2619 5439 2956 5500 consuetudo
2989 5439 3584 5508 scriptorum,(legebat
3623 5453 3765 5508 γρα-

2193 5518 2456 5588 φέων),ει
2475 5531 2577 5588 qua
2611 5530 2716 5569 non
2748 5515 2963 5588 videtur
2989 5507 3158 5588 recte,
3189 5511 3334 5588 quod
3364 5507 3445 5563 ad,
3478 5507 3768 5588 mult-orum

2196 5576 2401 5642 I'uore'm
2445 5576 2661 5649 attinet,
2705 5584 2959 5654 praeponi
2989 5581 3118 5654 illud
3140 5576 3294 5646 caipit
3323 5592 3344 5654 _:
3372 5594 3440 5632 an
3471 5578 3640 5645 cmpit
3679 5576 3771 5630 ille

2194 5659 2410 5727 quidem
2443 5668 2555 5710 tum
2580 5650 2800 5727 abluere
2821 5650 3423 5727 :discipulorumApedes,
3449 5663 3556 5704 nou
3588 5658 3766 5702 tamen

2197 5719 2309 5784 tum
2329 5742 2521 5784 eorum
2555 5726 2720 5796 pedes
2751 5719 2979 5778 abluere
2995 5719 3242 5778 destitit?
