4182 6412
453 373 558 428 755

1445 365 1805 422 COMMENT.
1849 363 1916 420 IN
1953 362 2146 421 JOAN.
2184 361 2425 420 TOMUS
2465 358 2678 416 XXXII.

3607 355 3710 410 754

451 487 710 557 λουμένος
730 485 828 539 οὑκ
854 483 969 556 ἔχει
997 481 1187 555 χρείαν
1213 483 1263 535 εἰ
1297 480 1370 553 μὴ
1408 479 1535 545 τοὺς
1561 482 1726 544 πόδας
1755 479 2027 550 νίψασθαι,

2140 477 2235 533 sed
2258 485 2344 532 est
2369 477 2600 530 mundus
2629 482 2815 530 totus:
2849 476 2904 528 et
2926 482 3023 525 vos
3051 465 3237 522 mundi
3275 465 3428 532 estis,
3466 467 3560 523 sed
3603 484 3710 522 non

450 581 566 634 ἀλλ’
609 579 724 632 ἐστι
771 577 1010 650 καθαρὸς
1055 577 1209 639 ὅλος⁶
1254 577 1346 629 καὶ
1389 575 1549 646 ὑμεῖς
1595 573 1822 644 καθαροί
1873 573 2031 639 ἐστε,

450 672 566 726 ἀλλ’
633 672 756 742 ούχὶ
827 670 1063 734 πάντες*
1145 669 1263 740 ⁴ᾔδει
1343 667 1453 739 γὰρ
1524 668 1615 720 τὸν
1674 666 2034 738 παραδιδόντα

451 763 645 818 αὐτόν·
713 762 802 816 διὰ
868 761 1028 816 τοῦτο
1086 755 1272 813 εἶπεν·
1346 759 1484 830 Οὐχὶ
1542 760 1742 822 πάντες
1805 757 2034 827 καθαροί

450 857 593 908 ἐστε.
610 873 627 906 ι
655 854 787 918 Τοῖς
810 854 907 908 νῦν
935 853 1042 906 ὑπὸ
1068 851 1160 906 τοῦ
1190 851 1400 922 Πέτρου
1432 850 1746 920 λεγομένοις
1769 850 1827 901 ἐν
1856 849 2034 920 καιρῷ

451 945 768 1018 χρησόμεθα
813 944 1255 1016 παραδείγματος
1295 943 1502 1007 ἕνεκεν,
1534 941 1588 994 εί
1631 958 1734 994 που
1789 939 1918 1002 δέοι,
1952 941 2035 994 ὅτι

451 1037 569 1091 ἔστι
611 1037 834 1091 δυνατόν
877 1054 996 1090 τινα
1039 1035 1178 1090 κατὰ
1226 1035 1484 1107 πρόθεσιν
1529 1035 1810 1107 βελτίστην
1857 1035 2034 1103 λέγειν

449 1127 540 1182 διὰ
569 1129 631 1182 τὸ
655 1128 1024 1199 ἀνεπιστῆμον
1055 1129 1117 1180 τὸ
1150 1127 1414 1199 μηδαμῶς
1443 1127 1624 1199 ἐαυτῷ
1655 1128 2030 1199 συμφέρον“τα·

453 1223 502 1274 εί
536 1221 644 1291 γὰρ
697 1221 972 1292 συμφέρον
1009 1221 1106 1290 μὲν
1135 1216 1204 1292 ἦν
1240 1221 1378 1293 πρὸς
1414 1222 1476 1274 τὸ
1509 1220 1654 1290 ἔχειν
1693 1221 1857 1292 μέρος
1895 1218 2034 1290 μετά

452 1312 546 1365 τοῦ
583 1311 760 1382 Ἰησοῦ
788 1313 850 1366 τὸ
880 1313 1136 1382 νίψασθαι
1177 1315 1304 1378 τοὺς
1355 1315 1523 1378 πόδας
1567 1315 1658 1367 ὑπ’
1694 1313 1894 1380 αὑτοῦ,
1929 1313 2034 1366 Πέ-

453 1421 582 1476 τρος
623 1405 679 1458 δέ
733 1406 809 1476 μὴ
860 1406 1255 1478 ἐπιστάμενος,
1307 1408 1388 1461 ὅτι
1447 1407 1723 1479 συμφέρον
1755 1405 1912 1460 τοῦτο
1941 1401 2030 1478 ἦν,

450 1495 714 1567 πρότερον
756 1495 854 1565 μὲν
892 1491 1065 1562 εἴπεν,
1095 1498 1258 1550 οἱονεὶ
1299 1497 1590 1569 ἐπαπορῶν
1617 1497 2031 1568 δυσωπητικῶς.

449 1585 538 1649 τὸ,
576 1607 594 1638 ι
620 1585 814 1657 Κύριε,
843 1585 906 1639 σύ
954 1604 1056 1658 μου
1097 1587 1306 1652 νίπτεις
1335 1590 1462 1653 τοὺς
1500 1589 1694 1653 πόδας;
1720 1607 1738 1638 ι
1782 1587 2032 1658 δεύτερον

447 1681 506 1732 δέ
527 1681 610 1746 τὸ,
640 1698 659 1731 ι
684 1681 759 1733 υὺ
787 1681 862 1753 μὴ
883 1682 1046 1756 νίψῃς
1075 1699 1176 1754 μου
1201 1686 1328 1748 τοὺς
1358 1685 1528 1748 πόδας
1555 1685 1634 1747 είς
1666 1683 1758 1736 τὸν
1781 1683 1952 1737 αίῶνα
1968 1722 1983 1748 ,
2007 1701 2026 1735 ι

448 1773 542 1825 καὶ
580 1771 652 1826 τὰ
690 1771 960 1843 λεγόμενα
999 1773 1276 1828 κωλυτικά
1320 1771 1390 1846 ἦν
1426 1775 1588 1847 ἔργου
1639 1775 1733 1829 τοῦ
1777 1775 2032 1846 φέροντος

447 1863 608 1918 αὑτὸν
631 1863 725 1918 ἐπὶ
747 1865 810 1918 τὸ
833 1865 977 1936 ἔχειν
1009 1867 1146 1938 μετά
1172 1867 1266 1921 τοῦ
1288 1869 1538 1940 Σωτῆρος
1558 1868 1618 1922 τὸ
1643 1868 1826 1940 μέρος,
1846 1867 2024 1939 δῆλον,

446 1956 549 2019 ὃτι,
589 1957 638 2010 εί
682 1957 776 2011 καὶ
816 1957 960 2026 ὑγιεῖ
993 1958 1250 2029 προθέσει
1287 1962 1383 2014 καὶ
1424 1960 1706 2031 σεϐασμίῳ
1759 1960 1894 2030 πρὸς
1937 1959 2027 2012 τὸν

450 2047 775 2104 Διδάσκτλον
815 2048 974 2104 τοῦτο
1015 2051 1220 2121 ἔλεγεν,
1271 2051 1579 2116 ὲπιϐλαϐῶς
1618 2053 1799 2123 ἐιαυτῷ
1851 2052 2024 2120 ἔλεγε.

448 2133 618 2188 Τοῦτο
653 2136 712 2190 δέ
750 2139 996 2192 τοιούτου
1044 2141 1219 2204 είδους
1255 2140 1365 2194 τῶν
1395 2141 1810 2213 ἁμαρτημάτων
1846 2143 1875 2194 ὁ
1915 2141 2030 2212 βίος

447 2226 802 2301 πεπλήρωται
831 2230 943 2285 τῶν
975 2234 1032 2286 ἐν
1059 2231 1138 2303 τῷ
1165 2234 1464 2298 πιστεύειν,
1493 2234 1899 2304 προτιθεμένων
1928 2233 2028 2304 μὲν

445 2319 514 2374 τὰ
559 2321 874 2392 κρείττονα,
919 2323 1009 2378 διὰ
1045 2325 1105 2378 δὲ
1147 2326 1372 2394 ἄγνοιαν
1408 2326 1477 2379 τὰ
1529 2329 1622 2380 ἐπὶ
1677 2327 1736 2380 τὸ
1787 2327 2028 2381 ἐναντίον

448 2407 682 2480 φέροντα
722 2410 1010 2480 λεγόντων,
1044 2415 1077 2486 ἢ
1107 2415 1201 2468 καὶ
1243 2416 1613 2487 πραττόντων.
1656 2416 1768 2470 Καὶ
1796 2415 2028 2470 τοιοῦτοί

442 2501 510 2569 γέ
546 2503 684 2556 είσιν
715 2505 765 2556 οἱ
809 2505 889 2569 τὸ,
941 2524 958 2556 ι
987 2506 1079 2578 Μὴ
1118 2507 1262 2578 ἅψῃ,
1303 2508 1376 2578 μὴ
1428 2508 1621 2580 γεύσῃ,
1675 2509 1750 2583 μὴ
1797 2509 1973 2581 θίγῃς,
2003 2529 2022 2562 ι

445 2589 768 2659 φάσκοντες,
805 2611 824 2644 ι
851 2596 981 2666 περὶ
1015 2596 1234 2650 πάντων
1263 2597 1371 2651 τῶν
1403 2600 1484 2662 είς
1520 2597 1748 2670 φθορὰν,
1774 2600 1869 2652 καὶ
1893 2600 2028 2652 ἀπό-

444 2698 638 2752 χρησιν
662 2703 680 2734 ι
713 2683 821 2737 τῶν
862 2684 1186 2757 ἀνθρώπων,
1222 2686 1364 2740 κατά
1400 2671 1524 2742 τινα
1563 2688 1699 2742 πολὺ
1741 2689 1842 2758 τῆς
1871 2689 2022 2753 θείας

443 2773 847 2844 ὑποϐεϐηκυῖαν
886 2777 994 2832 τῶν
1037 2777 1114 2842 ὡς
1155 2778 1440 2852 ἄνθρωπος
1487 2781 1730 2854 ἀποθάνῃ
1776 2783 2029 2837 διδασκα-

443 2864 559 2919 λίαν
589 2867 719 2940 (98).
753 2866 819 2919 Τί
855 2867 912 2922 δὲ
947 2869 1190 2943 δεί·περὶ
1229 2872 1338 2925 τῶν
1379 2876 1437 2926 ἐν
1475 2876 1592 2936 ταῖς
1619 2874 1864 2946 αἱρέσεσι
1896 2874 2025 2928 κλυ-

442 2956 814 3030 δωνιζομένων
863 2961 958 3016 καὶ
1001 2964 1449 3035 περιφερομένων
1501 2968 1664 3020 παντὶ
1711 2967 1897 3038 ἀνέμῳ
1935 2968 2027 3021 ἐπὶ

444 3051 542 3121 τὴν
572 3052 794 3108 κυϐείαν
819 3054 930 3109 τῶν
957 3055 1261 3127 ἀνθρώπων
1283 3056 1486 3126 λέγειν,
1505 3058 1896 3113 διαλαλούντων
1916 3059 2025 3130 (99)

445 3147 684 3216 σωτήρια
708 3147 776 3202 τὰ
811 3146 1057 3220 ὀλέθρια,
1083 3151 1177 3204 καὶ
1203 3155 1279 3214 ὡς
1308 3153 1402 3205 ἐπὶ
1432 3153 1690 3224 σεϐασμῷ
1720 3153 1815 3206 τοῦ
1850 3152 2024 3225 Ἰησοῦ
2052 3170 2094 3228 C

443 3235 512 3288 τὰ
557 3236 726 3308 ψεύδη
769 3241 896 3310 περὶ
933 3241 1098 3294 αὑτοῦ
1139 3241 1508 3307 δοξαζόντων;
1555 3244 1823 3309 Πολλάκις
1851 3245 1908 3298 δέ
1937 3246 2028 3300 τὸν

445 3327 648 3400 Πέτρον
701 3331 1004 3405 τοιοῦτονή
1040 3334 1230 3406 Γραφὴ
1281 3337 1662 3407 ἐσημειώσατο
1701 3337 2029 3411 θερμότερον

442 3423 523 3485 είς
570 3421 633 3475 τὸ
689 3423 1122 3493 ἐπαγγέλλεσθαι
1169 3426 1240 3479 τὰ
1290 3427 1591 3498 φαινόμενα
1649 3428 1798 3499 αὑτῷ
1845 3429 2028 3500 κρείτ-

440 3525 601 3564 τονα·
649 3513 899 3588 καθάπερ
948 3517 1044 3569 καὶ
1103 3517 1162 3572 ἐν
1201 3517 1282 3589 τῷ
1325 3517 1696 3584 ἀνεξετάστως
1753 3519 2028 3592 εἰρημένῳ

444 3601 538 3655 καὶ
565 3601 903 3675 ἀθετητικῶς
932 3605 1032 3676 τῆς
1073 3607 1249 3678 Ἰησοῦ
1284 3609 1412 3680 περὶ
1455 3609 1564 3661 τῶν
1599 3610 1858 3682 μαθητῶν
1892 3628 2029 3682 προ-

442 3694 671 3764 φητείας
701 3696 980 3759 εἰπόντος,
1015 3716 1033 3748 ι
1064 3698 1274 3761 Πάντες
1307 3699 1463 3769 ὑμεῖς
1499 3702 2026 3776 σκανδαλισθήσεσθε

441 3783 500 3836 ἐν
539 3784 662 3854 ἐμοὶ
705 3787 766 3838 ἐν
796 3789 862 3857 τῇ
899 3787 1054 3841 νυκτὶ
1092 3787 1303 3861 ταύτῃ,
1341 3807 1362 3840 ι
1399 3791 1493 3843 καὶ
1523 3789 1619 3861 τὴν
1660 3793 1839 3850 αἰτίαν
1879 3813 2026 3870 παρ-

443 3875 690 3941 ιστάντος
739 3878 814 3950 (1)
860 3881 919 3933 ἐν
983 3880 1095 3951 τῷο
1151 3901 1170 3933 ι
1213 3882 1527 3954 Γέγραπται
1581 3885 1690 3957 γάρ
1726 3902 1740 3917 ·
1793 3889 2026 3954 Πατάξω

439 3967 534 4021 τὸν
567 3969 819 4040 ποιμένα,
847 3971 941 4023 καὶ
964 3970 1514 4045 διασκορπισθήσεται
1539 3976 1609 4029 τὰ
1648 3977 1898 4048 πρόϐατα
1926 3981 2025 4052 τῆς

441 4061 706 4132 ποίμνης·
735 4081 754 4113 ι
791 4061 1161 4127 ἀνεξετάστως
1187 4064 1294 4137 γὰρ
1327 4066 1465 4137 πρὸς
1492 4067 1670 4135 τοῦτο,
1713 4069 1806 4122 καὶ
1835 4070 2024 4142 ἀθετη-

437 4154 605 4217 τικῶς
631 4153 729 4224 τῆς
770 4155 942 4224 Ἰησοῦ
972 4155 1299 4224 ἀποφάσεως
1327 4153 1448 4211 εἶπε
1480 4160 1573 4213 τό·
1612 4178 1631 4214 t
1662 4162 1725 4215 Εἰ
1759 4163 1855 4216 καὶ
1887 4164 2025 4218 πάν-

437 4262 530 4309 τες
566 4245 1118 4317 σκανδαλισθήσονται
1158 4250 1217 4302 ἐν
1252 4250 1334 4302 σοὶ
1366 4251 1464 4322 (2),
1497 4252 1606 4321 ἐγὼ
1634 4256 1694 4307 οὐ
1741 4255 2024 4310 σκανδαλι-

439 4337 740 4410 σθήσομαι·
773 4357 792 4390 ι
829 4339 924 4392 καὶ
955 4338 1134 4403 τοῦτο,
1177 4339 1258 4393 ἐτι
1289 4341 1410 4395 τότε
1449 4347 1720 4416 προπετὲς
1759 4345 1818 4399 ὃν
1857 4349 1916 4400 ἐν
1952 4351 2017 4420 τῇ

436 4428 581 4501 ψυχῇ
630 4431 816 4494 αὑτοῦ,
862 4432 1033 4486 αἴτιον
1079 4433 1112 4504 ἢ
1150 4434 1244 4486 καὶ
1293 4433 1487 4502 γέγονε
1519 4436 1614 4490 τοῦ
1647 4438 1789 4509 ὑπὲρ
1819 4439 1881 4492 τὸ
1926 4441 2021 4511 μέ-

2136 583 2357 624 omnes:
2381 566 2593 623 sciebat
2618 565 2786 629 enim,
2807 562 3056 632 quisnam
3082 567 3225 614 esset
3250 559 3495 629 proditor
3523 559 3710 628 ipsius:

2135 670 2424 732 propterea
2481 655 2804 712 dixitzNon
2864 653 2996 708 estis
3059 649 3245 704 mundi
3302 665 3514 704 omnes.
3554 668 3574 704 ι
3619 649 3717 705 His

2135 766 2255 822 quae
2291 765 2434 806 nunc
2473 765 2502 803 a
2546 747 2706 803 Petro
2749 755 2878 801 sunt
2925 747 3093 808 dicta,
3142 752 3449 812 opportune
3499 751 3715 797 utemur

2134 844 2365 912 exempli
2390 856 2575 906 causa,
2609 838 2787 895 sicubi
2827 852 2961 905 opus
3002 835 3191 901 fuerit,
3229 846 3516 905 pr0pterea
3567 837 3710 905 quod

2134 935 2294 991 facile
2335 935 2475 988 factu
2520 933 2610 998 sit,
2657 940 2716 985 ut
2765 930 2965 1000 aliquis
3005 938 3230 1001 propter
3291 929 3712 998 imprudentiam

2133 1025 2340 1096 Optimo
2363 1023 2645 1093 proposito
2673 1022 2818 1076 dicat
2845 1035 2965 1090 qua:
2989 1019 3091 1074 sibi
3123 1018 3350 1073 minime
3396 1019 3507 1072 sint
3536 1018 3709 1073 utilia.

2133 1117 2269 1172 Nam
2304 1117 2348 1172 si
2381 1115 2542 1172 Petro
2573 1116 2705 1170 utile
2744 1124 2864 1169 erat
2894 1113 2962 1167 ad
2991 1112 3296 1168 habendam
3343 1123 3550 1181 partem
3588 1128 3708 1166 cum

2133 1207 2281 1275 Jesu,
2325 1217 2385 1263 ut
2429 1208 2511 1264 sui
2548 1209 2715 1278 pedes
2748 1207 3063 1262 lavarentur
3096 1203 3164 1259 ab
3210 1208 3361 1275 ipso,
3414 1214 3468 1260 et
3521 1205 3712 1260 Petrus

2135 1299 2390 1354 nesciens
2427 1298 2560 1353 utile
2588 1299 2690 1354 hoc
2719 1313 2868 1364 esse,
2917 1297 3074 1367 prius
3105 1297 3325 1366 quidem
3358 1297 3509 1363 illud,
3544 1297 3710 1351 veluti

2134 1391 2476 1456 addubitans,
2535 1390 2675 1445 dixit
2709 1391 3019 1446 verecunde
3048 1431 3064 1456 ,
3101 1407 3122 1442 ι
3163 1388 3422 1454 Domine,
3471 1399 3526 1442 tu
3577 1388 3709 1442 mibi

2134 1482 2280 1537 lavas
2307 1481 2510 1552 pedes?
2544 1501 2563 1535 ι
2597 1496 2660 1536 ac
2687 1481 2864 1536 denuo
2899 1499 2911 1534 :
2949 1500 2968 1533 ι
3009 1480 3129 1536 Non
3162 1481 3366 1535 lavabis
3393 1480 3522 1534 mibi
3550 1479 3713 1550 pedes

2133 1576 2186 1630 in
2221 1585 2507 1641 aeternum,
2548 1595 2567 1627 ι
2597 1585 2652 1630 et
2677 1574 2843 1648 412
2877 1590 2998 1645 quae
3018 1573 3216 1630 Petrus
3253 1574 3490 1639 dicebat,
3526 1573 3712 1642 prohi-

2131 1668 2333 1722 bebant
2357 1682 2494 1737 opus
2524 1667 2667 1737 quod
2703 1682 2767 1722 eo
2790 1682 2911 1721 eum
2937 1667 3214 1734 eveheret,
3245 1676 3303 1720 ut
3333 1666 3561 1720 haberet
3585 1680 3711 1735 par-

2135 1771 2244 1816 tem
2285 1775 2408 1815 cum
2461 1758 2779 1823 Servatore,
2813 1757 3158 1827 perspicuum
3186 1767 3291 1824 est,
3330 1758 3544 1812 etiamsi
3577 1772 3710 1811 sano

2129 1853 2429 1925 proposito,
2453 1852 2828 1906 etveneraudo
2854 1852 2923 1906 ad
2946 1851 3338 1920 Praeceptorem
3358 1849 3464 1905 hoc
3491 1848 3710 1915 dixerit,

2131 1955 2395 2002 nocenter
2428 1943 2532 2000 sibi
2563 1941 2994 2012 dixisse.ltaque
3022 1942 3125 1997 hac
3153 1942 3340 2011 specie
3363 1949 3710 2011 peccatorum

2130 2038 2240 2091 vita
2277 2050 2468 2092 eorum
2499 2033 2711 2103 repleta
2743 2041 2848 2100 est,
2883 2035 2975 2104 qui
3012 2035 3140 2089 dum
3166 2034 3234 2087 ad
3259 2033 3421 2087 ﬁdem
3455 2032 3710 2097 veniunt,

2130 2143 2221 2184 res
2272 2125 2496 2197 quidem
2553 2134 2866 2194 proponunt
2916 2125 3021 2180 sibi
3071 2132 3442 2194 praestantes:
3490 2133 3711 2193 propter

2129 2221 2490 2293 ignorantiam
2534 2228 2744 2285 tamen,
2785 2233 2910 2290 quae
2943 2219 3000 2273 in
3036 2219 3378 2274 contrarium
3405 2217 3712 2272 ducuntdi-

2129 2327 2282 2385 cunt,
2308 2317 2393 2372 vel
2420 2317 2588 2373 etiam
2623 2316 2852 2372 faciunt.
2891 2313 3070 2384 Atque
3118 2314 3427 2380 huiusmodi
3465 2312 3711 2382 profecto

2129 2421 2258 2466 sunt
2285 2410 2377 2480 qui
2404 2409 2600 2465 dicunt
2635 2425 2650 2464 :
2699 2427 2718 2461 ι
2748 2407 2825 2463 Ne
2859 2406 3130 2478 tetigeris,
3174 2419 3351 2476 neque
3388 2405 3708 2476 gustaveris,

2131 2515 2312 2571 neque
2337 2498 2798 2564 contrectaveris,
2835 2497 2902 2553 de
2931 2497 3184 2552 omnibus
3205 2511 3325 2566 qua:
3351 2503 3480 2550 sunt
3506 2495 3558 2549 in
3590 2509 3712 2548 cor-

2132 2593 2440 2660 ruptionem
2481 2600 2538 2647 et
2579 2591 2809 2646 abusum
2847 2606 2870 2643 ι
2908 2589 3282 2654 hominum“,
3325 2588 3480 2658 juxta
3522 2603 3711 2658 quam-

2131 2682 2256 2738 dam
2293 2683 2476 2740 divina
2521 2683 2682 2754 longe
2717 2680 3032 2737 inferiorem
3072 2682 3379 2736 doctrinam
3407 2695 3595 2736 earum
3625 2697 3711 2736 re-

2129 2791 2273 2845 rum,
2321 2789 2417 2845 per
2463 2791 2599 2846 quas
2642 2776 2806 2832 homo
2850 2777 3004 2847 quasi
3050 2775 3308 2833 moritur.
3353 2776 3494 2844 Quid
3528 2786 3708 2832 autem

2128 2867 2312 2924 dicere
2338 2875 2552 2939 oportet
2582 2869 2650 2924 de
2697 2868 2784 2924 bis
2830 2867 2923 2938 qui
2977 2867 3030 2921 in
3067 2866 3371 2922 hmresibus
3423 2867 3708 2933 ﬂuctuant,

2129 2959 2332 3030 quique
2359 2960 2510 3016 omni
2534 2971 2700 3017 vento
2723 2959 3184 3017 circumferuntur
3209 2961 3254 2993 "
3277 2976 3374 3030 per
3409 2960 3706 3015 versutiam

2130 3051 2414 3107 hominum
2457 3051 2856 3122 divulgantium
2889 3053 3152 3109 salutaria
3197 3067 3317 3109 esse
3360 3067 3482 3122 quae
3527 3053 3711 3121 perui-

2128 3141 2267 3197 ciem
2293 3140 2550 3208 atl’eruut,
2574 3157 2638 3199 ac
2669 3151 2928 3214 tanquam
2952 3144 3006 3199 in
3032 3145 3294 3199 honorem
3326 3140 3452 3198 Jesu
3486 3142 3620 3198 falsa
3643 3143 3712 3197 de

2128 3234 2249 3306 ipso
2277 3237 2661 3308 opinantium?
2683 3235 2902 3292 Petrum
2934 3239 3122 3308 itaque
3143 3252 3525 3308 saepenumero
3557 3237 3709 3294 Scri-

2126 3335 2287 3397 ptura
2319 3327 2478 3382 talem
2508 3327 2718 3383 notavit
2746 3325 3140 3384 ferventiorem
3184 3330 3252 3384 ad
3282 3328 3704 3397 promittendum

2127 3433 2248 3487 quae
2271 3417 2374 3472 sibi
2403 3418 2730 3476 videbantur
2763 3419 2992 3474 meliora
3017 3436 3032 3486 ;
3055 3421 3514 3490 quemadmodum
3540 3421 3704 3476 etiam

2128 3509 2182 3564 in
2211 3523 2278 3566 eo
2307 3510 2452 3580 quod
2483 3511 2625 3565 dixit
2644 3511 2852 3580 absque
2884 3512 2989 3565 ulla
3017 3511 3422 3566 examinatione
3450 3526 3514 3566 ac
3535 3510 3704 3566 veluti

2126 3618 2392 3671 spernens
2420 3605 2766 3676 prophetiam
2795 3603 2922 3660 Jesu
2975 3603 3042 3659 de
3089 3603 3372 3674 discipulis
3435 3603 3699 3669 dicentis,

2131 3715 2151 3748 ι
2183 3694 2387 3752 Omnes
2415 3711 2515 3752 vos
2537 3696 2890 3752 oll'endemini
2920 3711 3039 3751 mea
3060 3711 3230 3752 causa
3266 3706 3425 3751 nocte
3455 3697 3556 3751 hac
3581 3697 3648 3762 ⁷³,
3680 3718 3698 3749 ι

2125 3796 2182 3841 et
2217 3802 2438 3843 causam
2471 3788 2812 3844 ostendentis
2850 3787 2902 3842 in
2938 3803 3005 3844 eo
3043 3788 3186 3858 quod
3219 3788 3338 3844 ait:
3372 3807 3392 3840 ι
3430 3787 3702 3858 Scriptum

2125 3889 2214 3935 est
2263 3880 2451 3934 enim:
2494 3879 2806 3934 Percutiam
2859 3889 3164 3948 pastorem,
3215 3889 3272 3937 et
3327 3882 3704 3950 dispergentur

2123 3984 2254 4027 oves
2285 3970 2552 4041 gregis";
2585 3989 2608 4025 ι
2648 3971 2852 4041 absque
2876 3971 2980 4024 ulla
3011 3971 3153 4026 enim
3183 3973 3606 4036 examinatione,
3651 3982 3706 4025 et

2123 4065 2280 4135 quasi
2311 4079 2576 4134 spernens
2622 4063 3060 4118 enuntiationem
3089 4061 3242 4128 Jesu,
3273 4064 3411 4118 dixit
3451 4063 3517 4118 ad
3548 4064 3651 4118 hoc
3685 4079 3696 4110 ε

2128 4175 2148 4209 ι
2187 4155 2411 4210 Etiamsi
2447 4170 2640 4211 omnes
2669 4154 3020 4212 oﬂ‘endantur
3053 4166 3143 4212 tua
3169 4171 3358 4221 causa,
3389 4171 3489 4225 ego
3520 4165 3700 4210 tamen

2122 4262 2400 4318 nunquam
2429 4246 2677 4304 oﬂ‘endar
2693 4249 2778 4314 7‘;
2809 4267 2828 4300 ι
2858 4249 2910 4303 id
2932 4249 3076 4318 quod
3107 4259 3218 4302 tum
3253 4248 3514 4317 temporis
3535 4257 3705 4303 teme-

2122 4344 2330 4395 rarium
2359 4340 2633 4396 exsistens
2673 4341 2727 4396 in
2762 4343 2948 4398 animo
2992 4341 3188 4413 ipsius,
3230 4341 3394 4395 etiam
3440 4341 3493 4395 in
3535 4356 3698 4395 causa

2123 4430 2223 4486 fuit
2277 4440 2338 4487 ut
2376 4434 2780 4504 graviore'praa
2813 4438 3028 4492 caeteris
3059 4436 3211 4504 lapsu
3248 4435 3490 4504 peccarit
3545 4433 3660 4503 ipse
3684 4473 3700 4495 ,

436 4536 564 4591 τρον
597 4520 801 4575 τούτων
831 4521 1032 4576 λοιπῶν
1076 4523 1477 4594 πανδαλισμοῦ
1512 4527 1888 4598 ἡμαρτηκέναι
1920 4529 2016 4581 αύ-

2128 4522 2304 4580 lesum
2331 4534 2412 4581 ter
2438 4527 2682 4597 negando
2707 4533 2834 4583 ante
2855 4529 2980 4598 galli
3015 4541 3258 4584 cantum.
3303 4527 3453 4582 Hanc
3480 4525 3550 4581 ob
3569 4542 3698 4580 catt-

435 4607 548 4672 τὸν,
593 4611 969 4681 ἁρνησάμενον
1012 4612 1104 4666 τὸν
1147 4612 1354 4684 Ἰησοῦν
1397 4614 1517 4686 τρὶς
1572 4616 1703 4686 πρὶν
1755 4618 2016 4689 ἀλεκτρο-

438 4699 676 4768 φωνίας·
711 4702 920 4775 διόπερ,
953 4705 1255 4776 ἐπιστήσας
1287 4707 1513 4780 τοιαύτῃ
1551 4709 1793 4780 προτέρᾳ
1821 4709 2014 4763 ἐαυτοῦ

436 4792 763 4864 προπετείᾳ,
798 4795 1055 4869 ὠφελήθη
1108 4797 1186 4870 (5)
1219 4798 1287 4853 τὰ
1339 4799 1602 4870 μέγιστα,
1653 4801 1730 4865 ὡς
1761 4802 2012 4870 γενέσθαι

437 4880 839 4953 πιϐαρώτατος
874 4885 968 4938 καὶ
1015 4888 1527 4958 μακροθυμάτατος·
1561 4888 1698 4960 ὅπερ
1735 4888 2010 4960 δηλοῦται,

2122 4631 2238 4672 sam
2275 4618 2435 4674 talem
2469 4620 2552 4674 sui
2586 4621 2759 4690 ipsius
2792 4622 3158 4678 temeritatem
3201 4621 3436 4690 priorem
3467 4620 3700 4689 diligen-

2125 4709 2236 4764 tius
2282 4724 2408 4764 cum
2448 4715 2837 4783 perspexisset,
2893 4715 3189 4769 maximum
3240 4729 3308 4768 ex
3362 4727 3426 4768 ea
3463 4710 3696 4766 fructum

2119 4799 2386 4870 percepit,
2430 4800 2568 4858 adeo
2621 4811 2684 4858 ut
2730 4811 2916 4873 postea
2971 4801 3150 4860 factus
3196 4804 3268 4859 sit
3321 4803 3694 4874 fortissimus,

2115 4899 2280 4962 atque
2325 4893 2396 4948 ad
2446 4894 2705 4966 quidquid
2743 4896 3040 4953 accidisset
3089 4897 3473 4967 aequanimiter
3515 4896 3693 4952 feren-

397 5009 401 5011 -
435 4973 649 5026 Παύλου
679 4972 777 5043 μὲν
805 4974 1049 5040 εἰπόντος
1091 4977 1240 5049 αὑτῷ
1275 4977 1585 5050 ἔμπροσθεν
1612 4978 1829 5032 πάντων
1849 5017 1862 5043 ,
1901 4998 1920 5026 ο
1949 4981 2014 5034 Et

2128 4981 2242 5038 ium
2288 4985 2709 5054 paratissimus;
2765 4989 2910 5057 quod
2959 4989 3276 5045 declaratur
3323 5003 3392 5042 ex
3437 5002 3503 5042 eo
3551 4992 3695 5059 quod

437 5066 525 5130 σὺ,
563 5063 810 5129 Ἰουδαῖος
841 5067 1124 5140 ὑπάρχων,
1168 5069 1399 5135 ἐθνικῶς
1439 5074 1534 5125 καί⁹
1567 5071 1666 5124 οὑκ
1710 5071 2015 5138 Ἰουδαϊκῶς

2128 5072 2282 5132 Paulo
2310 5075 2523 5132 dicente
2542 5076 2617 5131 illi
2642 5091 2831 5131 coram
2856 5080 3128 5147 omnibus,
3149 5077 3237 5134 «Si
3259 5087 3315 5133 tu
3331 5077 3548 5133 Judazus
3568 5092 3693 5131 cum

436 5155 557 5228 ζῇς,
591 5156 708 5220 πῶς
743 5156 815 5210 τὰ
860 5158 986 5230 ἔθνη
1028 5161 1359 5230 ἀναγκάζεις
1399 5163 1736 5230 Ἰουδατζειν;
1763 5183 1783 5216 ι
1820 5166 1915 5219 καὶ
1944 5164 2014 5219 τά

2128 5167 2213 5232 εἰς,
2237 5169 2515 5239 gentiliter
2537 5172 2695 5242 vivis,
2714 5184 2770 5230 et
2793 5190 2903 5230 non
2927 5171 3178 5238 Judaice,
3207 5173 3692 5244 qu0m0d0.gentes

436 5246 583 5320 ἑξῆς,
614 5248 710 5303 τοῦ
739 5249 796 5304 δέ
830 5251 968 5322 μετά
998 5252 1211 5317 στίϐους
1252 5255 1646 5324 σιωπήσαντος,
1682 5257 1811 5328 περὶ
1849 5252 1911 5312 οὗ
1953 5258 2013 5312 ἐν

2128 5260 2263 5330 :ogis
2298 5259 2612 5318 Judaeorum
2643 5279 2796 5321 more
2823 5264 3115 5320 vivere"?
3153 5282 3175 5317 ι
3217 5272 3274 5319 ει
3298 5277 3420 5334 quae
3455 5276 3693 5328 sequun-

507 5369 555 5444 ’_°
581 5368 740 5444 Joan.
771 5385 897 5444 xui,
924 5371 958 5428 6
992 5389 1107 5444 seq.

441 5440 682 5496 "Galat.
715 5457 776 5507 ιι,
800 5443 886 5496 14.

508 5532 622 5609 (98)
669 5535 901 5609 Τῶν-ὠς
918 5536 1238 5609 -ᾅνθρωπος
1268 5539 1540 5609 ἀποθάνῃ
1582 5541 2000 5596 διδασκαλίαν.

442 5601 667 5686 liuetius
694 5606 775 5660 sic
800 5601 1090 5686 intelligit:
1128 5601 1282 5677 juxta
1317 5601 1604 5678 quamdam
1635 5612 1818 5666 divina
1851 5613 2008 5683 longe

439 5675 1142 5798 {inferiorem_|tioctrinam,'
1162 5693 1284 5746 qua:
1321 5675 1408 5735 res
1433 5691 1724 5747 monstrat,
1749 5697 1845 5753 per
1869 5675 2007 5753 quas

459 5759 598 5795 1011ὶο
624 5761 674 5797 ΙΙΙ
701 5759 776 5799 eri
810 5783 825 5798 ο

431 5883 448 5890 θ’
510 5814 622 5886 (99)
662 5815 842 5872 Codex
866 5815 1084 5888 Regius,
1124 5820 1285 5887 male,
1311 5818 1680 5874 διαλαλοῦντα.

1195 5375 1238 5406 ⁷¹
1272 5375 1452 5432 Colos.
1490 5391 1551 5442 ιι,
1575 5377 1666 5445 21,
1692 5376 1783 5434 22.
1857 5378 1904 5410 ⁷¹
1946 5379 2027 5449 Ep?

2128 5420 2140 5435 .
2177 5397 2251 5448 tv,
2288 5381 2374 5438 14.
2453 5383 2500 5416 ⁷³
2529 5383 2719 5442 Matth.
2739 5400 2892 5454 xxvr,
2923 5385 3015 5441 51.
3093 5385 3140 5418 ⁷⁸
3167 5384 3300 5442 ibid.
3374 5384 3422 5416 "'
3453 5381 3584 5438 ibid.
3624 5380 3692 5436 55

2211 5546 2260 5619 l_)
2289 5545 2470 5619 Codex
2495 5547 2719 5619 Regiusl
2743 5547 2904 5610 male,
2941 5546 3312 5619 περιστάντος.

2207 5610 2264 5688 2)
2294 5616 2437 5688 Idem
2473 5610 2667 5688 codex
2689 5616 2930 5688 Regius,
2977 5610 3255 5678 mendose,
3295 5610 3690 5684 σκανδαλισθή-

2115 5686 2392 5756 σεσθαιίέν
2406 5686 2551 5756 ἐμοὶ,
2581 5685 2711 5754 ἐγὼ,
2735 5685 2842 5742 θῐο.

2187 5757 2264 5828 (5')
2307 5751 2451 5812 Idem
2477 5751 2646 5811 codex
2667 5755 2891 5828 Regius,
2921 5755 3081 5820 male,
3104 5751 3474 5823 ὠφεληθῆναι.
