4182 6362
465 336 576 398 755

1929 326 2251 384 ORIGENIS

3620 312 3717 370 756

467 467 588 525 tur,
618 458 708 514 hic
737 470 862 512 cum
901 450 1218 509 fortitudine
1261 448 1470 515 tacuit,
1513 446 1595 520 [et
1635 446 2014 516 patientissimt

2140 445 2207 514 τῇ
2240 441 2378 512 πρὸς
2415 437 2658 500 Γαλάτας
2685 435 3008 508 οίκειότερόν
3041 453 3126 500 τις
3151 434 3485 508 διαλήψεται.
3519 436 3632 489 Καὶ
3658 437 3718 489 ἐν

465 552 610 623 quod
653 549 747 604 illo
802 549 857 603 in
908 547 1031 601 loco
1067 560 1188 599 cum
1237 543 1447 598 ratione
1491 541 1693 594 factum
1723 538 1898 593 fuerat
1931 553 2038 592 non

465 639 698 712 docuil,]
730 654 835 710 qua
867 639 933 692 de
967 651 1024 690 re
1054 632 1520 690 accommodatius
1556 630 1680 700 quis
1714 629 1770 683 in
1798 628 2037 696 Epistola

461 735 528 785 ad
552 731 776 787 Galatas
808 727 1130 795 disputabit.
1165 723 1307 791 Quin
1345 723 1398 776 in
1429 721 1798 792 apostolorum
1821 733 2038 790 quoque

460 823 612 877 Actis
639 821 941 876 constantia
973 818 1144 887 ipsius
1172 817 1237 870 ad
1259 813 1504 869 eamdem
1539 813 1829 882 imaginem
1851 819 2036 866 trans-

459 912 674 968 formati
719 911 920 982 patebit
964 907 1173 979 singula
1227 905 1647 962 observantibus
1691 914 1749 958 et
1799 915 2033 958 mentem

459 1001 866 1056 adhibentibus.
903 999 1069 1069 Igitur
1099 997 1200 1050 hoc
1237 998 1402 1050 etiam
1432 997 1486 1050 in
1524 994 1661 1056 loco,
1706 992 1857 1058 Jesu,
1885 994 2031 1062 quia

455 1106 612 1146 cena
637 1100 973 1154 surrexerat,
996 1087 1158 1160 413
1184 1097 1238 1142 et
1259 1095 1514 1157 posuerat
1541 1087 1885 1148 vestimenta,
1909 1087 2034 1155 qui-

456 1197 561 1250 que
585 1181 951 1252 praecinxerat
985 1195 1046 1234 se
1074 1194 1139 1234 eo
1177 1178 1344 1233 linteo
1395 1178 1537 1248 quod
1567 1187 1876 1248 acceperat,
1909 1177 2032 1247 qui-

452 1287 560 1342 que
613 1282 867 1341 posuerat
925 1287 1120 1342 aquam
1159 1273 1211 1324 in
1261 1269 1479 1340 pelvim,
1515 1279 1679 1338 atque
1731 1268 2034 1338 inceperat

451 1360 637 1418 lavare
669 1364 834 1432 pedes
862 1362 1253 1432 discipulorum
1284 1370 1339 1416 et
1381 1361 1700 1431 abstergere
1727 1360 1895 1415 linteo
1919 1376 2028 1430 quo

449 1461 570 1507 erat
621 1455 971 1523 praecinctus,
1026 1468 1152 1508 cum
1180 1467 1374 1508 omnes
1417 1451 1791 1507 exbibuisseut
1836 1451 2025 1522 pedes,

449 1554 851 1616 consequenter
870 1547 1107 1616 Opinioni
1135 1561 1298 1615 quam
1333 1544 1446 1613 jam
1475 1553 1606 1598 ante
1637 1545 1705 1600 de
1730 1541 1856 1598 Jesu
1895 1559 2028 1599 con-

449 1645 733 1705 ceperant,
761 1637 1010 1692 videntes
1035 1638 1180 1707 quod
1213 1636 1337 1690 talis
1377 1650 1484 1690 non
1532 1636 1651 1690 sine
1681 1650 1868 1700 causa,
1898 1649 2020 1702 nec,

2142 535 2262 596 ταῖς
2319 529 2558 601 Πράξεσι
2610 529 2668 582 δὲ
2711 527 2821 581 τῶν
2865 527 3175 581 ἀποστόλων
3196 567 3212 593 ,
3259 527 3321 580 τὸ
3379 525 3716 597 καθεστηκὸς

2141 624 2306 678 αὑτοῦ
2351 626 2431 687 είς
2478 622 2576 695 τὴν
2626 621 2797 692 αὐτὴν
2831 619 2906 691 (4)
2959 619 3143 674 εἰκόνα
3197 617 3715 690 μεταμορφωθέντας

2137 716 2252 778 τοῖς
2279 714 2492 784 ἑκάστῳ
2520 713 2772 782 ἐφιστᾶσι
2798 713 2892 766 καὶ
2934 709 3262 782 προσέχουσι
3291 713 3558 780 φανεῖται.
3602 711 3714 765 Καὶ

2139 805 2325 860 ἐνθάδε
2366 806 2541 858 τοίνυν
2592 803 2870 876 ἐγερθέντι
2917 803 2999 874 τῷ
3031 802 3205 873 Ἰησοῦ
3239 805 3304 856 ἐκ
3344 801 3440 856 τοῦ
3471 803 3712 868 δείπνου,

2135 898 2231 950 καὶ
2264 897 2406 950 θέντι
2429 897 2497 950 τά
2529 897 2736 967 ἱμάτια,
2779 895 2874 948 καὶ
2909 893 3298 965 διαζωσαμένῳ
3330 893 3360 948 δ
3380 894 3569 967 ετληφε
3597 893 3716 949 λέν-

2135 1007 2270 1053 τιον,
2311 989 2404 1043 καί
2448 988 2691 1058 βάλλοντι
2727 985 2869 1058 ὕδωρ
2895 987 2976 1049 είς
3007 987 3098 1040 τὸν
3137 986 3396 1059 νιπτῆρα,
3428 987 3522 1040 καὶ
3548 987 3716 1060 ἀρξα-

2137 1081 2286 1152 μένῳ
2315 1082 2441 1144 τοὺς
2475 1079 2641 1144 πόδας
2674 1081 2882 1135 νίπτειν
2911 1079 3019 1133 τῶν
3065 1078 3342 1150 μαθητῶν,
3377 1079 3472 1132 καὶ
3503 1080 3712 1150 ἐκμάσ-

2135 1189 2250 1226 σειν
2278 1173 2354 1244 τῷ
2389 1173 2580 1244 λεντίῳ
2602 1165 2647 1241 ᾦ
2675 1169 2744 1244 ἦν
2785 1172 3164 1244 διεζωσμένος,
3207 1172 3410 1236 πάντες
3442 1172 3540 1244 μέν
3567 1190 3713 1244 παρ-

2133 1267 2275 1335 εῖχον
2303 1267 2428 1329 τοὺς
2464 1265 2628 1328 πόδας
2677 1265 2968 1320 ἀκόλουθον
2993 1268 3060 1336 τῇ
3095 1265 3222 1336 περὶ
3247 1263 3342 1318 τοῦ
3381 1263 3555 1335 Ἰησοῦ
3580 1283 3714 1337 προ-

2131 1357 2310 1428 λήψει,
2339 1357 2696 1430 θεωροῦντες,
2725 1359 2808 1412 ὅτι
2838 1358 2938 1411 οὐκ
2973 1358 3039 1412 ἂν
3071 1359 3100 1410 ό
3124 1355 3439 1427 τηλικοῦτος
3476 1355 3707 1426 ἀλόγως,

2129 1449 2244 1510 καὶ,
2272 1449 2348 1513 ὡς
2389 1449 2455 1503 ἂν
2497 1450 2544 1502 οἱ
2585 1449 2766 1502 πολλοὶ
2795 1449 3025 1518 λέγοιεν,
3061 1447 3248 1519 βαρεῖν
3295 1449 3422 1512 τοὺς
3461 1448 3708 1520 μαθητὰς
3803 1472 3812 1478 ’

2129 1540 2318 1606 θέλων,
2353 1542 2529 1594 νίπτοι
2559 1540 2738 1594 αὐτῶν
2770 1542 2898 1604 τοὺς
2936 1540 3130 1604 πόδαςο
3164 1539 3302 1594 ἀλλά
3343 1557 3396 1593 τι
3437 1541 3708 1612 χρήσιμον

2126 1632 2410 1696 ἐπιτελῶν,
2444 1633 2472 1686 ὃ
2505 1633 2827 1704 περιέμενον
2852 1631 3154 1701 γνώσεσθαι
3183 1631 3428 1704 ὕστερον,
3461 1632 3708 1689 ἐννοοῦν-

448 1736 509 1780 ιιι
537 1726 689 1782 multi
724 1729 992 1791 dicerent,
1023 1744 1252 1796 gravare
1291 1727 1478 1783 volens
1523 1727 1843 1796 discipulos,
1875 1728 2014 1782 lavat

2125 1742 2219 1788 τες
2263 1727 2474 1796 μήποτε
2521 1717 2787 1796 σύμϐολόν
2826 1743 2971 1790 τινος
3001 1725 3174 1780 ταῦτα
3202 1727 3515 1797 πράττοιτο,
3548 1727 3708 1798 μόνος

448 1817 690 1886 ipsorum
735 1819 938 1887 pedes;
973 1819 1067 1874 sed
1107 1819 1237 1873 utile
1281 1817 1488 1886 aliquid
1523 1817 1834 1887 perficiens,
1876 1819 2014 1887 quod

2122 1818 2179 1872 δὲ
2193 1819 2222 1870 ὁ
2241 1820 2446 1890 Πέτρος
2464 1818 2541 1888 τῷ
2565 1818 2966 1890 προχειροτέρῳ
2983 1817 3169 1870 ἐνιδὼν
3191 1818 3313 1887 (ι’),
3335 1818 3432 1871 καὶ
3449 1819 3511 1871 οὐ
3547 1819 3707 1888 μόνος

445 1909 841 1980 exspectabant
901 1911 957 1966 in
995 1919 1268 1978 posterum
1326 1911 1801 1979 cognoscendum:
1839 1910 2023 1964 consi-

445 2001 702 2056 derantes
726 2017 793 2056 ne
827 1999 969 2056 forte
1000 2003 1116 2057 hare
1165 2013 1460 2072 agerentur
1513 2002 1820 2075 symbolum
1876 2002 2021 2056 exsi-

443 2102 591 2147 steus
613 2093 844 2165 alicujus
875 2095 974 2162 rei,
999 2095 1146 2148 solus
1175 2093 1372 2150 Petrus
1403 2095 1456 2150 id
1491 2093 1634 2163 quod
1683 2095 1735 2148 in
1770 2103 2045 2164 promptu'

441 2194 558 2238 erat
587 2195 644 2239 et
679 2193 926 2254 apertum
955 2188 1205 2250 intuitus,
1242 2186 1390 2241 nullo
1423 2185 1532 2242 alio
1553 2186 1782 2242 consilio
1804 2185 2021 2241 adhibi-

442 2289 518 2341 to,
553 2278 720 2331 veluti
767 2277 1040 2334 honoratis
1073 2279 1280 2346 Jesum,
1318 2293 1424 2334 non
1481 2279 1714 2348 prazbuit
1761 2277 1836 2332 illi
1889 2292 2019 2333 suos

443 2367 611 2435 pedes
653 2367 943 2434 lavandos,
971 2369 1064 2423 sed
1098 2371 1335 2437 primum
1362 2369 1584 2438 quidem
1610 2369 1840 2423 tentavit
1867 2367 2016 2422 illum

439 2459 647 2528 pudore
675 2458 1003 2528 perfundere
1021 2460 1286 2516 dicens":
1321 2460 1601 2527 «Domine,
1633 2469 1686 2514 tu
1714 2460 1846 2515 mihi
1869 2460 2017 2514 lavas

438 2548 646 2618 pedes?
680 2568 700 2602 ι
755 2549 974 2616 deinde,
1008 2565 1133 2605 cum
1191 2551 1469 2605 debuisset
1519 2566 1714 2620 parere
1788 2551 2013 2615 dicenti,

442 2658 463 2692 ι
497 2639 649 2706 Quod
694 2655 796 2711 ego
822 2639 984 2708 facio,
1018 2651 1074 2695 tu
1107 2643 1289 2697 nescis
1336 2659 1508 2709 nunc;
1542 2643 1684 2698 scies
1710 2653 1890 2698 autem
1921 2659 2016 2712 po-

437 2741 576 2800 stea,
617 2751 638 2785 ν
667 2733 882 2801 inquit:
913 2752 932 2786 ι
969 2731 1086 2788 Non
1129 2734 1260 2788 mihi
1305 2735 1511 2790 lavabis
1552 2737 1717 2806 pedes
1761 2737 1815 2790 in
1851 2746 2013 2791 aeter-

437 2842 590 2881 num.
627 2845 646 2878 ι
681 2826 940 2896 AliOquin
983 2828 1146 2881 etiam
1179 2843 1300 2882 cum
1343 2829 1531 2884 επιετί
1566 2829 1816 2897 discipuli
1860 2844 2012 2884 com-

437 2917 714 2972 misissent
743 2919 954 2988 seipsos
983 2918 1110 2974 Jesu
1137 2919 1284 2984 fidei,
1318 2921 1386 2975 de
1409 2937 1467 2976 re
1493 2919 1742 2974 nulla‘illi
1783 2929 2010 2975 contra-

435 3010 703 3073 dicentes,
733 3009 820 3065 hic
840 3025 903 3064 ex
930 3012 1014 3066 his
1035 3026 1154 3080 quae
1171 3010 1324 3074 dicit,
1340 3011 1556 3066 etiamsi
1586 3025 1733 3067 recte
1761 3027 1822 3067 se
1842 3011 2010 3066 verba

436 3100 619 3158 facere
647 3103 894 3172 putabat,
920 3118 1026 3156 non
1055 3102 1228 3158 solum
1260 3103 1446 3158 Jesum
1475 3105 1710 3169 incusat,
1745 3115 2005 3175 tanquam
2035 3135 2078 3192 ο

433 3191 526 3260 qui
558 3191 676 3246 sine
705 3207 868 3246 causa
906 3192 1294 3262 discipulorum
1337 3195 1503 3264 pedes
1531 3196 1714 3252 lavare
1763 3198 2003 3266 illCthe-

433 3283 528 3349 rit,
556 3297 744 3337 verum
770 3284 933 3338 etiam
961 3285 1386 3354 condiscipulos.
1416 3285 1550 3341 Nam
1605 3288 1651 3341 si
1701 3289 1836 3357 ipse,
1889 3288 2006 3358 opi-

433 3376 596 3428 nione
651 3391 773 3438 sua,
809 3375 938 3431 dum
977 3377 1269 3446 prohibere
1329 3378 1530 3441 vellet,
1582 3378 1882 3436 ofﬁciosum
1945 3395 2006 3435 se

431 3466 681 3534 praebuit,
717 3467 825 3522 illis
871 3469 1104 3540 idipsum
1138 3485 1244 3524 non
1295 3471 1794 3537 considerantibus,
1838 3474 2002 3528 etiam

430 3551 556 3606 illos
586 3555 864 3609 accusavit
893 3557 984 3624 qui
1023 3567 1220 3621 praeter
1249 3559 1488 3614 oﬂicium
1538 3562 1701 3630 pedes
1751 3577 1886 3617 suos
1920 3562 2003 3614 la-

427 3645 633 3699 vandos
657 3645 784 3701 Jesn
821 3648 1207 3715 praebuissent.
1257 3651 1438 3720 Atque
1479 3653 1733 3722 equidem
1766 3655 1810 3707 si
1854 3654 2005 3722 cOgi-

429 3746 616 3806 tasset,
647 3739 723 3793 rei
765 3753 883 3808 qua:
911 3755 1032 3795 cum
1067 3743 1282 3798 ratione
1306 3744 1559 3812 efﬁcitur,
1595 3760 1700 3799 non
1727 3745 2004 3800 contradi-

427 3829 694 3895 ceudum,
749 3830 1148 3902 cogitassetque
1202 3835 1528 3891 rationabile
1574 3852 1698 3892 esse
1749 3839 1802 3891 id
1856 3841 2000 3907 quod

427 3920 612 3985 fiebat,
646 3921 772 3976 dum
801 3921 1116 3979 lavarentur
1152 3925 1546 3996 discipulorum
1580 3931 1746 3997 pedes
1787 3947 1816 3984 a
1848 3929 1998 4000 Jesu,

427 4009 846 4081 haudquaquam
887 4025 1246 4085 repugnasset
1284 4017 1452 4072 facto.
1497 4019 1859 4086 Quamobrem
1901 4039 1999 4094 ap-

423 4111 577 4167 paret
599 4099 717 4155 sine
737 4101 938 4167 judicio
971 4119 1094 4158 eum
1122 4105 1388 4177 cogitasse
1429 4107 1759 4164 voluntatem
1782 4108 1909 4167 Jcsu
1936 4114 2002 4168 de

423 4187 668 4243 lavandis
683 4191 908 4259 pedibus
925 4192 1310 4263 discipulorum
1345 4197 1541 4251 rationi
1576 4210 1998 4256 consetttaneam

423 4295 530 4334 non
562 4281 754 4336 fuisse.
785 4282 938 4348 Quod
959 4284 1006 4339 si
1036 4301 1172 4354 opus
1188 4297 1270 4340 est
1295 4287 1636 4358 Scripturam
1665 4295 1996 4360 perscrutari

422 4384 596 4438 usque
642 4371 709 4424 ad
751 4386 814 4426 ea
868 4388 988 4441 qua:
1031 4375 1258 4430 minima
1293 4391 1414 4432 esse
1460 4389 1740 4448 putantur,
1789 4393 1996 4450 quazret

2122 1910 2180 1963 δὲ
2217 1911 2246 1963 ό
2287 1910 2494 1980 Πέτρος
2538 1909 2618 1979 τῷ
2674 1910 3076 1980 προχειροτέρῳ
3125 1909 3333 1973 ἐνιδὼν,
3379 1911 3472 1964 καὶ
3515 1911 3705 1965 οὐδένα

2120 2001 2306 2073 ἕτερον
2358 2001 2614 2072 λογισμὸν
2658 2001 2849 2072 ἐκείνῳ
2893 2001 3234 2072 παρατιθεὶς,
3282 2002 3358 2066 ὼς
3397 2002 3571 2058 σέϐων
3613 2003 3705 2057 τὸν

2133 2091 2360 2162 Ἰησοῦν,
2403 2092 2464 2144 ού
2527 2095 2787 2163 παρεῖχεν
2834 2091 2998 2146 αὐτοῦ
3043 2094 3122 2156 είς
3170 2093 3232 2146 τὸ
3274 2093 3534 2164 νίψασθαι
3578 2097 3705 2160 τοὺς

2119 2183 2306 2248 πόδας,
2347 2183 2482 2237 ἀλλά
2511 2183 2776 2255 πρότερον
2810 2185 2908 2255 μὲν
2949 2183 3220 2239 δυσωπεῖν
3255 2185 3414 2240 αὐτὸν
3447 2188 3708 2257 ἐπειρᾶτο

2118 2278 2177 2330 ὲν
2199 2275 2309 2347 τῷ·
2353 2297 2370 2328 ι
2397 2275 2589 2348 Κύριε,
2625 2276 2688 2329 σύ
2736 2294 2838 2348 μου
2872 2277 3080 2342 νίπτεις
3117 2279 3244 2342 τοὺς
3277 2278 3474 2345 πόδας;
3502 2299 3520 2332 ι
3565 2281 3704 2352 μετά

2116 2369 2174 2422 δὲ
2219 2369 2376 2423 τοῦτο
2419 2371 2535 2424 δέον
2573 2371 2736 2425 αὐτὸν
2768 2371 3053 2442 πεισθῆναι
3095 2372 3189 2436 τὺ,
3231 2393 3250 2425 ι
3286 2377 3351 2428 Ὃ
3394 2374 3507 2444 ἐγὼ
3541 2377 3699 2443 ποιῶ,

2120 2463 2184 2516 σὺ
2219 2463 2318 2516 οὐκ
2348 2458 2496 2527 οἶδας
2527 2463 2652 2536 άρτι
2671 2481 2684 2494 ο
2719 2463 2905 2538 γνώσῃ
2931 2464 2988 2518 δὲ
3020 2465 3158 2535 μετά
3185 2466 3378 2531 ταῦτα,
3402 2488 3420 2520 ›
3451 2471 3585 2542 φησὶ
3608 2472 3699 2525 τό·

2123 2571 2140 2602 ι
2167 2553 2242 2605 Od
2280 2552 2354 2624 μὴ
2388 2553 2548 2626 νίψῃς
2581 2570 2682 2624 μου
2717 2555 2844 2618 τοὺς
2874 2554 3038 2619 πόδας
3064 2557 3145 2620 είς
3181 2557 3274 2610 τὸν
3313 2559 3505 2614 αίῶνα.
3529 2580 3548 2612 ι
3581 2563 3705 2615 Ἀλ-

2115 2641 2222 2705 λως
2245 2641 2301 2694 δὲ
2322 2642 2428 2696 τῶν
2451 2642 2650 2697 λοιπῶν
2684 2635 2941 2715 μαθητῶν
2965 2647 3448 2716 ἐμπιστευσάντων
3476 2651 3702 2718 ἑαυτοὺς

2114 2733 2192 2802 τῷ
2230 2734 2435 2805 Ἰησοῦ,
2485 2735 2578 2788 καὶ
2622 2737 2751 2808 περὶ
2813 2736 3039 2808 μηδενὸς
3097 2739 3486 2809 ἀντιλεγόντων
3529 2743 3697 2813 αὐτῷ,

2112 2819 2266 2890 οὗτος
2301 2826 2378 2897 (5)
2420 2826 2487 2880 δι’
2523 2819 2598 2882 ὧν
2643 2828 2827 2896 λέγει,
2875 2831 2923 2882 εἰ
2967 2830 3062 2884 καὶ
3117 2830 3288 2900 ὑγιῶς
3317 2830 3464 2898 ἔδοξε
3511 2835 3702 2905 προτίο

2113 2915 2318 2982 θεσθαι,
2364 2919 2424 2970 ού
2458 2919 2618 2989 μόνον
2675 2919 2770 2973 τοῦ
2811 2921 2986 2992 Ἰησοῦ
3035 2927 3351 2995 κατηγορεῖ,
3381 2925 3459 2988 ὡς
3488 2926 3702 2996 ἀλόγως

2111 3008 2423 3079 ἀρξαμένου
2461 3009 2670 3064 νίπτειν
2714 3011 2842 3076 τοὺς
2884 3013 2994 3066 τῶν
3041 3013 3300 3085 μαθητῶν
3333 3017 3531 3083 πόδας,
3563 3018 3698 3074 ἀλλά

2111 3099 2337 3154 καὶτῶν
2373 3102 2755 3172 συμφοιτητῶν
2775 3121 2786 3134 ο
2821 3107 2869 3158 εί
2899 3106 3008 3177 γὰρ
3038 3107 3200 3171 αὐτὸς
3242 3108 3362 3179 μὲν,
3394 3109 3470 3174 ὡς
3515 3111 3693 3184 ᾠήθη,

2111 3195 2170 3245 τὸ
2210 3191 2450 3262 καθῆκον
2483 3196 2538 3246 ἐν
2577 3193 2656 3264 τῷ
2687 3195 2914 3248 κωλύειν
2945 3196 3146 3250 ἐθέλειν
3179 3199 3464 3270 ἐποίησεν,
3501 3203 3698 3257 ἐκεῖνοι

2106 3282 2162 3336 δὲ
2205 3283 2278 3355 μὴ
2319 3284 2626 3355 ἑωράκασιν
2664 3285 2816 3346 αὐτὸ,
2859 3288 3236 3360 κατηγόρησεν
3271 3290 3495 3344 ἐκείνων
3545 3292 3697 3364 παρά

2106 3373 2166 3426 τὸ
2200 3374 2439 3446 καθῆκον
2473 3375 2682 3428 ἑαυτῶν
2733 3377 2858 3440 τοὺς
2889 3379 3054 3442 πόδας
3090 3382 3589 3454 ἐμπαρεσχηκότων
3621 3383 3699 3456 τῷ

2119 3466 2316 3538 Ἰησοῦ,
2360 3469 2456 3519 καὶ
2485 3469 2532 3520 εἰ
2563 3471 2840 3540 φρονεῑται
2869 3468 2946 3540 τῷ
2980 3471 3187 3544 εὐλόγῳ
3224 3475 3298 3545 μὴ
3329 3475 3441 3528 δεῖν
3487 3475 3696 3531 ἀντιλέ-

2105 3574 2246 3626 γειν,
2279 3558 2373 3611 καὶ
2406 3556 2628 3626 εὔλογον
2655 3556 2906 3628 ἐνόμιζεν
2935 3557 3074 3614 εἶναι
3109 3563 3171 3615 τὺ
3202 3564 3485 3635 γινόμενον
3521 3569 3579 3620 ἐν
3615 3567 3696 3640 τῷ

2107 3649 2393 3703 νίπτεσθαι
2425 3651 2551 3713 τοὺς
2587 3651 2754 3715 πόδας
2788 3651 2896 3705 τῶν
2931 3653 3188 3724 μαθητῶν
3223 3656 3327 3709 ὑπὸ
3353 3656 3448 3710 τοῦ
3495 3659 3692 3729 Ἰησοῦ,

2104 3745 2204 3798 οὐκ
2234 3744 2488 3814 ἀντέλεγε
2538 3744 2618 3816 τῷ
2667 3747 2964 3818 γινομένῳο
3027 3749 3276 3818 φαίνεται
3317 3748 3412 3804 οὖν
3455 3753 3693 3826 ἀκρίτως

2107 3837 2182 3908 μὴ
2213 3836 2431 3906 εὔλογον
2464 3840 2805 3910 νενομικέναι
2845 3836 2985 3894 εἶναι
3028 3841 3090 3895 τὸ
3133 3844 3263 3914 περὶ
3305 3846 3399 3898 τοῦ
3437 3846 3690 3917 νίψασθαι

2101 3928 2228 3992 τοὺς
2274 3928 2438 3993 πόδας
2470 3929 2578 3984 τῶν
2614 3932 2874 4004 μαθητῶν
2904 3935 2964 3987 τὸ
3013 3935 3186 4006 Ἰησοῦ
3223 3936 3492 4009 βούλημα.
3529 3940 3591 3992 Εί
3630 3940 3688 3993 δὲ

2102 4021 2208 4092 χρὴ
2242 4021 2402 4093 μέχρι
2429 4022 2540 4075 τῶν
2565 4023 2861 4094 ἐλαχίστων
2900 4021 3038 4082 εἶναι
3063 4028 3434 4099 νομιζομένων
3460 4032 3688 4103 ὲρευνᾷν

2100 4113 2198 4184 τὴν
2236 4115 2478 4185 Γραφὴν,
2510 4115 2739 4187 ζητήσαι
2777 4135 2860 4182 τις
2894 4118 2959 4172 ἂν
2990 4121 3044 4173 τί
3092 4121 3311 4192 δήποτε,
3350 4122 3566 4194 πρώτου
3611 4124 3686 4195 (6)

2100 4206 2519 4276 κατειλεγμένου
2553 4207 2646 4260 τοῦ
2684 4209 2889 4282 Πέτρου
2922 4213 3002 4276 εἰς
3035 4212 3125 4266 τὸν
3158 4213 3388 4284 ἀριθμὸν
3431 4215 3540 4267 τῶν
3583 4213 3689 4267 δώ-

2097 4293 2230 4348 δεκα
2277 4296 2438 4367 (τάχα
2490 4297 2568 4361 ὡς
2610 4299 2717 4352 τῶν
2758 4300 2959 4354 λοιπῶν
3008 4304 3490 4376 τιμιωτέρου,ὲπεὶ
3525 4305 3617 4359 καὶ
3656 4307 3688 4358 ὁ

2099 4387 2312 4458 ἀληθῶς
2350 4390 2567 4443 πάντων
2596 4390 2822 4461 ἔσχατος
2856 4393 3058 4458 Ἰούδας
3085 4391 3154 4467 ἦν
3186 4395 3264 4466 (7)
3313 4396 3418 4450 ὑπὸ
3446 4397 3548 4468 τῆς
3588 4414 3688 4468 μο-

423 4460 624 4531 aliquis
661 4477 760 4515 cur
798 4464 1013 4520 tandem
1051 4482 1171 4520 cum
1225 4468 1276 4521 in
1323 4470 1677 4526 numerandis
1731 4473 1994 4541 apostolis

2112 4477 2308 4549 (θηρᾶς
2349 4479 2644 4545 διαθέσεως
2661 4460 2760 4534 ἐπὶ
2791 4481 2862 4536 τὰ
2900 4460 3206 4540 τελευταῖα*
3231 4460 3688 4560 ἀνταπερριμμέ-

423 4549 660 4616 primum
704 4550 880 4606 locum
913 4553 1154 4610 obtineat
1191 4556 1382 4613 Petrus
1421 4558 1691 4630 (fortassis
1729 4564 1856 4631 quia
1890 4580 1994 4618 ca:-

423 4638 556 4694 teris
607 4639 1001 4710 honorabilior,
1059 4649 1312 4715 quoniam
1375 4649 1540 4704 etiam
1576 4667 1702 4707 vere
1751 4655 1993 4708 omnium

420 4730 641 4788 ultimus
669 4733 834 4790 ludas
861 4736 932 4791 ob
957 4738 1156 4794 malum
1185 4737 1436 4796 aﬂ‘ectum
1461 4743 1515 4797 in
1545 4745 1791 4800 ultimum
1816 4746 1994 4802 locum

491 4826 535 4858 '"
566 4825 726 4884 Joan.
757 4845 881 4897 xm,
905 4830 959 4898 6,
987 4833 1018 4886 7

609 4925 714 5003 ξιξὶς
732 4923 849 5003 τὴν
862 4927 1206 5003 adfirmem.
1223 4933 1278 4986 In
1303 4934 1492 4990 codice
1510 4935 1678 5003 Regio
1709 4939 1862 4991 deest
1893 4939 1996 5001 είς.

491 4987 586 5077 (ις)
611 4987 721 5077 κρέξ
745 4987 817 5051 οὗ
847 4987 1040 5066 μόνός
1063 4987 1132 5077 δὲ
1157 5005 1194 5077 ρ
1218 4987 1997 5077 ηέέρὸςίὲῷίέρὸχῖεὶρὸὲέῥέῥ

419 5059 802 5144 ένιδῴνκιίαιο
823 5059 891 5121 ἐκ
910 5059 1280 5144 anterioribus
1298 5059 1548 5142 répetita,
1569 5059 1867 5144 pratiitissis
1885 5059 1996 5131 ιιῖιὶ-

425 5139 536 5216 tum
553 5133 762 5190 duobus
781 5139 1062 5216 vocabulis
1082 5155 1148 5195 ex
1183 5143 1248 5216 iis
1263 5133 1725 5216 quatisequ'u'ntur,
1747 5157 1995 5216 ιγροετει-

420 5199 656 5285 phorum
687 5207 1012 5285 negligentia
1040 5199 1328 5285 irrepsisse
1357 5199 1633 5279 videntur,
1661 5199 1912 5285 quamvis
1939 5199 1995 5272 et

421 5275 475 5322 in
498 5275 1043 5352 laliis‘rccentioribus
1067 5275 1198 5352 imp.
1232 5282 1502 5352 legantur.
1539 5275 1696 5340 Εοιτῖ

491 5340 568 5417 (5)
607 5344 786 5417 podex
813 5348 1031 5417 Regius,
1063 5340 1255 5414 οὕτως.

491 5414 569 5493 (9)
607 5413 753 5493 idem
781 5413 953 5493 codex
983 5413 1340 5493 ﬁegiusﬁrpb
1362 5423 1478 5477 τοῦ.

609 5484 756 5565 idem
783 5490 951 5565 codex
984 5482 1208 5565 ﬁegius,
1243 5482 1425 5565 niale,_
1446 5494 1568 5565 τήν.

487 5552 566 5622 (8)
607 5554 754 5610 fdem
798 5560 967 5640 codex
1001 5552 1222 5629 lte'gius,
1265 5552 1548 5643 mendose,
1574 5565 1640 5618 ἀν
1668 5565 1736 5619 τὰ
1757 5571 1993 5693 mpii);-

489 5639 602 5685 νος,
626 5639 748 5678 cum
774 5641 1000 5683 omnino
1029 5630 1313 5693 legendum
1344 5642 1418 5686 stt
1454 5635 1845 5693 ἀπαπερῤιιιυ.
1877 5656 1986 5693 νος.

419 5621 602 5710 pexae,
621 5639 748 5710 cum
774 5629 1011 5710 omnino
1029 5621 1313 5710 legendum
1344 5632 1418 5686 sit
1454 5621 1967 5710 “mastigiae?

486 5693 562 5772 (9)
616 5697 739 5748 Οὐκ
761 5696 888 5772 gat}
930 5693 1158 5772 Πὰρόυ
1187 5701 1433 5772 ἤρξατο,
1479 5716 1584 5760 etc.
1633 5693 1715 5762 Ut.
1741 5693 1990 5766 crederet.

412 5759 672 5830 Origenes
699 5779 729 5820 ι
757 5765 922 5826 Petro
949 5759 1164 5830 lavandi
1187 5759 1402 5833 initium
1421 5759 1983 5851 utinimc'fac'tuuire'x'

2099 4585 2188 4632 νος
2236 4567 2375 4640 [8]),
2407 4571 2436 4622 ό
2475 4571 2710 4641 Ἰησοῦς,
2756 4572 3063 4645 ἀρξάμενος
3103 4577 3312 4632 νίπτειν
3346 4581 3471 4644 τοὺς
3517 4580 3685 4645 πόδας

2098 4656 2206 4710 τῶν
2239 4658 2516 4729 μαθητῶν,
2556 4662 2650 4714 καὶ
2693 4662 2990 4732 ἐκμάσσειν
3024 4664 3105 4736 τῷ
3151 4665 3342 4739 λεντίῳ
3383 4661 3428 4736 ᾧ
3467 4663 3536 4741 ἦν
3600 4667 3681 4722 δι,-

2100 4747 2429 4820 εζωσμένος,
2459 4751 2560 4803 οὐκ
2585 4749 2694 4804 ἀπὸ
2722 4751 2930 4823 Πέτρου
2950 4752 3153 4825 ἧρξατο
3180 4756 3254 4828 (9)
3274 4773 3288 4787 ο
3323 4757 3421 4812 κα)⁴
3463 4758 3682 4814 λεκτέον

2105 4955 2172 4996 eo
2188 4941 2546 5026 in'tluctusest,
2561 4946 2706 5026 quod
2726 4955 3012 5026 postquam
3023 4948 3172 5026 dixit
3187 4949 3446 5026 Joannes,
3473 4955 3682 5026 Ἤρξα-

2105 5027 2166 5098 το
2199 5011 2556 5098 νίπτειν-τοῦς
2580 5011 2892 5098 ’πόδας-τῶν
2940 5017 3219 5098 μαθητῶν,
3257 5011 3444 5098 subdit
3478 5041 3494 5098 ς
3525 5011 3679 5098 εξηξε..

2102 5097 2192 5135 ται.
2215 5077 2307 5159 οῦν
2328 5084 2463 5159 πρὸς
2495 5077 2714 5157 Σίμωνα
2738 5077 2962 5159 Πέτρονῖ
2997 5077 3290 5158 Αιίιιιειιιο
3327 5077 3678 5150 verisimilius

2105 5163 2192 5206 est
2239 5153 2573 5234 lavationem
2604 5160 2799 5234 pedum
2849 5153 3022 5228 primo
3062 5153 3418 5234 generaliter,
3479 5176 3536 5219 ut
3576 5166 3671 5234 tit,

2103 5224 2417 5304 enuntiasse
2445 5224 2877 5304 evangelistam,
2921 5224 3322 5304 quani__dei_nde
3355 5224 3671 5304 singulatim

2101 5293 2422 5376 descripsit.
2453 5294 2507 5350 Id
2523 5293 2754 5376 _vii_letnr
2777 5293 3054 5376 insinuare
3088 5301 3252 5376 illud,
3283 5293 3502 5376 ἔρχετξιι
3553 5301 3670 5362 οῦν.

2105 5363 2257 5441 pi_x_it_
2268 5375 2446 5441 autem
2471 5384 2493 5441 ξ
2520 5366 2721 5441 ἤρξατο
2745 5368 2974 5435 νίπτειν,
2994 5385 3115 5439 pro,
3145 5363 3326 5441 Evz¢3,'
3348 5363 3408 5428 iit
3437 5374 3567 5430 Luc.
3587 5393 3673 5441 ιιι,

2101 5432 2271 5518 8‘,in
2293 5434 2368 5518 μὴ
2392 5432 2629 5518 agentis;
2663 5437 2929 5518 λέγειν’-ἐν
2961 5432 3172 5506 ἑαυτοῖς
3190 5457 3205 5473 ⁸
3235 5432 3454 5518 Πατέρα
3476 5432 3673 5518 ἔχομεν

2101 5453 2268 5494 δαισιν.
2290 5453 2368 5558 μη
2392 5453 2629 5507 αρ’ςησυε
2663 5453 2840 5507 λεγειν
2871 5453 2929 5494 εν
2962 5453 3205 5506 εαυτοῐς’
3237 5453 3454 5516 Πατέρα
3476 5453 3671 5518 ἔχομεν

2100 5503 2192 5585 τὸν
2228 5505 2286 5558 ’Δ
2326 5505 2497 5631 patir,
2545 5517 2601 5562 et
2640 5523 2782 5579 saepe
2803 5509 2959 5576 alias,
2999 5521 3057 5564 ut
3087 5528 3249 5581 supra
3283 5516 3394 5583 ipse
3417 5519 3671 5600 agnoscit

2100 5573 2383 5631 Orttteues.
2460 5579 2584 5631 dem
2636 5589 2720 5631 est
2767 5595 3142 5631 saepenumero
3179 5585 3428 5631 vocalmlt
3475 5601 3669 5631 unum

2100 5573 2383 5642 Origenes.
2411 5573 2592 5655 _ld_em_
2636 5573 2733 5633 est'
2767 5573 3428 5650 smpen'untero'vocabuli
3457 5573 3669 5655 'i'acipio

1972 5681 1986 5728 ς
2099 5658 2234 5728 usus
2284 5648 2424 5728 apud
2474 5647 2698 5728 Latinos
2744 5647 3019 5728 auctores,
3063 5661 3119 5706 et
3169 5656 3476 5723 praesertim
3524 5647 3700 5728 apud'

2097 5715 2530 5787 poetas.’Horat.
2560 5717 2656 5772 lib.
2689 5735 2702 5772 ι
2737 5717 2930 5787 Ερὶιι.,
2956 5721 3024 5776 5:

2451 5785 2650 5844 Potare
2675 5802 2721 5846 et
2757 5785 3000 5860 spargere
3034 5793 3186 5847 ﬂans
