4182 6418
464 317 572 379 757

1457 320 1813 381 COMMENT.
1854 320 1922 377 IN
1951 320 2145 381 JOAN.
2185 321 2424 379 TOMUS
2458 320 2674 377 XXX".

3611 328 3711 384 758

464 443 602 515 πρὸς
636 442 815 511 τοῦτο,
850 445 957 510 ὃτι,
986 442 1196 515 ’Ὠσπερ
1223 443 1426 515 ἰατρὸς,
1468 446 1707 500 πλείοσιν
1738 442 2026 516 ἀρρώστοις

2142 444 2416 514 projectus
2432 443 2620 514 jacet),
2646 456 2769 497 cum
2794 440 2952 498 Jesus
2983 443 3297 515 incoepisset
3330 444 3514 502 lavare
3545 451 3713 516 pedes

465 532 608 584 κατὰ
650 532 747 602 τὴν
792 532 1040 604 ίατρικὴν
1091 532 1534 605 διακονούμενος,
1610 535 1719 588 ἀπὸ
1754 533 1863 587 τῶν
1911 551 2039 587 κατ-

463 624 793 692 επειγόντων
825 625 919 678 καὶ⁹
944 626 1163 696 χείρονα
1200 625 1543 680 πεπονθότων
1573 627 1673 698 τὴν
1706 626 1881 697 ἀρχὴν
1919 642 2038 678 ποι-

462 720 602 770 εῖται
637 717 737 788 τῆς
784 717 1113 788 θεραπείας,
1159 717 1331 782 οὕτως
1372 720 1401 771 6
1438 719 1861 790 ὲῤῥυπωμένους
1911 720 2038 782 τοὺς
2076 776 2077 781 η

463 809 630 871 πόδας
669 808 873 862 νίπτων
905 809 1013 861 τῶν
1049 808 1306 879 μαθητῶν
1339 810 1561 881 ἄρχεται
1610 810 1718 864 ἀπὸ
1754 809 1861 863 τῶν
1905 809 2038 880 μᾶλ-

460 899 551 952 λον
596 900 1030 971 ὲρρυπωμένων·
1086 900 1180 953 καὶ
1232 899 1371 970 τάχα
1421 900 1512 953 ἐπὶ
1558 899 1860 953 τελευταῖον
1905 895 2038 971 ἦλθε

460 991 550 1045 τὸν
580 991 805 1062 Πέτρον,
835 992 911 1055 ὡς
938 991 1155 1044 ἔλαττον
1183 992 1399 1045 πάντων
1434 992 1682 1062 δεόμενον
1708 992 1806 1064 τῆς
1831 991 2030 1061 νίψεως

459 1082 568 1134 τῶν
599 1081 772 1135 ποδῶν
791 1100 803 1112 ·
846 1083 985 1153 τάχα
1025 1083 1084 1136 δὲ
1114 1082 1207 1135 καὶ
1233 1083 1312 1146 είς
1346 1082 1404 1135 τὸ
1431 1083 1605 1136 δοκεῖν
1648 1082 1947 1151 ἀντιλέγειν
1993 1082 2027 1151 η

458 1174 627 1241 ἐγγὺς
679 1173 1046 1244 καθαρότητος
1096 1174 1427 1236 κατάστασις
1475 1175 1583 1228 τῶν
1643 1173 1815 1228 ποδῶν
1865 1172 2028 1227 αὐτοῦ

460 1264 826 1319 συνεϐάλλετο.

2140 536 2551 606 discipulorum,
2580 543 2634 587 et
2664 532 2977 602 abstergere
3008 534 3316 605 linteoquo
3339 546 3458 591 erat
3483 540 3711 606 praecin-

2140 637 2280 695 ctus,
2308 625 2472 698 414
2506 641 2607 680 non
2665 640 2694 678 a
2743 623 2905 678 Petro
2967 626 3255 695 incoeperit
3289 626 3413 697 [sed
3448 629 3516 683 ab
3554 628 3707 701 illo].

2138 716 2218 770 Ad
2243 718 2386 786 quod
2416 713 2850 784 respondendum
2882 721 2965 766 est
2994 729 3007 765 :
3052 711 3121 767 Ut
3170 714 3416 771 medicus
3461 717 3710 786 plurimis

2140 806 2370 862 inﬁrmis
2415 804 2832 858 subministrans
2857 800 3007 870 juxta
3043 813 3213 858 artem
3262 806 3564 869 medicinae,
3604 808 3710 861 ini-

2141 898 2272 951 tium
2299 893 2544 949 medendi
2570 891 2699 945 facit
2728 892 2793 944 ab
2817 890 2901 944 his
2917 891 3009 959 qui
3042 902 3303 960 urgentur
3318 894 3524 963 quique
3552 896 3709 964 pejus

2139 986 2318 1041 affecti
2347 996 2494 1052 sunt,
2527 985 2606 1039 sic
2637 986 3021 1055 discipulorum
3063 985 3313 1039 sordidos
3336 985 3500 1053 pedes
3523 986 3710 1039 lavan-

2141 1090 2273 1144 tem,
2328 1078 2620 1148 incoepisse
2662 1094 2691 1133 a
2730 1082 2901 1151 magis
2951 1081 3224 1145 sordidis;
3251 1090 3415 1148 alque
3454 1079 3707 1149 equidem

2139 1169 2388 1224 fortassis
2434 1168 2499 1223 ad
2545 1169 2766 1224 Petrum
2809 1180 3087 1239 postremo
3134 1170 3302 1232 venit,
3354 1168 3479 1239 quia
3531 1169 3710 1223 minus

2138 1261 2349 1315 caeteris
2372 1259 2636 1331 indigeret
2667 1268 2724 1314 ut
2749 1262 2849 1316 sibi
2876 1261 3186 1315 lavarentur
3214 1259 3377 1329 pedes
3407 1274 3420 1310 :
3458 1256 3708 1313 fortassis

458 1361 622 1412 etiam
657 1368 831 1413 status
865 1359 1057 1428 pedum
1092 1375 1331 1428 suorum,
1376 1362 1465 1430 qui
1508 1361 1752 1430 proxime
1788 1358 2078 1415 accedebat
2103 1357 2172 1410 ad
2206 1353 2739 1414 munditiem.eh‘ecit
2763 1364 2822 1411 ut
2850 1356 3226 1411 contradicere
3274 1356 3560 1423 cogitaret.

528 1451 583 1506 6.
624 1452 1053 1525 Βασανιζόμενον
1086 1456 1143 1509 δὲ
1189 1456 1248 1509 τὸ
1296 1457 1402 1510 ὑπὸ
1445 1456 1538 1510 τοῦ
1581 1454 1753 1526 Ἰησοῦ
1802 1453 2026 1526 εἰρημέ-

456 1560 566 1608 νον,
597 1544 690 1611 τὸ,
723 1565 741 1596 ι
778 1546 834 1600 Ὀ
863 1546 1183 1618 λελουμένος
1225 1548 1325 1601 οὐκ
1369 1546 1482 1618 ἔχει
1513 1547 1701 1620 χρείαν
1740 1546 2028 1616 νίψασθαι,

457 1635 572 1689 ἀλλ’
611 1636 728 1689 ἔστι
777 1638 1014 1710 καθαρὸς
1061 1640 1212 1703 ὅλοςο
1244 1641 1337 1694 καὶ
1381 1641 1540 1711 ὑμεῖς
1593 1639 1820 1710 καθαροί
1869 1642 2025 1703 ἐστε,

2206 1449 2258 1505 6.
2292 1450 2459 1505 Porro
2486 1450 2531 1504 si
2550 1450 2923 1505 examinemus
2954 1453 3098 1520 quod
3118 1449 3447 1516 dixitJesus,
3473 1464 3666 1520 nempe
3688 1491 3704 1516 ,

2143 1560 2164 1594 ι
2192 1540 2296 1609 Qui
2321 1541 2460 1597 lotus
2485 1551 2586 1605 est,
2631 1541 2763 1594 nihil
2797 1557 2931 1609 opus
2962 1541 3125 1594 habet
3155 1549 3515 1611 praeterquam
3544 1542 3708 1611 pedes

2135 1631 2340 1696 lavare,
2380 1631 2476 1685 sed
2511 1640 2595 1685 est
2629 1633 2861 1686 mundus
2899 1640 3043 1686 totus
3073 1648 3088 1686 :
3122 1642 3176 1685 et
3201 1647 3298 1686 vos
3337 1634 3519 1687 mundi
3550 1635 3702 1698 estis,

458 1727 571 1781 ἀλλ’
596 1728 716 1797 οὐχὶ
737 1729 955 1795 πάντες,
983 1750 1001 1782 ι
1031 1732 1172 1802 τάχα
1198 1733 1487 1786 ὑποϐάλλει
1517 1731 1641 1786 νοῦν
1663 1730 1921 1797 τοιοῦτον,
1953 1731 2026 1793 ὡς

2135 1726 2230 1780 sed
2261 1741 2367 1779 non
2409 1740 2598 1780 omnes
2624 1725 2692 1788 ⁷⁸,
2724 1743 2742 1775 ι
2780 1723 3010 1779 fortasse
3051 1726 3207 1779 talem
3233 1727 3471 1793 suggerit
3504 1727 3704 1780 intelli—

456 1817 554 1889 ἤδη
584 1818 893 1890 νιψαμένων
934 1823 1059 1883 τοὺς
1092 1822 1257 1883 πόδας
1290 1822 1394 1875 ὑπὸ
1436 1820 1530 1874 τοῦ
1570 1819 1742 1892 Ἰησοῦ
1786 1819 1894 1872 τῶν
1927 1836 2029 1889 μα-

455 1908 652 1980 θητῶν,
701 1910 793 1962 καὶ
840 1910 978 1982 πρὸς
1030 1911 1108 1982 τῷ
1165 1911 1445 1965 λελοῦσθαι
1511 1913 1611 1966 οὐκ
1656 1912 1736 1965 ἐτι
1797 1911 2028 1981 ἐχόντων

452 1999 639 2070 χρείαν
681 2000 969 2070 νίψασθαι·
1004 2001 1084 2056 ἔτι
1111 2002 1168 2055 δὲ
1200 2004 1293 2056 καὶ
1333 2003 1498 2057 αὑτοῦ
1526 2003 1620 2056 τοῦ
1673 2003 1880 2075 Πέτρου
1928 2002 2026 2074 ἥδη

451 2092 603 2155 ὄντος
641 2091 906 2164 καθαροῦ,
946 2094 1042 2146 καὶ
1088 2095 1217 2166 πρὶν
1259 2095 1388 2169 νίψῃ
1428 2098 1554 2159 τοὺς
1586 2095 1754 2158 πόδας
1794 2093 1957 2148 αὑτοῦ
1999 2094 2028 2146 6

463 2181 689 2252 Ἰησοῦς.
734 2183 857 2237 Ἐὰν
907 2184 963 2237 δέ
1005 2203 1088 2250 τις
1143 2186 1278 2257 πρὸς
1331 2187 1504 2242 ταῦτα
1541 2186 1698 2257 ζητῇ,
1730 2186 1795 2239 Τί
1837 2186 2027 2255 δήποτ’

450 2269 564 2337 οῦν,
605 2273 806 2338 εἰπὼν,
841 2294 859 2327 1
902 2277 958 2329 Ὀ
988 2275 1305 2348 λελουμένος
1338 2279 1438 2331 οὐκ
1480 2278 1591 2349 ἔχει
1637 2279 1827 2348 χρείαν
1872 2277 2027 2346 νίψα-

453 2360 597 2424 σθαι,
636 2362 751 2415 ἀλλ’
777 2362 894 2416 ἔστι
940 2364 1178 2434 καθαρὸς
1219 2365 1358 2430 ὅλος,
1390 2384 1408 2418 ι
1450 2367 1537 2437 μὴ»
1562 2367 1749 2436 χρείαν
1795 2366 2027 2436 ἐχόντων

448 2449 705 2518 νίψασθαι
738 2452 841 2505 τῶν
877 2452 1152 2524 μαθητῶν,
1198 2455 1373 2509 νίπτει
1427 2434 1552 2518 τοὺς
1597 2455 1763 2518 1:66:11;
1796 2455 1971 2508 αὐτῶν
1998 2457 2027 2508 6

462 2540 700 2609 Ἰησοῦς;
744 2543 961 2599 λεκτέον
1014 2546 1162 2618 αὐτῷ
1206 2549 1301 2600 τό·
1342 2567 1360 2601 ι
1389 2550 1560 2603 Παντὶ
1610 2549 1688 2620 τῷ
1726 2551 1898 2622 ἔχοντι
1940 2550 2024 2603 δο-

449 2628 704 2700 θήσεται,
752 2635 844 2687 καὶ⁸
896 2638 1342 2708 προστεθήσεται.
1370 2658 1387 2690 ι
1440 2642 1592 2695 Ἐπεὶ
1650 2642 1827 2694 τοίνυν
1880 2638 2023 2711 εἶχον

448 2722 543 2775 καὶ
573 2722 622 2775 οἱ
658 2722 896 2796 μαθηταὶ
938 2729 1000 2781 τὸ
1048 2724 1187 2782 εἶναι
1235 2730 1485 2802 καθαροὶ,
1525 2733 1880 2804 προστίθησιν
1917 2735 2023 2803 Ἰη-

450 2811 576 2877 σοῦς
615 2817 679 2885 τῇ
729 2816 1061 2890 καθαρότητι
1111 2821 1289 2875 αὐτῶν
1336 2824 1429 2876 καὶ
1473 2824 1532 2877 τὸ
1584 2824 1791 2878 νίπτειν
1845 2825 2024 2879 αὐτῶν

445 2905 574 2968 τοὺς
595 2906 759 2972 πόδας
775 2926 788 2939 ·
823 2909 946 2964 οὔτε
973 2914 1099 2976 τοὺς
1116 2912 1190 2985 μὴ
1217 2914 1567 2986 λελουμένους
1590 2917 1756 2986 νίψων
1780 2917 1868 2982 ἂν,
1900 2916 2022 2971 οὔτε

447 2994 573 3059 τοὺς
608 2997 683 3067 μὴ
714 2998 866 3063 ὅλους
906 3000 1207 3073 καθαρούςο
1242 3003 1354 3056 ἀλλ’
1388 3003 1559 3067 οῦτως
1592 3004 1720 3057 ὥστ’
1755 3005 1820 3057 ἂν
1850 3006 2022 3057 εἰπεῖν

2131 1819 2391 1886 gentiam,
2432 1818 2655 1887 perinde
2677 1817 2833 1886 quasi
2864 1818 3115 1887 discipuli
3146 1819 3285 1874 lotos
3305 1818 3418 1885 jam
3444 1819 3707 1875 haberent

2129 1911 2294 1980 pedes
2341 1926 2370 1964 a
2418 1908 2570 1975 Jesu,
2610 1921 2664 1965 et
2707 1913 2850 1979 quod
2881 1921 3002 1978 post
3042 1911 3186 1964 illam
3229 1912 3551 1965 lavationem
3597 1930 3703 1968 non

2129 2001 2360 2067 amplius
2384 2015 2522 2069 Opus
2547 2002 2811 2055 haberent
2829 2000 2994 2054 lavari
3017 2017 3032 2067 ;
3052 2002 3303 2071 quodque
3322 2004 3511 2057 Petrus
3540 2006 3702 2059 etiam

2130 2093 2362 2145 mundus
2382 2091 2492 2160 jam
2509 2091 2796 2147 exsisteret
2819 2102 3106 2160 antequam
3131 2093 3272 2147 illius
3303 2095 3466 2162 pedes
3496 2094 3705 2150 lavaret

2127 2178 2303 2234 Jesus.
2333 2179 2484 2246 Quod
2515 2181 2558 2235 si
2591 2189 2782 2235 contra
2824 2181 2939 2236 hmo
2971 2190 3177 2251 qumrat
3213 2183 3430 2252 aliquis,
3459 2199 3555 2238 cur
3579 2200 3701 2240 cum

2128 2271 2372 2335 dixisset,
2437 2291 2454 2322 ι
2483 2271 2583 2337 Qui
2625 2270 2769 2327 lotus
2806 2282 2913 2338 est,
2963 2287 3069 2327 non
3104 2288 3239 2343 opus
3266 2276 3429 2329 habet
3468 2285 3525 2334 ut
3560 2277 3702 2331 lave-

2130 2370 2236 2424 tur,
2266 2363 2357 2415 sed
2386 2371 2468 2416 est
2492 2364 2724 2417 mundus
2755 2372 2917 2428 totus,
2941 2382 2960 2417 ι
2984 2364 3126 2419 lavet
3152 2375 3329 2420 tamen
3352 2365 3513 2421 Jesus
3539 2367 3703 2437 pedes

2129 2452 2537 2521 discipulorum,
2567 2455 2659 2523 qui
2704 2456 2944 2526 alioquin
2976 2471 3114 2526 opus
3155 2473 3260 2511 non
3297 2460 3568 2514 habebant
3597 2461 3699 2514 sibi

2128 2559 2222 2599 eos
2251 2543 2461 2600 lavari?
2497 2547 2620 2600 huic
2642 2546 2769 2600 illud
2795 2547 3081 2602 dicendum
3114 2557 3230 2603 est:
3254 2567 3271 2599 ι
3292 2547 3448 2603 Omni
3482 2550 3698 2608 habenti

2126 2638 2371 2704 dabitur,
2399 2649 2453 2694 et
2484 2638 2772 2708 adiicietur
2792 2641 2872 2708 7’;
2924 2661 2941 2694 ι
2972 2641 3114 2696 unde
3161 2642 3487 2697 habentibus
3535 2643 3696 2698 disci-

2124 2731 2267 2799 pulis
2319 2731 2661 2797 munditiem,
2712 2730 2919 2799 Jesum,
2986 2743 3047 2787 ut
3101 2733 3361 2803 adiiceret
3418 2734 3699 2788 munditiei

2124 2822 2360 2890 illorum,
2402 2824 2615 2879 illorum
2652 2825 2818 2893 pedes
2862 2825 3026 2879 etiam
3076 2824 3301 2890 lavare;
3340 2826 3460 2880 illos
3495 2828 3698 2899 alioqui

2125 2933 2231 2971 non
2256 2917 2555 2982 lavaturus,
2583 2916 2635 2969 ni
2667 2917 2757 2970 loti
2783 2916 3016 2970 fuissent
3042 2926 3205 2986 atque
3229 2918 3453 2973 omnino
3479 2922 3696 2977 mundi:

2124 3010 2199 3063 ita
2230 3018 2407 3063 tamen
2443 3016 2500 3061 ut
2523 3008 2769 3063 dicamus
2799 3008 3071 3064 neminem
3104 3024 3170 3062 ex
3198 3009 3281 3064 his
3301 3011 3391 3079 qui
3417 3011 3518 3066 isto
3540 3013 3700 3068 modo

447 3089 577 3161 περὶ
607 3090 712 3143 τῶν
749 3091 919 3157 οὕτως
950 3094 1227 3168 καθαρῶν,
1270 3095 1374 3149 κᾶν
1406 3096 1514 3167 γάρ
1548 3113 1631 3159 τις
1730 3096 1931 3159 τέλειος
1967 3097 2024 3149 ἐν

2128 3096 2486 3164 suntmundi,
2536 3095 2751 3149 etiamsi
2802 3094 3078 3161 perlectus
3124 3096 3247 3164 quis
3275 3096 3350 3149 sit
3382 3095 3523 3151 inter
3557 3097 3698 3152 tilios

338 3228 345 3235 .
445 3182 583 3245 υἱοῖς
625 3182 946 3254 ἀνθρώπων,
988 3186 1088 3257 τῆς
1120 3188 1227 3240 ἀπὸ
1274 3189 1367 3241 σοῦ
1405 3189 1548 3257 (10),
1597 3189 1663 3241 ἵν’
1693 3188 1864 3252 οὕτως
1905 3188 2021 3241 όνο-

448 3274 626 3345 μάσω,
670 3274 1035 3348 καθαρότητος
1077 3279 1350 3350 ἀπούσης,
1387 3281 1466 3342 είς
1504 3262 1742 3350 καθαρὸν
1773 3279 1833 3330 οὐ
1877 3278 2022 3347 λογι-

448 3365 726 3438 σθήσεται.
768 3367 879 3420 Καὶ
910 3366 1083 3420 ταῦτα
1124 3369 1180 3421 δὲ
1225 3367 1448 3439 ὕστερον
1492 3366 1774 3436 ὲκτίθεμαι
1817 3368 2021 3419 ὑποπε-

446 3457 608 3510 σόντα
644 3457 881 3528 μετὰητὸ
920 3458 1356 3531 ὑπαγορευθῆναι
1400 3458 1468 3511 τὰ
1505 3460 1776 3530 πρότερα,
1824 3455 2022 3522 σωζόν-

442 3564 550 3601 των
579 3547 734 3620 ἡμῶν
761 3550 855 3603 καὶ
878 3549 977 3620 τὴν
1004 3550 1154 3616 τάξιν
1182 3551 1288 3604 τῶν
1319 3550 1744 3604 ὑπεισελθόντων
1768 3549 1913 3615 νοῦν,
1944 3549 2020 3613 ὼς

444 3640 708 3711 πρότερον
753 3640 851 3710 μὲν
885 3639 1102 3709 βλέπειν
1147 3640 1496 3711 ρυπωθέντας
1545 3640 1668 3702 τοὺς
1715 3638 1881 3701 πόδας
1910 3635 2018 3690 τῶν

449 3730 706 3802 μαθητῶν
755 3730 1037 3801 δεδεῆσθαι
1093 3732 1193 3801 τῆς
1248 3733 1355 3785 ἀπὸ
1412 3732 1506 3785 τοῦ
1556 3729 1726 3802 Ἰησοῦ
1781 3729 2016 3800 νίψεως,

441 3823 537 3876 νῦν
570 3824 614 3877 δ’
657 3823 738 3876 ὅτι
775 3822 863 3876 διὰ
912 3822 1056 3876 τοῦτ’
1109 3822 1287 3877 αὐτῶν
1314 3822 1461 3892 ἔνιψε
1499 3823 1624 3886 τοὺς
1665 3821 1851 3885 πόδας,
1900 3820 2019 3873 ἐπεὶ

439 3909 579 3986 ἦσαν
613 3915 688 3979 ὡς
723 3917 779 3968 ὲν
813 3914 1117 3986 ἀνθρώποις
1157 3914 1412 3986 καθαροὶ,
1458 3914 1570 3967 ἀλλ’
1596 3914 1716 3983 οὐχ).
1752 3912 1845 3966 καὶ
1869 3912 2019 3982 παρὰ

441 4004 578 4076 Θεῷ·
604 4006 769 4077 χωρὶς
801 4004 910 4075 γὰρ
947 4003 1118 4076 Ἰησοῦ
1155 4003 1329 4068 οὐδεὶς
1350 4004 1499 4076 παρὰ
1527 4003 1644 4074 Θεῷ
1671 4002 1906 4075 καθαρὸς
1932 4001 2018 4070 γί-

440 4111 609 4158 νεται,
644 4097 738 4149 καὶ
770 4095 875 4167 πρὸ
915 4094 1079 4149 αὐτοῦ
1124 4093 1234 4165 (Η)
1273 4095 1499 4166 νομισθῇ
1537 4095 1625 4148 διά
1664 4111 1806 4157 τινος
1836 4096 2021 4163 ἐπιμε-

439 4185 590 4249 λείας
613 4186 776 4240 αὑτδν
811 4186 1048 4257 καθαρὸν
1080 4187 1455 4256 πεποιηκέναι.
1489 4187 1613 4249 Τοῖς
1655 4186 1699 4239 δ’
1727 4186 1802 4248 ὡς
1834 4186 1891 4237 ὲν
1923 4186 2018 4237 ἁν-
2050 4226 2055 4233 .

441 4274 678 4347 θρώποις
706 4275 967 4349 καθαροῖς
992 4277 1090 4348 ήδη
1120 4277 1523 4347 γεγενημένοις,
1553 4277 1648 4330 καὶ
1667 4275 2018 4345 λουσαμένοις

439 4364 502 4418 τὸ
534 4364 626 4417 τοῦ
674 4366 847 4437 Ἰησοῦ
878 4366 1180 4437 βάπτισμα,
1222 4368 1317 4420 καὶ
1368 4366 1680 4437 νιψαμένοις
1714 4367 1806 4420 ὑπ’
1851 4367 2014 4420 αὐτοῦ

2128 3187 2435 3252 hominum,
2488 3187 2715 3240 absente
2751 3185 3042 3250 munditia,
3073 3194 3134 3239 ut
3182 3186 3254 3239 ita
3285 3185 3494 3255 loquar,
3544 3186 3693 3252 Jesu,

2128 3278 2385 3331 mundum
2426 3277 2784 3348 reputandum
2813 3291 2958 3331 esse.
3005 3275 3074 3330 Et
3106 3275 3224 3329 haec
3257 3276 3475 3344 quidem
3506 3277 3698 3333 ultimo

2128 3384 2341 3437 expono
2371 3383 2491 3437 quae
2519 3376 2911 3421 succurrerunt
2956 3375 3077 3436 post
3120 3367 3303 3434 priora
3334 3367 3583 3435 superius
3612 3369 3695 3422 di-

2129 3469 2256 3527 cta,
2302 3462 2646 3515 servantibus
2699 3458 2857 3515 nobis
2907 3457 3155 3512 ordinem
3206 3474 3396 3514 eorum
3454 3474 3575 3528 qua:
3642 3460 3695 3514 in

2128 3559 2360 3605 mentem
2411 3560 2678 3606 venerunt
2720 3561 2785 3621 et
2818 3552 3232 3621 intelligentiam
3261 3571 3275 3605 :
3309 3550 3459 3605 verbi
3496 3551 3694 3619 gratia,

2128 3657 2248 3694 cum
2289 3641 2438 3710 prius
2494 3643 2936 3710 conspexerimus
2981 3642 3282 3697 sordidatos
3326 3644 3489 3713 pedes
3525 3642 3697 3696 disci-

2126 3729 2375 3797 pulorum
2411 3730 2624 3801 eguisse
2649 3739 2707 3784 ut
2746 3746 2774 3784 a
2816 3729 2944 3785 Jesu
2977 3729 3313 3795 lavarentur,
3357 3730 3520 3802 415
3554 3744 3696 3784 nunc

2128 3821 2328 3876 idcirco
2365 3820 2514 3875 illum
2559 3821 2776 3875 illorum
2835 3823 2998 3891 pedes
3051 3822 3248 3876 lavisse
3278 3822 3528 3889 dicimus,
3567 3824 3694 3891 quia

2126 3918 2308 3965 essent
2356 3911 2765 3979 comparatione
2817 3910 3094 3964 hominum
3153 3909 3375 3975 mundi,
3438 3911 3532 3963 sed
3588 3923 3693 3963 non

2127 4005 2291 4060 etiam
2320 4004 2461 4073 apud
2491 4002 2696 4070 Deum;
2746 4018 2847 4059 nec
2879 4004 3023 4058 enim
3070 4003 3187 4057 sine
3224 4000 3351 4056 Jesu
3395 4001 3591 4071 aliquis
3632 4000 3696 4053 fit

2127 4095 2268 4164 apud
2296 4094 2460 4148 Deum
2494 4095 2746 4161 mundus,
2790 4095 3001 4148 etiamsi
3039 4108 3220 4148 coram
3264 4109 3324 4148 se
3354 4093 3696 4147 existimetur

2129 4184 2325 4253 aliquis
2358 4184 2536 4252 aliqua
2567 4184 2847 4255 diligentia
2897 4185 3133 4253 seipsum
3183 4185 3439 4237 mundum
3474 4182 3694 4240 fecisse.

2125 4272 2242 4328 Jam
2271 4275 2325 4329 in
2359 4276 2442 4330 his
2473 4277 2564 4344 qui
2601 4276 2881 4330 hominum
2909 4276 3315 4345 comparatione
3350 4274 3533 4329 mundi
3566 4286 3696 4330 sunt

2127 4366 2274 4429 facti,
2311 4369 2510 4437 quique
2542 4368 2635 4422 loti
2663 4376 2791 4424 sunt
2813 4366 2939 4424 Jesu
2967 4369 3233 4438 baptismo
3254 4408 3269 4433 ,
3296 4369 3497 4438 quique
3521 4369 3692 4423 etiam

440 4457 566 4520 τοὺς
609 4456 795 4523 πόδας,
827 4459 1054 4511 ἐνοικεῖν
1096 4458 1279 4512 καὶτὸ
1316 4458 1470 4527 ἆγιον
1510 4458 1730 4512 δύναται
1773 4457 2019 4529 Πνεῦμα,

2127 4457 2196 4512 ab
2220 4456 2337 4527 ipso
2366 4458 2503 4513 lotos
2531 4458 2696 4527 pedes
2726 4457 2946 4523 habent,
2980 4457 3298 4514 inhabitare
3321 4468 3498 4528 potest
3526 4460 3692 4513 etiam

513 4548 719 4604 "Joan.
746 4567 868 4616 xm,
903 4551 989 4606 10.
1066 4554 1110 4588 7’
1139 4552 1327 4608 Matth.
1363 4569 1487 4618 xxv,
1513 4553 1602 4608 29.

510 4643 794 4714 Incipiam,
823 4649 1098 4714 patiarque
1129 4649 1208 4704 vel
1238 4651 1568 4704 inconsultus
1595 4649 1796 4706 haberi.

440 4712 753 4788 Propertius
787 4712 877 4770 lib.
904 4731 944 4771 ιι
983 4712 1161 4788 Eleg.,
1189 4719 1258 4773 12
1289 4735 1304 4771 :
1688 4764 1695 4769 .

564 4785 867 4863 tuminqgue
899 4788 967 4840 ad
982 4858 994 4863 _
1010 4785 1169 4863 caput
1198 4790 1445 4860 incipient
1467 4805 1712 4846 revocare
1726 4790 1975 4863 liquores.

442 4851 508 4906 Et
534 4853 813 4909 Juvenalis
838 4866 943 4910 sat.
974 4857 1042 4910 10
1066 4851 1081 4912 ἑ

511 4922 796 4996 Eloquium
817 4937 911 4980 aut
957 4926 1159 4996 [amant
1187 4927 1574 4996 Demosthenis,
1613 4937 1706 4984 aut
1745 4931 2011 4988 Ciceronis

511 4992 704 5058 Incipit
729 5004 930 5061 aptare.

438 5062 715 5133 Christum
766 5067 947 5133 itaque
984 5066 1277 5122 verisimile
1294 5077 1380 5123 est
1430 5083 1459 5123 a
1496 5067 1657 5124 Petro
1686 5069 2009 5127 lavationem
2052 5069 2058 5075 ”

440 5129 606 5209 fuisse
650 5129 1013 5209 auspicatum.
1057 5134 1134 5189 ιω
1184 5139 1352 5209 sentit
1387 5138 1719 5209 Augustinus
1759 5140 1813 5194 in
1868 5141 2012 5196 hunc

442 5202 618 5257 locum
645 5201 895 5280 Jpannis,
931 5202 1085 5280 cujus
1115 5208 1280 5261 verba
1319 5201 1523 5280 referFe
1560 5223 1737 5278 opera:
1774 5211 2009 5280 pretium

438 5281 524 5325 est
547 5289 611 5346 ac
656 5272 917 5338 Quamvis
947 5275 1138 5346 itaque?
1159 5291 1367 5346 magna;
1393 5276 1580 5332 fuisset
1596 5272 1846 5334 audacias
1877 5295 2010 5335 con-

446 5343 714 5412 trzndicere
740 5358 956 5398 servum
991 5343 1533 5408 Domino,hominem
1551 5346 1682 5412 Deo,
1708 5357 1881 5403 tamen
1912 5351 2013 5405 hoc

443 5410 635 5487 Petrus
671 5411 847 5468 fecere
872 5412 1096 5487 ntaluit,
1126 5429 1289 5487 quam
1344 5417 1551 5487 perpeti
1593 5410 1799 5472 ιιιεὶιή
1849 5421 2010 5487 pedes

443 5479 758 5556 lavacentur
797 5482 1101 5556 a‘Domino
1131 5479 1185 5536 ἐι
1227 5479 1360 5556 Deo:
1392 5479 1503 5556 Nec
1532 5496 1720 5556 putare
1752 5479 2009 5544 deb'emus

444 5548 548 5604 hoc
576 5549 997 5626 Petruminter
1029 5564 1261 5626 caeteros
1304 5548 1626 5626 formidasse
1652 5567 1813 5626 atque
1856 5572 2010 5615 recur-

422 5633 617 5694 ,sasse,
652 5636 774 5694 eum
800 5622 865 5694 id
895 5621 997 5694 alii
1030 5631 1156 5694 ante
1196 5624 1368 5692 ipsum
1398 5623 1627 5694 libenter
1667 5621 1744 5679 vel
1770 5627 2008 5694 aequani-

446 5689 608 5745 miter
648 5691 755 5748 sibi
790 5690 910 5748 ﬁeri
948 5689 1343 5762 permisissent.
1395 5693 1635 5751 Facilius
1669 5689 1867 5779 quippe
1925 5698 2004 5751 sic

2118 4648 2590 4720 accipiunﬁturiista
2618 4650 2783 4704 verba
2805 4647 3270 4720 Evangelii,_quia
3312 4661 3433 4702 cum
3491 4650 3693 4703 dictum

2117 4717 2303 4784 esset,
2336 4719 2499 4786 (ἱωρίι
2523 4719 2701 4773 lavare
2725 4719 2878 4788 pedes
2914 4717 3317 4788 discipulorum.
3345 4729 3392 4770 et
3432 4729 3699 4788 extergere

2117 4789 2275 4859 linteo
2298 4806 2402 4859 quo
2448 4787 2938 4859 eratiperinctns,
2977 4789 3170 4842 deinde
3197 4787 3539 4859 subiunctum
3576 4787 3689 4859 est,

2130 4858 2277 4914 Venit
2304 4855 2425 4928 ergo
2455 4859 2523 4910 ad
2558 4858 2823 4911 Simonem
2846 4856 3088 4921 Petrum,
3114 4858 3268 4928 quasi
3296 4857 3562 4928 aliquibus
3577 4855 3689 4928 jam

2117 4926 2441 4992 lavisset,'et
2467 4937 2591 4995 post
2617 4943 2710 4984 eos
2748 4929 2986 4981 venisset
3027 4928 3101 4982 ad
3122 4927 3364 4982 Petrum.
3390 4926 3520 4992 Quis
3541 4927 3686 4981 enim

2118 4999 2393 5053 nesciebat
2410 4994 2643 5066 primum
2662 4997 3030 5064 apostolorum
3049 5010 3169 5051 esse
3187 4996 3558 5050 beatissimum
3588 4994 3691 5050 Pe—

2118 5070 2302 5123 trum?
2350 5066 2455 5122 Sed
2491 5082 2594 5121 non
2626 5068 2700 5120 ita
2754 5067 3164 5136 intelligendum
3221 5075 3366 5136 est,”
3391 5067 3537 5134 quod
3570 5076 3692 5133 post

2119 5139 2327 5207 aliquos
2363 5139 2430 5191 ad
2461 5137 2867 5207 illumivenerit,
2899 5134 2992 5192 sed
3026 5135 3170 5207 quod
3202 5134 3270 5188 ab
3296 5134 3403 5188 illis
3433 5135 3683 5207 coeperit.

2116 5204 2344 5275 Quando
2371 5221 2502 5276 ergo
2531 5206 2694 5274 pedes
2716 5207 3104 5276 discipulorum
3132 5204 3314 5258 lavare
3332 5205 3518 5276 carpit,
3544 5204 3693 5276 venit

2114 5274 2185 5331 ad
2212 5293 2334 5332 eum
2365 5292 2394 5331 a
2422 5274 2531 5346 quo
2549 5277 2732 5343 capit,
2757 5276 2811 5329 id
2846 5285 2950 5339 est,
2993 5276 3059 5330 ad
3084 5275 3377 5346 Petrum.)
3405 5274 3691 5346 Ferrarius

2113 5348 2399 5417 Origenem
2416 5341 2518 5400 h'oc
2532 5341 2648 5417 loco
2675 5347 3082 5417 interpretatur,
3097 5343 3249 5412 quasi
3268 5358 3296 5395 a
3313 5341 3453 5417 Juda
3468 5342 3693 5417 incepis-

2111 5432 2168 5470 se
2186 5412 2458 5471 Christum
2474 5414 2774 5483 scripserit.
2792 5414 2903 5471 Hoc
2916 5416 2959 5469 si
2978 5429 3161 5468 verum
3178 5414 3424 5481 est,quud
3441 5412 3493 5465 in
3507 5413 3692 5483 codice

2113 5491 2290 5555 tamen
2326 5485 2491 5555 Regio
2524 5482 2627 5538 non
2668 5494 2969 5553 comparet,
3000 5484 3401 5555 consentientes
3429 5482 3689 5555 habuerit

2115 5554 2380 5625 0rigenes
2396 5552 2836 5625 Chrysostomum
2855 5552 3408 5625 et'l'heopliylactum.
3428 5552 3688 5608 llus'rtvs.

2186 5621 2300 5695 (i0)
2330 5621 2623 5695 Ferrarius,
2644 5626 2773 5695 legit
2804 5624 2913 5678 ἀπὸ
2954 5621 3150 5695 Ἰησοῦ.

2185 5689 2297 5767 (ll)
2329 5693 2563 5771 Legebat
2584 5689 2869 5751 Ferrarius
2901 5689 3137 5767 κᾶν’πρὸ
3170 5689 3357 5753 αὐτοῦ.
