4182 6412
380 320 484 376 739

1825 314 2152 372 ORIGENIS

3540 317 3645 373 760

379 436 616 506 Spiritus
658 443 902 499 SIIICIIIS,
947 435 1226 506 virtusque
1255 451 1320 490 ex
1358 433 1489 501 alto,
1517 450 1615 490 ceu
1656 435 1953 490 vestimen-

2062 434 2152 486 καὶ
2181 435 2214 504 ἡ
2249 432 2324 496 ὡς
2371 432 2573 502 ἔνδυμα
2620 431 2679 496 ἐξ
2705 430 2869 502 ὕψους
2904 432 3148 502 δύναμις.
3204 433 3261 486 '0
3293 432 3391 503 μὲν
3419 429 3512 486 οὖν
3538 435 3645 486 Πέ-

383 537 517 584 tum.
550 530 728 597 Atque
753 527 946 582 Petrus
989 527 1233 595 quidem,
1266 541 1372 580 non
1405 527 1756 582 considerans
1784 527 1952 582 ratio-

380 634 504 673 nem
541 618 839 672 voluntatis
861 615 987 673 Jesu
1013 658 1029 680 ,
1073 619 1164 686 qui
1206 618 1507 686 iucoaperat
1555 617 1740 672 lavare
1795 620 1958 688 pedes

381 708 812 778 discipulorum,
859 717 916 762 et
955 708 1273 776 abstergere
1326 708 1491 763 linteo
1531 723 1638 777 quo
1667 719 1790 762 erat
1820 726 1956 779 pra:-

381 797 616 859 cinctus,
651 795 779 850 dicit
811 795 912 861 illi,
973 815 993 846 ι
1024 796 1274 862 Domine,
1301 806 1356 850 tu
1394 797 1526 851 mihi
1556 797 1703 853 lavas
1733 800 1950 868 pedes?»

382 889 701 954 dubitative,
733 899 788 943 et
842 888 1012 943 veluti
1045 891 1252 959 pudore
1290 889 1442 945 illum
1479 891 1695 947 allicere
1728 891 1911 946 volens
1934 933 1950 959 ,

383 980 487 1034 hoc
515 980 701 1035 dicens
742 996 755 1033 :
780 991 837 1034 at
859 995 987 1037 vero
1016 1001 1034 1033 ι
1065 981 1221 1038 Jesus
1247 984 1542 1052 respondit,
1567 996 1622 1039 et
1651 984 1789 1040 dixit
1816 985 1898 1038 illi
1930 1027 1946 1051 ,

381 1072 536 1139 Quod
598 1089 698 1143 ego
763 1073 923 1138 facio,
1001 1083 1055 1128 tu
1113 1091 1258 1130 nunc
1320 1077 1516 1142 nescis,
1577 1077 1722 1132 scies
1773 1087 1955 1131 autem

385 1174 623 1232 postea,»
657 1167 857 1220 docens
885 1167 1200 1236 mysterium
1231 1167 1332 1222 hoc
1362 1181 1502 1223 esse.
1537 1167 1642 1222 Sed
1679 1168 1806 1237 quid
1839 1178 1960 1222 erat

386 1256 512 1310 illud
538 1257 680 1326 quod
707 1255 944 1311 faciebat
989 1255 1147 1312 Jesus
1181 1257 1412 1313 lavando
1455 1259 1620 1328 pedes
1659 1257 1957 1327 discipulo-

385 1347 547 1400 rum?
595 1348 676 1401 An
706 1348 1036 1415 operabatur
1067 1333 1294 1402 lavando
1355 1349 1597 1417 ipsorum
1652 1351 1846 1417 pedes.
1907 1358 1962 1404 et

386 1437 746 1508 abstergendo
775 1438 945 1494 linteo
976 1453 1086 1509 quo
1121 1448 1239 1493 erat
1268 1441 1591 1510 praecinctus
1613 1481 1628 1506 ,
1657 1442 1804 1511 ipsos
1831 1455 1959 1511 spe-

385 1526 586 1592 ciosos,
616 1543 739 1582 cum
763 1527 1002 1583 futurum
1036 1538 1200 1592 esset.
1234 1539 1293 1583 ut
1336 1531 1567 1598 aposmli
1613 1531 1754 1586 bona
1798 1545 1962 1586 evan-

384 1617 730 1684 gelizarent?
762 1616 897 1672 Nam
924 1619 1143 1688 quando
1177 1619 1309 1673 lavit
1354 1621 1522 1689 pedes
1568 1621 1960 1692 discipulorum

386 1707 566 1773 Jesus,
601 1717 728 1763 tunc
750 1709 943 1777 opinor
980 1709 1110 1764 illud
1147 1711 1459 1780 prophetice
1483 1712 1684 1776 dictum
1723 1713 1789 1767 de
1831 1727 1963 1782 apo-

384 1800 539 1855 stolis
567 1801 682 1856 suis
714 1801 1039 1871 completum
1068 1802 1234 1858 fuisse
1268 1818 1284 1856 :
1316 1823 1334 1854 ι
1363 1803 1536 1870 Quam
1575 1805 1804 1874 speciosi
1831 1816 1959 1878 sunt
1994 1787 2034 1841 Β

386 1897 546 1960 pedes
600 1893 1086 1961 evangelizantium
1123 1897 1260 1949 bona
1302 1897 1418 1938 ⁸⁶-⁸¹
1446 1898 1494 1950 li
1542 1898 1696 1964 Quod
1727 1898 1769 1951 si
1797 1898 1962 1966 pedes

386 1985 775 2054 discipulorum
803 1987 1020 2052 lavans,
1047 1989 1302 2057 pulchros
1332 2005 1426 2046 eos
1446 1990 1595 2056 facit,
1613 1991 1740 2059 quid
1762 1991 1960 2045 dicturi

386 2092 574 2132 sumus
607 2079 917 2148 ingenerari
953 2095 984 2133 a
1015 2095 1142 2134 vera
1177 2081 1612 2150 pulchritudine,
1647 2083 1731 2137 his
1748 2084 1836 2152 qui
1866 2083 1960 2137 toti

386 2177 514 2222 sunt
569 2169 828 2238 haptizati
876 2183 906 2223 a
953 2167 1080 2224 Jesu
1117 2171 1171 2224 in
1222 2170 1427 2240 Spiritu
1468 2181 1657 2226 sancto
1703 2181 1757 2226 et
1808 2172 1964 2240 igni?

387 2254 624 2311 Proinde
671 2256 838 2324 pedes
885 2259 1375 2327 evangelizantium
1413 2258 1553 2314 bona
1602 2259 1812 2329 pulchri
1842 2258 1962 2314 fue-

385 2357 533 2411 rant,
576 2357 634 2402 ut
660 2347 756 2402 loti
791 2357 845 2403 et
877 2349 1121 2404 mundati
1165 2360 1221 2405 et
1267 2351 1500 2406 abstersi
1528 2350 1733 2406 Christi
1791 2351 1964 2405 maui-

385 2438 510 2505 bus,
546 2441 797 2495 incedere
826 2452 1048 2512 possent
1078 2457 1174 2510 per
1201 2455 1445 2498 sanctam
1474 2445 1641 2510 viam,
1673 2455 1835 2515 atque
1863 2447 1965 2501 iter

387 2529 566 2584 facere
596 2544 693 2599 per
721 2529 870 2584 illum
901 2532 992 2601 qui
1017 2532 1156 2586 dixit
1189 2551 1202 2586 :
1232 2534 1375 2604 «Ego
1401 2549 1519 2589 sum
1552 2536 1640 2588 via
1671 2535 1770 2590 υ.»
1805 2535 1963 2592 Solus

388 2619 556 2687 enim,
588 2628 643 2674 et
674 2621 854 2676 omnis
908 2623 1066 2691 cujus
1113 2625 1278 2693 pedes
1335 2625 1530 2680 laverit
1565 2624 1723 2682 Iesus
1751 2667 1767 2693 ,
1820 2628 1961 2681 viam

388 2711 727 2777 perambulat
773 2712 915 2767 hanc
961 2714 1230 2770 viventem
1279 2726 1333 2770 et
1391 2720 1458 2770 ad
1511 2717 1726 2772 Patrem
1760 2721 1964 2775 ducen-

390 2811 537 2866 tem;
571 2819 672 2858 nec
695 2804 838 2874 capit
867 2805 982 2860 haec
1025 2807 1110 2862 via
1147 2809 1313 2875 pedes
1362 2811 1676 2879 inquinatos
1711 2821 1767 2866 et
1797 2813 1963 2882 pedes

388 2893 482 2961 qui
517 2895 753 2949 nondum
779 2906 907 2949 sunt
933 2899 1140 2954 mundi.
1180 2899 1355 2967 Atque
1386 2899 1563 2955 Moses
1590 2901 1805 2969 quidem
1827 2917 1962 2972 opus

392 2984 632 3042 habebat
677 2988 889 3043 solvere
943 2991 1370 3046 calceameutum
1422 3009 1487 3047 ex
1541 2993 1765 3062 pedibus
1820 2995 1958 3059 suis,

389 3077 645 3142 quoniam
699 3079 746 3133 is
781 3081 936 3134 locus
969 3082 1035 3135 ad
1064 3095 1226 3150 quem
1273 3096 1597 3151 pervenerat
1622 3127 1638 3152 ,
1683 3096 1735 3139 et
1765 3087 1817 3141 in
1854 3103 1961 3155 quo

391 3169 604 3236 stabat,
673 3177 819 3225 terra
877 3182 1062 3227 sancta
1123 3183 1244 3228 erat
1267 3175 1354 3240 εις
1409 3176 1656 3232 similiter
1699 3188 1753 3232 et
1803 3177 1962 3233 .lesus

392 3258 539 3314 Nave
578 3260 718 3317 filius
749 3262 814 3317 ⁸³.
853 3264 922 3318 At
954 3280 1086 3321 vero
1113 3265 1238 3320 Iesu
1262 3267 1539 3336 discipulis
1567 3310 1582 3333 ,
1619 3280 1676 3324 ut
1704 3286 1798 3340 per
1824 3271 1966 3325 hanc

393 3350 662 3406 viventem
712 3356 1116 3425 animatamque
1169 3357 1312 3411 viam
1365 3359 1777 3427 perambuleut,
1857 3376 1962 3414 non

393 3442 566 3497 solum
607 3444 741 3500 satis
769 3455 846 3500 est
882 3445 934 3499 in
961 3447 1045 3500 via
1074 3448 1289 3504 calceos
1311 3463 1420 3502 non
1450 3450 1674 3518 habere,
1707 3467 1830 3506 cum
1863 3453 1966 3507 hoc

393 3535 548 3591 Iesus
576 3535 856 3605 discipulis
883 3537 999 3592 suis
1023 3541 1348 3609 praeceperit
1400 3540 1489 3606 ⁸⁵;
1544 3543 1638 3596 sed
1695 3544 1760 3596 ad
1827 3545 1966 3600 hanc

395 3627 562 3697 ipsam
613 3627 757 3682 viam
834 3628 1232 3684 conficiendam
1295 3647 1430 3702 opus
1474 3633 1640 3688 etiam
1696 3634 1964 3688 habebant

397 3718 562 3773 lavari
594 3733 624 3771 a
657 3717 810 3782 Jesu,
843 3721 933 3790 qui
959 3722 1208 3791 deposuit
1249 3725 1595 3789 vestimenta,
1632 3725 1878 3781 fortassis
1908 3735 1967 3782 ut

399 3805 626 3860 mundos
653 3804 818 3876 416
841 3806 1054 3862 ilior-um
1081 3813 1246 3879 pedes
1271 3812 1627 3878 exsistentes,
1651 3816 1966 3872 mundiores

395 3894 639 3950 faceret:
673 3897 923 3953 fortassis
946 3900 1130 3966 etiam,
1163 3911 1220 3956 ut
1256 3904 1679 3972 immunditiam,
1715 3923 1878 3977 quam
1907 3909 1963 3964 in

394 3985 618 4052 pedibus
640 3988 753 4044 suis
780 3988 1048 4046 habebant
1069 3992 1339 4064 discipuli,
1365 3996 1418 4050 in
1442 4012 1597 4052 suum
1629 4001 1796 4067 ipsius
1825 4001 1967 4056 reci-

396 4088 547 4146 peret
585 4095 802 4151 corpus,
835 4083 1112 4140 mediante
1144 4085 1313 4141 linteo
1341 4103 1406 4143 eo
1433 4105 1542 4158 quo
1566 4092 1684 4147 solo
1731 4095 1966 4162 praacin-

2055 545 2205 600 τρος,
2237 525 2312 596 μὴ
2360 524 2580 595 θεωρῶν
2609 524 2697 578 τὸν
2733 523 2889 591 λόγον
2933 524 3027 576 τοῦ
3078 523 3416 594 βουλήματος
3467 524 3643 595 Ἰησοῦ

2055 617 2363 688 ἀρξαμένου
2381 616 2589 669 νίπτειν
2615 615 2740 679 τοὺς
2771 614 2937 677 πόδας
2975 613 3083 668 τῶν
3117 613 3394 684 μαθητῶν,
3423 613 3518 666 καὶ
3551 617 3645 667 ὲκ-

2061 710 2288 780 μάσσειν
2328 709 2407 778 τῷ
2453 708 2665 778 λεντίῳ,
2703 701 2748 775 ᾧ
2773 702 2842 777 ἦν
2874 705 3252 776 διεζωσμένος,
3282 705 3429 774 λέγει
3470 707 3641 777 αὐτῷ,

2063 818 2081 850 ι
2111 799 2304 869 Κύριε,
2341 800 2404 852 σύ
2427 818 2528 869 μου
2554 799 2767 861 νίπτεις
2789 799 2914 859 τοὺς
2947 796 3147 860 πόδας;
3181 815 3200 848 ι
3224 796 3646 866 ὲπαπορητικῶς

2057 890 2152 942 καὶ
2181 887 2572 959 δυσωπητικῶς
2591 885 2749 940 τοῦτο
2779 885 3021 955 φάσκων·
3049 886 3076 936 6
3095 885 3152 938 δὲ
3193 885 3398 956 Ἰησοῦς
3418 886 3647 956 ἀπεκρί-

2058 981 2147 1051 θη,
2183 980 2275 1033 καὶ
2305 975 2456 1033 εἷπεν
2489 979 2658 1050 αὐτῷ,
2701 978 2990 1043 διδάσκων,
3031 977 3112 1030 ὅτι
3154 979 3450 1048 μυστήριον
3486 977 3646 1030 τοῦτο

2057 1067 2146 1142 ἦν,
2172 1071 2252 1124 τό·
2293 1090 2310 1121 ι
2355 1074 2420 1124 "O
2452 1071 2564 1140 ἐγὼ
2591 1071 2748 1135 ποιῶ,
2785 1071 2849 1122 σὺ
2890 1070 2992 1122 οὐκ
3022 1063 3168 1132 οἶδας
3201 1070 3343 1140 ἄρτι·
3383 1069 3566 1142 γνώσῃ
3587 1069 3646 1123 δὲ

2062 1159 2199 1229 μετά
2223 1158 2414 1214 ταῦτα.
2467 1179 2487 1212 ι
2525 1159 2588 1212 Τί
2620 1159 2676 1212 δὲ
2708 1155 2775 1231 ἦν
2801 1159 2830 1212 ὃ
2871 1158 3046 1211 ἐποίει
3082 1158 3282 1211 νίπτων
3321 1160 3446 1222 τοὺς
3481 1159 3646 1224 πόδας

2058 1248 2166 1301 τῶν
2201 1249 2459 1320 μαθητῶν
2483 1250 2511 1302 6
2553 1249 2790 1319 Ἰησοῦς;
2824 1250 2895 1301 Ἦ
2916 1250 3199 1321 εἰργάζετο
3223 1249 3310 1302 διά
3328 1250 3421 1303 τοῦ
3437 1251 3647 1304 νίπτειν

2059 1338 2240 1392 αὐτῶν
2273 1340 2398 1402 τοὺς
2433 1338 2621 1404 πόδας,
2666 1341 2760 1393 καὶ
2802 1338 3104 1410 ἐκμάσσειν
3151 1337 3230 1408 τῷ
3256 1339 3449 1411 λεντίῳ
3479 1334 3525 1409 ᾧ
3579 1337 3647 1412 ἦν

2059 1430 2440 1501 διεζωσμένος,
2469 1429 2702 1503 ὡραίους
2722 1431 2942 1495 αὐτοὺς,
2971 1431 3269 1500 μελλόντων
3287 1431 3466 1484 αὐτῶν
3492 1433 3650 1500 εὐαγ-

2061 1522 2379 1590 γελίσασθαι
2405 1522 2472 1575 τά
2501 1521 2716 1592 ἀγαθά;
2749 1523 2878 1576 Ὅτε
2914 1521 3024 1592 γὰρ
3043 1521 3192 1591 ένιψε
3207 1523 3331 1584 τοὺς
3358 1523 3524 1587 πόδας
3539 1525 3648 1577 τῶν

2065 1613 2324 1684 μαθητῶν
2355 1616 2384 1666 6
2431 1612 2656 1686 Ἰησοῦς,
2689 1613 2831 1678 τότε,
2863 1611 3036 1684 οἶμαι,
3057 1613 3410 1687 πεπλήρωται
3437 1616 3498 1668 τὸ
3521 1617 3650 1687 περὶ

2063 1705 2174 1758 τῶν
2223 1705 2536 1758 ἀποστόλων
2565 1703 2734 1758 αύτοῦ
2771 1705 3123 1776 προφητικῶς
3152 1707 3462 1778 εἰρημένον·
3504 1725 3523 1757 ι
3564 1708 3650 1771 Ὡς

2062 1795 2253 1867 ὡραῖοι
2293 1799 2341 1850 οἱ
2388 1796 2547 1859 πόδες
2579 1795 2689 1848 τῶν
2727 1795 3232 1866 εὐαγγελιζομένων
3275 1796 3342 1850 τά
3371 1795 3584 1864 ἀγαθάί
3626 1816 3645 1847 ι

2064 1886 2128 1938 El.
2161 1885 2217 1938 δὲ
2250 1885 2418 1949 πόδας
2463 1883 2720 1956 μαθητῶν
2751 1884 2954 1938 νίπτων
2979 1885 3216 1956 ὡραίους
3242 1886 3440 1950 αὐτοὺς
3485 1891 3648 1953 ποιεῖ,

2063 1977 2115 2030 τί
2144 1980 2387 2049 φήσομεν
2418 1977 2526 2031 ἀπὸ
2551 1977 2644 2030 τοῦ
2665 1975 2919 2048 ἀληθινοῦ
2949 1978 3174 2042 κάλλους
3202 1977 3510 2047 ἐγγίνεσθαι
3539 1983 3651 2044 τοῖς

2064 2068 2171 2121 ὑπὸ
2231 2066 2404 2138 Ἰησοῦ
2436 2067 2862 2138 βαπτισαμένοις
2900 2069 3043 2133 ὅλοις
3099 2072 3158 2123 ὲν
3191 2069 3474 2142 Πνεύματι
3509 2071 3651 2143 ἁγίῳ

2065 2159 2159 2214 καὶ
2185 2160 2349 2232 πυρί;
2389 2159 2592 2231 Ὠραῖοι
2615 2159 2672 2212 δὲ
2702 2161 2753 2212 οί
2781 2160 2940 2224 πόδες
2960 2162 3210 2229 ἐγένοντο
3228 2163 3335 2216 τῶν
3367 2165 3650 2234 εὐαγγελι-

2064 2252 2306 2322 ζομένων
2325 2251 2394 2305 τά
2411 2249 2614 2319 ἀγαθὰ,
2642 2251 2748 2312 ἵνα,
2783 2251 3088 2322 νιψάμενοι,
3121 2254 3216 2306 καὶ
3254 2254 3649 2327 καθηράμενοι,

2064 2344 2158 2396 καὶ
2198 2341 2570 2412 ἐκμαξάμενοι
2595 2341 2702 2395 ἀπὺ
2728 2340 2839 2395 τῶν
2861 2340 3100 2414 Χριστοῦ
3137 2343 3355 2414 χειρῶν,
3392 2345 3650 2415 ἐπιϐῆναι

2062 2433 2331 2505 δυνηθῶσι
2361 2434 2462 2504 τῆς
2486 2433 2646 2501 ἁγίας
2673 2433 2817 2499 ὁδοῦ,
2843 2435 2938 2487 καὶ
2965 2434 3168 2488 ὁδεύειν
3197 2435 3290 2488 τὸν
3304 2435 3526 2490 εἰπόντα
3539 2436 3650 2507 (12)

2063 2527 2143 2579 τό·
2179 2543 2198 2576 ι
2250 2525 2391 2593 Ἐγώ
2421 2525 2534 2595 είμι
2561 2525 2596 2596 ἠ
2623 2523 2760 2588 όδός·
2803 2543 2822 2576 ι
2859 2525 3016 2595 μόνος
3041 2525 3149 2598 γὰρ
3180 2528 3276 2580 καὶ
3303 2529 3413 2591 πᾶς
3434 2529 3462 2582 6
3487 2526 3646 2596 νιψά-

2066 2633 2226 2686 μενος
2259 2619 2382 2679 τοὺς
2406 2616 2574 2680 πόδας
2606 2616 2715 2669 ἀπὸ
2737 2614 2832 2669 τοῦ
2879 2617 3051 2688 Ἰησοῦ
3076 2617 3246 2670 ὁδεύει
3269 2619 3366 2688 τὴν
3385 2618 3504 2672 ὁδὸν
3521 2617 3652 2674 ταύ-

2062 2727 2162 2780 την
2194 2710 2291 2780 τὴν
2326 2707 2527 2773 ζῶσαν,
2563 2712 2658 2763 καὶ
2692 2710 2964 2781 φέρουσαν
3000 2709 3136 2782 πρὸς
3167 2710 3260 2763 τὸν
3284 2711 3522 2783 Πατέρα·
3558 2713 3651 2765 καὶ

2062 2801 2122 2853 ού
2157 2803 2327 2872 χωρεῖ
2348 2803 2382 2872 ἡ
2410 2802 2526 2865 ὁδὸς
2555 2802 2694 2872 αῦτη
2716 2801 2880 2864 πόδας
2921 2797 3383 2872 μεμὸλυσμένους,
3411 2805 3504 2856 καὶ
3527 2805 3652 2866 τοὺς

2063 2893 2142 2946 ἔτι
2179 2895 2253 2964 μὴ
2309 2893 2602 2966 καθαρούς.
2646 2893 2853 2964 Μωσῆς
2888 2894 2987 2964 μὲν
3039 2890 3132 2948 οῦν
3170 2895 3339 2949 ἐδεῖτο
3377 2896 3650 2950 ὑπολύσα-

2066 2985 2189 3039 σθαι
2214 2985 2274 3038 τὸ
2305 2987 2556 3057 ὑπόδημα
2594 2988 2702 3040 άπὸ
2728 2988 2835 3042 τῶν
2865 2988 3041 3042 ποδῶν
3083 2987 3271 3052 αὑτοῦ,
3302 2989 3533 3060 ἐπείπερ
3566 2990 3650 3058 ἐφ’

2063 3077 2121 3130 δν
2150 3077 2374 3145 ἐφθάκει
2410 3078 2572 3131 τόπον
2603 3079 2660 3131 ἐν
2753 3081 3015 3152 εἱστήκει,
3044 3082 3113 3151 γῆ
3151 3082 3284 3149 ἁγία
3325 3077 3414 3151 ἦν·
3452 3081 3651 3151 ὁμοίως

2067 3169 2122 3221 δὲ
2153 3171 2182 3223 6
2207 3168 2299 3222 τοῦ
2325 3169 2480 3240 Ναυῆ
2526 3170 2752 3241 Ἰησοῦς.
2777 3173 2839 3225 Οἱ
2864 3172 2919 3225 δὲ
2952 3173 3188 3243 μαθηταὶ
3207 3171 3299 3224 τοῦ
3338 3171 3534 3242 Ἰησοῦ,
3565 3173 3654 3225 ἵνα

2065 3260 2323 3314 όδεύσωσι
2346 3261 2444 3332 τὴν
2470 3261 2650 3326 ζῶσαν
2676 3264 2768 3316 καὶ
2809 3262 3048 3333 ἔμψυχον
3085 3263 3221 3327 666v,
3265 3263 3324 3315 ού
3363 3261 3522 3333 μόνον
3551 3263 3652 3334 ἀρ-

2066 3353 2287 3406 κοῦνται
2317 3353 2394 3424 τῷ
2423 3352 2496 3424 μὴ
2518 3353 2661 3424 ἔχειν
2689 3355 3014 3426 ὑποδήματα
3042 3355 3183 3408 κατὰ
3209 3354 3304 3427 τὴν
3327 3355 3466 3419 666v,
3494 3355 3652 3408 τοῦτο

2065 3447 2180 3508 τοῖς
2206 3445 2522 3509 ἀποστόλοις
2545 3446 2709 3499 αὑτοῦ
2737 3446 3118 3516 ἐντειλαμένου
3151 3446 3244 3499 τοῦ
3289 3446 3483 3518 Ἰησοῦ·
3518 3447 3656 3500 ἀλλά

2066 3535 2176 3608 γάρ
2203 3537 2305 3589 έδει
2338 3537 2473 3608 πρὸς
2505 3539 2565 3591 τὸ
2593 3539 2804 3591 ὣεῦσαι
2833 3538 2929 3609 τὴν
2952 3539 3072 3592 ὁδὸν
3105 3539 3308 3610 ταύτην
3349 3541 3532 3602 αὐτοῖς
3560 3540 3654 3593 καὶ

2065 3629 2127 3681 τὸ
2151 3627 2403 3698 νίψασθαι
2439 3630 2547 3682 ἀπὸ
2586 3631 2680 3682 τοῦ
2733 3631 2906 3702 Ἰησοῦ
2959 3631 3298 3702 ἀποθεμένου
3335 3631 3405 3684 τά
3440 3633 3648 3703 ἱμάτια·

2066 3718 2206 3790 τάχα
2236 3721 2332 3790 μὲν
2359 3721 2446 3775 ἵνα
2477 3721 2751 3792 καθαροὺς
2780 3722 2979 3785 αὐτοὺς
3003 3722 3116 3793 (I3)
3148 3723 3274 3784 τοὺς
3302 3723 3469 3785 πόδας
3497 3722 3655 3792 ποιή-

2069 3827 2138 3884 σῃ
2167 3812 2602 3886 καθαρωτέρους·
2639 3813 2780 3884 τάχα
2811 3813 2869 3866 δὲ
2905 3813 2991 3866 ἵνα
3021 3811 3112 3867 τὸν
3153 3815 3212 3865 ἐν
3245 3817 3358 3876 τοῖς
3387 3815 3514 3866 ποσὶ¹
3545 3813 3653 3866 τῶν

2070 3902 2327 3974 μαθητῶν
2365 3904 2534 3976 ῥύπον
2563 3903 2810 3977 ἀναλάϐῃ
2829 3905 2909 3968 εἰς
2944 3905 3007 3958 τὸ
3025 3904 3219 3958 ἑαυτοῦ
3252 3905 3411 3976 σῶμα
3444 3905 3531 3959 διὰ
3559 3903 3653 3958 τοῦ

2066 3996 2297 4062 λεντίου,
2324 3989 2368 4066 ᾧ
2411 3995 2560 4068 μόνῳ
2593 3995 3033 4068 περιεζωσμένος
3071 3992 3158 4068 ἦν·
3211 3996 3372 4060 αὐτὸς
3404 3996 3515 4069 γὰρ
3555 3996 3652 4060 τάς

2067 4086 2349 4152 ἀσθενείας
2379 4089 2412 4158 ἡ
2422 4088 2536 4158 μῶν
2558 4090 2733 4160 φέρει.
2765 4091 2908 4160 Ὅρα
2929 4088 3060 4160 γὰρ,
3083 4089 3188 4152 δτι,
3209 4088 3418 4159 μέλλων
3446 4089 3652 4142 νίπτειν

393 4183 512 4226 cltls
539 4173 813 4230 erat:fert
840 4175 954 4245 ipse
992 4192 1226 4248 namque
1267 4181 1612 4239 inﬁrmitates
1649 4197 1867 4242 nostras
1894 4189 1961 4242 ⁸⁸.

2067 4181 2192 4243 τοὺς
2219 4180 2382 4245 πόδας
2421 4181 2530 4233 τῶν
2564 4180 2843 4251 μαθητῶν,
2861 4181 2962 4234 ούκ
2989 4180 3146 4235 ἄλλον
3180 4181 3370 4252 καιρὸν
3398 4181 3655 4247 ἐπελέξα-

399 4264 534 4318 Vide
563 4264 727 4334 igitur
749 4269 892 4336 quod
919 4269 1201 4324 lavaturus
1237 4272 1401 4340 pedes
1427 4275 1816 4344 discipulorum
1844 4278 1963 4330 nul-

2066 4289 2147 4338 το,
2171 4272 2202 4344 ἢ
2229 4273 2318 4326 ὅτε
2355 4275 2383 4326 6
2401 4272 2641 4336 διάϐολος
2655 4273 2752 4344 ἤδη
2789 4272 3040 4344 βεϐλήκει
3063 4274 3143 4336 είς
3163 4273 3262 4343 τὴν
3291 4273 3535 4343 καρδίαν,
3566 4274 3654 4328 ἵνα

394 4351 504 4406 lum
538 4353 680 4408 aliud
705 4365 914 4424 tempus
944 4357 1196 4428 elegerit,
1221 4361 1324 4416 nisi
1348 4365 1692 4433 quandojam
1721 4366 1963 4422 diabolus

2069 4363 2296 4434 παραδῷ
2334 4365 2497 4418 αὐτὸν
2533 4364 2732 4427 Ἰούδας
2785 4364 3028 4434 Σίμωνος
3075 4363 3450 4435 Ἰσκαριώτης,
3492 4366 3583 4418 καὶ
3619 4368 3651 4436 ἡ

394 4445 714 4502 immisisset
746 4451 800 4502 in
829 4464 926 4504 cor
964 4450 1204 4507 Simonis
1231 4452 1382 4509 Iuda:
1413 4453 1688 4513 lscariotis
1729 4468 1788 4512 ut
1839 4473 1963 4528 pro-

2069 4453 2211 4524 ὑπὲρ
2233 4452 2536 4524 ἀνθρώπων
2564 4453 2756 4524 ἔμελλε
2789 4453 3033 4521 γίνεσθαι
3074 4453 3376 4524 οἰκονομία·
3407 4456 3512 4526 πρὸ
3544 4455 3652 4527 γάρ

395 4537 548 4592 deret
569 4551 713 4602 eum,
745 4549 800 4594 et
830 4543 1049 4611 quando
1078 4543 1324 4599 facienda
1370 4560 1489 4602 erat
1531 4565 1630 4617 pro
1658 4552 1963 4609 hominibus

2063 4542 2254 4597 τούτου
2283 4544 2537 4618 εὔκαιρον
2571 4546 2671 4598 οὐκ
2701 4541 2770 4616 ἧν
2797 4545 3056 4614 νίψασθαι
3075 4548 3201 4611 τοὺς
3237 4546 3402 4610 πόδας
3433 4545 3538 4599 ὑπὸ
3559 4547 3652 4599 τοῦ

395 4629 696 4687 usconomia
730 4649 743 4684 :
777 4642 910 4688 ante
932 4636 1071 4690 hanc
1096 4638 1295 4692 etenim
1325 4653 1431 4694 non
1468 4651 1824 4710 opportunum
1851 4651 1963 4699 erat

2077 4635 2250 4706 Ἰησοῦ
2277 4637 2403 4700 τοὺς
2447 4636 2713 4708 μαθητάς·
2746 4638 2832 4700 τίς
2859 4637 2967 4708 γάρ
3005 4637 3071 4690 ἂν
3114 4639 3206 4691 τὸν
3254 4642 3311 4691 ὲν
3343 4637 3420 4708 τῷ
3453 4637 3654 4708 μεταξὺ

396 4722 694 4793 discipulos
723 4724 929 4780 habere
984 4727 1152 4795 pedes
1202 4742 1232 4781 a
1284 4727 1638 4802 Jequotos:
1673 4735 1794 4803 quis
1824 4734 1963 4790 enim

2063 4724 2168 4789 ἕως
2193 4725 2287 4779 τοῦ
2323 4727 2525 4790 πάθους
2557 4727 2725 4798 ῥύπον
2744 4726 2851 4780 τῶν
2871 4727 3048 4780 ποδῶν
3073 4727 3254 4780 αυτῶν
3280 4728 3540 4797 ἀπένιψεν
3555 4729 3650 4792 av;

396 4821 603 4870 loturus
627 4812 807 4870 fuerat
838 4817 1032 4885 pedum
1061 4817 1276 4873 illorum
1307 4822 1494 4874 sordes
1532 4822 1670 4876 intra
1697 4825 1797 4878 hoc
1829 4833 1962 4878 tem-

2069 4818 2210 4872 Ἀλλ’
2238 4821 2361 4874 οὐδὲ
2402 4823 2460 4874 ὲν
2494 4820 2570 4891 τῷ
2604 4817 2779 4891 καιρῷ
2810 4819 2906 4872 τοῦ
2955 4819 3178 4882 πάθους·
3218 4820 3374 4884 ἄλλος
3417 4819 3524 4890 γὰρ
3549 4819 3656 4890 Ἰη-

396 4918 493 4974 pus
541 4919 712 4974 usque
741 4906 808 4959 ad
837 4905 1142 4975 passionem
1167 4907 1191 4960 ?
1237 4909 1343 4965 Sed
1372 4926 1440 4966 ne
1467 4923 1709 4982 tempore
1742 4914 1960 4982 quidem

2070 4911 2195 4976 σοῦς
2225 4912 2326 4964 ούκ
2353 4907 2421 4981 ἦν
2465 4913 2494 4964 ὁ
2525 4913 2726 4963 νίπτων
2767 4909 2944 4964 αὐτῶν
2974 4912 3098 4975 τοὺς
3123 4910 3310 4975 πόδας.
3357 4910 3494 4964 Ἀλλ’
3534 4910 3656 4964 οὐδὲ

397 4997 667 5065 passionis
695 5011 710 5050 :
737 5011 913 5066 neque
939 4998 1085 5052 enim
1115 4999 1252 5055 alius
1281 5013 1400 5056 erat
1424 5001 1586 5060 Jesus
1611 5007 1702 5075 qui
1743 5006 1962 5060 illorum

2073 5003 2210 5074 μετά
2243 5003 2340 5074 τὴν
2373 5002 2702 5073 οἰκονομίαν·
2744 5001 2846 5072 ήδη
2870 5001 2978 5074 γάρ
3013 5001 3132 5074 ὥρα
3170 5002 3262 5055 τοῦ
3298 5003 3453 5070 ἁγίου
3487 5000 3658 5054 Πνεύ-

397 5097 603 5144 Iavaret
621 5089 806 5158 pedes.
841 5091 919 5143 Ac
946 5105 1016 5145 ne
1047 5101 1169 5161 post
1192 5097 1550 5150 oeconomiam
1583 5097 1800 5165 quidem
1826 5099 1963 5167 :jam

2074 5111 2242 5165 ματος
2295 5092 2730 5166 ἐπιδημήσαντος
2775 5097 2888 5157 τοῖς
2931 5093 3200 5165 μαθηταῖς
3240 5091 3306 5166 ἦν
3343 5094 3657 5164 γενομένοις

397 5182 538 5236 enim
566 5181 756 5236 aderat
791 5183 920 5236 hora
948 5181 1188 5252 Spiritus
1210 5189 1382 5243 sancti
1421 5187 1486 5241 ad
1511 5189 1807 5257 discipulos
1838 5205 1963 5243 ven-

2071 5188 2331 5258 καθαροίς
2355 5187 2448 5241 καὶ
2476 5187 2787 5258 νιψαμένοις
2817 5188 2943 5251 τοὺς
2975 5186 3162 5252 πόδας,
3191 5187 3283 5239 καὶ
3305 5187 3406 5257 ἤδη
3442 5185 3656 5256 ἔχουσιν

398 5273 500 5327 turi
551 5273 661 5342 jam
718 5271 897 5327 factos
945 5273 1199 5343 mundos,
1230 5289 1283 5334 et
1311 5279 1452 5334 lotos
1486 5280 1751 5335 habentes
1777 5282 1962 5349 pedes,

2073 5279 2319 5349 ἑτοίμους
2349 5277 2544 5340 αὐτοὺς
2571 5277 2666 5331 καὶ
2693 5276 2927 5347 ὡραίους
2963 5276 3098 5347 πρὸς
3118 5277 3177 5328 τὸ
3205 5279 3260 5328 ὲν
3287 5274 3362 5345 τῷ
3379 5273 3656 5346 Πνεύματι

463 5389 576 5421 ’σου
617 5390 716 5444 lsa.
746 5406 842 5457 LII,
872 5390 925 5444 7.
1001 5391 1048 5424 ⁸¹
1075 5395 1231 5452 Joan.
1258 5414 1372 5463 xw,
1423 5399 1476 5453 6.
1559 5399 1604 5430 ⁸³
1633 5398 1808 5454 Εκοάο
1851 5415 1934 5466 1η,

399 5460 584 5516 Matth.
615 5477 730 5516 vm.
753 5461 841 5515 17.

2103 5399 2147 5430 ⁸¹⁵
2173 5397 2339 5454 Josue
2379 5413 2431 5463 v,
2475 5395 2562 5451 i6.
2638 5393 2684 5426 ⁸⁵
2713 5393 2905 5449 Matth.
2941 5411 2996 5457 ιι,
3033 5393 3119 5452 I0.
3194 5392 3240 5424 ⁸⁸
3273 5392 3376 5447 lsa.
3427 5407 3546 5457 LIII,
3585 5388 3653 5455 4;

399 5477 584 5516 Mallﬂ.
615 5477 730 5528 VIII,
753 5477 778 5514 ’I
796 5477 841 5515 Ι.

467 5579 580 5646 (12)
620 5579 876 5635 Ὀδεύειν
901 5582 1007 5635 τὸν
1035 5581 1303 5657 ειπόντα.
1347 5579 1608 5657 Origenes
1647 5578 1871 5657 Ρναίίαι.
1919 5580 1963 5657 iu

2083 5583 2268 5638 πόντα·
2323 5584 2462 5652 Ἐγώ
2491 5587 2604 5657 εἰμι
2631 5589 2662 5657 ἡ
2692 5586 2831 5650 ὁδὸς,
2862 5587 3122 5657 κήρυγμα
3141 5584 3359 5656 νοήσας.

399 5649 681 5727 ξΙυαιιιιριζι,
718 5660 847 5727 tom.
882 5669 896 5704 ι
941 5653 1182 5727 przelixa,
1219 5665 1367 5727 nunt.
1405 5649 1612 5727 1031.6
1638 5650 1832 5727 ὡραῖον
1881 5650 1963 5727 καὶ

2154 5657 2266 5727 (15)
2301 5649 2558 5721 Αὐτούςξ
2585 5649 2949 5713 δυἰῆυυιιαιιιῆ
2984 5649 3182 5710 αῦτῶν.

396 5720 451 5771 ἰν
478 5719 652 5789 καιρῴ
681 5719 960 5790 γινόμενον
986 5721 1092 5778 τῶν
1123 5720 1433 5776 ἀποστόλων
1464 5719 1752 5776 ὁδευόντων
1782 5721 1869 5774 τὸν
1900 5723 1973 5774 εί-
