4182 6414
427 358 528 413 761

1417 346 1773 405 COMMENI.
1811 343 1876 401 IN
1913 341 2104 400 JOAN.
2143 339 2385 398 TOMUS
2429 339 2642 398 XXXII;

3595 334 3697 390 762

425 466 868 538 εὐαγγελίζεσθαι
905 463 971 518 τὰ
1000 463 1198 533 ἀγαθά.
1235 462 1485 517 Τοιοῦτον
1507 461 1600 516 οῦν
1627 465 1742 515 ἐστι
1768 461 1846 514 τό·
1881 480 1899 512 ι
1948 463 1996 514 "(

2117 473 2322 527 eosque
2356 465 2638 524 promptos
2688 461 2742 507 et
2790 453 3046 524 pulchros
3101 452 3167 507 ad
3216 451 3694 523 evangelizandum

426 559 537 631 ἐγὼ
567 560 724 624 ποιῶ,
761 558 826 611 σύ
850 559 951 611 οὐκ
981 554 1128 619 οἶδας
1161 557 1304 628 ἄρτι·
1322 554 1507 628 γνώσῃ
1528 556 1582 608 δὲ
1611 555 1747 626 μετὰ
1775 553 2002 608 ταῦτα’»

433 651 698 723 σύμϐολόν
731 653 845 703 ἐστι
877 650 936 703 τὸ
950 649 1206 718 νίψασθαι
1232 648 1386 719 ὐμῶν
1412 648 1536 710 τοὺς
1559 646 1724 709 πόδας
1741 647 1828 699 ὐπ’
1853 645 2008 712 ἐμοῦ,

423 744 519 797 τοῦ
553 741 892 814 καθαρθῆναι
913 741 1013 804 τὰς
1045 740 1227 810 βάσεις
1255 739 1364 793 τῶν
1393 738 1577 810 ψυχῶν
1603 737 1778 808 ὑμῶν,
1803 737 1888 789 ἵνα
1911 736 2008 804 γέ-

421 854 618 889 νωνται
651 836 864 907 ὡραῖοι,
916 833 1216 905 μελλόντων
1250 833 1404 902 ὐμῶν
1442 829 1890 900 εὐαγγελίζεσθαι
1941 827 2010 882 τὰ

421 927 618 996 ἀγαθὰ.
657 926 754 982 καὶ
778 927 1040 998 καθαροῖς
1079 928 1191 989 τοῖς
1215 927 1372 979 ποσὶν
1401 921 1701 978 ἐπιϐαίνειν
1731 923 1853 984 ταῖς
1899 919 2008 972 τῶν

421 1019 724 1092 ἀνθρώπων
746 1019 964 1090 ψυχαῖς.
1001 1017 1172 1071 Τοῦτο
1198 1017 1255 1071 δὲ
1281 1017 1340 1070 τὸ
1363 1017 1660 1088 μυστήριον
1688 1015 1751 1068 σὺ
1785 1013 1879 1067 νῦν
1909 1013 2008 1083 μὲν

418 1112 520 1164 οὐκ
547 1108 714 1176 οἶδας,
745 1110 840 1164 ἆτε
871 1110 1096 1182 μηδέπω
1126 1108 1318 1181 χωρῶν
1361 1107 1458 1179 τὴν
1484 1106 1686 1177 γνῶσιν
1719 1103 1882 1159 αὐτοῦ
1913 1105 1999 1156 εὐ-

419 1203 737 1276 καιρότερον
787 1203 1056 1275 ἐσομένην
1086 1205 1144 1255 ἐν
1181 1202 1284 1266 σοὶ,
1321 1201 1460 1255 ἐπὰν
1507 1200 1637 1273 νίψῃ
1676 1202 1804 1263 τοὺς
1842 1200 2007 1263 πόδας

417 1296 512 1348 ἀπ’
546 1293 701 1366 ἐμοῦ·
740 1294 876 1366 μετὰ
912 1295 969 1348 δὲ
999 1293 1170 1348 ταῦτα
1196 1293 1383 1364 γνώσῃ
1437 1294 1496 1346 ἐν
1526 1291 1604 1363 τῷ
1626 1292 1800 1360 τούτῳ
1835 1293 2008 1345 συνιέ-

415 1403 525 1450 ναι,
563 1387 935 1456 φωτιςόμενος
972 1388 1040 1456 τῇ
1096 1386 1225 1457 περὶ
1258 1387 1357 1438 οὐκ
1389 1385 1868 1455 εὐκαταφρονήτου
1909 1384 2005 1438 καὶ

419 1475 649 1547 βραχέος
689 1478 832 1541 τινὸς
873 1477 1090 1546 γνώσει.
1127 1476 1312 1530 Ταῦτα
1340 1477 1397 1530 δὲ
1424 1477 1672 1546 λέγοντος
1700 1476 1778 1548 τῷ
1811 1477 2004 1549 Πέτρῳ

414 1565 508 1620 τοῦ
545 1567 741 1638 Ἰησοῦ,
767 1571 796 1622 6
815 1567 1058 1639 μαθητὴς
1074 1568 1426 1641 ἀποκρίνεται
1452 1569 1553 1622 οὐκ
1574 1567 2004 1639 ἐπιστημονικὴν

415 1660 724 1732 ἀπόκρισιν,
757 1660 899 1733 πλὴν
921 1662 1224 1731 φαντασίαν
1239 1661 1733 1728 ἐξαποστέλλουσαν
1753 1661 1844 1715 τοῦ
1866 1662 2003 1734 πρὸς

413 1753 505 1806 τὸν
550 1752 756 1825 Ἰησοῦν
772 1753 1063 1824 τιμητικοῦ
1086 1754 1180 1807 καὶ
1212 1754 1508 1824 σεϐασμίου
1529 1795 1544 1820 ,
1580 1754 1878 1824 φαντασίαν
1927 1755 2004 1808 δι·-

2115 551 2169 605 in
2231 549 2436 619 Spiritu
2506 556 2702 603 sancto
2756 547 2917 602 bona.
2983 544 3114 600 Tale
3157 545 3323 615 igitur
3384 544 3513 599 illud
3560 555 3690 599 est:

2117 641 2319 707 «Quod
2380 655 2483 708 ego
2525 639 2691 705 facio,
2749 647 2802 692 tu
2865 652 3006 693 nunc
3047 637 3248 703 nescis,
3311 637 3451 692 scies
3511 647 3694 691 autem

2111 747 2320 806 postea.
2365 753 2384 787 ι
2429 734 2584 802 Quod
2612 747 2713 803 ego
2743 732 2919 786 lavem
2959 730 3123 801 pedes
3154 739 3368 785 vestros
3391 770 3408 797 ,
3440 738 3566 784 nota
3606 737 3696 786 est

2110 831 2254 901 quod
2279 829 2587 882 animarum
2614 834 2923 880 vestrarum
2952 823 3320 892 puriticentur
3361 835 3600 892 gressus,
3637 827 3698 873 ut

2110 927 2220 982 sint
2249 921 2482 994 pulchri,
2521 920 2984 991 evangelizaturis
3014 916 3170 970 vobis
3195 917 3360 981 bona,
3390 925 3446 968 et
3477 912 3696 969 mundis

2110 1016 2340 1088 pedibus
2407 1013 2740 1084 ingressuri's
2807 1011 2862 1066 in
2925 1009 3213 1065 hominum
3282 1008 3516 1060 animas.
3581 1003 3696 1059 Hoc

2109 1119 2292 1165 autem
2316 1107 2640 1180 mysterium
2672 1114 2725 1160 tu
2758 1119 2902 1159 nunc
2924 1105 3142 1173 quidem
3175 1101 3376 1166 nescis,
3402 1099 3528 1168 quia
3559 1112 3697 1152 non-

2108 1205 2236 1258 dum
2277 1201 2514 1270 percipis
2565 1197 2935 1270 cognitionem
2993 1194 3109 1262 ejus
3137 1191 3493 1264 opportunius
3534 1189 3590 1243 in
3642 1197 3696 1241 te

2109 1295 2370 1358 futuram,
2402 1292 2562 1348 simul
2583 1300 2749 1361 atque
2778 1303 2878 1359 ego
2911 1287 3094 1342 lavero
3124 1285 3288 1355 pedes
3312 1291 3471 1347 tuos;
3504 1287 3688 1349 postea

2107 1403 2239 1443 vero
2303 1400 2602 1454 cognosces
2660 1384 2786 1437 dum
2847 1382 2953 1437 hoc
3013 1379 3292 1448 intelliges
3357 1375 3690 1430 illuminatus

2107 1482 2424 1553 cognitione
2471 1495 2576 1533 non
2617 1492 2782 1547 parva
2819 1490 2994 1544 neque
3042 1473 3207 1527 facile
3269 1467 3689 1525 contemnenda.

2104 1573 2375 1629 Caeterum
2409 1572 2525 1626 haec
2552 1572 2812 1641 loquente
2846 1566 2972 1622 Jesu
3005 1565 3166 1620 Petro
3193 1603 3209 1629 ,
3248 1561 3546 1632 discipulus
3579 1575 3693 1615 res-

2104 1667 2309 1736 pondet
2355 1679 2674 1734 responsum
2732 1677 2838 1716 non
2879 1659 3136 1730 peritum,
3192 1657 3288 1711 sed
3341 1653 3671 1710 sententiain

2103 1757 2539 1827 proﬁciscentem
2573 1755 2795 1825 quidem
2839 1753 2908 1806 ab
2938 1749 3135 1806 affectu
3161 1790 3177 1815 ,
3226 1757 3282 1804 et
3328 1765 3459 1822 erga
3505 1747 3692 1805 Jesum

414 1845 771 1917 εψευσμένην.
808 1847 929 1899 Ἔτι
960 1846 1168 1918 διόπερ,
1187 1847 1310 1900 ἐπεὶ
1341 1847 1415 1919 μὴ
1452 1843 1897 1919 συμφέρουσαῆν
1927 1846 1996 1918 τῷ

2109 1849 2331 1904 honoris
2361 1857 2417 1902 et
2445 1846 2767 1902 reverentia:
2799 1844 3034 1913 plenam,
3061 1843 3156 1897 sed
3187 1852 3365 1896 tamen
3397 1857 3505 1912 qua
3537 1840 3692 1894 falle-

414 1935 607 2008 Πέτρῳ
639 1938 673 2007 ή
705 1936 992 2009 ἀπόκρισις
1048 1937 1236 2000 αὐτοῦ,
1278 1939 1379 1992 οὐκ
1429 1939 1494 2010 ἐᾷ
1535 1937 1705 2009 αὐτὴν
1745 1939 2000 2008 γενέσθαι

411 2028 587 2099 ἀληθῆ
612 2031 641 2082 6
671 2029 739 2083 τὰ
769 2030 860 2083 ἐπὶ
890 2029 1060 2103 βλάϐῃ
1091 2029 1500 2102 ἀληθευσόμενα
1528 2033 1595 2102 τῇ
1621 2030 1713 2084 τοῦ
1752 2030 2000 2099 λέγοντος

412 2120 733 2190 πρεπόντως
779 2121 970 2176 ἑαυτοῦ
1021 2125 1087 2193 τῇ
1139 2121 1468 2194 χρηστότητι
1516 2119 1760 2174 κωλύων.
1809 2120 1868 2174 '0
1899 2120 1998 2190 μὲν

410 2211 520 2282 γὰρ
552 2212 756 2284 Πέτρος
789 2214 974 2284 φησὶν,
1011 2233 1030 2266 ‹
1055 2214 1129 2268 Οὐ
1165 2214 1240 2286 μὴ
1268 2213 1430 2285 νίψῃς
1449 2230 1550 2283 μου
1581 2213 1709 2277 τοὺς
1727 2213 1889 2276 πόδας
1919 2214 2000 2276 είς

409 2303 501 2354 τὸν
532 2303 721 2369 αἰῶνα,
761 2323 781 2355 ι
818 2305 913 2358 καὶ
959 2305 1296 2376 ἀπεφήνατο,
1343 2305 1627 2378 κρίναντος
1678 2304 1771 2359 τοῦ
1822 2304 1997 2376 Ἰησοῦ

409 2395 620 2450 νίπτειν
642 2396 805 2450 αὐτοῦ
831 2397 959 2460 τοὺς
989 2397 1176 2462 πόδας,
1204 2398 1266 2451 τὸ
1296 2397 1370 2469 μὴ
1391 2397 1746 2470 νιφθήσεσθαι
1779 2397 1870 2451 ὐπ’
1901 2397 2000 2450 αὐ-

409 2490 525 2556 τοῦ,
560 2491 653 2544 καὶ
682 2491 756 2564 μὴ
790 2492 1146 2563 νιφθήσεσθαι
1177 2493 1256 2556 εἰς
1279 2493 1371 2546 τὸν
1399 2492 1616 2547 ἅπαντα
1641 2491 1832 2546 αἰῶνα·
1865 2493 1893 2544 6
1915 2491 1994 2554 δὲ,

411 2582 623 2652 βλέπων
648 2583 1086 2657 λυσιτελέστερον
1115 2580 1256 2638 εῖναι
1292 2584 1354 2638 τὸ
1387 2586 1446 2638 ἐν
1474 2585 1650 2657 τούτῳ
1689 2584 1995 2655 ψεύσασθαι

407 2675 500 2729 τὸν
536 2675 742 2746 Πέτρον
766 2675 860 2729 τοῦ
883 2676 1180 2748 ἀληθεῦσαι
1212 2676 1396 2740 αὐτὸν,
1432 2678 1779 2731 ὑποδείκνυσι
1819 2676 1881 2731 τὸ
1938 2678 1996 2730 ἐν

406 2765 485 2836 τῷ
509 2766 582 2837 μὴ
604 2767 714 2820 δεῖν
729 2766 1016 2838 ἀληθεύειν
1030 2767 1189 2822 τοῦτο
1204 2767 1463 2840 εἰρηκότα
1478 2768 1772 2834 λυσιτελὲς,
1793 2771 1991 2839 φήσας·

413 2874 432 2906 ι
474 2856 598 2909 Ἐὰν
621 2857 854 2928 pavidae
881 2875 961 2923 σε,
996 2859 1096 2912 οὐκ
1128 2857 1272 2929 ἔχεις
1307 2859 1472 2930 μέρος
1503 2861 1620 2931 μετ’
1648 2859 1805 2932 ἐμοῦ.
1845 2879 1862 2912 ι
1903 2859 1996 2912 Εἴ-

408 2962 513 3016 περ
544 2940 637 3000 οὖν
682 2949 710 2999 6
747 2947 955 3017 Πέτρος
1009 2947 1252 3018 ἔμελλεν,
1300 2948 1721 3019 ἀποφηνάμενος
1772 2949 1872 3020 μὲν
1910 2949 1991 3014 τὸ,

413 3056 430 3086 ι
474 3037 548 3090 Οὐ
578 3037 652 3109 μὴ
683 3037 844 3112 νίψῃς
875 3055 977 3111 μου
1009 3042 1136 3104 τοὺς
1179 3041 1348 3105 πόδας
1375 3042 1457 3105 εἰς
1479 3041 1570 3094 τὸν
1599 3042 1790 3105 αἰῶνα,
1830 3061 1850 3094 ι
1900 3043 1996 3096 καὶ

408 3127 684 3201 ἀληθεύων
709 3132 767 3184 ἐν
797 3131 992 3203 τούτῳ,
1023 3133 1096 3204 μὴ
1117 3131 1258 3197 ἕξειν
1294 3135 1431 3204 μετὰ
1453 3133 1548 3187 τοῦ
1595 3134 1772 3205 Ἰησοῦ
1806 3135 1990 3207 μέρος,

406 3220 597 3290 ἔμελλε
627 3221 684 3274 δὲ
733 3221 876 3293 ἔχειν
912 3224 1076 3295 μέρος
1125 3224 1200 3295 μὴ
1245 3224 1544 3296 ἀληθεύων,
1587 3226 1673 3296 ἐφ’
1699 3219 1744 3294 ᾧ
1781 3226 1992 3296 φθάσας

406 3310 526 3366 εἷπε
566 3313 873 3385 προπετῶς,
910 3313 964 3366 τί
993 3312 1120 3368 ἄλλο
1163 3313 1424 3384 πράττειν
1461 3316 1710 3388 ἐχρῆν,ἢ
1754 3316 1828 3387 μὴ
1863 3315 1995 3387 ἀλη-

405 3402 616 3470 θεύειν;
644 3404 729 3458 ἵνα
763 3405 828 3456 ὲκ
845 3401 940 3456 τοῦ
968 3402 1254 3473 ἀληθεύειν
1285 3402 1443 3457 τοῦτο
1470 3407 1692 3476 ποιήσαι
1723 3406 1885 3459 αὐτὸν
1919 3407 1993 3480 μὴ

404 3493 550 3564 ἔχειν
582 3493 720 3566 μετὰ
750 3493 844 3547 τοῦ
901 3491 1072 3564 Ἰησοῦ
1111 3493 1297 3565 μέρος,
1320 3493 1560 3565 ψεύστην
1591 3496 1753 3548 αὐτὸν
1777 3497 1992 3550 ἀποδεί-

407 3585 596 3650 ξαντος
619 3588 677 3640 ἐν
719 3585 798 3657 τῷ
823 3584 1084 3655 νίψασθαι
1107 3586 1234 3649 τοὺς
1263 3585 1430 3650 πόδας
1455 3585 1641 3639 αὐτοῦ·
1685 3588 1994 3658 γέγραπται

404 3678 534 3750 γάρ·
571 3698 590 3730 ι
629 3680 745 3742 Πᾶς
767 3678 1051 3752 ἄνθρωπος
1087 3677 1348 3749 ψεύστης.
1390 3697 1411 3730 ι
1446 3679 1736 3751 Εὐκαίρως
1767 3679 1822 3733 δέ
1863 3697 1994 3732 ποτε

405 3769 724 3842 χρησόμεθα
745 3769 822 3842 τῷ
848 3768 998 3842 ρητῷ
1013 3771 1106 3824 ἐπὶ
1121 3768 1228 3823 τῶν
1254 3769 1686 3841 προπετέστερον
1712 3771 1806 3824 καὶ
1835 3770 1996 3842 ἀκρί-

403 3883 513 3928 τως
546 3863 806 3923 εἰπόντων
827 3863 1096 3933 ποιήσειν,
1115 3862 1254 3932 ὅπερ
1281 3860 1394 3931 (14)
1413 3859 1599 3924 αὐτοῖς
1629 3859 1703 3933 μή
1725 3860 1996 3915 λυσιτελεῖ

404 3955 703 4027 ἐμμένουσι
732 3953 812 4024 τῷ
844 3953 1030 4017 κακῶς
1051 3952 1382 4026 κεκριμένῳ·
1419 3952 1834 4017 ὐποδεικνύντες
1883 3953 1994 4025 γὰρ

403 4049 608 4113 αὐτοῖς,
640 4047 722 4100 ὅτι
749 4047 850 4117 οὐχ
892 4045 1073 4113 ἕξουσι
1109 4047 1212 4116 μὲν
1257 4044 1396 4115 μετὰ
1443 4044 1538 4098 τοῦ
1579 4045 1754 4116 Ἰησοῦ
1806 4045 1991 4117 μέρος,

402 4139 500 4212 τὴν
529 4140 776 4210 προπετῆ
811 4140 870 4194 ἐν
903 4138 1206 4211 ἐπαγγελίᾳ
1231 4139 1568 4211 τηρήσαντες
1601 4138 1806 4208 φωνὴν,
1833 4137 1994 4210 δυνή-

404 4247 588 4286 σονται
615 4231 672 4285 δὲ
706 4229 1062 4301 ὰθετηθέντος
1086 4229 1180 4283 τοῦ
1217 4229 1614 4302 προειρημένου
1635 4228 1828 4282 ἐλπίδα
1847 4228 1993 4299 ἔχειν

401 4325 632 4397 ἀγαθὴν,
659 4325 1042 4396 ἀποστήσομεν
1071 4325 1268 4388 αὐτοὺς
1285 4323 1377 4377 τοῦ
1394 4323 1652 4394 ἐμμένειν
1672 4325 1782 4386 τοῖς
1804 4322 1992 4386 κακῶς

401 4418 768 4489 κεκριμένοις,
799 4417 903 4472 κᾶν
932 4417 1072 4488 μετὰ
1111 4418 1277 4488 ὅρκου
1309 4416 1398 4470 διὰ
1428 4415 1628 4488 πολλὴν
1660 4415 1991 4487 προπέτειαν

2107 1954 2284 1998 retur.
2319 1941 2589 2008 Quocirca
2621 1938 2879 2008 quoniam
2909 1937 3058 1991 utilis
3088 1934 3252 1989 Petro
3298 1950 3403 1988 non
3435 1943 3557 1987 erat
3577 1933 3695 2003 ejus

2107 2033 2422 2104 responsio,
2461 2047 2568 2086 non
2601 2029 2735 2084 sinit
2759 2043 2879 2082 eam
2905 2026 2992 2082 ille
3023 2042 3206 2080 veram
3225 2040 3367 2092 esse,
3396 2027 3487 2095 qui
3519 2039 3692 2080 nocua

2106 2127 2328 2182 utilitati
2361 2125 2592 2181 dicentis
2621 2133 2676 2178 et
2707 2138 2839 2178 vere
2870 2132 3132 2177 eventura
3155 2120 3430 2192 prohibet,
3464 2133 3564 2186 pro
3594 2133 3690 2173 sua

2106 2221 2372 2275 bonitate.
2407 2220 2581 2287 Atque
2604 2217 2797 2272 Petrus
2827 2215 3048 2285 quidem
3085 2214 3302 2284 inquit,
3351 2230 3370 2263 ς
3399 2209 3514 2266 Non
3542 2209 3692 2264 lava-

2104 2312 2189 2366 bis
2224 2311 2355 2366 mihi
2390 2311 2555 2380 pedes
2602 2310 2656 2364 in
2705 2319 3030 2376 aeternum,»
3074 2305 3517 2374 enuntiavitque,
3563 2317 3688 2358 cum

2105 2401 2262 2458 Jesus
2310 2403 2455 2458 illius
2511 2402 2676 2472 pedes
2729 2400 2913 2456 lavare
2960 2399 3326 2463 decrevisset,
3406 2411 3686 2466 nunquam

2104 2494 2346 2548 futurum
2377 2504 2437 2549 ut
2469 2494 2746 2548 lavaretur
2774 2493 2843 2549 ab
2891 2494 3028 2562 ipso,
3076 2506 3142 2546 ac
3191 2505 3259 2545 ne
3309 2491 3414 2546 hoc
3469 2490 3686 2560 quidem

2105 2583 2215 2637 ullo
2241 2599 2482 2654 unquam
2519 2582 2722 2638 saeculo
2755 2582 2998 2636 futurum
3026 2599 3041 2648 ;
3098 2582 3193 2636 sed
3223 2580 3314 2634 ille
3346 2579 3439 2650 qui
3472 2577 3693 2632 videbat

2103 2675 2275 2731 Petro
2317 2676 2721 2732 conducibilius
2763 2689 2888 2730 esse
2922 2683 2982 2729 ut
3027 2673 3131 2728 hac
3176 2673 3230 2726 in
3275 2687 3336 2727 re
3365 2671 3692 2727 mentiretur

2102 2783 2267 2838 quam
2319 2780 2377 2823 ut
2431 2785 2559 2824 vera
2611 2771 2842 2833 diceret,
2903 2767 3190 2823 utilitatem
3232 2767 3470 2823 ostendit
3518 2767 3572 2821 in
3600 2780 3688 2828 eo,

2103 2863 2247 2931 quod
2304 2877 2410 2917 non
2469 2877 2603 2932 Opus
2639 2872 2800 2925 erat,
2842 2872 2902 2916 ut
2941 2861 3032 2930 qui
3093 2859 3197 2914 hoc
3237 2859 3504 2922 dixisset,
3561 2872 3688 2912 vera

2104 2954 2439 3023 loqueretur,
2472 2954 2660 3008 dicens
2692 2969 2707 3005 :
2745 2969 2764 3003 ι
2794 2951 2908 3006 Nisi
2941 2952 3124 3004 lavero
3151 2961 3225 3015 te,
3257 2964 3362 3003 non
3389 2947 3554 3020 417
3590 2950 3688 3002 ha-

2101 3047 2199 3102 bes
2227 3054 2440 3114 partem
2468 3059 2739 3100 mecum.»
2777 3045 2957 3112 Atque
2991 3043 3244 3112 equidem
3272 3042 3317 3097 si
3347 3041 3557 3108 Petrus,
3593 3042 3690 3112 qui

2100 3144 2410 3200 enuntiarat
2436 3178 2452 3204 ,
2484 3155 2501 3187 ι
2533 3135 2646 3189 Non
2671 3135 2877 3189 lavahis
2913 3135 3046 3188 mihi
3093 3134 3260 3201 pedes
3284 3135 3336 3188 iu
3360 3142 3683 3200 mternuni,»

2020 3208 2062 3266 δ
2097 3251 2222 3291 vera
2253 3235 2443 3288 dicens
2472 3231 2574 3285 hac
2610 3229 2662 3282 in
2692 3243 2752 3282 re
2788 3241 2895 3280 non
2926 3226 3214 3281 habiturus
3248 3234 3370 3280 erat
3394 3241 3520 3279 eum
3556 3224 3687 3281 Jesu

2094 3335 2308 3398 partem
2333 3321 2558 3394 (alioqui
2583 3319 2874 3374 habiturus
2905 3316 3222 3389 mentiens),
3253 3332 3318 3371 eo
3343 3318 3488 3386 quod
3521 3325 3688 3371 teme-

2095 3419 2245 3474 rarie
2269 3415 2610 3486 praeveniens
2641 3412 2858 3466 locutus
2908 3410 3100 3465 luisset
3125 3450 3140 3474 ,
3173 3410 3306 3479 quid
3341 3409 3486 3463 aliud
3517 3424 3685 3478 agere

2093 3525 2236 3579 epus
2269 3516 2391 3564 erat
2423 3505 2530 3560 nisi
2560 3503 2821 3558 mentiri?
2843 3517 2911 3558 ne
2940 3504 3062 3570 hoc,
3095 3503 3238 3572 quod
3270 3517 3460 3556 verum
3490 3500 3686 3556 Petrus

2093 3603 2321 3666 diceret,
2377 3599 2765 3669 impedimento
2796 3595 2900 3666 ipsi
2951 3595 3116 3650 Petro
3160 3602 3326 3658 esset,
3380 3593 3678 3662 quominus

2093 3694 2321 3750 haberet
2346 3701 2557 3762 partem
2581 3705 2706 3746 cum
2727 3688 2878 3755 Iesu,
2924 3687 3020 3758 qui
3045 3687 3292 3742 ostendit
3342 3684 3493 3740 illum
3527 3701 3683 3739 inen-

2095 3785 2285 3843 dacem
2335 3784 2572 3838 lavando
2612 3781 2779 3852 pedes
2823 3780 2982 3851 ejus;
3037 3778 3300 3846 scriptum
3355 3789 3438 3832 est
3484 3777 3680 3834 enim:

2097 3896 2118 3929 ι
2145 3877 2336 3933 Omnis
2371 3877 2536 3931 homo
2567 3875 2800 3930 mendax
2829 3871 2900 3927 δ’.
2929 3891 2947 3924 ι
2985 3870 3307 3942 Opportune
3333 3878 3520 3925 autem
3561 3879 3681 3926 nte-

2095 3986 2216 4025 mur
2239 3972 2342 4025 hoc
2370 3969 2518 4024 dicto
2542 3967 2608 4021 ad
2635 3981 2732 4022 eos
2762 3965 2854 4035 qui
2897 3964 3162 4019 audacius
3204 3977 3269 4018 ac
3315 3963 3436 4018 sine
3469 3961 3680 4019 delectu

2093 4064 2148 4119 id
2173 4077 2232 4118 se
2268 4063 2510 4117 facturos
2542 4060 2732 4114 dicunt
2773 4057 2922 4129 quod
2953 4056 3178 4111 minime
3232 4054 3342 4110 illis
3389 4055 3681 4122 conducat,

2091 4155 2396 4227 praesertim
2425 4155 2472 4210 si
2511 4154 2780 4209 desistere
2802 4150 2981 4206 nolint
3003 4147 3074 4202 ab
3116 4162 3182 4204 eo
3215 4148 3360 4218 qucd
3390 4146 3532 4201 male
3557 4161 3685 4216 pro-

2093 4248 2383 4303 miserint:
2414 4246 2774 4302 ostendentes
2839 4242 2988 4297 enim
3031 4240 3139 4296 illis
3186 4239 3315 4311 quia
3374 4238 3686 4293 nullatenus

2093 4339 2334 4395 habituri
2361 4337 2472 4392 sint
2494 4345 2708 4406 partem
2729 4350 2852 4388 cum
2873 4331 3026 4399 Jesu,
3052 4331 3096 4386 si
3123 4345 3312 4386 vocem
3335 4329 3684 4384 temerariam

2091 4430 2146 4486 in
2183 4429 2552 4500 promittendo
2579 4427 2940 4493 servaverint,
2967 4425 3212 4480 futurum
3237 4435 3367 4478 vero
3398 4432 3456 4476 ut
3482 4421 3682 4476 bonam

399 4503 462 4555 τὸ
492 4503 732 4560 τοιοῦτόν
771 4521 902 4560 ποτε
937 4506 1164 4574 γίνεται·
1214 4505 1312 4561 καί¹
1345 4507 1610 4577 φήσομεν,
1640 4506 1744 4572 ὅτι,
1781 4507 1990 4579 ’Ὠσπερ

2098 4537 2249 4593 spem
2286 4523 2491 4578 habere
2515 4521 2766 4594 possint,
2792 4521 2836 4576 si
2875 4519 3019 4590 quod
3054 4518 3210 4588 prius
3239 4516 3498 4572 dixerant
3529 4529 3686 4584 spre-

398 4598 429 4649 6
455 4597 624 4652 εἰπὼν
643 4597 870 4670 Πέτρος,
896 4619 915 4650 ι
948 4601 1022 4654 Οὐ
1045 4601 1120 4672 μὴ
1145 4599 1305 4673 νίψῃς
1335 4617 1436 4669 μου
1461 4601 1588 4665 τοὺς
1610 4600 1774 4664 πόδας
1797 4602 1878 4665 είς
1896 4600 1990 4655 τὸν

397 4687 590 4753 αἰῶνα,
618 4705 639 4740 ι
677 4689 946 4745 κωλύεται
974 4692 1234 4764 ἐμμένειν
1260 4695 1328 4765 τῇ
1357 4691 1451 4747 τοῦ
1476 4693 1770 4765 λεγομένου
1798 4693 1990 4765 ὁμολο-

398 4779 514 4850 γίᾳ,
554 4779 639 4834 ἵνα
661 4780 760 4853 ἔχῃ
791 4783 928 4853 μετὰ
960 4783 1056 4838 τοῦ
1101 4785 1277 4855 Ἰησοῦ
1307 4786 1490 4858 μέρος·
1519 4785 1693 4851 οὕτως
1722 4787 1818 4840 καί⁹
1850 4789 1916 4841 σὺ
1961 4790 1991 4843 6

395 4867 546 4922 δεῖνα
588 4869 855 4941 ἁμαρτὼν
895 4873 993 4944 τὴν
1034 4875 1386 4945 προπέτειαν,
1412 4877 1509 4931 καὶ
1539 4877 1780 4949 ἀκρίτως
1823 4879 1992 4950 ἐπαγ-

397 4962 718 5033 γειλάμενος
756 4964 896 5033 τόδε,
935 4965 1142 5036 βέλτιον
1183 4968 1252 5022 ἂν
1286 4971 1488 5042 ποιήσῃ
1523 4970 1635 5042 (15)
1686 4971 1990 5044 μεταθέμε-

396 5069 482 5116 νος
515 5053 609 5106 ἐπὶ
647 5053 767 5108 τόδε
811 5056 1018 5128 πρᾶξαι
1055 5059 1420 5132 εὐλογώτερον
1461 5063 1569 5117 ἀπὸ
1600 5062 1696 5116 τοῦ
1725 5065 1985 5136 ἐμμένειν

394 5145 474 5216 τῷ
502 5146 691 5210 κακῶς
741 5148 1003 5219 κριθέντι.
1057 5151 1478 5225 Ἐπιστήσαντες
1508 5154 1566 5208 δὲ
1601 5155 1680 5227 τῷ
1738 5174 1821 5224 τε,
1858 5176 1877 5210 ι
1921 5161 1986 5212 "0

395 5238 508 5308 ἐγὼ
533 5239 692 5306 ποιῶ,
723 5236 805 5295 σὺ⁶
816 5243 918 5296 οὐκ
939 5240 1088 5308 οἶδας
1118 5246 1264 5318 ἄρτι·
1293 5245 1477 5319 γνώσῃ
1493 5248 1552 5301 δὲ
1571 5249 1711 5319 μετὰ
1742 5249 1939 5311 ταῦτα,
1961 5270 1980 5304 ι

394 5330 489 5382 καὶ
517 5329 617 5401 τῷ,
657 5349 676 5382 ι
731 5330 858 5386 Ἐὰν
889 5332 965 5404 μὴ
1017 5333 1154 5404 νίψω
1202 5353 1286 5401 σε,
1325 5337 1428 5390 οὐκ
1471 5338 1617 5410 ἔχεις
1657 5339 1822 5413 μέρος
1870 5344 1987 5413 μετ’

394 5421 553 5492 ἐμοῦ,
591 5441 610 5474 ι
643 5425 694 5478 οἰ
733 5424 809 5497 μὴ
845 5425 1156 5500 βουλόμενοι
1189 5429 1367 5497 τοῦτο,
1391 5431 1483 5485 καὶ
1515 5433 1583 5487 τὰ
1608 5433 1783 5508 τούτῳ
1807 5453 1986 5509 παρα-

393 5513 598 5582 πλήσια
624 5516 994 5587 τροπολογεῖν,
1026 5520 1364 5586 αἰδεσθέντες
1398 5524 1890 5594 παραδεξάσθωσαν
1923 5529 1985 5582 τὸ

465 5608 510 5640 ⁸⁷
539 5609 685 5666 Psal.
721 5627 852 5678 cxv,
897 5615 978 5672 ll.

2095 4616 2298 4680 verint,
2363 4615 2700 4670 anducemus
2751 4625 2850 4668 eos
2879 4627 2908 4665 a
2936 4607 3293 4682 persistendo
3338 4609 3393 4663 in
3434 4606 3521 4662 his
3562 4620 3686 4676 quae

2094 4708 2240 4764 male
2279 4708 2662 4779 jndicassent,
2728 4704 2949 4761 etiamsi
3011 4701 3310 4773 aliquando
3359 4714 3482 4754 cum
3531 4697 3692 4768 jura-

2095 4807 2279 4854 mento
2309 4797 2416 4852 tale
2443 4797 2539 4851 liat
2563 4805 2786 4867 propter
2817 4796 3046 4848 multam
3090 4791 3456 4846 temeritatem
3492 4805 3506 4840 :
3539 4787 3693 4842 dice-

2093 4903 2347 4958 musque,
2414 4886 2873 4958 quemadmodum
2933 4884 3256 4955 prohibetur
3309 4880 3526 4946 Petrus,
3589 4879 3686 4950 qui

2091 4983 2248 5048 dixit,
2313 4979 2460 5037 iNon
2486 4980 2698 5036 lavabis
2719 4979 2850 5034 mihi
2878 4978 3044 5048 pedes
3074 4976 3129 5030 in
3162 4984 3448 5039 aeternum,
3483 4992 3503 5026 ι
3559 4988 3690 5044 νει·-

2094 5070 2290 5125 sistere
2322 5071 2376 5124 in
2405 5083 2473 5124 eo
2506 5070 2652 5139 quod
2685 5068 2942 5135 dixerat,
2978 5073 3040 5120 ut
3086 5065 3288 5119 habeat
3313 5074 3525 5134 partem
3555 5078 3681 5117 eum

2087 5161 2260 5230 Jesu;
2323 5161 2403 5217 sic
2457 5171 2514 5216 tu
2566 5161 2662 5232 qui
2718 5159 2964 5232 peccasti
3009 5167 3238 5229 propter
3287 5155 3685 5220 temeritatem,

2096 5266 2262 5328 atque
2283 5257 2449 5312 etiam
2479 5255 2786 5327 promisisti
2820 5255 2973 5311 nullo
3008 5253 3246 5317 delectu,
3277 5250 3472 5307 melius
3501 5247 3682 5304 factu-

2096 5363 2191 5404 rus
2222 5348 2319 5415 sis,
2356 5347 2404 5403 si
2439 5347 2710 5403 desistens
2763 5361 2795 5401 a
2852 5345 3226 5418 permanando
3275 5343 3332 5398 in
3385 5341 3490 5396 hoc
3535 5340 3682 5410 quod

2097 5437 2238 5493 male
2273 5437 2556 5509 iudicasti,
2593 5438 2662 5493 ad
2710 5438 2820 5495 hoc
2864 5437 3132 5508 agendum
3180 5435 3326 5505 quod
3377 5431 3552 5500 magis
3595 5441 3683 5486 est

2093 5540 2522 5586 consentaneum
2573 5539 2844 5586 transeas.
2894 5529 2994 5596 Qui
3063 5535 3252 5582 autem
3306 5521 3410 5580 hoc
3469 5524 3681 5581 dictum

609 5727 793 5814 .C.odex
839 5731 1286 5814 Ptegittstntale,
1332 5736 1430 5814 ἐπὶ
1475 5735 1564 5814 τὸν
1621 5737 1993 5814 προτέστερον.

2098 5735 2369 5814 ,ᾀκρςτως
2402 5737 2668 5814 εἰπόντων
2701 5736 2947 5814 ποίησον,
2993 5735 3202 5814 ὥσπερ,
3243 5745 3353 5814 etc.

467 5799 575 5869 (l5)
607 5798 750 5856 ldetn
776 5798 948 5859 codei
977 5801 1202 5875 Regius,
1241 5806 1402 5876 male,
1436 5798 1680 5876 ποιῆσαιξ
1709 5798 1996 5878 υιτιιιιὶίιυε

2103 5807 2184 5863 ale
2209 5798 2221 5860 Ξ
2248 5798 2388 5864 forte
2420 5809 2621 5865 rectius
2656 5798 2942 5879 legendum
2975 5798 3248 5878 ποιήσαις.
3287 5805 3450 5863 Εοιτ.
