4182 6368
518 327 623 385 763

1982 315 2305 375 ORIGENIS

3683 318 3784 376 764

516 454 965 512 observaverunt,
1010 463 1030 499 ι
1068 444 1222 513 Quod
1248 457 1349 515 ego
1379 441 1540 508 facio,
1585 450 1644 497 tu
1697 455 1845 496 nunc
1892 439 2077 495 nescis

2203 433 2441 487 τοιοῦτον
2472 428 2611 497 εἶδος
2657 432 2766 486 τῶν
2817 431 3189 501 εὐαγγελικῶν
3234 431 3555 500 ἐξετάσεων,
3611 434 3645 505 ἢ
3705 437 3782 508 μὴ

516 542 659 598 scies
688 550 866 595 autem
885 548 1073 609 postea
1092 579 1107 603 ,
1138 556 1158 590 ι
1194 547 1250 593 et
1277 536 1432 603 illud,
1471 553 1490 587 ι
1526 533 1641 589 Nisi
1670 535 1858 589 lavero
1886 541 1958 598 te,
1988 545 2081 586 nor

2205 523 2515 595 βουλόμενοι
2545 522 2907 576 δεικνύτωσαν
2937 522 3055 585 πῶς
3086 522 3303 592 εὔλογόν
3326 524 3442 577 ὲστι
3463 524 3554 579 τὸν
3576 523 3672 595 (ὡς
3715 526 3783 581 ἂν

518 632 689 687 habes
723 639 934 702 partem
963 641 1231 692 mecum,»
1263 626 1510 682 nolentes
1533 625 1662 679 illud
1693 625 1925 694 huicque
1949 623 2103 678 simi-

2200 616 2400 669 ἐκεῖνοι
2452 613 2685 683 λέγοιεν)
2721 612 2809 666 διὰ
2850 612 3121 683 σεὸασμὸν
3171 613 3263 666 τοῦ
3311 612 3487 685 Ἰησοῦ
3534 615 3779 683 εἰπόντα,

514 724 590 780 lia
650 725 719 779 ad
773 722 1134 793 trapologiam
1182 720 1428 785 referre,
1485 716 1759 786 pudefacti
1807 715 2081 770 admittam

2206 725 2226 758 ι
2258 708 2333 760 Οὐ
2370 705 2446 778 μὴ
2486 706 2646 777 νίψῃς
2671 721 2772 777 μου
2810 706 2935 767 τοὺς
2962 705 3127 768 πόδας
3155 706 3234 768 εἰς
3267 705 3358 759 τὸν
3386 706 3583 772 αἰῶνα,
3626 726 3645 759 ι
3697 706 3778 777 τῷ

518 816 684 871 talem
728 814 1175 884 evangelicarum
1222 810 1657 881 disputationum
1710 806 1966 871 formam,
2011 820 2081 861 ve

2197 800 2502 869 διδασκάλῳ
2523 798 2773 864 ἀκοῦσαι,
2803 798 2878 861 ὼς
2906 796 3015 867 ἄρα
3055 798 3155 867 οὐχ
3188 796 3298 864 ἔξει
3328 798 3495 870 μέρος
3523 798 3663 869 μετὰ
3686 798 3779 853 τοῦ

518 909 768 964 nolentes
819 907 1112 962 ostendant
1169 904 1259 973 qui
1311 912 1735 957 consentaneum
1784 908 1932 956 esset
1967 914 2095 955 eum

515 1003 607 1070 qui
631 1010 861 1071 propter
886 997 1319 1061 venerationem,
1358 1004 1416 1048 ut
1450 995 1541 1049 isti
1572 993 1770 1048 dicturi
1800 1001 1951 1060 sunt,
1984 1006 2094 1061 qua

512 1093 697 1150 Iesum
727 1092 1176 1164 prosequebatur,
1205 1089 1441 1152 dicebat,
1501 1105 1520 1138 ι
1552 1085 1666 1140 Non
1708 1085 1916 1141 lavabis
1957 1084 2091 1138 mihi

515 1188 679 1256 pedes
706 1186 759 1240 in
787 1193 1107 1247 aeternum,»
1138 1197 1168 1236 a
1196 1181 1454 1250 Magistro
1481 1179 1699 1246 audire,
1718 1180 1798 1235 sic
1815 1194 1919 1234 non
1939 1179 2093 1234 habi-

514 1287 694 1331 turum
715 1290 773 1330 se
801 1282 1011 1343 partem
1043 1286 1163 1327 cum
1198 1270 1337 1327 Filio
1361 1271 1475 1336 Dei,
1508 1270 1732 1339 perinde
1758 1284 1824 1324 ac
1852 1273 2091 1327 maximo

509 1375 733 1440 peccato
755 1366 1077 1427 obnoxium,
1107 1362 1250 1432 quod
1282 1363 1366 1416 sui
1408 1363 1573 1433 pedes
1604 1363 1672 1415 ab
1700 1362 1819 1431 ipso
1848 1361 1944 1417 loti
1981 1377 2088 1417 non

510 1461 763 1515 fuissent.
792 1457 924 1512 Nam
956 1457 1157 1522 dicere,
1191 1454 1248 1509 Si
1282 1456 1384 1509 hoc
1426 1453 1684 1509 delictum
1715 1454 2084 1520 commiseris,

510 1569 619 1609 non
650 1551 878 1606 habebis
920 1559 1129 1619 partem
1164 1560 1375 1602 mecum
1403 1585 1420 1613 ,
1458 1545 1636 1601 locum
1667 1545 1834 1599 habet
1861 1545 1913 1600 id
1942 1545 2086 1615 quod

509 1644 733 1710 dicitur,
766 1643 833 1696 de
859 1640 1100 1710 peccatis
1127 1638 1372 1707 apertis;
1406 1646 1463 1692 at
1493 1652 1623 1692 vero
1662 1639 1871 1702 dicere,
1909 1654 1930 1689 ι
1968 1636 2085 1692 Nisi

508 1734 698 1790 lavero
740 1745 811 1800 te,
869 1746 975 1786 non
1028 1731 1197 1787 habes
1243 1738 1454 1800 partem
1493 1742 1759 1793 mecum,»
1796 1728 2083 1797 haudqua-

506 1842 668 1896 quam
707 1839 793 1883 est
821 1834 1271 1885 consentaneum,
1319 1821 1387 1884 si,
1422 1822 1566 1888 quod
1604 1818 1757 1875 nefas
1793 1830 1878 1875 est
1911 1819 2082 1881 dictu,

506 1921 764 1991 Magister
795 1919 911 1974 haec
941 1918 1158 1973 videtur
1187 1913 1564 1984 respondisse,
1607 1915 1752 1982 quod
1777 1922 1860 1967 est
1893 1913 2083 1967 absur-

501 2014 786 2067 dissimum
813 2053 827 2078 ,
863 2009 1131 2079 discipulo
1160 2008 1321 2063 Petro
1361 2008 1538 2077 ipsum
1567 2006 1855 2062 honoranti
1875 2045 1891 2070 ,
1946 2020 2087 2074 prat-

504 2107 638 2161 here
672 2104 876 2159 nolenti
916 2116 1211 2171 corporeos
1240 2102 1403 2170 pedes
1431 2115 1562 2155 suos
1609 2098 1875 2154 lavandos
1914 2099 1983 2153 ab
2019 2112 2086 2153 eo

499 2198 594 2268 qui
641 2205 917 2252 statuerat
966 2193 1153 2248 lavare
1197 2195 1363 2263 pedes
1397 2191 1569 2263 ipsius
1618 2189 2081 2246 mansuetissime.

500 2289 654 2344 lianc
666 2286 835 2360 418
844 2284 915 2341 ob
928 2298 1152 2340 causam
1172 2284 1509 2353 praebeamus
1529 2283 1699 2353 pedes
1722 2294 1937 2338 nostros
1953 2281 2083 2339 Jesu

500 2380 800 2435 etiamdum
832 2376 1076 2446 surgenti
1119 2392 1148 2431 a
1180 2389 1336 2430 cmna
1359 2416 1374 2443 ,
1406 2384 1463 2431 et
1489 2375 1706 2445 ponenti
1734 2376 2082 2443 vestimenta,

501 2483 557 2526 et
573 2472 802 2525 linteum
830 2466 1144 2537 accipienti,
1180 2475 1234 2521 et
1258 2467 1610 2536 prtecingenti
1641 2481 1727 2529 se,
1758 2476 1813 2522 et
1849 2468 2083 2522 mittenti

499 2578 697 2634 aquam
722 2562 774 2615 in
799 2559 1024 2631 pelvim,
1053 2568 1106 2613 et
1137 2557 1413 2628 incipienti
1444 2556 1625 2611 lavare
1652 2555 1813 2626 pedes
1843 2569 2082 2623 nostros,

500 2673 609 2711 non
640 2669 799 2711 secus
832 2662 994 2722 atque
1025 2650 1072 2707 si
1105 2664 1354 2705 essemus
1380 2649 1465 2703 sui
1492 2648 1763 2719 discipuli,
1816 2658 1871 2701 et
1901 2659 2084 2703 exter-

499 2764 631 2819 gere
657 2747 827 2802 linteo
857 2759 967 2814 quo
993 2742 1349 2814 praecingitur
1376 2742 1548 2796 nostri
1583 2755 1748 2795 causa
1775 2780 1791 2803 ,
1825 2741 2000 2794 factus
2027 2741 2080 2795 in

498 2839 678 2894 medio
708 2837 906 2904 nostri,
937 2847 1196 2905 tanquam
1228 2836 1322 2904 qui
1363 2834 1638 2889 ministrat
1682 2833 1752 2887 ⁸⁸.
1796 2833 1930 2886 Nam
1979 2833 2081 2887 nisi

496 2933 602 2987 hoc
655 2929 974 2997 fecerimus,
1027 2945 1134 2985 non
1195 2928 1517 2983 habebimus
1549 2936 1761 2997 partem
1813 2941 1937 2981 cum
1989 2941 2080 2992 eo,

500 3003 678 3093 neque
711 3030 870 3077 erunt
900 3022 1111 3092 pulchri
1158 3021 1323 3091 pedes
1364 3019 1540 3074 nostri
1568 3060 1583 3086 ,
1620 3018 1919 3089 praesertim
1952 3033 2076 3073 cum

495 3116 813 3170 aemulemur
846 3115 1180 3170 charismata
1239 3113 1465 3168 meliora
1511 3110 1583 3178 ”,
1638 3111 1885 3166 volentes
1935 3111 2149 3186 interc

494 3224 592 3264 eos
620 3208 973 3263 annumerari
997 3208 1090 3280 qui
1130 3210 1268 3262 bona
1298 3204 1682 3274 evangelizant
1706 3204 1776 3260 “.
1804 3203 2077 3259 Czeterum

493 3302 717 3370 quando
747 3299 977 3356 liberior
1008 3308 1093 3355 est
1120 3297 1316 3353 Petrus
1341 3297 1396 3351 in
1431 3296 1702 3366 loquendo
1743 3296 2074 3365 importune,

495 3402 720 3462 rogatus
763 3392 928 3462 pedes
974 3406 1106 3448 suos
1135 3390 1381 3461 praebere
1412 3388 1574 3454 .lesu,
1626 3403 1750 3443 cum
1810 3388 2077 3452 audisset,

500 3484 643 3540 cNisi
678 3485 865 3541 lavero
894 3498 966 3552 te,
996 3500 1101 3541 non
1125 3488 1292 3541 habes
1308 3495 1520 3558 partem
1550 3497 1763 3539 mecum
1790 3483 1895 3543 ",i
1927 3497 2081 3535 men-

492 3592 652 3634 suras
699 3579 979 3648 petitionis
1013 3579 1131 3649 ejus
1181 3579 1298 3633 vult
1343 3591 1641 3648 superare,
1700 3589 1808 3630 non
1865 3583 2077 3628 tantum

493 3671 639 3726 solos
666 3672 829 3741 pedes
858 3687 887 3725 a
924 3670 1051 3726 Jesu
1086 3672 1348 3727 lavandos
1373 3670 1668 3732 exhibens,
1691 3682 1879 3722 verum
1910 3668 2076 3722 etiam

490 3777 711 3827 manus,
770 3778 913 3833 quas
971 3779 1078 3818 non
1137 3763 1374 3833 amplius
1404 3762 1563 3819 Jesus
1604 3763 1781 3817 lavari
1834 3759 2078 3828 volebat,

491 3869 615 3908 cum
646 3868 843 3923 panem
881 3854 1234 3909 comederent
1261 3894 1277 3919 ,
1329 3853 1638 3924 despiciens
1672 3867 1767 3908 eos
1798 3852 1889 3922 qui
1929 3851 2078 3906 dice-

489 3957 613 4001 reut
635 3961 655 4001 :
682 3946 968 4015 «Discipuli
1003 3948 1077 4001 tui
1104 3960 1211 4001 non
1238 3944 1468 3999 abluunt
1496 3960 1712 4011 manus,
1736 3959 1858 4000 cum
1881 3957 2077 4014 panem

491 4037 662 4092 edunt
688 4038 758 4091 ".
792 4056 812 4089 ι
867 4038 1130 4094 Exhibuit
1162 4038 1328 4093 etiam
1357 4077 1374 4104 ,
1405 4047 1605 4107 prater
1632 4052 1857 4103 manus,
1891 4044 2074 4106 caput,

493 4127 643 4196 quod
670 4142 776 4181 non
801 4127 1036 4195 amplius
1060 4124 1276 4182 volebat
1300 4125 1459 4181 Jesus
1494 4125 1688 4193 lavari;
1726 4127 1924 4196 quippe
1946 4125 2075 4195 quia

492 4218 549 4272 in
585 4232 650 4272 eo
685 4217 866 4289 imago
899 4228 954 4273 et
980 4218 1152 4289 gloria
1205 4217 1297 4272 Dei
1321 4215 1434 4285 jam
1470 4224 1635 4283 esset;
1681 4214 1881 4272 suﬁiclt
1927 4217 2074 4271 enim

491 4307 671 4373 nobis,
702 4308 832 4363 sieo
854 4307 1288 4377 pervenerimus,
1317 4314 1376 4361 ut
1408 4307 1753 4362 occasionem
1779 4305 2076 4361 habeamus

489 4412 644 4469 mque
676 4412 742 4452 ac
766 4396 1060 4466 discipuli,
1091 4396 1367 4467 praebendi
1412 4395 1489 4450 illi
1519 4397 1685 4466 pedes
1712 4435 1728 4459 ,
1765 4408 1905 4465 quos
1930 4394 2075 4450 solos

2198 891 2328 945 Υἱοῦ
2344 891 2437 944 τοῦ
2463 889 2620 953 Θεοῦ,
2643 890 2719 953 ὡς
2744 888 2833 942 διὰ
2864 889 3116 960 μέγιστον
3144 890 3465 961 ἁμάρτημα,
3490 890 3550 943 τὸ
3580 892 3655 963 μὴ
3690 909 3780 944 νε-

2189 980 2381 1051 νῖφθαι
2405 982 2531 1045 τοὺς
2559 981 2726 1044 πόδας
2757 980 2848 1033 ὑπ’
2877 980 3065 1033 αὐτοῦ.
3099 979 3173 1032 Τὸ
3209 979 3307 1051 μὲν
3346 980 3474 1052 γὰρ,
3504 981 3632 1037 Ἐὰν
3659 984 3779 1038 τόδε

2193 1071 2255 1125 τὸ
2304 1074 2550 1143 πταῖσμα
2597 1073 2852 1143 ποιήσῃς,
2909 1072 3008 1141 οὐχ
3050 1068 3192 1135 ἔξεις
3247 1071 3411 1143 μέρος
3454 1075 3570 1143 μετ’
3618 1072 3777 1144 ἐμοῦ,

2193 1165 2377 1237 χώραν
2393 1159 2504 1234 εἶχε
2533 1164 2823 1235 λεγόμενον
2840 1162 3088 1235 περὶτῶν
3121 1163 3409 1233 προφανῶς
3442 1165 3777 1237 ἁμαρτημά-

2191 1274 2320 1309 των·
2357 1257 2416 1309 τὸ
2445 1256 2525 1320 δὲ,
2566 1276 2585 1308 ι
2620 1255 2747 1309 Ἐὰν
2780 1257 2854 1326 μὴ
2878 1255 3015 1325 νίψω
3043 1272 3125 1318 σε,
3154 1256 3255 1308 οὐκ
3283 1255 3428 1326 ἔχεις
3462 1257 3628 1329 μέρος
3658 1260 3777 1328 μετ’

2190 1350 2346 1420 ἐμοῦ,
2381 1369 2399 1402 ι
2429 1348 2680 1420 οὐδαμῶς
2709 1347 2822 1418 ἔχει
2848 1347 2910 1401 τὸ
2947 1346 3165 1417 εὔλογον
3189 1347 3330 1402 κατὰ
3350 1348 3444 1401 τοῦ
3483 1350 3775 1420 ἱσταμένου

2190 1444 2249 1495 ἐν
2276 1441 2354 1511 τῷ
2394 1444 2520 1504 τοὺς
2556 1442 2901 1512 σωματικοὺς
2931 1441 3097 1503 πόδας
3139 1441 3213 1511 μὴ
3267 1440 3581 1513 ὲθεληκέναι
3613 1443 3774 1512 νίψα-

2190 1532 2313 1586 σθαι
2366 1532 2456 1586 τὸν
2486 1533 2712 1602 Πέτρον,
2748 1532 3027 1595 νίπτοντος
3071 1531 3181 1603 (16)
3232 1531 3396 1584 αὑτοῦ
3442 1533 3569 1596 τοὺς
3609 1532 3774 1596 πόδας

2188 1624 2536 1696 ἡμερώτατα,
2569 1624 2627 1689 ἃ,
2660 1627 2799 1697 ὅπερ
2847 1626 2909 1678 οὺ
2965 1623 3123 1694 θέμις
3168 1623 3368 1692 λέγειν,
3402 1626 3432 1676 ὁ
3456 1620 3773 1687 διδάσκαλος

2186 1719 2324 1782 δόξει
2372 1717 2771 1790 ἀποκεκρῖσθαι
2799 1717 2877 1789 τῷ
2921 1718 3150 1788 τιμῶντι
3178 1717 3339 1771 αὐτὸν
3367 1718 3605 1792 μαθητῇ,
3635 1717 3773 1780 ὅπερ

2188 1812 2335 1864 ἐστὶν
2364 1810 2730 1867 ἀτοπώτατον.
2780 1810 2881 1865 Διὰ
2919 1811 3079 1865 τοῦτο
3122 1811 3448 1883 παρέχωμεν
3487 1811 3564 1881 τῷ
3595 1810 3769 1881 Ἰησοῦ

2186 1902 2311 1966 τοὺς
2341 1902 2504 1966 πόδας
2527 1902 2685 1972 ήμῶν
2717 1904 2811 1956 καὶ
2838 1901 2934 1957 νῦν
2961 1903 3293 1975 ἐγειρομένῳ
3322 1904 3386 1955 ἐκ
3407 1902 3499 1955 τοῦ
3531 1902 3769 1967 δείπνου,

2189 1995 2281 2047 καὶ⁸
2312 1994 2513 2049 τιθέντι
2550 1996 2618 2049 τὰ
2656 1997 2867 2067 ἱμάτια,
2895 1997 2989 2049 καὶ
3023 1996 3350 2066 λαμϐάνοντι
3392 1995 3618 2054 λέντιον.
3675 1996 3772 2049 καὶ

2185 2086 2534 2150 διαζωννύντι
2564 2086 2776 2152 ἑαυτὸν,
2813 2088 2906 2140 καὶ
2933 2086 3177 2157 βάλλοντι
3204 2086 3347 2157 ὕδωρ
3368 2088 3447 2150 εἰς
3471 2086 3557 2140 τὸν
3580 2087 3772 2157 νιπτῆ-

2189 2195 2277 2248 ρα,
2303 2180 2398 2231 καὶ
2416 2177 2706 2249 ἀρχομένῳ
2726 2177 2934 2232 νίπτειν
2957 2179 3083 2242 τοὺς
3109 2178 3273 2242 πόδας
3307 2179 3465 2249 ἡμῶν
3490 2179 3565 2243 ὡς
3592 2178 3769 2250 μαθη-

2184 2270 2316 2337 τῶν,
2360 2272 2453 2323 καὶ
2509 2269 2805 2340 ἐκμάσσειν
2857 2270 2935 2340 τῷ
2979 2271 3190 2341 λεντίῳ,
3235 2264 3279 2339 ᾧ
3323 2270 3389 2323 δι’
3436 2272 3582 2342 ἡμᾶς
3614 2271 3772 2340 γενόσ

2189 2378 2348 2431 μενος
2375 2364 2435 2415 ἐν
2474 2362 2624 2434 μέσῳ
2668 2363 2823 2433 ήμῶν
2868 2362 2944 2427 ῶς
2975 2362 3235 2417 διακονῶν
3266 2361 3641 2426 διαζώννυται·
3672 2363 3768 2416 ἐὰν

2186 2458 2293 2528 γὰρ
2353 2458 2427 2529 μὴ
2471 2458 2785 2529 ποιήσωμεν
2845 2457 3022 2522 τοῦτο,
3067 2459 3166 2527 οὐχ
3204 2457 3397 2529 ἕξομεν
3442 2461 3560 2529 μετ’
3601 2457 3765 2512 αὐτοῦ

2189 2550 2374 2620 μέρος,
2407 2550 2529 2602 οὐδὲ
2555 2550 2744 2621 ὡραῖοι
2791 2550 3005 2605 ἔσονται
3035 2554 3084 2604 οἱ
3119 2552 3275 2614 πόδες
3326 2550 3503 2623 ἡμῶν,
3539 2551 3633 2604 καὶ
3663 2552 3769 2621 μά·-

2184 2642 2338 2695 λιστα
2364 2644 2453 2696 ὅτε
2485 2643 2769 2713 ζηλοῦντες
2803 2643 2872 2697 τὰ
2917 2645 3136 2715 μείζονα
3167 2645 3503 2715 χαρίσματα,
3540 2644 3766 2715 θέλομεν

2184 2736 2657 2806 ὲγκαταταχθῆναι
2709 2738 2823 2801 τοῖς
2877 2736 3379 2807 εὐαγγελιζομένοις
3430 2737 3498 2790 τά
3560 2737 3761 2805 ἀγαθά.

2185 2828 2330 2899 Πλὴν
2357 2829 2446 2880 ὅτε
2480 2830 2758 2899 προπετὴς
2804 2829 2921 2881 ἐστι
2954 2828 3157 2900 Πέτρος
3201 2828 3440 2891 ἀκούσας
3473 2829 3555 2893 τὸ,
3590 2848 3608 2879 ι
3638 2829 3765 2883 Ἐὰν

2185 2918 2260 2989 μὴ
2288 2919 2426 2988 νίψω
2466 2936 2547 2981 σε,
2577 2920 2677 2972 οὐκ
2704 2918 2849 2990 ἔχεις
2874 2920 3037 2992 μέρος
3065 2922 3181 2990 μετ’
3204 2920 3361 2992 ἐμοῦ,
3392 2940 3411 2973 ι
3448 2922 3765 2992 αἰτούμενος

2183 3011 2240 3063 ὲν
2268 3009 2346 3079 τῷ
2382 3013 2683 3081 παρασχεῖν
2710 3012 2843 3077 τοὺς
2875 3012 3041 3075 πόδας
3070 3010 3149 3082 τῷ
3179 3012 3378 3084 Ἰησοῦ,
3408 3013 3765 3085 ὑπερϐάλλειν

2181 3100 2354 3153 ἐθέλει
2397 3101 2465 3154 τὰ
2516 3102 2689 3173 μέτρα
2721 3102 2819 3174 τῆς
2863 3104 3133 3173 αἰτήσεως
3166 3104 3351 3169 αὑτοῦ,
3410 3105 3505 3159 καὶ
3534 3107 3764 3177 παρεῖχε

2181 3194 2606 3266 νιφθησομένους
2661 3196 2767 3248 ὑπὸ
2813 3195 2904 3249 τοῦ
2972 3197 3145 3268 Ἰησοῦ
3184 3197 3369 3252 οὐκέτι
3427 3198 3554 3262 τοὺς
3600 3200 3764 3262 πόδας

2184 3287 2396 3357 μόνους,
2426 3288 2541 3342 ἀλλ’
2571 3288 2671 3361 ήδη
2702 3289 2912 3353 καὶτὰς
2934 3294 3141 3361 χεῖρας,
3167 3290 3232 3354 ἃς
3266 3291 3450 3345 οὐκέτι
3481 3291 3763 3345 νίπτεσθαι

2179 3380 2208 3430 ό
2238 3378 2443 3449 Ἰησοῦς
2490 3380 2698 3452 ἤθελεν,
2743 3382 2869 3435 ὃταν
2902 3384 3065 3455 ἄρτον
3110 3382 3350 3451 ὲσθίωσι,
3407 3385 3763 3456 καταφρονῶν

2178 3471 2288 3524 τῶν
2336 3473 2665 3543 λεγομένων,
2698 3476 2780 3529 ὅτι
2815 3495 2833 3527 ι
2871 3478 2932 3529 0i.
2973 3476 3209 3548 μαθηταί
3254 3493 3347 3530 σου
3387 3478 3448 3531 οὐ
3486 3478 3762 3531 νίπτονται

2177 3561 2278 3626 τὰς
2292 3565 2501 3634 χεῖρας,
2530 3565 2656 3619 ὅταν
2679 3566 2842 3637 ἄρτον
2864 3566 3107 3621 ὲσθίωσι·
3140 3588 3158 3619 ι
3185 3570 3278 3622 καὶ
3308 3568 3444 3640 πρὸς
3459 3571 3578 3633 ταῖς
3603 3570 3761 3641 χερσὶ

2176 3653 2275 3725 τὴν
2300 3656 2557 3727 κεφαλὴν,
2583 3656 2649 3727 ἣν
2677 3658 2797 3710 οὐδὲ
2830 3659 3423 3731 καταλύπτεσθαιῌϋθ)
3452 3660 3754 3732 έτιἸησοῦς

2178 3745 2447 3811 ἐϐούλετο,
2468 3749 2551 3818 ἐφ’
2574 3743 2642 3821 ἦς
2672 3751 2705 3820 ἡ
2730 3750 2893 3805 εἰκὼν
2933 3753 3027 3805 καὶ
3052 3754 3085 3822 ἡ
3109 3749 3236 3817 δόξα
3262 3753 3364 3824 ἤδη
3382 3749 3451 3825 ἦν
3474 3753 3568 3807 τοῦ
3600 3754 3759 3807 Θεοῦ·

2178 3839 2430 3911 ἀρκεῖται
2462 3841 2572 3913 γὰρ
2602 3844 2753 3913 ἡμῖν,
2788 3844 2926 3898 ὲπὰν
2941 3843 3181 3917 ἔλθωμεν
3222 3848 3302 3909 είς
3328 3845 3505 3911 τοῦτο,
3527 3851 3641 3911 τοῖς
3664 3847 3759 3901 τοῦ

2178 3930 2354 4001 Ἰησοῦ
2396 3934 2683 4004 μαθηταῖς,
2714 3935 2928 4008 καιροῦ,
2958 3937 3052 3991 τοῦ
3082 3940 3209 4002 τοὺς
3234 3939 3403 4002 πόδας
3439 3938 3590 4010 αὺτῷ
3620 3957 3761 4013 παρ-

2177 4022 2322 4093 έχειν
2364 4024 2569 4093 νίψοντι
2608 4025 2703 4079 καὶ
2754 4027 3086 4097 ὲκμάσσοντι
3120 4028 3344 4099 μόνους·
3406 4049 3425 4082 ‹
3464 4030 3494 4082 ό
3522 4029 3631 4101 γὰρ
3669 4028 3759 4082 λε-

2176 4112 2431 4185 λουμένος
2457 4115 2556 4168 οὐκ
2570 4115 2683 4186 ἔχει
2707 4118 2895 4189 χρείαν
2924 4118 3201 4188 νίψασθαι,
3231 4119 3343 4171 ἁλλ’
3373 4118 3488 4172 ἔστι
3525 4118 3759 4192 καθαρὸς

2175 4206 2316 4269 ὅλος·
2354 4226 2372 4258 ι
2407 4210 2454 4260 εἰ
2483 4208 2538 4260 δέ
2572 4226 2656 4272 τις
2683 4216 2759 4286 μή
2787 4217 2933 4268 ἐστιν
2963 4212 3086 4275 ὅλος
3115 4213 3375 4284 καθαρὸς,
3404 4213 3505 4266 οὒκ
3533 4212 3758 4267 ἐλούσα-

2175 4315 2254 4352 το.
2300 4300 2543 4371 Ζητήσαι
2585 4300 2643 4353 δέ
2686 4318 2770 4363 τις
2819 4301 2908 4367 ἂν,
2950 4304 3000 4355 εί
3044 4303 3073 4354 ό
3119 4302 3438 4375 λελουμένος
3495 4306 3596 4358 οὐκ
3645 4306 3759 4378 ἔχει

2178 4391 2368 4461 χρείαν
2393 4391 2667 4462 νίψασθαι,
2698 4393 2812 4447 ἀλλ’
2846 4393 2963 4448 ἔστι
2996 4395 3255 4467 καθαρὸς,
3290 4398 3383 4451 καὶ
3410 4393 3548 4469 ἦσαν
3566 4400 3615 4452 oi
3663 4397 3757 4453 τοῦ

490 4491 637 4544 lavat
661 4499 719 4545 et
750 4488 1055 4560 abstergit:
1091 4504 1214 4543 nam
1263 4504 1284 4539 ι
1319 4487 1409 4556 qui
1460 4485 1605 4542 lotus
1630 4496 1736 4549 est,
1782 4501 1891 4541 non
1933 4500 2071 4556 opus

2181 4483 2352 4555 Ἰησοῦ
2375 4484 2612 4556 μαθηταὶ⁸
2650 4487 2900 4558 καθαροὶ,
2946 4487 3021 4551 ὡς
3048 4487 3382 4560 λελουμένοι,
3427 4491 3545 4553 πῶς
3575 4491 3759 4562 βάλλει

490 4584 652 4638 habet
700 4581 909 4647 lavari,
950 4580 1044 4635 sed
1081 4588 1169 4635 est
1224 4580 1461 4635 mundus
1519 4587 1663 4633 totus
1690 4578 1739 4611 ”
1768 4595 1784 4633 :
1815 4578 1904 4633 »εἰ
1946 4578 2071 4646 quis

490 4691 621 4730 vero
649 4690 759 4730 non
790 4687 877 4730 est
905 4674 1142 4729 mundus
1173 4682 1318 4728 totus
1345 4711 1361 4738 ,
1421 4673 1468 4727 is
1517 4686 1578 4727 se
1623 4685 1731 4727 non
1771 4670 1925 4725 lavit.
1962 4670 2071 4727 Sed

487 4775 711 4838 quaerat
734 4765 953 4833 aliquis,
978 4764 1022 4820 si
1051 4763 1197 4819 lotus
1228 4778 1332 4819 non
1362 4777 1501 4833 opus
1535 4762 1700 4818 habet
1729 4761 1899 4816 lavari
1926 4801 1941 4825 ,
1977 4762 2071 4816 sed

486 4867 575 4916 est
602 4856 855 4920 mundus,
883 4866 936 4912 et
965 4862 1124 4912 erant
1149 4852 1398 4924 discipuli
1420 4850 1549 4909 Jesu
1573 4853 1786 4919 mundi,
1812 4862 2070 4923 tanquam

489 4949 608 5012 loti,
656 4948 932 5019 quomodo
979 4946 1149 5001 mittit
1194 4960 1388 5016 aquam
1443 4945 1496 4999 iu
1550 4943 1783 5014 pelvim,
1822 4953 1878 4998 et
1906 4945 2073 5014 cmpit

486 5040 673 5096 lavare
716 5038 883 5109 pedes
910 5036 1299 5106 discipulorum
1324 5034 1532 5091 Iesus?
1569 5035 1843 5090 Caeterum
1871 5034 1975 5090 hac
2002 5037 2069 5090 de

488 5146 548 5188 re
578 5145 702 5187 cum
726 5144 890 5200 supra
920 5128 1349 5185 disseruerimus
1370 5142 1441 5181 ex
1487 5135 1641 5195 parte
1681 5125 2066 5195 anticipantes,

490 5237 639 5277 nunc
659 5222 826 5277 etiam
851 5222 970 5276 hate
1001 5219 1110 5276 illis
1136 5219 1422 5283 addemus,
1445 5216 1702 5271 nimirum
1734 5217 1850 5272 haec
1881 5217 2067 5279 verba,

496 5353 515 5370 .
542 5315 695 5387 Opus
731 5315 1017 5377 habemus,
1047 5331 1068 5367 ι
1101 5312 1281 5384 posita
1325 5324 1448 5365 esse
1491 5309 1560 5365 de
1605 5310 1769 5365 rebus
1811 5322 2069 5364 accessa.

561 5433 609 5467 ⁸⁸
644 5432 776 5490 Luc.
813 5448 948 5499 uti,
978 5431 1069 5488 2'1.
1142 5431 1189 5465 “
1217 5429 1237 5486 Ι
1262 5428 1390 5488 Cor.
1419 5445 1521 5498 xu,
1544 5429 1635 5484 3i.
1709 5429 1757 5461 ”
1792 5426 1899 5484 Isa.
1922 5428 2089 5496 Ltt,7.

564 5548 677 5620 (lii)
700 5547 864 5603 Forte
892 5545 1239 5620 scribendum
1272 5545 1391 5620 uno
1405 5545 1500 5599 τοῦ
1530 5544 1827 5620 νίπτοντος.

566 5614 699 5687 (16‘)
720 5618 1241 5673 Καταλύπτεσθαι.
1268 5616 1363 5671 Sic
1379 5617 1512 5686 imp.
1535 5616 1684 5687 nullo
1707 5630 1893 5687 sensu.
1914 5614 2074 5687 Forte

505 5683 788 5758 legendum
849 5687 1276 5754 καταλούεσθαι,
1316 5687 1403 5745 vel
1456 5683 1918 5753 κατανίπτεσθαι,
1991 5685 2074 5741 vel

2172 4575 2317 4647 ὕδωρ
2351 4579 2431 4641 είς
2458 4577 2550 4631 τὸν
2573 4580 2832 4651 νιπτῆρα,
2865 4582 2958 4634 καὶ
2987 4580 3189 4652 ἧρξατο
3216 4582 3423 4637 νίπτειν
3444 4585 3570 4648 τοὺς
3591 4584 3757 4649 πόδας

2171 4667 2278 4722 τῶν
2312 4666 2566 4739 μαθητῶν
2589 4670 2618 4721 ὁ
2674 4668 2909 4739 Ἰησοῦς;
2939 4670 3034 4734 Εἰς
3059 4671 3216 4724 τοῦτο
3246 4672 3303 4725 δὲ
3336 4675 3428 4726 καὶ
3469 4674 3759 4746 προλαϐόν-

2171 4777 2261 4825 τες
2297 4760 2395 4832 μὲν
2422 4761 2488 4815 ὲκ
2519 4761 2719 4833 μέρους
2742 4762 3064 4834 εἰρήκαμεν,
3089 4764 3183 4817 καὶ
3215 4763 3310 4818 νῦν
3340 4750 3757 4830 ἐκείνοιςῖταῦτα

2172 4853 2573 4925 προσθήσομεν,
2601 4854 2681 4919 τὸ,
2723 4873 2741 4906 ι
2783 4854 2985 4926 Χρείαν
3026 4856 3243 4928 ἔχομεν,
3285 4876 3305 4910 ι
3338 4859 3432 4912 ἐπὶ
3455 4858 3563 4912 τῶν
3587 4861 3757 4929 ἀναγ-

2167 4944 2359 5011 καίων,
2392 4940 2465 4999 ὦν
2494 4946 2618 5000 ἄνευ
2644 4945 2834 5018 διαζῇν
2853 4964 2937 5011 τις
2961 4948 3023 5001 οὐ
3047 4948 3289 5013 δύναται,
3319 4950 3599 5004 τέτακται·
3622 4951 3756 5005 ὥστ’

2172 5036 2237 5090 ἂν
2261 5037 2319 5089 ὲν
2346 5038 2675 5106 σωματικοῖς
2707 5037 2880 5091 εἰπεῖν
2900 5038 3087 5107 χρείαν
3114 5037 3255 5108 ἔχειν
3277 5039 3367 5093 τὸν
3386 5039 3670 5112 ἄνθρωπον
3691 5041 3755 5093 οὺ

2169 5128 2452 5191 πλειόνων,
2489 5127 2626 5181 ἀλλὰ
2655 5127 2861 5182 τούτων
2898 5129 3073 5199 μόνων
3098 5129 3225 5199 περὶ
3248 5123 3323 5183 ὧν
3354 5147 3519 5201 φησιν
3547 5134 3576 5185 ὁ
3604 5129 3756 5185 Παῦ-

2167 5216 2277 5281 λος·
2310 5236 2328 5268 t
2373 5219 2628 5289 Ἔχοντες
2656 5219 2713 5273 δὲ
2744 5219 3039 5293 διατροφὴν
3072 5222 3166 5276 καὶ
3215 5223 3601 5294 σκεπάσματα,
3634 5225 3760 5279 τού-

2167 5325 2280 5373 τοις
2303 5309 2774 5382 ἀρκεσθησόμεθα·
2812 5331 2831 5366 ι
2864 5313 2931 5365 τὰ
2960 5314 3019 5368 δὲ
3049 5316 3129 5379 είς
3162 5315 3390 5370 πλοῦτον
3416 5317 3512 5370 καὶ
3543 5319 3757 5391 τρυφὴν

2164 5429 2211 5468 ’ί
2235 5430 2395 5486 Joan.
2421 5449 2543 5498 xm,
2584 5433 2639 5489 8.
2714 5434 2761 5466 "
2781 5433 2970 5491 Matth.
2998 5452 3093 5504 xv,
3117 5435 3174 5490 2.
3251 5436 3298 5469 ⁸³
3326 5435 3486 5493 Joan.
3519 5452 3643 5504 xm,
3669 5439 3757 5495 10.

2180 5548 2365 5614 etiam,
2401 5551 2616 5615 melius,
2668 5551 3210 5617 κατακαλύπτεσθαι,
3269 5551 3455 5618 velari,
3505 5551 3651 5619 quod
3700 5562 3759 5610 et

2182 5621 2553 5697 sensuilmagis
2573 5622 2821 5693 congruit
2841 5622 2912 5678 ob
2933 5623 3055 5678 οὐδέ
3088 5623 3452 5695 praemissum.
3484 5622 3646 5683 Eutr.
