4182 6414
420 371 529 429 765

1418 352 1776 413 COMMENT.
1816 350 1886 407 IN
1925 350 2120 407 JOAN.
2161 349 2400 407 TOMUS
2437 349 2650 408 XXXII.

3567 353 3673 409 766

420 486 835 562 συμϐαλλόμενα
872 485 938 538 ὲκ
971 477 1286 552 περιουσίας
1313 480 1426 542 τοῖς
1452 474 1813 548 άϐροδιαίτοις
1840 490 1972 542 περιι

2100 472 2239 536 riis,
2284 473 2403 527 sine
2448 473 2647 541 quibus
2680 469 2877 539 aliquis
2918 468 3103 523 vivere
3150 483 3258 525 non
3293 478 3514 537 potest;
3545 482 3603 525 ut
3626 474 3672 527 si

416 559 644 653 γίνεται,
676 580 775 648 οὐχ
805 578 881 641 ὡς
915 574 1167 647 χρειώδη,
1194 573 1287 626 xui.
1316 564 1391 625 ὧν
1433 573 1533 625 οὐκ
1565 568 1717 632 ἄνευ,
1752 566 1866 620 ἀλλ’
1919 565 1972 617 ὼε

2097 563 2345 617 dicamus
2373 563 2426 616 in
2464 563 2628 617 rebus
2649 559 3027 630 corporalibus
3055 560 3327 613 hominem
3355 577 3462 615 non
3499 562 3671 631 pluri-

417 651 653 743 περισσά
668 669 803 741 (Π).
817 666 974 724 Οὕτω
992 666 1169 719 τοίνυν
1188 664 1281 718 xui.
1297 663 1389 716 ὲπί
1401 662 1510 715 τῶν
1531 658 1815 730 θειοτέρων
1837 657 1972 729 χρείι

2096 657 2199 711 bus
2234 670 2369 724 Opus
2404 656 2640 717 habere,
2672 652 2768 708 sed
2798 652 2882 706 bis
2912 653 3088 705 solum
3119 666 3240 720 qua:
3271 651 3404 706 dicit
3442 652 3675 721 Aposto-

420 766 518 838 μὲν
547 766 677 835 ἡμῖν
691 762 798 815 τῶν
827 760 1151 828 εἰσαγόντων
1171 757 1251 819 εἰς
1271 755 1434 826 ζωὴν,
1469 752 1565 808 καὶ
1591 751 1885 805 ποιούντων
1914 745 1993 802 εῖ-

416 874 504 911 ναι
537 859 595 910 ὲν
624 853 703 925 τῷ
730 854 959 922 λέγοντι·
1015 870 1033 903 ι
1062 848 1203 918 Ἐγώ
1233 849 1346 917 εἰμι
1374 848 1406 917 ἡ
1436 845 1570 916 ζωή·
1611 863 1629 896 ι
1658 844 1727 897 τά
1763 842 1821 896 δὲ
1852 842 1993 913 ὑπὲρ

413 944 608 1009 ταῦτα,
638 944 766 1016 περὶ
791 935 865 997 ὧν
881 942 1116 1010 λέγεται,
1146 958 1164 990 ι
1187 937 1618 1008 Κατατρύφησον
1642 934 1736 988 τοῦ
1762 933 1989 1004 Κυρίου,

414 1037 509 1090 xui.
551 1034 711 1090 δώσει
745 1051 826 1087 σοι
856 1033 925 1087 τά
957 1033 1235 1103 αἰτήματα
1266 1029 1365 1099 τῆς
1411 1027 1639 1097 καρδίας
1680 1042 1796 1088 σου,
1820 1042 1838 1076 ι
1892 1024 1989 1077 xui.

414 1128 516 1181 ὅσα
554 1129 752 1181 νοεῖται
792 1127 935 1180 κατά
973 1126 1064 1179 τὸν
1116 1123 1440 1195 παράδεισον
1490 1120 1587 1190 τῆς
1634 1117 1865 1190 τρυφῆς,
1893 1117 1989 1170 καί

412 1220 504 1272 τὸν
542 1216 791 1282 πλοῦτον,
855 1216 949 1270 xui.
990 1214 1088 1286 τὴν
1135 1212 1321 1278 δόξαν,
1364 1211 1433 1265 τά
1474 1211 1531 1264 ὲν
1578 1208 1843 1279 ἀριστερᾷ
1889 1207 1990 1277 τῆς

414 1311 624 1380 σοφίας,
669 1308 809 1363 κατὰ
848 1309 937 1363 τὸν
983 1307 1233 1369 εἰπόντα,
1289 1304 1520 1374 «Μῆκος
1554 1300 1664 1372 γὰρ
1710 1300 1847 1370 βίου,
1893 1298 1988 1352 xui.

409 1403 507 1473 ἔτη
539 1402 684 1472 ξωῆς
715 1403 774 1454 ὲν
809 1403 873 1471 τῇ
908 1397 1056 1471 δεξιᾷ
1088 1398 1286 1469 αὐτῆς·
1319 1397 1378 1449 ὲν
1406 1395 1463 1447 δὲ
1492 1396 1558 1465 τῇ
1594 1393 1859 1464 ἀριστερᾷ
1887 1391 1986 1444 αύ-

408 1494 509 1563 τῆς
523 1490 748 1555 πλοῦτος
768 1491 861 1545 καί
885 1489 1031 1554 δόξα,
1053 1508 1072 1541 ›
1100 1489 1239 1558 ὑπὲρ
1266 1486 1364 1559 τὴν
1391 1488 1578 1557 χρείαν
1609 1480 1746 1538 εἶναι
1768 1481 1982 1553 λεχθείη

407 1584 493 1638 ἄν.
522 1583 632 1636 Καὶ
659 1584 868 1653 μήποτε
899 1579 1135 1634 τοιοῦτόν
1165 1580 1281 1631 ἐστι
1313 1577 1373 1630 τὸ
1419 1576 1556 1648 μετά
1601 1575 1664 1628 τὸ
1689 1572 1982 1628 λούσασθαι

406 1674 664 1744 νίψασθαι
694 1675 822 1737 τοὺς
850 1672 1016 1736 πόδας
1050 1671 1154 1725 ὑπὸ
1180 1670 1272 1724 τοῦ
1308 1669 1621 1740 τηλικούτου
1655 1665 1976 1720 διδασκάλου

406 1769 501 1822 καί
531 1767 811 1838 Σωτῆρος·
846 1764 908 1818 τὸ
947 1764 1056 1835 γὰρ
1088 1762 1334 1834 χάρισμα
1371 1760 1466 1814 τοῦ
1506 1757 1640 1812 Θεοῦ
1684 1756 1981 1829 ὑπερπαίει

2094 747 2179 802 lus
2207 747 2253 778 "
2282 763 2297 801 :
2337 744 2640 805 «Habentes
2674 754 2856 800 autem
2890 745 3095 810 cibum,
3142 754 3198 798 et
3242 744 3669 813 operimentum,

2095 839 2181 893 bis
2207 838 2447 892 contenti
2471 851 2681 901 sumus;
2703 854 2724 888 ι
2753 850 2872 904 quae
2906 850 3036 889 vero
3069 835 3136 889 ad
3173 834 3394 889 divitias
3439 842 3494 887 et
3537 833 3674 887 deli-

2094 931 2204 985 cias
2241 930 2529 985 conferunt
2556 969 2572 995 ,
2599 943 2668 983 ex
2699 928 2997 982 abundanti
3039 927 3298 982 mollibus
3326 936 3383 981 et
3418 925 3672 981 delicatis

2091 1037 2398 1091 superesse,
2433 1037 2538 1076 non
2579 1029 2838 1090 tanquam
2872 1022 3208 1088 necessaria,
3235 1030 3291 1073 et
3324 1019 3443 1074 sine
3473 1019 3670 1088 quibus

2090 1130 2198 1169 non
2250 1115 2463 1183 possint
2516 1114 2726 1181 vivere,
2773 1113 2869 1167 sed
2917 1121 3176 1181 tanquam
3224 1109 3517 1181 superﬂua.
3576 1110 3669 1164 Sic

2087 1206 2252 1275 igitur
2292 1215 2348 1259 et
2381 1205 2433 1259 in
2487 1203 2852 1260 divinioribus
2878 1217 3013 1271 opus
3040 1202 3256 1272 quidem
3292 1201 3447 1256 nobis
3473 1210 3558 1256 est
3584 1201 3669 1255 his

2087 1310 2208 1365 quae
2231 1295 2584 1350 introducunt
2612 1294 2679 1348 ad
2711 1294 2912 1357 vitam,
2941 1293 3138 1362 hisque
3158 1307 3278 1362 qua:
3302 1291 3507 1348 faciunt
3531 1293 3584 1346 in
3601 1307 3670 1346 eo

2087 1402 2187 1443 nos
2207 1402 2327 1443 esse
2348 1388 2438 1456 qui
2468 1386 2631 1441 dicit:
2660 1383 2806 1455 «Ego
2834 1400 2953 1440 sum
2980 1386 3088 1439 vita
3104 1384 3152 1416 "
3173 1402 3222 1451 ;»
3245 1399 3366 1454 qua:
3390 1401 3520 1442 vero
3539 1392 3669 1441 sunt

2085 1491 2248 1547 supra
2273 1478 2388 1531 haec
2408 1478 2474 1531 de
2486 1476 2683 1546 quibus
2704 1474 2905 1531 dicitur
2919 1476 2994 1539 οε,
3021 1492 3039 1524 ι
3055 1475 3319 1530 Deliciare
3343 1476 3394 1529 in
3417 1475 3665 1541 Domino,

2083 1566 2248 1639 419
2278 1577 2333 1622 et
2362 1567 2514 1623 dabit
2543 1569 2637 1622 tibi
2669 1567 2961 1636 petitiones
3002 1566 3183 1621 cordis
3220 1567 3316 1630 tui,
3367 1585 3387 1618 ι
3432 1576 3487 1621 et
3517 1582 3666 1636 quaa-

2083 1674 2300 1729 cunque
2314 1660 2727 1715 considerantur
2746 1665 2967 1728 propter
2984 1658 3298 1725 paradisum
3319 1658 3663 1722 deliciarum,

2046 1758 2138 1805 ‘et
2161 1758 2382 1820 propter
2431 1750 2668 1813 divitias,
2719 1758 2777 1803 et
2824 1758 3049 1816 propter
3094 1747 3344 1817 gloriam,
3383 1766 3505 1819 quae
3535 1760 3666 1807 sunt

403 1859 503 1930 τὴν
530 1823 740 1929 χρείαν,
762 1823 1177 1925 ῶσπερ-κάἰυὶτδ
1210 1823 1350 1906 εἶναι
1384 1854 1441 1904 ὲν
1471 1850 1597 1923 δόξῃ
1626 1823 1859 1921 ἡλίουξῆ
1892 1865 1972 1901 σε-

2086 1841 2139 1894 in
2172 1841 2394 1895 sinistra
2421 1840 2724 1908 sapientiae,
2753 1839 2914 1906 juxta
2952 1838 3230 1893 dicentem
3256 1840 3303 1872 ⁸⁷
3340 1857 3356 1895 :
3408 1858 3427 1892 ι
3461 1840 3665 1913 Longi-

401 1947 590 2019 λήνης,
631 1947 663 2018 ἢ
695 1946 939 2017 ἀστέρων
962 1946 1020 1997 ὲν
1041 1946 1107 2014 τῇ
1143 1944 1260 2013 ἱερᾷ
1287 1941 1395 1995 τῶν
1428 1940 1636 2010 νεκρῶν
1664 1938 1975 1993 ἀναστάσει.

402 2040 517 2091 Οὐκ
542 2038 655 2109 ἔχει
690 2038 787 2109 μὲν
818 2036 1006 2107 χρείαν
1034 2038 1063 2088 6
1092 2034 1352 2105 καθαρὸς,
1390 2034 1484 2087 καί
1516 2031 1868 2100 λουσάμενος,
1901 2029 1980 2082 νί-

399 2126 603 2195 ψασθαι
622 2143 635 2156 ·
664 2125 911 2179 νίπτεται
938 2124 995 2176 δὲ
1026 2122 1168 2176 κατά
1194 2121 1256 2174 τὸ
1283 2119 1782 2193 προαποδεδομένον
1804 2136 1818 2148 υ
1856 2118 1979 2170 ἐπεὶ

404 2237 425 2269 ι
451 2217 531 2288 τῷ
552 2217 727 2287 ἔχοντι
755 2216 915 2270 παντὶ
939 2214 1391 2287 προστεθήσεταιο
1419 2233 1437 2264 ι
1466 2212 1560 2265 xui.
1582 2212 1657 2274 ὼς
1679 2212 1707 2264 6
1730 2209 1978 2280 Ἰωάννης

399 2306 559 2379 φησί·
604 2327 622 2358 ι
646 2309 757 2361 Καὶ
777 2311 805 2360 6
836 2305 1074 2377 καθαρὸς
1110 2303 1493 2376 καθαρισθήτω
1524 2302 1623 2366 ἔτι,
1649 2303 1743 2355 xui.
1772 2303 1801 2354 6
1824 2301 1978 2370 ἅγιος

398 2398 736 2469 ἁγιασθήτω.
763 2417 781 2450 ι
816 2397 889 2450 Τὸ
918 2398 995 2462 δὲ,
1036 2416 1055 2447 ι
1094 2398 1281 2468 Ὑμεῖς
1305 2394 1534 2465 καθαροί
1556 2395 1735 2454 ἐστε.»
1771 2392 1975 2461 ἀναφέ-

400 2507 551 2556 ρεται
602 2490 696 2542 ἐπὶ
750 2489 876 2552 τοὺς
922 2489 1132 2552 ἕνδεκα,
1181 2481 1226 2555 ᾧ
1274 2486 1593 2555 ἐπιφέρεται
1643 2484 1737 2548 τὸ,
1804 2483 1976 2553 (Οὐχὶ

396 2579 617 2641 πάντες,
644 2597 663 2629 ι
709 2575 797 2629 διὰ
829 2576 920 2628 τὸν
968 2572 1349 2645 Ἰσκαριώτην·
1386 2572 1502 2642 ᾔδει
1530 2571 1639 2642 γάρ
1669 2574 1760 2626 τὸν
1789 2588 1972 2643 παρα-

391 2670 600 2724 διδόντα
658 2669 819 2722 αὑτὸν
860 2668 960 2739 ἤδη
997 2669 1126 2722 ὄντα
1173 2668 1235 2721 ού
1288 2667 1556 2739 καθαρόν·
1606 2665 1821 2738 πρῶτον
1876 2666 1975 2736 μὲν

393 2763 475 2815 ὅτι
535 2763 664 2834 περὶ
709 2762 818 2815 τῶν
864 2760 1095 2832 πτωχῶν
1141 2761 1241 2813 οὐκ
1290 2760 1481 2831 ἔμελεν
1514 2759 1689 2831 αὐτῷ,
1724 2758 1838 2814 ἀλλ’
1890 2760 1973 2812 ὃτι

391 2852 631 2924 κλέπτης
655 2849 744 2925 ἦν,
779 2855 873 2906 καὶ
900 2852 960 2907 τὸ
983 2853 1367 2924 γλωσσόκομον
1396 2851 1535 2923 ἔχων
1567 2851 1636 2904 τά
1670 2850 1972 2921 βαλλόμενα

391 2944 684 3010 ἐϐάσταζεν
703 2962 716 2975 ·
750 2945 976 3016 ὕστερον
1007 2946 1064 2998 δὲ
1103 2946 1246 3013 ἐπεὶ,
1277 2944 1492 2998 δείπνου
1540 2943 1846 3013 γινομένου,
1877 2943 1970 2995 τοῦ

389 3037 635 3091 διαϐόλου
668 3037 767 3110 ἤδη
803 3037 1127 3108 βεϐληκότος
1174 3039 1255 3101 εἰς
1299 3038 1399 3107 τὴν
1431 3035 1679 3107 καρδίαν,
1729 3033 1816 3088 ἵνα
1861 3051 1967 3087 πα-

394 3126 535 3199 ραδῷ
566 3127 728 3203 αύτὸν
769 3126 967 3189 Ἰούδας
991 3126 1234 3197 Σίμωνος
1280 3123 1653 3195 Ἰσκαριώτης,
1678 3124 1780 3176 οὐκ
1818 3121 1969 3176 ἀπώ-

2086 1932 2212 1985 tudo
2245 1933 2389 1985 enim
2417 1933 2561 1995 vitm,
2594 1944 2648 1986 et
2674 1935 2806 1987 anni
2840 1933 2965 1986 vita:
2998 1930 3051 1983 in
3084 1931 3310 1987 dextera
3337 1932 3498 2001 ejus;
3529 1944 3583 1988 et
3607 1937 3661 1989 in

2080 2020 2299 2073 sinistra
2335 2020 2452 2090 ejus
2483 2023 2687 2076 divitia:
2720 2031 2773 2076 et
2801 2022 2996 2091 gloria,
3028 2043 3046 2074 ι
3079 2037 3244 2092 supra
3274 2025 3659 2078 necessitatem

2080 2124 2200 2164 esse
2226 2111 2496 2166 dicentur.
2547 2115 2626 2166 Ac
2670 2114 2902 2170 fortasse
2941 2116 3049 2170 tale
3095 2128 3200 2184 est,
3252 2131 3377 2171 cum
3426 2117 3666 2188 alicujus

2079 2201 2169 2268 qui
2220 2201 2363 2256 lotus
2410 2204 2592 2267 fuerit,
2623 2204 2879 2260 lavantur
2914 2207 3081 2272 pedes
3115 2224 3144 2262 a
3181 2209 3274 2263 tali
3310 2207 3569 2279 Magistro
3600 2225 3664 2265 ac

2080 2288 2375 2347 Servatore
2397 2307 2411 2356 ;
2449 2309 2574 2346 nam
2614 2294 2818 2349 donum
2853 2296 2945 2351 Dei
2978 2298 3203 2353 excellit
3255 2299 3664 2364 necessitatem,

2078 2384 2529 2452 quemadmodum
2557 2386 2726 2440 etiam
2749 2402 2869 2443 esse
2901 2389 2952 2443 in
2989 2390 3163 2460 gloria
3196 2392 3353 2459 solis,
3380 2394 3462 2448 vel
3496 2393 3662 2460 lunaa,

2076 2475 2163 2529 vel
2221 2487 2498 2530 astrorum
2549 2478 2630 2545 ’⁸,
2685 2480 2737 2533 in
2805 2495 2963 2535 sacra
3026 2495 3364 2540 mortuorum
3418 2503 3661 2543 resurre-

2076 2566 2257 2621 ctione
2279 2583 2294 2632 ;
2320 2577 2486 2638 atque
2517 2571 2607 2639 qui
2649 2575 2881 2630 mundus
2902 2585 2986 2630 est
3014 2576 3231 2646 quidem
3256 2586 3310 2632 et
3340 2578 3502 2645 lotus,
3527 2593 3664 2649 opus

2076 2674 2182 2712 non
2245 2659 2408 2714 habet
2462 2673 2520 2716 ut
2570 2663 2803 2731 lavetur,
2857 2669 2951 2722 sed
2995 2668 3207 2722 lavatur
3255 2680 3480 2741 prepter
3530 2671 3661 2726 illud

2075 2752 2217 2819 quod
2251 2756 2500 2823 superius
2525 2757 2948 2827 assignavimus,
2972 2763 3234 2817 nimirum
3271 2767 3416 2833 quod
3453 2783 3472 2816 ι
3504 2766 3659 2821 omni

2074 2841 2295 2897 habenti
2341 2845 2581 2913 dabitur,
2623 2859 2680 2903 et
2731 2850 3019 2920 adjicietur
3063 2854 3109 2885 θ’
3149 2873 3164 2922 ;
3220 2873 3238 2906 ι
3279 2866 3335 2910 et
3369 2866 3430 2910 ut
3481 2857 3662 2926 inquit

2073 2935 2311 2994 Joannes
2351 2957 2366 2994 :
2403 2960 2420 2988 ε
2459 2941 2525 2995 Et
2556 2945 2792 2998 mundus
2847 2946 3138 3000 mundetur
3187 2947 3388 3012 adhuc,
3439 2958 3496 3002 et
3535 2964 3661 3003 san-

2073 3038 2192 3085 ctus
2224 3033 2596 3088 sanctilicetur
2631 3036 2811 3090 adhuc
2835 3038 2876 3095 ¹.
2902 3055 2919 3086 ι
2948 3038 3218 3094 Caeterum
3270 3040 3401 3096 illud
3432 3081 3447 3107 ,
3499 3060 3519 3093 ι
3548 3042 3660 3099 Vos

2071 3124 2258 3176 nmndi
2293 3124 2426 3180 estis
2449 3127 2492 3191 ²,
2538 3144 2558 3177 ι
2605 3127 2844 3183 refertur
2887 3130 2954 3183 ad
2988 3130 3261 3198 undecim,
3298 3133 3385 3187 cui
3429 3135 3657 3202 subjun-

391 3237 524 3273 σατο
555 3220 615 3273 τὸ
639 3219 987 3291 βεϐλημένον.
1018 3220 1219 3292 Διόπερ
1244 3222 1293 3273 οἰ
1323 3219 1422 3289 μὲν
1447 3218 1769 3289 λουσάμενοι
1794 3217 1967 3271 καθα-

2074 3214 2216 3282 gitur
2242 3215 2376 3270 illud
2413 3257 2429 3280 ,
2480 3234 2500 3268 ι
2543 3216 2663 3273 Non
2691 3234 2905 3286 omnes,
2960 3238 2979 3273 ι
3017 3231 3241 3292 propter
3284 3221 3652 3283 Iscariotem:

392 3313 475 3383 poi.
503 3312 717 3376 ἕνδεκα,
746 3311 826 3365 ἔτι
855 3310 1101 3380 ὲγένοντο
1123 3309 1819 3383 καθαρώτεροι,νιψάμενοι
1843 3311 1969 3374 τοὺς

386 3404 556 3467 πόδας
599 3405 702 3457 ὑπὸ
743 3404 837 3458 τοῦ
881 3403 1056 3474 Ἰησοῦ
1079 3421 1093 3435 °
1124 3406 1152 3457 6
1187 3404 1245 3457 δὲ
1290 3404 1391 3475 ἤδη
1435 3405 1509 3474 μὴ
1558 3401 1793 3473 καθαρὸς
1841 3402 1971 3456 Ἰού-

2076 3317 2307 3361 noverat
2357 3309 2500 3363 enim
2549 3325 2694 3377 eum,
2738 3325 2767 3365 a
2815 3328 2922 3380 quo
2981 3315 3321 3379 tradebatur,
3372 3333 3478 3371 non
3536 3333 3657 3375 esse

2080 3400 2338 3453 mundum
2366 3417 2381 3466 ;
2409 3401 2642 3469 primqu
2679 3404 2920 3473 quidem,
2955 3406 3099 3475 quod
3129 3418 3398 3476 pauperes
3439 3409 3515 3464 illi
3548 3427 3654 3466 non

384 3492 483 3557 δας
513 3498 560 3562 (ι
595 3494 653 3547 Ὀ
688 3494 931 3564 ῥυπαρὸς
955 3514 972 3545 ι
1005 3493 1137 3566 γὰρ,
1193 3495 1345 3565 φησί,
1386 3512 1405 3544 ι
1437 3492 1763 3565 ῥυπανθήτω
1803 3491 1884 3546 ἔτι
1917 3492 1965 3564 ι)

2074 3500 2258 3545 essent
2295 3506 2440 3546 cura:
2468 3492 2508 3557 ³,
2532 3490 2620 3546 fur
2652 3510 2776 3549 cum
2824 3507 2994 3561 esset,
3038 3508 3094 3552 et
3137 3500 3280 3567 quod
3316 3502 3654 3571 marsupium

384 3587 578 3654 γέγονε
607 3585 989 3659 ρυπαρώτερος
1010 3588 1103 3641 xui.
1126 3587 1453 3660 ἀκάθαρτος,
1484 3588 1573 3640 ὅτε
1599 3586 1738 3658 μετά
1763 3585 1826 3640 τὸ
1849 3585 1965 3656 ψω-

2075 3583 2303 3650 habens,
2331 3599 2450 3653 qua:
2476 3584 2913 3641 innnittebantur
2946 3590 3186 3645 auferret
3217 3608 3233 3657 ;
3269 3592 3463 3647 deinde
3509 3596 3655 3664 quod

388 3677 510 3748 μίον
541 3675 787 3748 εἰσῆλθεν
815 3678 844 3729 6
880 3678 1141 3741 Σατανᾶς.

2074 3688 2231 3729 cmna
2268 3676 2410 3729 facta
2452 3692 2574 3731 cum
2621 3677 2733 3747 jam
2781 3679 3032 3737 diabolus
3083 3682 3404 3739 immisisset
3458 3685 3512 3739 in
3558 3701 3655 3741 cor

387 3770 556 3839 ipsius
578 3767 729 3822 Juda:
754 3768 991 3825 Simonis
1008 3770 1279 3825 Iscariota:
1301 3778 1361 3824 ut
1394 3769 1647 3840 proderet
1665 3767 1873 3832 Jesum,
1894 3782 2000 3822 non
2027 3766 2224 3836 repulit
2246 3766 2527 3822 ferientem
2550 3768 2592 3822 ⁸.
2615 3768 2879 3835 Quocirca
2905 3771 3000 3826 loti
3032 3774 3280 3829 undecim
3315 3776 3480 3830 etiam
3505 3792 3659 3830 mun-

384 3862 565 3917 diores
589 3861 713 3916 facti
742 3862 912 3926 fuere,
939 3878 1059 3917 cum
1084 3863 1299 3918 illorum
1324 3866 1485 3931 pedes
1512 3863 1731 3917 lavisset
1758 3860 1917 3916 Jesus
1943 3876 1959 3925 ;
1990 3869 2045 3914 et
2071 3858 2239 3914 Judas
2269 3875 2373 3915 non
2409 3862 2641 3918 mundus
2663 3863 2709 3935 (ι
2737 3863 3000 3921 Sordidus
3033 3863 3236 3932 renim,
3260 3867 3455 3937 inquit,
3493 3885 3513 3919 ι
3533 3884 3654 3922 sor-

383 3957 807 4013 descatadhuc'
839 3975 857 4007 ι
885 3958 927 4026 ),
976 3957 1150 4013 factus
1186 3967 1267 4013 est
1303 3959 1573 4013 sordidior
1608 3964 1664 4011 et
1695 3955 2043 4021 immundior,
2094 3956 2311 4025 quando
2346 3966 2468 4026 post
2500 3957 2797 4012 buccellam
2831 3958 3055 4013 intravit
3084 3960 3136 4013 in
3173 3960 3320 4014 illum
3354 3961 3589 4016 Satanas
3607 3963 3650 4015 ⁸.

453 4053 507 4106 7.
551 4072 569 4104 ι
593 4053 721 4106 Ὅτε
752 4047 844 4105 οῦν
870 4051 1017 4122 ἕνιψε
1031 4054 1156 4117 τοὺς
1185 4053 1352 4117 πόδας
1377 4052 1575 4116 αὐτῶν,
1605 4053 1698 4106 xui.
1709 4050 1867 4104 ἔλαϐε
1894 4049 1962 4104 τὰ

2139 4051 2192 4102 7.
2239 4069 2257 4101 ι
2290 4050 2583 4121 Postquam
2624 4066 2754 4121 ergo
2783 4051 2910 4106 lavit
2950 4053 3118 4122 pedes
3148 4056 3645 4124 eorum,receptis-

384 4145 576 4215 ἱμάτια
625 4143 814 4206 αὐτοῦ,
860 4144 953 4197 xui.
1002 4144 1270 4207 ἀνέπεσε,
1325 4145 1485 4199 πάλιν
1539 4140 1689 4198 εἶπεν
1746 4144 1954 4206 αὐτοῖς·

2074 4155 2171 4211 que
2200 4141 2441 4194 vestibus
2470 4142 2586 4196 suis
2618 4144 2812 4196 iterum
2844 4143 3122 4212 accubuit,
3153 4144 3293 4198 dixit
3321 4145 3401 4200 eis
3429 4164 3443 4200 :
3479 4143 3648 4202 Scitis

382 4234 684 4290 Γινώσκετε
726 4236 778 4289 τί
828 4236 1103 4305 πεποίηκα
1145 4237 1309 4308 ὑμῖν;
1370 4235 1606 4290 Φωνεῖτέ
1664 4252 1754 4307 με,
1801 4237 1829 4288 6
1865 4237 1956 4288 Δι-

2074 4234 2191 4304 quid
2231 4231 2457 4287 fecerim
2499 4234 2654 4289 vobis
2681 4234 2703 4288 ?
2731 4232 2838 4289 Vos
2874 4236 3086 4290 vocatis
3126 4250 3213 4289 me
3240 4236 3555 4305 Magistrum
3581 4252 3647 4292 ac

379 4327 665 4392 δάσκαλος,
696 4329 791 4381 xui.
816 4328 845 4379 6
870 4326 1092 4399 Κύριος,
1110 4329 1205 4382 καί
1227 4327 1406 4392 καλῶς
1431 4327 1618 4397 λέγετε
1642 4345 1656 4358 υ
1682 4327 1797 4398 εἰμί
1823 4327 1950 4398 γάρ·

2074 4325 2369 4387 Domiuum,
2411 4332 2467 4378 et
2498 4323 2635 4379 bene
2688 4323 2870 4379 dicitis
2916 4339 2932 4388 ;
2985 4340 3106 4379 sum
3161 4326 3364 4380 etenim
3394 4343 3408 4381 :
3435 4325 3481 4380 si
3512 4340 3645 4395 ergo

380 4422 429 4474 εἰ
461 4416 552 4475 οὖν
585 4420 695 4489 ἐγὼ
727 4421 883 4491 ἔνιψα
916 4422 1070 4492 ὑμῶν
1115 4422 1240 4485 τοὺς
1288 4422 1471 4486 πόδας,
1511 4422 1542 4473 6
1580 4419 1783 4491 Κύριος
1809 4418 1904 4471 xui.
1928 4420 1958 4472 6

2074 4413 2164 4469 .avi
2197 4414 2360 4484 pedes
2392 4423 2605 4470 vestros
2653 4413 2918 4469 Dominus
2959 4423 3014 4468 et
3064 4413 3342 4485 Magister,
3372 4430 3476 4471 vos
3503 4432 3642 4485 quo-

372 4510 839 4577 Διδάσκαλος,καί
864 4513 1021 4585 ὑμεῖς
1045 4513 1290 4584 ὀφείλετε
1319 4512 1565 4585 ἀλλήλων
1592 4512 1799 4566 νίπτειν
1830 4512 1957 4574 τοὺς

2074 4521 2165 4577 lue
2214 4505 2424 4561 debetis
2479 4506 2711 4560 invicem
2758 4505 2852 4559 alii
2902 4505 3136 4560 aliorum
3193 4506 3379 4561 lavare
3426 4510 3638 4578 pedes:

380 4603 576 4666 πόδας*
623 4605 926 4677 ὑπόδειγμα
968 4607 1075 4679 γὰρ
1105 4605 1279 4659 ἔδωκα
1314 4605 1464 4674 ὑμῖν·
1506 4604 1594 4658 ἴνα
1634 4602 1818 4667 καθὼς
1845 4600 1956 4670 ἐγὼ

2074 4596 2359 4666 :xemplum
2411 4596 2556 4651 enim
2588 4596 2796 4667 praebui
2840 4598 3018 4663 vobis,
3073 4606 3130 4652 ut
3178 4597 3639 4666 quemadmodum

378 4693 609 4765 ἐποίησα
634 4695 783 4765 ὑμῖν,
812 4698 906 4749 xui.
939 4698 1094 4768 ὑμεῖς
1116 4697 1323 4768 ποιῆτε.
1350 4714 1367 4746 ι
1391 4694 1550 4758 Εἰκὸς
1578 4695 1703 4757 τοὺς
1732 4695 1957 4765 νοήσαν-

376 4799 476 4846 τας
499 4783 560 4836 τὸ
591 4783 819 4853 μέγεθος
859 4786 958 4856 τῆς
1001 4784 1175 4856 Ἰησοῦ
1215 4783 1517 4854 δυνάμεως,
1559 4782 1653 4836 xui.
1695 4781 1957 4844 συνέντας

375 4869 430 4922 τί
461 4870 747 4939 πεποίηκε,
777 4871 939 4941 νίψας
965 4874 1089 4936 τοὺς
1117 4872 1285 4935 πόδας
1313 4872 1421 4924 τῶν
1447 4870 1723 4942 μαθητῶν,
1752 4871 1839 4924 ἴνα
1862 4871 1957 4925 καὶ

375 4963 446 5017 τὰ
473 4962 775 5019 τελευταῖα.
813 4964 904 5017 καὶ
947 4964 1016 5018 τά
1064 4966 1294 5035 τυχόντα
1340 4963 1521 5018 αὐτῶν
1573 4962 1788 5036 καθάρῃ
1817 4962 1957 5016 ἀπο-

376 5054 599 5118 πλύνας,
635 5055 729 5107 καί
757 5054 825 5108 τὰ
853 5058 919 5126 τῇ
963 5059 1033 5127 γῇ
1079 5056 1366 5126 ὁμιλοῦντα
1403 5057 1653 5128 σώματα,
1686 5050 1766 5111 ὧν
1791 5050 1858 5126 ἦν
1887 5053 1956 5107 τά

377 5145 604 5218 σώματα
631 5149 814 5200 ὲκεῖνα
843 5147 1129 5218 σύμϐολον.
1166 5146 1550 5219 θαυμάσαντας
1579 5146 1642 5200 τὸ
1682 5150 1740 5201 ἐν
1780 5148 1846 5217 τῇ
1874 5144 1954 5199 νί-

371 5236 463 5307 ψει
493 5237 673 5309 ἔργον,
702 5239 803 5291 οὐκ
845 5237 912 5291 ἂν
944 5239 1210 5311 τολμῆσαι
1235 5241 1330 5293 xui.
1352 5242 1546 5306 αὐτοὺς
1576 5242 1639 5295 τὸ
1668 5239 1954 5310 τηλικοῦτο

372 5329 598 5401 πρᾶξαι,
649 5333 1005 5404 μικροτέρους
1051 5328 1189 5387 εἶναι
1224 5332 1544 5404 νομίζοντας
1591 5335 1817 5397 ἑαυτοὺς
1856 5330 1953 5385 τοῦ

440 5423 488 5456 ⁸⁸
516 5422 534 5475 1
561 5423 701 5479 Tim.
729 5441 803 5487 vr,
827 5427 880 5482 8.
956 5427 1011 5495 "7
1033 5426 1183 5481 Joan.
1212 5429 1396 5495 v.25.

2057 4702 2158 4758 ego
2184 4687 2287 4742 feci
2323 4687 2502 4754 vobis,
2556 4702 2654 4743 vos
2710 4703 2925 4758 quoque
2962 4688 3180 4745 faciatis
3211 4688 3256 4744 ".
3285 4708 3306 4743 ι
3350 4687 3640 4745 Probabile

2058 4789 2140 4833 est
2176 4794 2269 4834 eos
2297 4780 2388 4849 qui
2421 4779 2864 4836 considerassent
2911 4781 3341 4849 magnitudinem
3381 4781 3639 4850 potentia:

2058 4871 2207 4938 Jesu,
2248 4872 2454 4940 quique
2485 4872 2886 4928 intellexissent
2934 4873 3062 4941 quid
3111 4870 3317 4927 factum
3365 4870 3560 4927 fuisset
3605 4862 3637 4926 εἰ

2057 4967 2205 5029 Jesu,
2238 4967 2328 5037 qui
2359 4967 2563 5021 lavavit
2589 4969 2754 5037 pedes
2783 4967 3202 5035 discipulorum,
3236 4976 3297 5021 ut
3324 4965 3543 5020 ultimas
3567 4981 3633 5022 ac

2058 5060 2200 5114 viles
2228 5060 2469 5128 ipsorum
2504 5070 2713 5129 partes,
2761 5075 2825 5113 ac
2858 5075 3088 5130 corpora
3139 5058 3290 5113 humi
3337 5059 3634 5124 versantia,

2057 5165 2291 5220 quorum
2320 5159 2445 5206 nota
2475 5162 2633 5206 erant
2668 5151 2760 5206 illa
2788 5167 3047 5221 corpora,
3103 5152 3415 5218 mundarel,
3462 5152 3635 5207 admi-

2060 5254 2213 5298 ratos
2243 5258 2440 5314 opuse
2490 5244 2764 5300 lavatioue
2814 5245 3161 5314 proveniens,
3213 5245 3633 5314 haudquaquam

2060 5346 2291 5388 ausuros
2318 5331 2490 5388 fuisse
2527 5348 2641 5388 rem
2691 5333 2855 5389 talem
2903 5336 3065 5390 etiam
3119 5334 3269 5404 ipsos
3302 5335 3504 5402 facere,
3553 5346 3633 5390 te-

1471 5430 1518 5462 "
1544 5429 1688 5483 Psal.
1723 5445 1902 5486 xxxvr.
1935 5427 1972 5482 4η

2074 5427 2107 5496 [⁷
2131 5425 2287 5482 Prov.
2318 5443 2404 5490 tu,
2428 5427 2511 5483 l6.
2590 5430 2637 5462 ⁸⁸
2661 5429 2679 5484 l
2700 5430 2824 5484 Cor.
2851 5445 2938 5495 xv,
2963 5429 3053 5484 41.
3116 5431 3160 5462 ⁹⁹
3186 5429 3372 5484 Matth.
3393 5446 3517 5496 xxv,
3536 5430 3629 5488 29.

374 5495 749 5571 tepor-.xxn,
796 5496 883 5551 ll.
961 5494 1151 5551 'Joau.
1187 5493 1309 5564 xui,
1358 5499 1442 5553 10.
1517 5499 1539 5530 ³
1565 5497 1721 5553 Joan.
1756 5515 1855 5567 xu,
1891 5498 1957 5552 δέ

2074 5493 2219 5552 loan.
2272 5498 2477 5562 xnt,2.
2552 5500 2767 5571 llApoc.
2820 5493 2957 5566 xxii,
2990 5500 3076 5553 ll.
3153 5493 3627 5567 ‘Joan.xm,27.

371 5563 392 5595 ⁷
418 5565 550 5618 ibid.
582 5565 645 5618 12
667 5580 784 5620 seu.

418 5583 550 5618 lltltl-
582 5583 645 5618 xz
667 5583 726 5620 se
768 5604 784 5619 .

410 5660 552 5740 .(l7)
579 5662 688 5740 Καὶ
821 5663 944 5740 οὐκ.
964 5662 1131 5727 ἄνευ,
1165 5663 1404 5740 ἀλλ’-ᾡς
1436 5662 1718 5740 περισσά.
1742 5662 1936 5740 Perio-

2043 5661 2261 5733 possint
2290 5662 2635 5733 vivere,_sed
2674 5671 2929 5733 tauquam
2977 5659 3287 5733 superflua;
3322 5678 3342 5711 ι
3410 5661 3627 5733 videtur

305 5720 313 5726 ’
370 5720 491 5803 nius
524 5720 590 5803 ex
624 5731 792 5803 Regio
828 5734 1033 5803 codice,
1088 5720 1203 5788 (et
1233 5720 1432 5803 quibus
1485 5720 1590 5789 u'on
1649 5737 1767 5789 sine
1818 5733 1939 5788 aliis

2074 5734 2243 5801 egisse
2267 5732 2373 5803 xui.
2396 5720 2627 5784 ὤν’ἆνευ
2654 5730 2752 5784 ούκ
2778 5720 2845 5784 ἀν
2863 5720 3111 5784 δύναιντο
3148 5729 3361 5802 διαζῇν,
3401 5731 3516 5786 ἀλλ’
3548 5732 3624 5794 ὡς

369 5801 667 5858 abundent.
699 5801 726 5856 ἰ
754 5805 824 5860 At
870 5802 1198 5868 Ferrarius,
1252 5801 1270 5857 ξ
1316 5815 1369 5861 et
1417 5805 1536 5862 sine
1598 5804 1794 5875 quibus
1830 5819 1938 5859 non

2048 5801 2302 5877 περισσά.
2334 5801 2595 5858 ΙΙυΕτιυιι.
