4182 6412
491 366 595 422 757

1945 365 2270 424 ORIGENIS

3638 360 3741 416 768

487 483 711 539 nuiores
739 497 799 539 se
824 496 946 540 esse
974 479 1381 550 existimantes,
1415 496 1580 553 quam
1611 482 1702 554 qui
1738 494 1958 554 possent
1987 484 2066 540 la-

2176 487 2374 539 νίπτειν
2395 485 2522 549 τοὺς
2545 483 2708 548 πόδας
2729 482 2822 537 τοῦ
2847 484 2952 536 ἔσω
2979 482 3071 536 καὶ
3093 482 3157 534 ὲν
3179 479 3404 552 κρυπτῷ
3429 477 3740 552 ἀνθρώπου,

490 588 620 628 vare
645 576 810 644 pedes
839 574 1129 630 interiores
1161 583 1217 631 et
1243 574 1444 631 occulti
1471 574 1738 639 hominis,
1769 574 1852 627 vel
1871 589 2059 630 eorum

487 667 584 734 qui
636 665 756 720 haec
798 666 1201 736 amplectuntur
1255 666 1350 723 Dei
1401 667 1690 737 dogmata,
1741 665 1907 737 420
1957 667 2062 721 nisi

498 755 660 812 Jesus
689 772 787 826 per
822 773 884 813 ea
913 773 1034 828 quae
1062 759 1308 828 exposita
1336 769 1484 825 sunt,
1522 757 1590 813 ad
1623 758 1724 813 hoc
1747 759 2065 812 adhortatus

489 849 684 904 fuisset
734 866 848 918 eos,
907 851 1077 922 ﬁgura
1129 855 1398 908 ιτωιιιιιιιίε
1445 861 1801 920 reassumpta,
1850 853 2066 922 quando

490 943 754 998 docturus
780 953 899 999 erat
927 959 989 1000 ea
1028 959 1148 1013 qua:
1176 944 1435 999 dicuntur
1466 944 1532 998 ad
1564 959 1660 1000 eos
1689 943 1779 1013 qui
1804 943 1914 1013 jam
1950 959 2062 999 etn-

494 1040 708 1088 narant.
741 1033 920 1102 Atque
951 1051 1161 1088 summa
1211 1035 1432 1105 quidem
1487 1029 1828 1098 austeritate,
1859 1034 2064 1088 oratio-

494 1139 671 1195 neque
697 1126 764 1180 ad
792 1127 1193 1182 admonendum
1217 1127 1457 1180 maxime
1485 1125 1898 1180 accommodata
1931 1125 2066 1198 (quo

494 1227 855 1286 agnoscerent
893 1219 1039 1287 quod
1069 1229 1250 1274 actum
1276 1217 1471 1288 fuerat)
1506 1219 1707 1274 dictum
1742 1229 1862 1273 est:
1901 1236 1920 1270 ι
1949 1218 2067 1271 Sci-

493 1306 564 1361 tis
593 1307 723 1377 quid
762 1307 986 1364 fecerim
1030 1309 1319 1365 vobis”;
1368 1309 1601 1364 Verbum
1660 1319 1842 1363 autem
1895 1311 2065 1376 scitis,

491 1411 591 1465 per
620 1398 1104 1470 interrogationem
1155 1401 1440 1468 legendum
1471 1409 1573 1462 est,
1617 1408 1676 1455 ut
1701 1400 1956 1455 ostendat
1989 1401 2067 1456 rei

491 1495 660 1556 gesta:
686 1489 1151 1558 magnitudinem;
1177 1490 1263 1543 vel
1299 1489 1622 1558 imperantis
1655 1490 1835 1557 modo,
1870 1507 2069 1560 cogno-

493 1579 641 1640 scite,
693 1581 760 1632 ad
813 1581 1157 1635 excitandum
1209 1580 1426 1636 illorum
1473 1583 1913 1654 intelligentiam,
1963 1598 2066 1652 qua

493 1669 648 1724 illum
715 1684 1107 1740 cognoscerent
1164 1675 1559 1742 perpendentes
1649 1674 1779 1743 quid
1858 1685 2068 1744 gestum

495 1761 708 1816 luisset.
762 1761 987 1817 Summa
1024 1773 1208 1818 autem
1246 1765 1482 1833 Magistri
1538 1766 1870 1821 auctoritate
1918 1781 2061 1821 sum-

495 1864 698 1920 maque
719 1852 890 1906 animi
932 1853 1235 1909 intentione
1269 1829 1630 1924 persuadendi
1673 1855 1816 1920 illos,
1868 1857 2069 1911 dictum
2103 1829 2144 1884 Β

493 1953 578 1997 est
605 1963 618 1998 :
657 1964 678 1996 ι
711 1943 820 1999 Vos
850 1949 1064 2002 vocatis
1096 1963 1182 2001 me
1208 1947 1521 2018 Magistrum
1563 1964 1625 2004 ac
1676 1951 1984 2016 Dominum,
2018 1959 2073 2005 et

497 2035 634 2090 bene
655 2037 869 2100 dicitis;
910 2053 1029 2092 sum
1072 2041 1272 2094 etenim
1315 2060 1328 2096 :
1375 2046 1420 2099 si
1454 2061 1584 2116 ergo
1635 2061 1733 2117 ego
1764 2045 1868 2098 lavi
1908 2044 2072 2114 pedes

493 2140 712 2186 vestros
743 2129 1000 2201 Magister
1053 2142 1109 2187 et
1150 2132 1438 2204 Dominus,
1493 2151 1547 2196 et
1591 2157 1688 2195 vos
1724 2142 1936 2196 debetis
1978 2140 2071 2195 alii

497 2220 732 2276 aliorum
767 2223 952 2280 lavare
981 2226 1146 2296 pedes
1170 2229 1214 2282 '.
1247 2246 1266 2280 ι
1301 2227 1461 2284 Lavit
1483 2232 1698 2300 quidem
1723 2230 1884 2287 Jesus
1909 2231 2073 2287 disci-

495 2313 745 2382 pulorum
785 2317 969 2384 pedes,
1003 2327 1276 2386 quatenus
1301 2334 1490 2374 eorum
1522 2321 1782 2392 Magister
1823 2338 1838 2388 ;
1885 2323 2078 2390 pedes-

494 2419 604 2474 que
647 2419 962 2476 servorum,
995 2421 1268 2479 quatenus
1315 2410 1577 2468 Dominus
1623 2422 1761 2468 erat.
1816 2413 2074 2468 Doctrina

497 2496 642 2548 enim
672 2507 934 2566 purgatur
967 2501 1144 2569 pulvis
1184 2504 1276 2572 qui
1317 2517 1386 2557 ex
1439 2515 1584 2558 terra
1617 2504 1889 2575 rebusque
1923 2520 2077 2558 mun-

497 2585 656 2640 danis
680 2600 1020 2657 contractus,
1073 2608 1179 2648 non
1227 2594 1296 2648 ad
1341 2594 1488 2650 aliud
1517 2596 1780 2666 pertingit
1812 2611 1974 2666 quam
2011 2596 2079 2651 ad

497 2686 777 2735 extremas
807 2681 1136 2752 intimasque
1170 2696 1352 2754 partes
1377 2686 1765 2756 discipulorum
1792 2707 1806 2742 :
1835 2687 2081 2742 domina-

502 2768 651 2824 tione
681 2785 813 2826 vero
841 2773 1202 2844 principatum
1227 2786 1281 2830 et
1313 2786 1637 2846 potestatem
1670 2779 1944 2844 habentis,
1987 2781 2080 2834 ab-

495 2861 765 2930 jiciuntur
788 2879 849 2918 ea
881 2882 1001 2934 quae
1031 2869 1194 2937 pedes
1239 2871 1526 2939 inquinant
1554 2888 1746 2928 eorum
1778 2872 1870 2941 qui
1903 2872 2082 2926 adhuc

499 2952 587 3004 vel
621 2953 844 3022 vulgare
879 2971 944 3010 ac
969 2957 1352 3029 qualecunque
1393 2962 1870 3032 inquinamentum
1909 2963 2084 3018 susci-

505 3041 683 3108 piunt,
717 3045 846 3112 quia
882 3047 1180 3103 etiamnum
1216 3051 1457 3106 habeant
1487 3053 1740 3124 spiritum
1780 3055 2081 3112 servitutis.

499 3134 614 3189 Nec
648 3136 790 3192 ullus
835 3141 1094 3196 cordatus
1153 3143 1400 3199 dicturus
1445 3153 1531 3200 est
1566 3144 1774 3212 Iesum,
1815 3159 2082 3218 quatenus

2165 577 2199 648 ἢ
2232 577 2338 630 τῶν
2368 578 2437 631 τὰ
2468 577 2606 630 αὐτὰ
2639 573 3032 646 ἀσπαζομένων
3055 573 3149 628 τοῦ
3177 573 3313 626 Θεοῦ
3339 569 3738 642 δόγματα(18),

2166 670 2215 721 εἰ
2251 669 2324 740 μὴ
2350 669 2378 720 6
2410 668 2614 738 Ἰησοῦς
2638 667 2726 720 διὰ
2748 667 2854 721 τῶν
2887 665 3218 737 ἐκκειμένων
3243 665 3336 717 ἐπὶ
3361 663 3519 716 τοῦτο
3544 663 3743 727 αὐτοὺς·

2168 759 2560 831 προετρέψατο,
2582 759 2642 812 τὸ
2665 759 2848 829 σχῆμα
2869 757 2961 811 τοῦ
2976 756 3336 820 δειπνοῦντος,
3359 756 3447 808 ὅτε
3470 754 3743 808 διδάσκειν

2166 851 2364 914 αὐτοὺς
2397 850 2594 922 ἤμελλε
2623 850 3013 921 δειπνήσαντας
3032 848 3100 902 τὰ
3118 848 3406 919 λεγόμενα,
3434 845 3738 901 ἀναλαϐών·

2165 941 2665 1012 δυσωπητικώτατα
2725 941 2823 1012 μὲν
2869 941 2999 1012 γὰρ,
3044 942 3134 993 καὶ
3165 942 3256 994 ἐπὶ
3288 940 3387 1012 τὴν
3421 941 3622 1009 γνῶσιν
3647 939 3742 991 τοῦ

2167 1033 2449 1103 γινομένου
2471 1030 2991 1105 προτρεπτικώτατα
3014 1032 3360 1085 λέλεκταιτό·
3393 1051 3412 1083 ι
3436 1030 3744 1085 Γινώσκετε

2167 1125 2220 1178 τί
2253 1127 2527 1197 πεποίηκα
2571 1127 2699 1194 ὑμῖν
2720 1142 2734 1191 ;
2759 1144 2778 1178 ι
2813 1126 2950 1197 ὅπερ
2986 1125 3103 1196 ἦτοι
3147 1123 3577 1194 ὲρωτηματικῶς
3610 1123 3744 1176 ἀνα-

2169 1219 2458 1288 γνωστέον,
2506 1221 2572 1272 ἵν’
2603 1219 2906 1290 ὲμφήναιτο
2933 1216 3027 1271 τοῦ
3063 1217 3354 1287 γενομένου
3387 1217 3449 1269 τὸ
3481 1215 3742 1287 μέγεθοςο

2168 1311 2202 1382 ἢ
2232 1310 2664 1382 προστακτικῶς,
2693 1311 2780 1364 ἵνα
2817 1309 2996 1364 αὐτῶν
3027 1309 3265 1380 διεγείρῃ
3313 1309 3405 1361 τὸν
3434 1309 3554 1362 νοῦν
3580 1310 3660 1372 είς
3678 1307 3749 1379 ,τὸ

2169 1403 2257 1457 διά
2280 1402 2373 1456 τοῦ
2407 1403 2696 1472 ἐπιστῆσαι
2726 1402 2804 1474 τῷ
2834 1403 2978 1474 ἔργῳ
3007 1402 3188 1455 λαϐεῖν
3219 1402 3383 1455 αὑτοῦ
3405 1401 3502 1472 τὴν
3521 1402 3743 1469 γνῶσιν.

2169 1494 2680 1549 Διδασκαλικώτατα
2706 1495 2762 1548 δὲ
2793 1495 2932 1566 μετά
2959 1494 3051 1549 τοῦ
3083 1495 3462 1564 δυσωπητικοῦ
3499 1494 3748 1548 λέλεκται

2169 1585 2264 1638 τό·
2297 1605 2316 1638 ι
2350 1585 2540 1656 Ὑμεῖς
2562 1587 2787 1654 φωνεῖτέ
2817 1603 2905 1657 με,
2927 1587 3316 1650 ὁΔιδάσκαλος,
3336 1587 3431 1639 καὶ
3462 1589 3490 1640 6
3520 1587 3744 1658 Κύριος,

2170 1676 2267 1730 καὶ
2297 1676 2477 1740 καλῶς
2507 1675 2714 1744 λέγετε,
2749 1678 2864 1747 εἰμὶ
2900 1677 3026 1747 γάρ·
3055 1679 3103 1730 εί
3134 1672 3228 1730 οὖν
3257 1675 3368 1745 ἐγὼ
3413 1671 3569 1741 ἔνιψα
3595 1675 3748 1741 ὑμῶν

2171 1770 2298 1831 τοὺς
2328 1768 2513 1830 πόδας,
2545 1771 2572 1820 6
2612 1767 2835 1839 Κύριος,
2884 1770 2978 1821 καὶ
3022 1768 3416 1830 ὁΔιδάσκαλος,
3456 1766 3550 1819 atat
3591 1768 3749 1837 ὑμεῖς

2173 1859 2410 1928 ὀφείλετε
2434 1858 2675 1929 ἀλλήλων
2697 1859 2904 1913 νίπτειν
2925 1861 3051 1922 τοὺς
3073 1861 3256 1924 πόδας.
3283 1877 3301 1910 ι
3333 1860 3392 1912 '0
3416 1859 3514 1928 μὲν
3539 1858 3747 1928 Ἰησοῦς

2171 1950 2320 2020 ἔνιψε
2347 1951 2473 2014 τοὺς
2508 1949 2677 2013 πόδας
2699 1949 2809 2002 τῶν
2838 1949 3114 2021 μαθητῶν,
3143 1944 3522 2023 ᾖΔιδάσκαλος
3549 1949 3748 2011 αὐτῶν,

2172 2043 2413 2107 καὶτοὺς
2438 2042 2602 2106 πόδας
2621 2042 2729 2096 τῶν
2759 2042 2978 2102 δούλων,
3077 2041 3279 2113 Κύριος
3306 2038 3394 2113 ἦν.
3425 2042 3753 2113 Διδασκαλία

2171 2135 2280 2208 γὰρ
2301 2137 2330 2189 6
2359 2135 2465 2188 ἀπὸ
2490 2134 2594 2204 γῆς
2617 2134 2711 2187 καὶ
2732 2134 2842 2186 τῶν
2871 2134 3150 2204 κοσμικῶν
3175 2133 3518 2206 πραγμάτων
3544 2151 3754 2204 κονιορ-

2170 2228 2283 2293 τὸς,
2319 2225 2537 2296 φθάνων
2573 2225 2672 2278 οὐκ
2700 2226 2793 2278 ἐπὶ
2818 2224 2946 2280 ἄλλο
2974 2243 3026 2277 τι
3054 2225 3087 2295 ἢ
3117 2225 3208 2278 ἐπὶ
3241 2223 3308 2278 τὰ
3336 2223 3622 2279 τελευταῖα
3658 2226 3753 2278 καὶ

2173 2318 2245 2372 τὰ
2269 2319 2420 2372 κάτω
2445 2318 2554 2372 τῶν
2589 2316 2865 2388 μαθητῶν,
2905 2315 3364 2387 ἀποκαθαίρεται·
3394 2316 3530 2370 ἀλλὰ
3570 2316 3664 2370 καὶ
3684 2318 3750 2386 τῇ

2175 2411 2459 2481 κυριότητι
2493 2411 2587 2464 τοῦ
2637 2410 2918 2480 ἄρχοντος,
2971 2408 3375 2474 ὲξουσιάζοντος
3412 2409 3540 2474 τῶν,
3581 2408 3668 2462 διὰ
3692 2411 3753 2462 τὸ

2174 2502 2254 2556 ἔτι
2284 2502 2430 2572 ἔχειν
2467 2502 2530 2554 τὸ
2565 2502 2664 2572 τῆς
2701 2499 2944 2564 δουλείας
2973 2501 3211 2570 πνεῦμα,
3261 2500 3368 2554 κᾶν
3390 2500 3481 2552 τὸν
3523 2501 3754 2570 τυχόντα

2180 2591 2452 2663 μολυσμὸν
2494 2590 2575 2644 ἐτι
2601 2589 2928 2660 δεχομένων,
2966 2587 3036 2640 τὰ
3074 2587 3368 2659 μολύνοντα
3414 2589 3540 2651 τοὺς
3591 2587 3756 2650 πόδας

2177 2683 2560 2738 ἀποδάλλεται.
2585 2683 2696 2736 Καὶ
2717 2683 2816 2735 οὐκ
2837 2683 2901 2736 ἄν
2921 2698 3006 2744 τις
3041 2679 3318 2752 εὐφρονῶν
3345 2679 3514 2748 λέγοι,
3541 2674 3575 2752 ᾖ
3615 2678 3754 2749 θύρα

2178 2776 2315 2841 ἐστὶ,
2353 2775 2447 2828 τὸν
2493 2772 2783 2844 Ἰησοῦν,ἢ
2901 2772 3124 2843 ποιμὴν,
3164 2771 3197 2842 ἢ
3317 2771 3519 2842 ἰατρὸς,
3546 2770 3756 2823 νίπτειν

2177 2869 2304 2932 τοὺς
2331 2867 2498 2929 πόδας
2522 2866 2631 2918 τῶν
2661 2862 2918 2935 μαθητῶν
2956 2863 3051 2916 καὶ
3092 2862 3312 2915 δούλων.
3351 2859 3492 2930 Ἐγὼ
3517 2860 3562 2913 δ’
3587 2858 3754 2930 ἡγοῦ-

2183 2977 2303 3031 μαι,
2332 2959 2414 3012 ὅτι
2440 2957 2775 3028 ἐπιδέχονται
2800 2954 2910 3026 (l9)
2949 2955 3010 3008 τὸ
3040 2953 3247 3007 δεῖσθαι
3289 2953 3388 3023 τῆς
3419 2951 3527 3005 ἀπὸ
3557 2951 3650 3003 τοῦ
3669 2948 3756 3002 Δι-

2180 3050 2446 3105 δασκάλου
2473 3049 2668 3119 νίψεως
2695 3049 2744 3101 οἱ
2774 3047 2934 3109 πόδες
2963 3046 3071 3099 τῶν
3105 3045 3379 3116 μαθητῶν,
3403 3044 3526 3098 ὅσον
3544 3041 3756 3096 οὐδέπω

2185 3145 2437 3218 εἰλήφασι
2480 3142 2542 3195 τὸ
2598 3140 2861 3213 ἀρκετὸν,
2909 3139 3023 3192 ἀλλ’
3069 3138 3148 3191 ἔτι
3202 3137 3478 3190 λείπουσιν
3526 3135 3606 3198 είς
3658 3135 3753 3187 τό·

491 3227 733 3292 ostium,
755 3230 841 3285 vel
869 3243 1141 3300 quatenus
1175 3245 1380 3304 pastor,
1414 3237 1496 3291 vel
1526 3246 1798 3306 quatenus
1841 3239 2078 3296 medicus

2190 3258 2208 3290 ι
2240 3236 2493 3310 Ἀρκετὺν
2524 3235 2602 3306 τῷ
2637 3233 2872 3305 μαθητῇ,
2901 3233 2988 3284 ἵνα
3026 3230 3250 3301 γένηται
3277 3229 3352 3292 ὡς
3383 3230 3411 3281 6
3439 3226 3755 3289 διδάσκαλος

501 3323 612 3378 est,
648 3316 1052 3384 discipulorum
1087 3333 1142 3377 et
1171 3339 1460 3380 servorum
1503 3327 1690 3381 lavare
1735 3328 1923 3397 pedes.
1969 3329 2082 3398 Ego

500 3417 633 3460 vero
658 3409 920 3474 arbitror,
957 3413 1214 3481 quoniam
1239 3415 1636 3481 discipulorum
1679 3418 1846 3487 pedes
1896 3436 2082 3476 neces-

501 3499 722 3555 sitatem
751 3503 1025 3572 recipiunt
1062 3513 1122 3558 ut
1165 3521 1195 3559 a
1240 3505 1504 3576 Magistro
1536 3509 1806 3576 laventur,
1841 3513 2080 3566 nondum

505 3592 824 3663 percepisse
871 3593 1015 3662 quod
1067 3594 1178 3650 illis
1217 3607 1366 3652 esset
1409 3598 1586 3662 satis;
1633 3599 1728 3653 sed
1777 3600 2080 3655 etiamnqu

501 3683 693 3755 procul
721 3684 913 3739 abesse
944 3686 1013 3740 ab
1047 3686 1136 3741 illo
1169 3687 1316 3742 dicto
1345 3705 1360 3742 :
1397 3705 1418 3739 ι
1453 3689 1665 3744 Sulﬁcit
1698 3691 1996 3760 discipulo,
2034 3693 2080 3748 si

503 3776 578 3830 sit
631 3776 829 3832 similis
869 3779 1188 3846 praeceptori
1237 3779 1410 3848 ipsius
1442 3781 1508 3834 “.
1548 3799 1569 3832 ι
1615 3781 1795 3852 Atque
1842 3783 1929 3838 hic
1959 3798 2083 3852 pro-

506 3865 651 3921 fecto
697 3866 821 3921 linis
851 3879 936 3922 est
964 3870 1214 3938 magistri
1243 3885 1374 3941 erga
1407 3871 1732 3942 discipulum
1782 3873 2083 3945 (quatenus

509 3963 771 4028 magister
800 3963 918 4032 est)
944 3963 1128 4018 facere
1155 3964 1485 4035 discipulum
1521 3968 1604 4021 sui
1635 3966 1888 4032 similem,
1926 3982 1994 4023 ne
2024 3969 2079 4022 in

509 4059 788 4118 posterum
821 4061 979 4121 egeat
1008 4054 1271 4124 magistro
1317 4071 1330 4121 ;
1382 4056 1478 4110 sed
1529 4064 1590 4111 ut
1632 4058 1798 4111 etiam
1852 4057 1969 4126 ipse
2013 4056 2084 4111 sit

507 4142 771 4211 magister
813 4158 921 4212 quo
968 4143 1107 4200 alius
1153 4155 1331 4216 egeat.
1384 4146 1456 4204 Ut
1497 4149 1642 4203 enim
1707 4149 1836 4204 ﬁnis
1884 4148 2079 4204 medici

505 4230 652 4302 ((1υο
686 4245 848 4300 egent
867 4236 961 4303 qui
990 4235 1130 4292 male
1152 4237 1374 4303 habent,
1400 4253 1505 4292 non
1529 4240 1622 4309 qui
1649 4238 1813 4294 validi
1845 4253 1974 4294 sunt
2004 4239 2081 4310 “)

507 4333 596 4376 est
631 4337 826 4379 sanare
858 4327 999 4380 male
1035 4327 1299 4385 habentes
1327 4329 1396 4384 ab
1420 4330 1742 4397 aegritudine
1775 4346 1894 4394 sua,
1923 4348 1992 4385 ne
2029 4331 2080 4385 in

509 4425 789 4481 posterum
818 4432 980 4486 opera
1017 4419 1135 4489 ejus
1165 4431 1360 4490 egeant
1391 4438 1407 4488 ;
1451 4424 1532 4477 sic
1559 4422 1683 4477 finis
1715 4423 1959 4492 magistri
1994 4433 2079 4479 est

2185 3329 2370 3382 αὐτοῦ.
2398 3347 2416 3380 s
2452 3328 2564 3382 Καὶ
2607 3326 2765 3379 τοῦτο
2796 3325 2947 3387 τέλος
2978 3323 3095 3376 ἐστὶ
3122 3322 3183 3375 τὸ
3211 3321 3346 3394 πρὸς
3385 3321 3475 3373 τὸν
3513 3317 3756 3391 μαθητὴν

2182 3419 2276 3474 τοῦ
2307 3419 2647 3480 διδασκάλου,
2747 3415 3088 3477 διδάσκαλος,
3121 3413 3344 3482 ποιῆσαι
3375 3411 3466 3464 τὸν
3513 3409 3758 3480 μαθητὴν

2182 3512 2259 3575 ὡς
2283 3510 2495 3572 ἑαυτὸν,
2527 3511 2615 3563 ἵνα
2637 3507 2832 3579 μηκέτι
2857 3507 3043 3576 δέηται
3069 3506 3162 3559 τοῦ
3183 3503 3523 3567 διδασκάλου,
3616 3501 3758 3556 διδά-

2184 3602 2400 3664 σκαλος,
2445 3601 2492 3653 εί
2527 3601 2622 3652 καὶ
2654 3598 2826 3661 ἄλλως
2855 3597 2966 3667 (εο)
3012 3595 3177 3649 αὐτοῦ
3225 3596 3496 3666 δεήσεται.
3534 3593 3621 3656 Ὡς
3650 3593 3759 3663 γὰρ

2181 3691 2331 3753 τέλος
2358 3689 2451 3742 τοῦ
2481 3688 2687 3760 ἰατροῦ,
2713 3681 2774 3742 οὗ
2803 3685 3062 3758 χρῄζουσι
3095 3685 3191 3756 μὲν
3222 3685 3272 3737 οἱ
3302 3683 3490 3748 κακῶς
3523 3683 3757 3752 ἔχοντες,

2180 3782 2240 3834 οὐ
2277 3779 2464 3852 χρείαν
2497 3779 2556 3832 δὲ
2597 3777 2808 3848 ἔχουσιν
2849 3778 2899 3829 οἱ
2940 3776 3213 3846 ἰσχύοντες
3241 3773 3448 3844 ἰατροῦ,
3471 3772 3531 3826 τὸ
3554 3772 3760 3827 παῦσαι

2178 3875 2307 3937 τοὺς
2331 3873 2517 3936 κακῶς
2547 3871 2769 3942 ἔχοντας
2791 3869 2900 3924 ἀπὸ
2921 3868 3015 3921 τοῦ
3041 3866 3229 3926 κακῶς
3256 3866 3422 3937 ἔχειν,
3448 3866 3536 3919 ἵνα
3562 3865 3758 3936 μηκέτι

2180 3963 2348 4019 αὐτοῦ
2381 3962 2683 4032 χρῄζωσιν·
2716 3958 2858 4012 οὓτω
2887 3957 3040 4022 τέλος
3059 3956 3379 4011 διδασκάλου
3408 3955 3758 4026 περιποιῆσαι

2179 4056 2257 4126 τῷ
2293 4054 2505 4126 μαθητῇ
2538 4052 2598 4105 τὸ
2623 4051 2912 4121 λεγόμενον
2939 4049 3167 4120 ἀρκετὸν
3186 4048 3380 4120 ἐντῷ-ι
3404 4047 3658 4118 Ἀρκετὸν
3682 4045 3760 4115 τῷ

2185 4149 2422 4220 μαθητῇ,
2449 4147 2538 4200 ἵνα
2565 4144 2790 4214 γένηται
2811 4143 2887 4206 ὼς
2919 4143 2947 4196 6
2985 4140 3306 4203 διδάσκαλος
3333 4137 3692 4212 αὺτοῦ.›Περὶ
3703 4137 3759 4192 δὲ

2176 4240 2275 4294 τοῦ
2308 4239 2557 4309 Σωτῆρος
2588 4237 2740 4299 ὄντος
2767 4235 2973 4306 Κυρίου
2995 4233 3220 4287 αὐτόθεν
3244 4232 3428 4286 πλεῖον
3455 4230 3602 4284 ἐστιν
3633 4229 3760 4282 [δεῖν

2181 4332 2334 4404 παρά
2353 4331 2478 4394 τοὺς
2507 4329 2697 4392 ἄλλους
2719 4329 2960 4397 κυρίους,
2994 4325 3067 4397 μὴ
3099 4323 3456 4396 βουλομένους
3492 4324 3578 4377 ἴνα
3603 4321 3762 4393 γένη-

2181 4443 2276 4479 ται
2301 4424 2376 4488 ὡς
2408 4425 2436 4476 6
2466 4420 2784 4482 διδάσκαλος
2813 4418 2924 4490 (21)
2954 4420 2981 4471 6
3012 4417 3276 4488 μαθητὴς,
3311 4417 3368 4487 ἢ,
3407 4416 3482 4480 ὡς
3517 4416 3546 4467 6
3574 4415 3762 4485 κύριος

509 4505 774 4574 discipulo
824 4510 1110 4578 acquirere
1164 4511 1293 4566 illud
1345 4513 1487 4581 quod
1536 4514 1788 4584 ἀρκετόν,
1817 4513 1962 4585 [hoc
1997 4526 2078 4570 est

2185 4517 2214 4567 6
2249 4514 2433 4577 δοῦλος
2459 4513 2646 4567 αὐτοῦ.
2695 4507 2945 4572 Τοιοῦτος
2975 4509 3032 4561 δὲ
3061 4511 3090 4561 6
3121 4509 3218 4578 τῆς
3252 4507 3524 4578 πατρικῆς
3565 4505 3763 4574 ἀγαθός

510 4598 832 4671 suﬂiciensJ
858 4601 1078 4665 dicitur,
1109 4611 1168 4656 ut
1217 4619 1341 4658 cum
1386 4605 1686 4676 discipulus
1736 4607 1787 4660 id
1835 4606 2086 4662 habuerit

511 4692 656 4760 quod
692 4692 795 4746 sibi
823 4691 1041 4760 sullicit,
1087 4695 1158 4750 sit
1203 4697 1399 4753 similis
1446 4700 1765 4768 praeceptori
1795 4700 1985 4769 ipsius.
2014 4699 2086 4754 At

509 4798 644 4839 vero
673 4785 816 4854 quod
845 4791 912 4842 ad
944 4786 1292 4844 Servatorem
1320 4801 1564 4846 nostrum
1593 4793 1791 4847 attinet
1818 4793 2086 4848 exsisten-

512 4884 620 4929 tem
645 4876 958 4943 Dominum,
991 4893 1219 4936 cernere
1265 4891 1352 4938 est
1398 4896 1522 4938 eum
1568 4898 1634 4938 ex
1670 4898 1730 4940 se
1769 4884 1930 4956 longe
1966 4885 2085 4955 plus

512 4970 783 5026 exsistere
839 4988 1004 5042 quam
1059 4973 1150 5028 alii
1201 4974 1431 5041 domini,
1481 4977 1732 5032 nolentes
1791 4976 2085 5046 discipulos

511 5077 635 5118 esse
663 5063 807 5118 sicut
841 5063 1132 5134 magistros
1177 5079 1304 5121 suos
1330 5105 1345 5129 ,
1380 5065 1464 5121 vel
1496 5081 1684 5122 servos
1731 5067 1874 5121 sicut
1905 5063 2076 5120 domi.

515 5170 636 5210 nos.
689 5154 838 5211 Talis
865 5157 1034 5228 igitur
1058 5167 1142 5212 est
1169 5157 1258 5212 ille
1281 5157 1440 5229 421
1475 5157 1618 5213 ﬁlius
1651 5166 1890 5228 paternae
1929 5155 2083 5210 boni-

513 5249 645 5303 tatis
669 5256 726 5304 et
753 5249 1038 5304 charitatis
1059 5250 1197 5321 ejus.
1223 5249 1490 5306 Dominus
1514 5251 1660 5304 enim
1687 5263 1810 5305 cum
1833 5249 1923 5313 sit,
1953 5261 2084 5315 ope-

513 5346 668 5393 ratus
719 5345 803 5393 est
850 5347 912 5394 ut
964 5339 1078 5397 sint
1125 5339 1270 5394 servi
1311 5339 1454 5394 sicut
1503 5352 1697 5393 eorum
1760 5336 2022 5392 Dominus
2062 5352 2079 5399 ;

2183 4624 2345 4679 τητος
2375 4605 2469 4658 καὶ⁸
2500 4605 2597 4675 τῆς
2634 4605 2856 4675 ἀγάπης
2885 4599 3050 4656 αὐτοῦ
3081 4600 3225 4662 υἱός·
3262 4599 3466 4672 Κύριος
3512 4598 3621 4669 γὰρ
3663 4598 3761 4659 ὢν,

2183 4695 2528 4772 ἐνειργάζετο
2556 4699 2670 4758 τοῖς
2688 4693 2892 4757 δούλοις
2921 4692 2982 4746 τὸ
3008 4691 3258 4760 γενέσθαι
3283 4690 3358 4753 ὡς
3390 4693 3418 4742 ὁ
3441 4688 3644 4760 Κύριος
3669 4688 3766 4740 αὺ-

2184 4788 2315 4853 τῶν,
2345 4790 2434 4842 ὅτε
2462 4787 2644 4840 οὐκέτι
2667 4785 2848 4851 ἕξουσι
2871 4785 2932 4838 τὸ
2960 4782 3178 4852 πνεῦμα
3212 4780 3311 4850 τῆς
3334 4778 3574 4840 δουλείας
3603 4776 3766 4829 πάλιν

2184 4881 2266 4943 είς
2295 4879 2481 4948 φόϐον,
2520 4876 2658 4931 ἀλλά
2696 4876 2956 4947 λήψονται
2992 4873 3054 4926 τὸ
3098 4869 3316 4940 πνεῦμα
3342 4869 3441 4939 τῆς
3469 4867 3762 4930 υἱοθεσίας,

2183 4970 2242 5022 ὲν
2272 4962 2317 5036 ᾦ
2344 4968 2662 5040 κράξουσιν·
2703 4985 2722 5018 ι
2755 4965 2940 5028 Ἀ66ἄ,
2971 4967 3000 5018 6
3023 4963 3234 5032 Πατήρ.
3251 4980 3267 5011 ι
3291 4960 3426 5030 Πρὶν
3448 4954 3540 5012 οὖν
3562 4957 3764 5025 γένωνν

2185 5077 2276 5113 ται
2299 5058 2375 5123 ὡς
2399 5060 2428 5112 6
2442 5057 2790 5122 Διδάσκαλος,
2809 5057 2901 5110 καὶ
2921 5057 2950 5109 6
2973 5053 3193 5125 Κύριος,
3222 5051 3427 5104 δέονται
3450 5050 3549 5118 τῆς
3569 5048 3767 5116 νίψεως

2183 5151 2292 5203 τῶν
2334 5149 2529 5215 ποδῶν,
2571 5149 2646 5214 ὡς
2687 5149 2887 5212 ἐνδεεῖς
2917 5147 3024 5200 τῶν
3067 5144 3346 5218 μαθητῶν,
3379 5143 3471 5196 καὶ
3500 5141 3574 5204 ὡς
3601 5139 3680 5191 ἔτι
3705 5139 3767 5192 τὸ

2186 5241 2402 5312 πνεῦμα
2430 5242 2530 5312 τῆς
2556 5241 2799 5304 δουλείας
2829 5241 3043 5311 ἔχοντες
3087 5239 3166 5299 εἰς
3201 5235 3393 5304 φόϐον·
3424 5233 3562 5286 ὲπάν
3590 5231 3647 5284 δέ
3683 5247 3765 5291 τις

2185 5335 2363 5388 αὐτῶν
2387 5333 2530 5388 κατά
2553 5335 2614 5387 τὸ
2636 5334 2864 5406 ἀρκετὸν
2887 5331 2966 5402 τῷ
3001 5330 3237 5402 μαθητῇ,
3270 5328 3360 5381 ἵνα
3384 5326 3605 5396 γένηται
3634 5322 3710 5387 ὡς
3738 5321 3768 5374 6

582 5477 605 5508 “
632 5477 789 5533 Joan.
830 5495 955 5546 xm,
993 5478 1081 5534 12.
1157 5479 1179 5511 ⁸
1218 5479 1349 5534 ibid.
1381 5479 1465 5547 l5,
1502 5480 1590 5537 M.
1671 5480 1712 5511 ‘°
1738 5476 2078 5546 Matth.x,25

2176 5479 2204 5512 "
2227 5479 2416 5534 Matth.
2440 5495 2518 5544 ιχ,
2549 5477 2634 5531 19..

612 5597 698 5669 l8)
735 5595 913 5669 Qodex
932 5595 1161 5669 Regius,
1183 5597 1489 5669 δογμάτων.

611 5666 698 5739 19)
724 5667 904 5739 godex
931 5666 1150 5739 Regius,
1181 5666 1566 5739 ἐπειδέχονται.

587 5736 702 5804 (20)
729 5736 878 5802 Mss.,
909 5737 1086 5803 ἄλλος,
1125 5749 1177 5792 et
1209 5741 1287 5794 sic
1321 5736 1434 5806 ipse
1462 5739 1779 5807 Ferrarius,
1799 5739 1888 5807 qui
1923 5737 2083 5805 paulo

517 5823 680 5876 supra
736 5807 933 5877 legisse
991 5810 1221 5879 videtur,
1270 5805 1404 5865 ἀλλά
1431 5810 1522 5866 καὶ
1558 5805 1782 5885 αὑτδςῇ
1821 5805 2087 5866 ’διδάσκω-

2189 5601 2298 5664 λος,
2334 5608 2438 5653 etc.

2261 5669 2374 5737 (at)
2402 5667 2579 5722 Codex
2625 5663 2845 5736 Regius,

2191 5739 2377 5795 αὑτοῦ.
2400 5737 2670 5800 Τοιοῦτος.

2905 5665 2933 5718 6
2971 5658 3323 5724 διδάσκαλος,
3373 5631 3450 5720 ῶς
3496 5657 3525 5710 ὁ
3562 5651 3764 5728 Κύριος
