4182 6414
416 343 535 405 769

1413 355 1771 413 COMMENT.
1817 355 1884 409 IN
1921 355 2114 411 JOAN.
2156 355 2394 412 TOMUS
2435 356 2651 413 XXX".

3591 362 3696 416 770

411 467 727 532 διδάσκαλος
757 469 942 534 αὑτοῦ,
985 473 1081 526 καὶ
1108 474 1136 526 6
1176 473 1361 538 δοῦλος
1407 474 1482 539 ὼς
1517 477 1546 527 6
1580 476 1770 549 κύριος
1807 476 1976 530 αὐτοῦ

2103 475 2321 544 quando
2388 474 2598 530 scilicet
2652 489 2758 530 non
2821 474 3056 544 amplius
3100 476 3380 533 habebunt
3434 478 3690 549 Spiritum

412 564 638 633 γένηται
677 563 752 627 ὡς
784 564 812 616 6
841 564 1159 630 διδάσκαλος
1192 565 1382 632 αὐτοῦ,
1412 568 1508 622 καὶ
1537 569 1566 620 6
1593 569 1782 641 κύριος
1809 571 1999 636 αὐτοῦ,

411 654 536 708 τότε
562 657 904 728 μιμήσασθαι
925 657 1148 714 δύναται
1169 660 1259 714 τὸν
1289 661 1520 731 νίψαντα
1541 664 1669 727 τοὺς
1702 664 1869 730 πόδας
1893 665 2002 719 τῶν

417 747 695 820 μαθητῶν,
743 750 839 804 καὶ
885 751 1039 822 νῖψαι
1081 754 1208 817 τοὺς
1258 755 1424 818 πόδας
1468 756 1578 809 τῶν
1622 756 1883 829 μαθητῶν
1925 759 2002 822 ὡς

409 840 442 894 ὁ
474 841 812 909 διδάσκαλος,
837 844 896 899 ὃν
920 847 949 898 6
969 845 1101 910 Θεὸς
1128 845 1317 911 ἔταξεν
1343 849 1400 900 ὲν
1428 851 1493 920 τῇ
1534 849 1829 922 Ἐκκλησία
1859 851 2002 920 μετὰ

407 935 535 998 τοὺς
579 933 804 1007 πρώτην
834 935 1016 1009 χώραν
1045 939 1103 991 ὲν
1135 940 1274 1010 αὐτῇ
1321 940 1604 1011 εἰληχότας
1645 942 1996 1009 ἀποστόλους,

407 1027 505 1082 καὶ
538 1026 790 1099 δεύτερον
831 1031 1136 1100 προφήτας.
1183 1030 1249 1084 El
1280 1031 1338 1086 δὲ
1375 1031 1469 1097 τὸ,
1509 1051 1525 1084 ι
1547 1032 1637 1104 Τῷ
1663 1032 1880 1104 ἁδελφῷ
1905 1051 1997 1087 σου

407 1118 730 1188 δουλεύσεις,
759 1141 779 1172 ι
825 1120 1053 1191 φθάνειν
1101 1123 1326 1177 δύναται
1371 1125 1465 1179 ἐπὶ
1506 1127 1635 1189 τοὺς
1679 1127 1998 1181 ὑποδεεστέ-

410 1228 559 1282 ρους,
584 1212 679 1265 καὶ
723 1212 817 1277 τὸ,
875 1232 894 1264 ι
924 1213 1078 1266 Γίνου
1109 1214 1298 1286 κύριος
1330 1216 1425 1270 τοῦ
1458 1217 1690 1286 ἀδελφοῦ
1727 1234 1876 1284 σου,ι
1906 1218 1999 1271 ἐπὶ

405 1305 530 1366 τοὺς
569 1303 646 1368 ὡς
672 1307 700 1358 6
743 1306 936 1359 Ἰακὼϐ
969 1307 1307 1379 κρείττονας,
1334 1309 1511 1380 δῆλον,
1542 1311 1623 1363 ὅτι
1653 1310 1944 1382 γενόμενος
1969 1313 1998 1365 6

404 1396 590 1460 δοῦλος
613 1397 688 1461 ὡς
715 1401 744 1451 6
775 1399 984 1471 κύριος,
1022 1399 1201 1454 νίπτει
1223 1401 1350 1465 τοὺς
1385 1402 1552 1466 πόδας
1585 1402 1694 1456 τῶν
1721 1403 1998 1458 δουλευόν-

402 1506 511 1542 των
553 1493 618 1560 τῇ
676 1491 806 1562 παρ’
851 1489 1001 1562 αὐτῷ
1054 1491 1404 1565 διδασκαλίᾳο
1449 1494 1572 1547 ἐπεὶ
1607 1495 1696 1559 τὸ,
1751 1515 1771 1546 ι
1807 1496 1997 1567 Ὑμεῖς

405 1583 633 1650 φωνεῖτέ
668 1601 758 1654 με,
788 1583 816 1636 6
856 1583 1197 1651 διδάσκαλος,
1231 1585 1326 1639 καὶ
1354 1588 1382 1639 6
1422 1586 1645 1658 Κύριος,
1679 1589 1774 1641 καὶ
1813 1588 1994 1654 καλῶς

402 1672 588 1742 λέγετε
607 1692 620 1704 ο
653 1676 770 1746 εἰμὶ
798 1675 928 1747 γὰρ,
957 1695 974 1727 ι
1011 1677 1111 1731 οὐκ
1141 1678 1277 1743 ἀξιῶ
1314 1679 1480 1750 μηδὲν
1503 1679 1647 1751 ἔχειν
1672 1680 1989 1754 βαθύτερον,

2107 565 2391 620 servitutis
2419 565 2615 620 iterum
2650 567 2702 620 in
2739 566 2956 629 timore,
2990 567 3084 622 sed
3117 569 3391 638 accipient
3435 569 3690 639 Spiritum

2103 642 2434 726 adoptionis,
2466 672 2564 726 per
2587 673 2748 726 quem
2777 658 3095 713 clamabunt
3124 677 3138 713 :
3164 678 3183 710 ι
3212 660 3365 715 Abba
3386 659 3546 716 Pater
3573 662 3635 713 “.
3667 680 3688 713 ι

2102 753 2383 813 Attamen,
2419 756 2712 818 antequam
2747 749 2879 804 fiant
2927 752 3070 806 sicut
3114 753 3378 822 Magister
3407 765 3464 810 et
3507 755 3695 810 Domi-

2103 855 2230 903 nus,
2279 853 2414 908 opus
2449 839 2676 907 habent,
2713 840 2944 908 perinde
2979 857 3042 897 ac
3081 843 3334 913 discipuli
3383 844 3579 917 indigi,
3632 857 3693 901 ut

2101 931 2184 985 sui
2215 930 2466 984 laventur
2506 931 2691 999 pedes,
2733 942 2790 987 et
2833 933 2987 1002 quasi
3035 935 3214 988 adhuc
3247 937 3534 991 servitutis
3578 941 3691 1007 spi-

2101 1023 2271 1077 ritum
2301 1023 2352 1076 in
2393 1023 2646 1078 timorem
2681 1025 2964 1080 habentes.
3014 1029 3084 1082 At
3129 1042 3263 1083 vero
3310 1028 3474 1084 simul
3521 1043 3690 1101 atque

2098 1114 2294 1184 aliquis
2327 1129 2394 1169 ex
2427 1116 2512 1169 his
2537 1116 2746 1170 habens
2771 1131 2892 1186 quae
2923 1117 3195 1187 discipulo
3224 1121 3504 1176 sufficiant
3528 1131 3589 1176 ut
3615 1122 3689 1176 sit

2097 1208 2243 1264 sicut
2287 1208 2552 1278 magister
2585 1208 2723 1277 ejus,
2773 1217 2828 1263 et
2876 1225 3070 1265 servus
3117 1212 3258 1266 sicut
3291 1213 3567 1278 dominus,
3620 1231 3686 1270 eo

2096 1300 2410 1368 pervenerit
2468 1311 2527 1355 ut
2569 1300 2642 1354 sit
2693 1301 2838 1356 sicut
2875 1304 3136 1372 magister
3161 1319 3292 1359 suus
3337 1315 3389 1358 et
3428 1306 3684 1362 dominus

2095 1405 2246 1455 suus,
2278 1398 2405 1446 tunc
2439 1390 2642 1444 imitari
2669 1391 2874 1461 poterit
2903 1407 3026 1447 eum
3057 1395 3149 1463 qui
3191 1394 3321 1449 lavit
3362 1396 3526 1464 pedes
3569 1396 3684 1452 dis-

2094 1483 2401 1554 cipulorum
2450 1499 2466 1548 ;
2525 1482 3032 1555 discipulorumque
3077 1490 3242 1558 pedes
3294 1489 3499 1552 lavare,
3539 1489 3682 1545 sicut

2095 1577 2357 1644 magister
2393 1590 2555 1646 quem
2600 1574 2745 1629 Deus
2792 1576 2847 1630 in
2880 1579 3122 1634 Ecclesia
3173 1581 3511 1637 ordinaverit
3559 1592 3682 1654 post

2093 1665 2367 1737 apostolos
2387 1707 2400 1730 ,
2433 1665 2527 1736 qui
2561 1665 2614 1719 in
2643 1679 2707 1719 ea
2737 1667 2972 1736 primum
3002 1670 3182 1724 sortiti
3225 1679 3354 1726 sunt
3381 1671 3583 1737 locum,
3615 1687 3678 1728 ac

401 1765 496 1819 καὶ
534 1767 686 1837 παρὰ
733 1767 794 1821 τὸ
837 1768 942 1820 ὑπὸ
981 1769 1091 1822 τῶν
1139 1769 1349 1824 πολλῶν
1384 1772 1707 1842 νενοημένον
1778 1772 1984 1846 (22)·οὒ

2091 1769 2214 1830 post
2253 1759 2570 1830 prophetas,
2606 1757 2701 1826 qui
2747 1761 3044 1816 secumlum
3080 1762 3144 1816 ’³.
3181 1761 3278 1819 Sin
3306 1779 3442 1819 vero
3470 1765 3676 1822 dictum

405 1855 538 1907 πᾶσι
567 1854 677 1928 γὰρ
698 1859 810 1919 τοῖς
842 1856 1082 1926 λέγουσι,
1131 1878 1150 1910 ι
1173 1859 1368 1933 Κύριε,
1396 1838 1592 1932 Κύριε,
1618 1881 1636 1914 ι
1667 1838 1984 1934 λεχθήσεται

2094 1853 2220 1920 hoc,
2278 1869 2297 1904 ι
2335 1852 2514 1907 Fratri
2553 1858 2647 1905 tuo
2671 1852 2878 1908 servies
2904 1853 2970 1919 η,
3009 1871 3030 1904 ι
3069 1853 3262 1910 referri
3288 1864 3464 1926 potest
3494 1860 3558 1912 ad
3581 1873 3679 1914 eos

400 1947 506 1999 ὑπὸ
535 1947 626 2001 τοῦ
668 1948 842 2020 Ἰησοῦ
870 1950 966 2003 τό·
1005 1970 1023 2003 ι
1065 1952 1255 2024 Ὑμεῖς
1294 1955 1524 2023 φωνεῖτέ
1562 1973 1648 2026 με,
1692 1956 1721 2008 6
1763 1956 1987 2029 Κύριος,

399 2041 494 2094 καὶ
517 2041 696 2106 καλῶς
724 2041 932 2112 λέγετε.
947 2065 966 2098 ι
989 2046 1064 2100 Οὐ
1087 2045 1267 2110 καλῶς
1290 2043 1382 2102 οὖν
1397 2048 1635 2118 λέγουσι,
1657 2049 1912 2121 «Κύριε,ι
1939 2051 1989 2105 οί

399 2135 457 2186 ἐν
487 2137 552 2204 τῇ
593 2135 781 2207 ἡμέρᾳ
807 2137 993 2212 ἐκείνῃ
1035 2141 1330 2210 φήσοντες·
1373 2160 1393 2193 t
1422 2142 1618 2214 Κύριε,
1666 2142 1860 2216 Κύριε,
1888 2144 1989 2197 οὐκ

396 2225 455 2278 ἐν
480 2225 557 2296 τῷ
586 2227 808 2298 ὀνόματί
843 2245 938 2282 σου
977 2231 1277 2301 ἐφάγομεν,
1320 2236 1416 2286 καὶ
1447 2235 1505 2286 ὲν
1527 2234 1606 2306 τῷ
1636 2235 1862 2306 ὀνόματί
1892 2252 1986 2289 σου

396 2315 641 2386 ἐπίομεν,
679 2318 774 2370 καὶ
803 2319 860 2372 ὲν
880 2319 959 2390 τῷ
982 2321 1207 2391 ὀνόματί
1236 2340 1330 2376 σου
1351 2324 1603 2396 δαιμόνια
1631 2325 1982 2398 ἐξεϐάλομεν,

396 2407 492 2458 καὶ
537 2406 794 2478 δυνάμεις
838 2411 1250 2483 πεποιήκαμεν;
1280 2433 1297 2463 ι
1341 2416 1507 2486 Φήσει
1549 2416 1679 2485 γοῦν
1723 2417 1908 2481 αὐτοῖς
1956 2419 1986 2470 6

409 2498 642 2570 Ἰησοῦς·
695 2519 714 2551 ι
751 2503 1114 2574 Ἀποχωρεῖτε
1157 2508 1252 2560 ἀπ’
1287 2507 1457 2578 ἐμοῦο
1507 2509 1763 2564 οὐδέποτε
1812 2509 1984 2580 ἔγνων

393 2587 559 2658 ύμᾶς,
597 2591 676 2644 ὄτι
702 2593 930 2663 ἐργάται
953 2595 1075 2648 ἐστὲ
1103 2596 1318 2661 ἀδικίας
1338 2615 1353 2628 ⁸
1375 2617 1394 2649 ι
1428 2599 1529 2652 οὐκ
1552 2599 1618 2653 ἂν
1639 2600 1697 2654 δὲ
1733 2600 1982 2670 λέγουσιν

392 2681 579 2745 αὐτοῖς
613 2683 793 2748 καλῶς
836 2684 917 2748 τὸ,
965 2703 983 2735 ι
1008 2684 1202 2756 Κύριε,
1247 2687 1484 2759 Κύριε,ι
1529 2687 1650 2746 εἶπε
1684 2688 1777 2744 τό·
1821 2691 1984 2746 Ἀπο-

393 2776 632 2844 χωρεῖτε
665 2777 767 2832 ἀπ’
795 2779 964 2848 ἐμοῦ.
1011 2781 1172 2835 Ἀλλὰ
1192 2783 1306 2845 καὶ,
1343 2801 1362 2833 ι
1384 2783 1444 2835 οὐ
1471 2783 1581 2846 πᾶς
1606 2784 1634 2835 6
1663 2784 1838 2853 λέγων
1867 2803 1978 2857 μοι,

395 2867 564 2938 Κύριε
590 2908 604 2931 ,
637 2869 830 2942 Κύριε,
875 2871 1241 2927 εἰσελεύσεται
1279 2875 1360 2937 είς
1413 2875 1512 2946 τὴν
1553 2873 1829 2944 βασιλείαν
1872 2877 1981 2931 τῶν

391 2961 692 3030 οὐρανῶν,›
719 2965 1070 3036 παρίστησιν,
1103 2967 1184 3018 ὄτι
1205 2967 1265 3018 οὐ
1294 2969 1403 3030 πᾶς
1443 2967 1471 3019 6
1506 2967 1704 3035 λέγων,
1733 2987 1752 3020 ι
1781 2969 1978 3042 Κύριε.

391 3051 587 3124 Κύριε,
616 3073 634 3106 ι
679 3057 1053 3130 μαρτυρηθείη
1086 3057 1152 3112 ἂν
1179 3059 1270 3111 ὑπ’
1300 3058 1488 3121 αὐτοῦ,
1528 3059 1605 3124 ὡς
1639 3060 1734 3114 νῦν
1756 3063 1804 3114 oi
1835 3063 1975 3117 ἁπό-

396 3143 571 3198 στολοι
597 3146 734 3218 πρὸς
772 3148 864 3213 οὓς
901 3145 1021 3202 εἷπε
1042 3167 1056 3180 ·
1102 3170 1120 3202 ι
1152 3151 1351 3213 Καλῶς
1375 3151 1561 3220 λέγετε
1586 3170 1599 3182 ’
1629 3153 1746 3224 είμὶ
1778 3156 1886 3226 γάρ
1905 3171 1918 3184 ’
1951 3175 1970 3208 ι
2003 3175 2046 3233 c

395 3236 490 3288 καὶ
527 3236 636 3309 γὰρ
666 3238 882 3312 ἀληθῶς
911 3240 1078 3294 κακία
1107 3242 1206 3312 μὲν
1231 3243 1413 3297 αὐτῶν
1449 3247 1548 3299 οὑκ
1571 3247 1652 3299 ἔτι
1689 3247 1855 3318 κυρία
1886 3243 1977 3319 ἦν,

393 3328 421 3378 ό
458 3325 614 3396 λόγος
643 3328 700 3381 δέ
719 3346 732 3358 ο
765 3332 860 3383 καὶ
891 3331 1229 3397 ἁπαξαπλῶς
1268 3333 1470 3406 Κύριος
1499 3339 1532 3407 ἡ
1565 3338 1713 3390 πᾶσα
1739 3337 1980 3409 ἔμψυχος

393 3420 488 3471 καὶ
525 3419 674 3484 ζῶσα
720 3423 911 3494 ἀρετή.
966 3424 1127 3477 Ἀλλὰ
1159 3426 1253 3478 καὶ
1290 3426 1449 3500 εἴπερ
1493 3448 1511 3479 ι
1542 3429 1717 3494 οὐδεὶς
1755 3429 1976 3484 δύναται

391 3513 586 3576 εἰπεῖν,
628 3512 831 3591 Κύριος
889 3515 1116 3586 Ἰησοῦς,
1148 3519 1197 3570 εί
1245 3519 1318 3590 μὴ
1346 3521 1403 3572 ὲν
1447 3519 1724 3592 Πνεύματι
1753 3521 1914 3594 ἁγίῳ,
1951 3542 1971 3576 ι

393 3605 486 3658 καὶ
524 3605 751 3677 νοοῦμεν
798 3609 857 3661 ὲν
899 3610 1074 3682 τούτῳ
1123 3612 1174 3664 τι
1226 3613 1342 3665 ὲστι
1371 3613 1434 3666 τὸ
1482 3615 1676 3680 εἰπεῖν,
1728 3616 1977 3687 «Κύριος

403 3698 640 3768 Ἰησοῦς,
673 3720 691 3752 ι
750 3701 780 3753 6
827 3703 886 3756 ἐν
930 3702 1206 3774 Πνεύματι
1260 3705 1401 3776 ἁγίῳ
1457 3705 1666 3776 λέγων,
1733 3709 1976 3780 «Κύριος

403 3791 665 3861 Ἰησοῦς,ι
696 3793 876 3858 καλῶς
926 3795 1098 3865 λέγει.
1157 3797 1223 3851 Εί
1263 3797 1321 3850 δὲ
1361 3799 1457 3853 καὶ
1500 3801 1528 3854 6
1580 3800 1762 3865 καλῶς
1800 3801 1976 3871 λέγων

391 3885 608 3950 πάντως
657 3887 715 3940 ὲν
757 3887 1036 3959 Πνεύματι
1074 3889 1215 3960 ἁγίῳ
1261 3889 1429 3958 λέγει,
1473 3890 1730 3963 ζητήσεις
1780 3891 1870 3946 διὰ
1913 3892 1976 3946 τὸ

389 3977 505 4042 νῦν,
573 3979 722 4032 ιΚαὶ
769 3980 950 4044 καλῶς
1000 3982 1208 4051 λέγετε,
1237 4003 1255 4035 ι
1317 3984 1800 4057 συνεξεταζόμενον
1858 3987 1970 4058 τῷ·

395 4087 413 4119 ε
443 4067 608 4124 Οὔπω
630 4072 740 4144 γὰρ
762 4068 829 4143 ἦν
845 4074 1090 4145 Πνεῦμα,
1114 4076 1194 4128 ὅτι
1236 4077 1444 4148 Ἰησοῦς
1473 4076 1626 4131 οὔπω
1653 4076 1934 4150 ἐδοξάσθη.
1950 4099 1969 4132 ι

388 4160 630 4232 Γνησίως
673 4159 765 4217 οὖν
811 4164 1150 4233 δουλεύοντος
1197 4167 1274 4238 τῷ
1318 4169 1498 4240 Λόγῳ,
1543 4169 1704 4241 ἔργον
1747 4172 1864 4224 ἐστὶ
1912 4171 1976 4225 τὺ

391 4251 569 4313 καλῶς
611 4255 806 4320 εἰπεῖν,
846 4275 862 4307 ι
888 4255 1096 4328 Κύριος
1151 4258 1377 4330 Ἰησοῦς,
1404 4279 1421 4311 ι
1461 4259 1679 4314 καὶτοῦ
1711 4261 1974 4330 ἁνάλογον

389 4341 564 4415 τούτῳ
602 4346 844 4417 μαθητοῦ
874 4349 936 4401 τὸ
962 4349 1142 4413 καλῶς
1185 4351 1360 4403 εἰπεῖν
1401 4350 1479 4421 τῷ
1511 4352 1729 4423 Σωτῆρι
1759 4353 1852 4405 τό·
1897 4372 1916 4404 ι
1945 4355 1974 4408 ὁ

387 4431 733 4501 διδάσκαλοςο
763 4459 780 4490 ι
833 4441 972 4512 πρὸς
1014 4440 1073 4493 ὃν
1123 4441 1320 4511 λέγοιτ’
1358 4441 1424 4496 ἂν
1457 4442 1539 4505 τὸ,
1581 4463 1599 4494 ι
1623 4444 1754 4514 Είμὶ
1785 4442 1915 4516 γὰρ,
1946 4463 1965 4496 ι

2091 1945 2292 2015 quibus
2319 1943 2494 2013 magis
2535 1943 2688 2000 deest
2719 1961 2736 2011 ;
2773 1953 2828 2000 et
2853 1944 3006 2011 illud,
3064 1965 3082 1999 ι
3116 1944 3248 2003 Esto
3285 1947 3537 2004 dominus
3561 1950 3674 2004 fra-

2095 2037 2193 2090 tris
2229 2035 2308 2089 tui
2335 2035 2400 2098 ¹⁸,
2440 2053 2460 2086 ι
2495 2035 2561 2088 ad
2594 2050 2689 2090 eos
2713 2037 2805 2106 qui
2833 2035 3001 2093 Jacob
3040 2038 3220 2094 instar
3249 2051 3378 2096 sunt
3407 2051 3672 2110 praestan-

2091 2129 2282 2193 tiores,
2308 2125 2654 2197 perspicuum
2686 2136 2773 2181 est
2811 2143 3029 2184 servum
3055 2133 3147 2201 qui
3189 2131 3368 2188 factus
3400 2134 3564 2189 fuerit
3591 2134 3674 2191 si-

2089 2229 2183 2277 cut
2209 2220 2484 2284 dominus,
2513 2219 2700 2274 lavare
2730 2221 2894 2290 pedes
2917 2236 3104 2276 eorum
3141 2223 3234 2293 qui
3260 2225 3508 2281 serviunt
3535 2227 3670 2283 doc-

2093 2315 2250 2369 trinae
2277 2327 2440 2383 quam
2472 2326 2638 2381 penes
2665 2328 2726 2369 se
2763 2315 2928 2368 habet
2953 2330 2970 2379 ;
2996 2315 3253 2384 quoniam
3283 2330 3386 2370 non
3417 2317 3676 2372 existimo

2087 2405 2295 2460 dictum
2329 2405 2462 2470 hoc,
2510 2423 2532 2459 ι
2564 2405 2676 2461 Vos
2714 2405 2922 2460 vocatis
2947 2419 3033 2459 me
3057 2403 3376 2475 Magistrum
3399 2416 3453 2461 et
3493 2407 3675 2462 Domi-

2087 2512 2242 2561 num,
2271 2506 2327 2552 et
2359 2499 2502 2554 bene
2550 2498 2776 2564 dicitis;
2807 2513 2930 2553 sum
2977 2497 3202 2562 etenim,
3236 2517 3256 2551 ι
3292 2498 3427 2552 nihil
3451 2500 3674 2554 omnino

2087 2589 2290 2646 habere
2342 2589 2671 2658 profundum
2713 2605 2778 2644 ac
2817 2603 2982 2658 supra
3021 2588 3318 2644 multorum
3370 2589 3675 2659 ίιιιειιίςθιιο

2085 2685 2241 2749 tiam,
2275 2685 2722 2757 quandoquidem
2752 2703 2859 2742 non
2882 2686 3136 2742 omnibus
3163 2687 3256 2756 qui
3275 2687 3485 2752 dicunt,
3519 2705 3539 2739 ε
3568 2687 3673 2743 Do-

2085 2779 2254 2845 mine,
2291 2782 2545 2848 Domine,
2581 2801 2600 2834 ι
2629 2782 2836 2838 dictum
2863 2781 3028 2837 fuerit
3059 2798 3087 2836 a
3117 2779 3244 2837 Jesu
3273 2800 3288 2836 :
3325 2799 3345 2832 ι
3376 2781 3484 2837 Vos
3509 2796 3671 2837 voca-

2086 2870 2157 2925 tis
2195 2886 2283 2927 me
2323 2873 2615 2928 Dominum
2643 2888 2707 2928 ac
2742 2873 3090 2946 Magistrum,
3132 2883 3188 2929 et
3221 2875 3376 2930 bene
3407 2874 3610 2930 dicitis.
3643 2893 3665 2928 ι

2083 2961 2271 3034 Neque
2313 2964 2460 3020 enim
2491 2965 2631 3020 bene
2661 2967 2853 3022 dicunt
2902 2965 3002 3032 illi,
3056 2986 3086 3018 «-
3111 2965 3359 3031 Domine,
3393 2983 3412 3018 ι
3468 2967 3562 3036 qui
3613 2966 3669 3020 in

2083 3055 2172 3112 die
2199 3055 2288 3110 illa
2323 3057 2524 3113 dicturi
2559 3066 2728 3113 sunt:
2765 3076 2785 3110 ι
2817 3057 3066 3125 Domine,
3102 3057 3348 3124 Domine,
3395 3072 3577 3112 nonne
3613 3058 3666 3113 in

2084 3149 2302 3205 nomine
2333 3160 2427 3205 tuo
2459 3151 2690 3217 edimus,
2727 3159 2784 3205 et
2833 3151 2888 3205 in
2918 3152 3138 3206 nomine
3191 3160 3284 3206 tuo
3327 3150 3587 3217 bibimus,
3612 3160 3670 3206 et

2082 3240 2137 3296 in
2169 3243 2392 3298 nomine
2425 3252 2519 3299 tuo
2549 3242 2817 3298 daemonia
2849 3242 3136 3313 eiecimus,
3167 3252 3224 3298 et
3249 3243 3488 3299 virtutes
3527 3243 3668 3299 mul—

2079 3342 2164 3390 tas
2191 3333 2424 3391 fecimus
2449 3337 2473 3390 ?
2505 3357 2522 3387 ι
2553 3337 2786 3407 proinde
2805 3337 2951 3392 dicet
2976 3335 3084 3391 illis
3111 3335 3270 3392 Jesus
3295 3351 3312 3390 :
3345 3353 3366 3388 ι
3392 3336 3666 3394 Discedite

2078 3439 2110 3480 ι
2139 3440 2266 3493 me;
2315 3441 2596 3496 nunquam
2633 3441 2732 3482 vos
2768 3427 2920 3493 novi,
2953 3426 3080 3496 quia
3121 3427 3359 3496 operarii
3393 3428 3527 3482 estis
3556 3428 3665 3482 ini-

2077 3517 2305 3586 quitatis
2325 3518 2404 3584 ¹⁶;
2437 3536 2456 3570 ι
2485 3533 2606 3588 quae
2626 3517 2812 3583 verba,
2840 3531 3035 3588 nempe
3083 3516 3351 3572 Discedite
3369 3535 3401 3571 a
3431 3533 3533 3583 me,
3554 3533 3660 3573 non

2080 3609 2187 3664 illis
2203 3610 2428 3665 dixisset
2449 3609 2495 3666 si
2517 3609 2592 3665 illi
2618 3610 2757 3664 bene
2773 3610 3058 3674 dixissent,
3081 3627 3098 3660 ι
3113 3608 3361 3674 Domine,
3381 3609 3623 3666 Domine.
3635 3629 3656 3663 >

2075 3700 2216 3768 Quin
2245 3701 2408 3756 etiam
2444 3702 2548 3756 hoc
2578 3702 2812 3767 dictum,
2871 3719 2890 3753 ι
2921 3700 3037 3756 Non
3065 3701 3315 3771 quisquis
3343 3700 3474 3754 mihi
3502 3702 3652 3756 dicit.

2077 3792 2325 3858 Domine,
2352 3791 2603 3861 Domine,
2645 3793 2870 3848 intrabit
2905 3793 2961 3848 in
2992 3809 3216 3864 regnum
3244 3792 3510 3848 caelorum
3536 3794 3599 3857 ",
3631 3813 3652 3844 ι

2074 3884 2252 3955 palam
2282 3885 2441 3940 docet
2487 3900 2594 3940 non
2618 3901 2834 3940 omnem
2859 3887 3154 3949 dicentem,
3195 3903 3215 3937 ι
3254 3885 3502 3952 Domine,
3553 3887 3661 3940 Do-

2075 3977 2264 4045 mine,
2313 3997 2333 4030 ι
2385 3977 2760 4043 testimonium
2810 3977 3129 4033 habiturum
3193 3977 3262 4033 ab
3313 3979 3470 4048 ipso.
3520 3980 3660 4034 sicut

2075 4082 2223 4122 nunc
2256 4067 2512 4137 apostoli,
2543 4067 2743 4138 quibus
2775 4067 2959 4124 dixit:
3011 4086 3032 4120 ι
3078 4067 3224 4123 Bene
3281 4069 3483 4135 dicitis,
3534 4084 3656 4124 sum

2075 4158 2301 4212 etenim.
2337 4175 2358 4210 ι
2391 4156 2533 4212 Vere
2555 4158 2699 4212 enim
2731 4155 2924 4212 vitium
2958 4171 3066 4213 non
3097 4158 3329 4227 amplius
3355 4159 3436 4214 eis
3481 4160 3656 4216 domi-

2074 4247 2333 4315 nabatur,
2361 4248 2457 4304 sed
2481 4249 2677 4318 Λόγος,
2711 4249 2807 4320 [id
2845 4259 2926 4305 est
2951 4252 3130 4317 ratio;
3155 4249 3254 4321 ],et.
3275 4259 3334 4304 ut
3357 4255 3660 4322 generatim

2075 4341 2278 4406 dicam,
2307 4341 2590 4406 Dominus,
2630 4343 2735 4397 hoc
2768 4350 2875 4404 est,
2913 4341 3167 4397 universa
3198 4342 3438 4397 animata
3479 4352 3537 4397 et
3575 4344 3652 4397 vi.

2075 4446 2210 4487 vens
2258 4433 2454 4487 virtus.
2487 4433 2629 4500 Quin
2660 4435 2828 4489 etiam
2864 4435 2910 4489 si
2951 4452 2970 4486 ι
3009 4435 3188 4490 nullus
3219 4443 3400 4504 potest
3447 4435 3653 4500 dicere.

391 4526 489 4579 οὐκ
520 4527 585 4580 ἂν
616 4529 1010 4602 λεχθησόμενον
1057 4532 1162 4585 ὑπὸ
1205 4533 1300 4587 τοῦ
1350 4534 1522 4604 Λόγου
1556 4535 1636 4607 τῷ
1664 4535 1966 4590 δουλεύοντι

2084 4526 2336 4583 Dominus
2364 4525 2544 4592 Iesus,
2578 4527 2680 4581 nisi
2708 4527 2762 4582 in
2793 4525 2999 4596 Spiritu
3032 4536 3223 4582 sancto
3263 4528 3332 4596 ¹⁸,
3369 4548 3388 4581 ι
3434 4540 3490 4585 et
3524 4546 3656 4586 con-

391 4619 456 4685 τῇ
511 4618 776 4690 ἁμαρτίᾳ,
819 4623 914 4676 καὶ
953 4622 1031 4693 τῷ
1091 4623 1515 4697 μαθητευομένῳ
1562 4629 1676 4690 τοῖς
1725 4626 1967 4697 ψεύδεσι.

391 4707 538 4776 Πλὴν
569 4712 664 4762 καὶ
705 4710 857 4779 ἁγιον
896 4713 1024 4766 ὅντα
1068 4714 1339 4786 ἐνδέχεται
1390 4715 1593 4770 δεῖσθαι
1625 4717 1727 4787 τῆς
1771 4717 1970 4788 νίψεως

389 4798 499 4852 τῶν
529 4801 732 4856 ποδῶνο
757 4806 878 4857 ἐπεὶ
894 4807 990 4859 καὶ
1014 4807 1047 4878 ἠ
1070 4801 1476 4880 καταλεγομένη
1495 4812 1573 4872 είς
1589 4810 1971 4881 ἐκκλησιαστι-

390 4889 493 4962 uti)”
533 4892 695 4963 τιμὴν
736 4893 846 4964 (25)
895 4897 1040 4968 χήρα
1091 4897 1403 4966 ἐξετάζεται
1451 4900 1591 4972 μετὰ
1633 4899 1742 4953 τῶν
1791 4901 1968 4955 ἄλλων

391 4982 569 5036 καλῶν
599 4985 691 5036 καὶ
721 4986 779 5037 ὲν
810 4985 909 5057 τῷ,
945 4989 993 5040 εί
1023 4989 1192 5055 ἁγίων
1225 4991 1392 5054 πόδας
1418 4990 1596 5062 ἐνιψεο
1630 4991 1838 5060 γελοῖον
1858 4990 1968 5063 γὰρ

388 5067 544 5144 οἶμαι
573 5077 858 5146 τυγχάνειν
886 5078 948 5131 τὸ
988 5081 1179 5151 στῆναι
1211 5082 1306 5136 ἐπὶ
1348 5081 1440 5136 τοῦ
1469 5083 1655 5154 ῥητοῦ,
1689 5084 1804 5149 καὶ,
1832 5084 1968 5156 φέρε

389 5170 584 5234 εἰπεῖν,
635 5172 733 5241 τὴν
766 5172 992 5243 ἔχουσαν
1026 5177 1205 5232 πάντα
1244 5178 1314 5233 τὰ
1357 5182 1831 5254 χαρακτηρίζοντα
1866 5181 1966 5252 τὴν

386 5261 552 5328 ἁγίαν
583 5265 774 5334 χήραν,
808 5268 899 5320 καὶ
937 5267 1110 5340 τούτῳ
1156 5270 1303 5343 μόνῳ
1341 5271 1656 5336 λείπουσαν,
1691 5273 1767 5343 μὴ
1799 5290 1966 5328 κατα-

386 5351 645 5422 τετάχθαι
690 5355 772 5418 είς
817 5357 1274 5431 ἐκκλησιαστικὴν
1318 5362 1504 5433 τιμὴν,
1557 5363 1818 5427 πολλάκις
1875 5362 1965 5416 διὰ

2074 4619 2376 4674 sideremus
2401 4619 2530 4684 quid
2559 4619 2634 4673 sit
2673 4619 2856 4674 dicere
2893 4617 2945 4671 in
2982 4617 3086 4673 hoc
3135 4618 3278 4685 loco,
3330 4639 3350 4672 ι
3394 4620 3655 4680 Dominus

2071 4712 2232 4770 Jesus
2260 4730 2276 4778 ;
2309 4731 2328 4764 ι
2363 4710 2526 4783 422
2579 4712 2671 4782 qui
2727 4712 2882 4780 dicit,
2929 4733 2950 4767 ι
3002 4716 3264 4773 Dominus
3309 4717 3491 4784 Iesus,
3525 4737 3544 4772 ι
3596 4718 3650 4772 in

2073 4805 2282 4877 Spiritu
2313 4812 2526 4870 sancto,
2563 4802 2706 4859 bene
2742 4805 2896 4861 dicit.
2929 4807 3013 4861 An
3048 4823 3183 4864 vero
3212 4811 3304 4879 qui
3335 4812 3472 4866 bene
3495 4811 3649 4876 dicit,

2072 4899 2118 4955 is
2143 4899 2367 4954 omnino
2390 4898 2538 4952 dicat
2565 4895 2730 4950 etiam
2761 4897 2815 4951 in
2845 4895 3052 4967 Spiritu
3085 4909 3301 4967 sancto,
3332 4908 3387 4956 tu
3415 4917 3648 4975 quaeres,

2071 4999 2298 5063 propter
2327 4989 2484 5055 illud,
2539 5012 2558 5046 ι
2589 4991 2657 5046 Ει
2688 4991 2828 5046 bene
2855 4990 3062 5056 dicitis,
3097 5009 3118 5044 ι
3163 4992 3306 5062 quod
3341 5007 3486 5047 nunc
3523 5008 3652 5048 exa-

2071 5085 2318 5139 minatur
2347 5098 2472 5140 cum
2501 5083 2596 5140 illo
2621 5083 2808 5138 dicto:
2852 5099 2872 5136 ι
2904 5080 3156 5139 Nondum
3196 5084 3340 5138 enim
3384 5095 3506 5138 erat
3533 5084 3653 5154 Spi-

2071 5175 2212 5231 ritus
2229 5176 2409 5242 datus,
2432 5177 2558 5246 quia
2581 5176 2822 5230 nondum
2841 5185 2988 5231 esset
3007 5174 3164 5231 Jesus
3182 5175 3594 5247 glorificatus".
3623 5197 3642 5230 ι

2071 5269 2224 5324 Illius
2259 5270 2448 5338 itaque
2474 5268 2565 5338 qui
2603 5269 2818 5324 sincere
2870 5279 2928 5324 et
2967 5283 3037 5325 ex
3086 5269 3270 5323 animo
3299 5267 3467 5322 servit
3507 5267 3644 5323 Filio

2073 5361 2194 5424 Dei,
2236 5359 2476 5416 ofﬁcium
2505 5369 2588 5415 est
2614 5359 2752 5415 bene
2791 5361 2998 5426 dicere,
3033 5377 3055 5412 ι
3107 5358 3366 5414 Dominus
3401 5355 3580 5424 Iesus,
3620 5379 3640 5412 ο

461 5515 506 5548 ¹¹
526 5515 682 5594 Eum.
700 5534 820 5594 vin,
847 5519 992 5594 15.“
1012 5519 1057 5552 ¹³
1083 5520 1252 5594 lgor.
1277 5537 1378 5586 ιιι,
1405 5523 1509 5594 28,
1574 5524 1620 5555 ’⁸
1650 5523 1788 5594 Gen.
1818 5539 1984 5594 xxv",

2087 5563 2101 5577 .
2181 5523 2374 5582 "ibid.
2395 5525 2486 5580 29.
2563 5524 2606 5558 ’°
2632 5525 2826 5580 Matth.
2850 5540 2945 5592 vn,
2963 5524 3054 5594 22,
3077 5524 3182 5591 2'5;
3212 5523 3346 5580 Luc.
3390 5538 3511 5588 xm,
3549 5523 3644 5592 26,

385 5585 478 5640 27.
526 5588 566 5618 ¹⁷
597 5587 789 5644 Matth.
808 5585 910 5656 vn,
934 5589 1026 5645 21.
1103 5590 1146 5622 ⁸⁸
1166 5592 1326 5646 lCor.
1354 5585 1454 5656 itu,
1478 5593 1534 5648 5.
1610 5595 1653 5626 ¹⁹
1679 5593 1832 5650 Joan.
1856 5609 1953 5658 vn,
1975 5593 2067 5648 39.

462 5681 576 5759 (ἓξ)
597 5682 793 5759 (ξοείθιΔ
809 5684 1157 5749 Bodleianus,
1181 5688 1598 5759 νενομισμένον.

459 5753 570 5826 (25)
605 5753 716 5807 Καὶ
759 5755 1268 5826 ή-ριαταλεγομένη
1314 5753 1963 5826 εἰς’ἐκκλησιαστικὴν

388 5823 584 5896 τιμὴν,
638 5833 748 5884 etc.
801 5823 982 5882 Vidua:
1042 5823 1218 5883 autem
1262 5827 1369 5882 illac
1402 5831 1470 5884 ad
1523 5823 1960 5884 ecclesiasticum

2071 5687 2335 5743 honorem
2373 5685 2584 5750 ascitaa,
2625 5701 2703 5741 ea:
2747 5696 2906 5740 erant
2926 5701 3046 5753 quae
3095 5685 3417 5742 diaconissa:
3482 5686 3643 5743 dicta:

2069 5766 2233 5822 Sunt;
2293 5757 2591 5825 cnjusmodi
2645 5769 2766 5811 erat
2825 5757 3034 5812 Phoebe
3087 5757 3177 5813 illa
3238 5755 3638 5815 Cenchreensis

2069 5826 2323 5884 Ecclesia:
2347 5825 2671 5883 diaconissa.
2703 5825 2959 5884 llun'rws.
