4182 6412
485 377 589 437 ’1Ἱί

1941 359 2263 418 ORIGENIS

3645 361 3749 416 772

483 507 608 550 cum
638 491 707 547 ad
741 489 1067 560 discipulum
1097 501 1255 557 aqua
1287 487 1557 558 pertineat
1585 485 1744 555 hujus
1775 485 1951 540 instar
1978 484 2062 538 di-

2168 477 2471 533 παιδισκῶν
2529 479 2624 534 καὶ
2670 478 2898 533 οἰκετῶν
2948 477 3487 551 φιλοφρονησαμένην
3511 442 3538 538 ,⁸
3594 479 3655 533 ὲν
3707 471 3753 546 ᾧ

483 597 634 646 cere,
694 599 717 633 ι
771 578 1027 649 Magister
1072 595 1088 644 ;
1145 598 1164 630 ι
1220 579 1284 632 ad
1336 592 1494 647 quem
1555 579 1670 647 ipse
1720 575 2065 647 respondeat,

488 692 512 728 ι
541 672 674 728 Sum
724 671 951 735 ctenim,
1001 689 1022 723 ι
1077 670 1131 724 id
1180 671 1323 738 quod
1373 669 1615 738 alioquin
1659 668 1905 722 dicturus
1959 679 2067 719 non

485 764 665 821 fuerat
687 761 849 819 JeSus
874 763 1138 818 servienti
1182 772 1428 831 peccato,
1455 772 1511 817 et
1540 759 1811 830 discipulo
1842 759 2066 814 menda-

484 857 723 911 ciorum.
759 854 1044 924 Contingit
1092 863 1331 909 attamen
1381 863 1627 908 sanctum
1673 865 1889 921 quoque
1932 864 2069 920 opus

487 948 718 1011 habere,
747 954 806 999 ut
835 945 937 999 sibi
978 946 1230 999 laventur
1250 945 1417 1014 pedes
1445 962 1461 998 :
1489 942 1745 1013 quoniam
1774 941 2069 1010 requiritur

485 1041 657 1096 etiam
692 1053 722 1092 a
756 1038 922 1092 vidua
963 1037 1034 1102 ²⁰,
1069 1052 1191 1105 quae
1245 1043 1669 1090 connumeratur
1711 1035 1765 1086 in
1808 1032 2068 1086 honorem

488 1129 947 1192 ecclesiasticum,
982 1141 1050 1180 an
1090 1128 1235 1180 inter
1261 1124 1366 1178 alia
1396 1125 1559 1186 bona,
1597 1130 1911 1175 sanctorum
1938 1131 2070 1185 quo-

487 1240 595 1295 que
640 1223 809 1294 pedes
861 1222 1079 1275 laverit.
1122 1218 1256 1272 Nam
1289 1215 1583 1297 ridiculum
1628 1212 1887 1267 existimo
1916 1210 2068 1281 affigi

486 1317 712 1382 litterae,
739 1315 1072 1382 viduamque
1113 1313 1226 1365 ha’c
1263 1309 1468 1373 omnia,
1512 1315 1570 1361 ut
1606 1305 1680 1359 ita
1735 1305 1935 1365 dicam,
1974 1303 2070 1357 ba-

489 1410 711 1463 hentem
765 1420 887 1477 quae
938 1412 1185 1460 sanctam
1234 1400 1513 1455 delineeht
1560 1398 1802 1461 viduam,
1855 1396 2067 1465 hacque

486 1514 594 1553 una
644 1513 704 1553 re
756 1506 1057 1559 carentem,
1109 1508 1214 1547 non
1264 1490 1519 1559 conjungi
1567 1489 1760 1544 honori
1807 1488 2061 1544 ecclesia-

488 1590 655 1651 stico,
684 1601 804 1640 cum
837 1586 955 1653 ipsa
988 1585 1325 1651 frequenter,
1361 1578 1728 1635 mediantibus
1762 1579 1975 1634 ancillis
2012 1587 2068 1634 et

488 1676 694 1739 vernis,
722 1677 1019 1744 prudenter
1073 1671 1247 1738 egerit
1298 1678 1545 1738 tempore
1587 1656 1696 1737 quo
1734 1668 2063 1733 abundabat,

2167 570 2348 641 καιρῷ
2380 571 2615 642 ηὐπόρει
2647 570 2780 642 (24),
2808 570 2904 624 καὶ
2936 568 3047 640 εἶχε
3080 570 3150 624 τὰ
3182 568 3483 642 ἐπιτήδεια,
3509 571 3637 633 τοὺς
3666 569 3743 635 ξέ-

2168 680 2314 726 νους,
2345 661 2379 732 ἢ
2414 662 2539 725 τοὺς
2556 660 2899 726 ἁπαξαπλῶς
2925 662 3213 733 δεομένους
3235 662 3331 716 τοῦ
3366 662 3746 735 φιλάνθρωπόν

2166 771 2221 806 τι
2262 753 2422 823 ἔργον
2464 754 2570 807 ἀπ’
2612 754 2783 824 αὑτῆς
2827 753 3040 807 παθεῖν.
3088 755 3199 808 Καὶ
3254 754 3329 825 μὴ
3374 754 3660 825 θαυμάσῃς
3694 756 3744 808 εἰ

2168 844 2392 913 ἀνάγειν
2440 861 2500 896 σε
2544 844 2626 897 δεῖ
2660 846 2720 897 τὸ
2740 886 2754 910 ,
2800 864 2819 894 ι
2838 844 2902 897 Ei
2935 845 3108 912 ἁγίων
3134 845 3303 909 πόδας
3330 844 3530 916 ἔνιψεν,
3558 865 3576 897 ι
3608 846 3743 899 ὅπου

2169 935 2482 991 κελεύονται
2512 936 2773 1004 ἀνάλογον
2809 939 2921 1000 τοῖς
2953 936 3343 1007 πρεσϐυτέροις
3388 936 3744 1008 πρεσϐύτιδες

2168 1026 2306 1082 εἶναι
2340 1029 2433 1081 καὶ
2478 1027 2659 1081 καλῶν
2690 1027 2993 1083 διδάσκαλοι
3016 1028 3148 1099 (‘25).
3187 1030 3327 1100 Ὅρα
3365 1029 3422 1083 δὲ
3452 1032 3500 1082 εἰ
3533 1029 3607 1101 μή
3650 1030 3743 1084 καὶ

2168 1122 2404 1194 ἐργῶδές
2444 1124 2560 1175 ἐστι
2606 1121 2667 1174 τὸ
2709 1120 2866 1175 πάνθ’
2903 1120 3141 1174 ὁντινοῦν
3191 1120 3623 1193 μαθητευόμενον
3663 1123 3743 1193 τῷ

2167 1213 2408 1285 Χριστῷ,
2462 1212 2683 1266 θέλοντα
2734 1211 2975 1283 πληροῦν
3021 1213 3120 1283 τὴν
3172 1212 3435 1281 λέγουσαν
3485 1213 3705 1284 ἐντολὴν
3723 1252 3741 1277 ,

2173 1324 2194 1356 ι
2221 1295 2346 1358 Καΐ
2364 1306 2523 1375 ὑμεῖς
2553 1304 2796 1373 ὀφείλετε
2823 1304 3064 1375 ἀλλήλων
3091 1305 3298 1359 νίπτειν
3325 1307 3451 1366 τοὺς
3490 1305 3658 1368 πόδας
3675 1347 3690 1370 ,
3718 1326 3736 1357 ι

2164 1397 2241 1461 ὡς
2292 1398 2638 1467 ὀφειλόμενον
2683 1397 2842 1467 ἔργον
2883 1397 3085 1451 ἐθέλειν
3116 1399 3310 1461 ποιεῖν,
3335 1397 3401 1450 τὸ
3428 1396 3580 1465 νῖψαι
3615 1399 3741 1462 τοὺς

2169 1488 2513 1559 σωματικοὺς
2540 1489 2634 1541 καὶ
2667 1488 2958 1558 αἰσθητοὺς
2990 1488 3155 1551 πόδας
3174 1487 3282 1541 τῶν
3306 1488 3568 1557 ἀδελφῶν,
3599 1488 3740 1542 ὥστε

2166 1580 2292 1671 τοὺς
2373 1580 2431 1631 ὲν
2504 1578 2839 1671 ⁸ποιεμττοτοίἰν
2894 1576 3147 1632 ὑποθέσει
3204 1578 3319 1649 βίου
3374 1578 3741 1649 τυγχάνοντας

2167 1669 2391 1734 πιστοὺς
2436 1669 2595 1723 τοῦτο
2645 1673 2815 1737 ποιεῖν
2840 1711 2854 1735 ,
2919 1670 3031 1724 εἴτε
3076 1674 3135 1724 ὲν
3184 1671 3607 1745 ὲκκλησιαστικῇ
3653 1676 3740 1728 δο-

488 1766 830 1834 habebatque
868 1773 1173 1832 opportuna
1206 1762 1403 1831 quibus
1432 1759 1757 1815 beneficium
1791 1760 2066 1815 conferret

2168 1759 2395 1823 κοῦντας
2440 1754 2577 1813 εῖναι
2626 1760 2864 1830 ὑπεροχῇ
2913 1760 3244 1824 ἐπισκόπους
3295 1762 3390 1815 καὶ
3436 1761 3738 1832 πρεσϐυτέ-⁵

492 1858 817 1926 hospitibus,
855 1864 1019 1924 atque
1072 1855 1241 1909 etiam
1285 1853 1395 1916 his,
1441 1862 1503 1906 ut
1531 1854 1832 1922 generatim
1861 1851 2061 1913 dicam,

2171 1868 2316 1920 ρους,
2348 1850 2459 1903 εἴτε
2486 1851 2579 1902 καὶ
2607 1853 2665 1903 ὲν
2689 1850 2869 1914 ἄλλοις
2902 1853 3183 1920 κοσμικοῖς
3225 1867 3367 1904 τισιν
3396 1849 3700 1922 ἀξιώμασιν
3723 1870 3738 1884 ·

487 1946 584 2018 qui
625 1961 761 2017 opus
806 1947 1079 2000 habebant
1129 1955 1187 1998 ut
1235 1945 1303 1999 ab
1354 1957 1418 1998 ea
1468 1943 1814 2011 perciperent
1858 1942 2063 2010 aliquid

488 2036 655 2093 ofﬁcii
685 2036 929 2092 humani.
967 2036 1074 2091 Nec
1124 2035 1343 2090 mireris
1391 2034 1435 2088 si
1470 2032 1567 2087 tibi
1591 2033 1965 2102 exponendum
1996 2033 2067 2087 sit

490 2127 790 2198 anagogico
845 2140 1008 2181 sensu
1085 2126 1188 2180 hoc
1243 2125 1497 2189 dictum,
1551 2142 1570 2175 ι
1610 2123 1666 2176 Si
1744 2132 2056 2176 sanctorum

488 2218 655 2287 pedes
681 2218 832 2283 lavit,
864 2236 885 2271 ι
921 2232 1044 2271 cum
1075 2230 1214 2271 anus
1240 2216 1538 2285 iubeantur
1566 2214 1684 2283 pari
1708 2216 1920 2268 ratione
1940 2228 2065 2268 cum

490 2308 859 2381 presbysteris
902 2310 1133 2362 honesta
1188 2306 1385 2360 docere
1432 2307 1502 2358 “.
1536 2300 1668 2360 Vide
1696 2320 1826 2359 vero
1856 2321 1924 2359 an
1961 2320 2065 2360 non

491 2400 658 2457 etiam
713 2414 1005 2469 operosum
1044 2399 1117 2453 sit
1166 2397 1390 2453 cuilibet
1415 2396 1622 2453 Christi
1670 2397 1937 2467 discipulo
1968 2413 2067 2451 vo-

492 2492 625 2548 lenti
659 2494 888 2561 implere
939 2491 1256 2546 mandatum
1285 2490 1501 2556 dicens,
1568 2506 1588 2541 ι
1623 2489 1690 2543 Ει
1732 2505 1828 2543 vos
1857 2490 2066 2545 debetis

493 2583 588 2640 alii
618 2583 848 2639 aliorum
886 2583 1068 2637 lavare
1114 2584 1279 2651 pedes
1324 2582 1393 2646 “,
1444 2600 1464 2632 ι
1515 2581 1560 2635 si
1596 2582 1730 2635 velit
1756 2580 2068 2649 corporales

499 2690 565 2731 ac
595 2674 882 2730 sensibiles
913 2674 1145 2728 fratrum
1179 2673 1343 2742 pedes
1376 2672 1581 2739 lavare,
1614 2688 1715 2728 ceu
1744 2688 1879 2742 opus
1909 2673 2066 2727 dehi-

496 2775 637 2831 tum,
690 2774 751 2820 ut
801 2765 987 2820 fideles
1023 2765 1080 2817 in
1110 2766 1304 2835 quovis
1330 2765 1456 2817 vita:
1500 2777 1701 2834 genere
1747 2762 2069 2817 cxsistentes

497 2859 603 2914 hoc
628 2858 852 2925 faciant,
894 2857 1009 2913 sive
1037 2857 1133 2926 qui
1173 2856 1425 2910 videntur
1464 2870 1589 2910 esse
1634 2855 1686 2908 in
1738 2855 2070 2909 sublimitate

495 2950 869 3006 ecclesiastica
896 2948 1162 3018 episcopi,
1195 2957 1249 3003 et
1282 2948 1609 3018 pr’csbyteri,
1636 2949 1752 3002 sive
1779 2949 1830 3002 in
1854 2948 2071 3015 quibus-

495 3041 625 3098 dam
656 3040 779 3095 aliis
812 3040 1101 3096 mundanis
1123 3040 1520 3110 dignitatibus;
1553 3042 1687 3094 adeo
1729 3051 1788 3094 ut
1819 3041 1959 3094 hanc
1998 3040 2070 3094 ob

497 3143 719 3185 causam
774 3130 941 3184 herus
996 3143 1214 3198 quoque
1270 3129 1452 3183 veniat
1503 3130 1570 3184 ad
1619 3130 1876 3185 lavandos
1923 3129 2065 3184 servi

494 3219 768 3276 credentis
804 3222 990 3289 pedes,
1017 3230 1074 3274 et
1100 3227 1356 3289 parentes
1385 3221 1504 3277 lilii.
1554 3219 1655 3287 Qui
1694 3236 1809 3275 nios
1848 3221 2066 3290 quidem

495 3320 639 3381 erat,
695 3313 791 3368 sed
827 3329 968 3368 nunc
997 3328 1102 3367 non
1158 3314 1240 3379 ﬁt,
1292 3316 1395 3370 nisi
1437 3330 1601 3383 supra
1632 3315 1849 3367 modum
1902 3313 2070 3367 raris-

494 3405 653 3469 sime,
689 3414 746 3459 et
774 3407 918 3475 apud
955 3406 1245 3461 admodum
1295 3407 1577 3476 simplices
1611 3407 2066 3475 rusticioresque.

493 3495 658 3568 m
681 3494 887 3553 Praeter
915 3497 1030 3565 btec
1055 3506 1235 3552 autem
1267 3498 1581 3552 meminisse
1606 3497 1865 3551 debemus
1882 3509 2069 3551 eorum

494 3603 619 3660 quae
643 3590 1000 3644 disseruimus
1023 3591 1080 3643 in
1102 3589 1245 3644 hunc
1271 3598 1586 3644 contextum
1604 3588 1680 3655 ",
1709 3588 1853 3641 «Nisi
1886 3587 2071 3640 lavero

497 3688 572 3744 te,
605 3693 716 3734 non
743 3679 912 3735 habes
937 3686 1147 3748 partem
1179 3692 1417 3743 mecum,
1443 3697 1462 3728 ι
1488 3686 1653 3747 atque
1683 3676 1846 3730 etiam
1877 3675 2063 3730 illius:

502 3789 523 3823 ι
559 3771 727 3826 Scitis
755 3771 885 3840 quid
906 3770 1128 3826 fecerim
1157 3769 1346 3825 vobis?
1370 3788 1389 3820 ι
1416 3769 1581 3823 Decet
1605 3767 1753 3823 enim
1770 3766 1955 3822 Jesum
1977 3767 2072 3820 de-

497 3861 645 3916 disse
671 3861 830 3916 nobis
856 3861 1163 3929 exemplum
1188 3860 1255 3916 de
1282 3861 1529 3914 lavandis
1552 3859 1780 3929 pedibus
1798 3859 2070 3928 principa-~

498 3954 662 4018 libus,
690 3953 832 4023 quod
873 3955 1171 4021 respondet
1198 3953 1284 4006 bis
1305 3966 1427 4021 qua:
1454 3952 1662 4021 tropice
1684 3950 1823 4005 dicta
1853 3948 2073 4004 fuerunt

497 4062 529 4101 a
556 4061 754 4115 sponsa
787 4047 844 4099 in
870 4045 1106 4101 Cantico
1128 4047 1486 4109 canticorum,
1516 4046 1643 4098 dum
1669 4043 1803 4099 dicit
1833 4060 1848 4096 :
1883 4060 1901 4093 ι
1938 4042 2070 4097 Lavi

497 4138 664 4207 pedes
690 4151 860 4202 meos,
885 4138 1157 4207 quomodo
1201 4136 1493 4206 inquinabo
1523 4136 1643 4190 illos
1669 4135 1797 4203 ’⁸2)
1831 4135 2071 4190 Attende

500 4238 682 4285 autem
716 4230 840 4284 huic
859 4228 1023 4294 dicto,
1074 4245 1093 4279 ι
1129 4227 1202 4283 Ut
1238 4227 1688 4297 quemadmodum
1718 4239 1819 4295 ego
1848 4223 1948 4278 feci
1975 4238 2071 4278 vo-

499 4321 603 4386 bis,
634 4322 709 4376 ita
737 4335 835 4376 vos
864 4320 1029 4375 etiam
1058 4318 1271 4374 faciatis
1293 4318 1360 4384 ³⁵,
1388 4335 1407 4369 ι
1436 4331 1558 4371 cum
1584 4318 1687 4371 hoc
1711 4317 1918 4386 pariter
1940 4330 2069 4370 exa-

499 4415 717 4468 minans
750 4430 766 4467 :
808 4431 828 4464 ι
860 4411 977 4467 Nisi
1021 4412 1204 4466 lavero
1237 4420 1311 4476 te,
1361 4425 1466 4464 non
1506 4409 1674 4464 habes
1705 4418 1913 4477 partem
1955 4421 2072 4461 me-

2166 1941 2306 1995 ὥστε
2349 1942 2491 1995 κατὰ
2540 1941 2701 1994 τοῦτο
2750 1943 2844 1996 καὶ
2890 1942 2981 1995 τὸν
3027 1942 3295 2013 δεσπότην
3335 1943 3491 2013 ἥκειν
3535 1943 3630 1996 ἐπὶ
3677 1944 3741 1997 τὸ

2164 2034 2375 2087 νίπτειν
2424 2035 2551 2098 τοὺς
2616 2035 2781 2098 πόδας
2832 2034 2925 2089 τοῦ
2970 2035 3315 2099 πιστεύοντος
3364 2035 3549 2090 δούλου
3574 2076 3590 2101 ,
3644 2037 3741 2091 καὶ

2165 2125 2291 2188 τοὺς
2338 2128 2516 2199 γονεῖς
2560 2125 2653 2179 τοῦ
2705 2125 2851 2179 υἰοῦ·
2895 2127 3034 2197 ὅπερ
3064 2125 3183 2190 ἔθος
3212 2122 3301 2197 ἦν,
3336 2128 3395 2181 οὑ
3437 2127 3645 2195 γίνεται
3683 2126 3741 2181 δὲ

2167 2215 2284 2280 νῦν,
2327 2216 2360 2285 ἢ
2396 2219 2475 2280 εἰς
2518 2216 2819 2287 ὑπερϐολὴν
2869 2216 2981 2288 (26)
3028 2215 3395 2281 σπανιώτατα,
3444 2218 3539 2272 καὶ
3592 2217 3743 2289 παρὰ

2166 2310 2279 2371 τοῖς
2322 2308 2464 2362 πάνυ
2504 2309 2890 2381 ἁπλουστέροις
2932 2311 3026 2364 καὶ
3073 2311 3480 2382 ἀγροικοτέροις
3507 2310 3738 2379 γίνεται.

2168 2399 2582 2469 Μνημονευτέον
2614 2400 2671 2453 δὲ
2716 2402 2796 2463 εἰς
2830 2400 3000 2453 ταῦτα
3037 2403 3131 2455 καὶ
3165 2402 3272 2454 τῶν
3318 2403 3620 2473 εἰρημένων
3662 2403 3741 2464 εἰς

2167 2491 2254 2543 τό’
2285 2510 2303 2542 ι
2351 2492 2475 2545 Ἐὰν
2505 2492 2580 2563 μὴ
2613 2492 2751 2562 νίψω
2781 2509 2861 2557 σε,
2887 2497 2990 2552 οὐκ
3013 2493 3157 2563 ἔχεις
3185 2493 3347 2565 μέρος
3373 2496 3489 2565 μετ’
3524 2492 3679 2565 ἐμοῦυ
3717 2514 3735 2545 ι

2168 2581 2304 2636 ἀλλὰ
2334 2584 2427 2635 καὶ
2454 2582 2578 2638 τοῦ·
2612 2603 2630 2634 ι
2668 2584 2971 2638 Γινώσκετε
3002 2586 3054 2639 τί
3084 2587 3363 2656 πεποίηκα
3393 2587 3555 2656 ὑμῖν;
3587 2606 3607 2639 ι
3631 2586 3743 2639 Καὶ

2169 2674 2277 2745 γὰρ
2313 2675 2510 2746 πρέπει
2566 2675 2869 2746 ὑπόδειγμα
2914 2678 3042 2747 ἡμῖν
3088 2676 3294 2748 Ἰησοῦν
3325 2676 3740 2731 δεδωκέναιτοῦ

2170 2766 2377 2819 νίπτειν
2434 2766 2601 2828 πόδας
2656 2766 2990 2836 ἡγουμένους
3036 2767 3172 2838 (27),
3228 2768 3290 2821 τὸ
3335 2768 3595 2836 ἀνάλογον
3627 2769 3742 2831 τοῖς

2170 2858 2446 2926 τροπικῶς
2477 2858 2581 2910 ὑπὸ
2608 2858 2708 2927 τῆς
2737 2857 3035 2929 νύμφης.ὲν
3052 2857 3129 2928 τῷ
3164 2859 3402 2929 ’ᾼσματι
3431 2858 3539 2912 τῶν
3564 2860 3744 2929 ᾀσμά-

2169 2965 2277 3001 των
2307 2948 2616 3021 εἰρημένοις
2638 2950 2695 3002 ὲν
2719 2949 2822 3019 τῷ·
2861 2969 2879 3000 ι
2920 2950 3219 3021 Ἐνιψάμην
3252 2952 3376 3014 τοὺς
3417 2950 3582 3014 πόδας
3616 2967 3742 3021 μου,

2170 3038 2287 3102 πῶς
2319 3039 2527 3109 μολυνῶ
2553 3039 2780 3103 αὑτοὺςς
2822 3058 2840 3090 ι
2879 3041 3121 3110 Πρόσχες
3166 3040 3223 3093 δὲ
3250 3040 3328 3110 τῷ
3350 3080 3364 3104 ,
3405 3060 3424 3092 ι
3470 3043 3606 3105 Ἵνα,
3640 3058 3743 3094 κα-

2095 3161 2137 3218 C
2171 3128 2279 3192 θὼς
2310 3132 2421 3199 ἐγὼ
2458 3132 2688 3201 ἐποίησα
2717 3131 2867 3200 ὑμῖν,
2900 3132 2993 3183 καί⁸
3025 3132 3183 3201 ὑμεῖς
3211 3133 3424 3202 ποιῆτε,
3469 3152 3488 3184 ι
3530 3132 3745 3199 συνεξεο

2168 3220 2348 3285 τάζων
2378 3221 2510 3275 αὑτὸ
2537 3220 2648 3291 τῷο
2682 3241 2701 3271 ι
2746 3222 2869 3274 Ἐὰν
2896 3223 2969 3293 μὴ
2996 3222 3134 3291 νίψω
3164 3240 3245 3287 σε,
3277 3223 3377 3276 οὑκ
3398 3223 3544 3293 ἔχεις
3580 3222 3744 3294 μέρος

2173 3317 2290 3385 μετ’
2317 3314 2473 3385 ἐμοῦ.
2511 3333 2530 3364 ι
2579 3312 2703 3366 Ἐὰν
2727 3313 2784 3365 δέ
2812 3329 2895 3375 τις
2929 3313 3065 3384 πρὸς
3103 3313 3275 3366 ταῦτα
3318 3313 3473 3388 λέγῃ,
3502 3316 3605 3378 ὅτι,
3638 3315 3743 3369 κᾶν

2169 3407 2560 3479 ἀλληγορῆται,
2609 3405 2759 3459 οὐδὲν
2801 3399 2966 3477 ἦττον
3008 3407 3290 3474 γεγονέναι
3331 3407 3443 3477 (28)
3496 3407 3639 3462 κατὰ
3683 3408 3743 3459 τὸ

2173 3500 2358 3572 ῥητὸν,
2384 3496 2676 3552 ἀκουστέον
2700 3498 2835 3567 μετὰ
2866 3497 2958 3550 τοῦ
2990 3498 3250 3569 τροπικοῦ
3272 3499 3485 3568 καὶτῆς
3509 3498 3745 3568 φασκού-

2172 3606 2273 3660 σης
2296 3589 2523 3656 λέξεως’
2564 3608 2584 3641 ι
2620 3588 2683 3642 Εἰ
2704 3584 2796 3642 οὖν
2816 3588 2970 3658 ἔνιψα
3004 3591 3130 3652 τοὺς
3169 3588 3335 3652 πόδας
3370 3588 3546 3659 ὑμῶν,
3575 3588 3603 3640 ό
3628 3588 3743 3641 Κύ-

2172 3698 2307 3753 ριος,
2344 3682 2439 3735 καὶ
2468 3684 2497 3735 ὁ
2527 3680 2865 3745 διδάσκαλος,
2897 3681 2995 3734 καὶ
3024 3681 3180 3751 ὑμεῖς
3217 3679 3459 3749 ὀφείλετε
3500 3678 3744 3749 ἀλλήλων

2170 3774 2377 3827 νίπτειν
2406 3775 2533 3836 τοὺς
2564 3773 2731 3836 πόδας
2749 3789 2762 3803 ·
2795 3772 3097 3841 ὑπόδειγμα
3119 3772 3226 3841 γὰρ
3260 3771 3434 3825 ἔδωκα
3460 3772 3608 3841 ὑμῖν,
3634 3771 3743 3834 ἵνα,

2171 3865 2354 3930 καθὼς
2382 3865 2494 3934 ἐγὼ
2522 3864 2752 3934 ἐποίησα
2776 3864 2925 3935 ὑμῖν,
2952 3863 3045 3916 καὶ
3079 3864 3236 3934 ὑμεῖς
3255 3865 3497 3934 ποιῆτεοι
3527 3862 3744 3916 λεκτέον

2171 3957 2306 4029 πρὸς
2339 3957 2430 4011 τὸν
2470 3955 2735 4010 τοιοῦτον
2773 3956 2894 4025 Ἆρ’
2935 3955 3057 4007 ἐπεὶ
3098 3953 3239 4008 κατὰ
3264 3953 3325 4007 τὸ
3362 3954 3523 4025 ῥητὸν
3554 3953 3744 4022 γέγονε

2169 4049 2230 4102 τὸ
2252 4047 2538 4120 εἰρημένον
2561 4047 2695 4118 πρὸς
2717 4047 2808 4100 τὸν
2832 4047 3051 4100 εἰπόντα
3071 4046 3305 4117 Πέτρον,
3335 4066 3353 4097 ι
3383 4047 3458 4100 Οὑ
3487 4045 3563 4116 μὴ
3584 4044 3743 4118 νίψῃς

2174 4157 2277 4212 μου
2300 4140 2425 4202 τοὺς
2455 4138 2623 4202 πόδας
2643 4141 2722 4202 εἰς
2754 4139 2845 4192 τὸν
2871 4138 3063 4203 αἰῶνα,
3104 4158 3122 4189 ι
3149 4140 3210 4192 τὸ
3230 4179 3245 4201 ,
3277 4157 3296 4190 ι
3341 4138 3467 4191 Ἐὰν
3503 4137 3578 4210 μὴ
3604 4138 3747 4207 νίψω

2174 4247 2253 4295 σε,
2290 4231 2391 4285 οὑκ
2431 4230 2574 4302 ἔχεις
2616 4229 2779 4301 μέρος
2809 4230 2924 4300 μετ’
2948 4229 3104 4301 ἐμοῦ,
3145 4248 3164 4280 ι
3190 4230 3285 4283 καὶ
3305 4231 3468 4300 ἡμεῖς
3508 4228 3650 4283 κατὰ
3681 4228 3744 4281 τδ

2174 4320 2336 4393 ῥητὸν
2366 4322 2479 4384 τοῖς
2504 4323 2624 4374 κατ’
2655 4320 2939 4375 εὐλάϐειαν
2976 4320 3050 4390 μὴ
3089 4320 3489 4392 ὲμπαρέχουσιν
3536 4319 3743 4374 ἑαυτῶν

2173 4412 2298 4475 τοὺς
2336 4411 2503 4474 πόδας
2528 4412 2682 4482 ἡμῖν,
2721 4410 2807 4463 ἵνα
2841 4410 3037 4472 αὑτοὺς
3070 4409 3331 4479 νίψωμεν,
3362 4410 3604 4480 φήσομεν
3648 4410 3744 4463 καὶ

496 4521 641 4561 cum.
674 4523 696 4558 ι
730 4501 926 4559 Verum
954 4503 1001 4557 si
1029 4503 1298 4572 quispiam
1327 4510 1520 4557 contra
1550 4501 1665 4555 lucc
1690 4501 1854 4563 dicat,
1875 4513 2067 4569 quam~

2171 4501 2514 4573 τολμήσομεν
2541 4503 2712 4556 εἰπεῖν
2739 4503 2851 4564 τοῖς
2871 4500 3132 4565 τοιούτοις
3165 4500 3226 4552 τό
3244 4518 3255 4530 ·
3292 4518 3310 4551 ι
3350 4500 3475 4553 Ἐὰν
3504 4502 3578 4572 μὴ
3605 4500 3744 4571 νίψω

564 4638 939 4714 ³⁰1Τίηιον,9,
969 4646 1053 4701 l0.
1128 4645 1173 4677 “
1204 4644 1311 4700 Tit.
1339 4661 1400 4711 ιι,
1423 4647 1476 4701 3.
1552 4644 1599 4675 ’⁸
1621 4642 1779 4698 Jnau.
1808 4658 1925 4711 χιιι,
1967 4644 2055 4699 ll.

2168 4643 2354 4700 'Joan.
2385 4661 2508 4711 xm,
2534 4644 2587 4712 8,
2626 4643 2711 4698 12.
2786 4642 2833 4674 ’⁸
2858 4642 3014 4696 Cant.
3044 4658 3095 4708 v,
3120 4642 3174 4697 5.
3250 4643 3295 4674 ³⁵
3315 4639 3472 4697 Joan.
3500 4657 3621 4704 xm,
3652 4641 3741 4697 15.

570 4788 685 4861 (9.4)
718 4787 897 4843 Codex
932 4787 1157 4861 Regius,
1185 4786 1430 4861 εὑπορεῖ.

593 4850 684 4927 25)
716 4860 872 4928 Idem,
903 4850 1070 4913 code:
1117 4850 1358 4928 Begius',
1390 4854 1755 4928 πρεσϐύτεραι
1789 4850 1926 4909 εἶναι
1974 4856 2071 4911 καὶ

501 4926 968 4989 καλοδιδάσκαλοι,
994 4928 1088 4982 sed
1114 4926 1445 4981 Bodleianus
1470 4938 1528 4978 ut
1552 4928 1602 4979 in
1637 4926 1829 4980 nostro
1855 4938 2021 4981 textu.

568 5001 680 5072 (‘26)
706 4999 887 5072 Codex
923 4998 1143 5072 Regius,
1171 4997 1296 5072 τοὺς
1331 4994 1674 5072 πιστεύοντος
1718 4995 1934 5072 δούλου,
1971 4995 2068 5072 καὶ

500 5065 625 5134 cui};
662 5065 837 5139 γονεῖς
885 5067 981 5121 τοῦ
1009 5065 1154 5139 υἰοῦο
1202 5067 1340 5139 ὅπερ
1378 5066 1551 5139 ἐκθοςῇ
1583 5067 1645 5119 οὑ
1673 5065 1940 5139 γίνεταιῆ
1988 5068 2069 5139 εἰς

503 5137 829 5211 ὑπερϐολὴν,
857 5148 965 5211 etc.
1006 5138 1273 5211 patuerunt
1297 5137 1363 5191 ex
1399 5138 1501 5191 hoc
1527 5137 1644 5211 loco
1672 5138 1932 5211 discimus
2000 5137 2069 5189 ab

502 5206 854 5280 optimatibus
878 5208 944 5280 ad
975 5207 1337 5280 simpliciores
1369 5215 1451 5280 ει-
1477 5206 1712 5260 rusticos
1749 5206 1926 5280 hunc_
1949 5219 2070 5280 mo-

501 5274 616 5336 rem
641 5277 807 5332 fuisse
822 5274 1163 5343 traductum;
1191 5285 1247 5329 at
1274 5278 1342 5329 ab
1378 5275 1485 5328 illis
1518 5290 1733 5328 rursum
1786 5275 1852 5328 ad
1887 5274 2072 5329 Eccle-

501 5351 598 5405 siae
657 5349 889 5418 primum
925 5352 1189 5418 rectores,
1240 5346 1436 5418 deinde
1482 5344 1647 5398 etiam
1692 5344 2072 5418 adprincipa-s

504 5414 966 5487 transiit;quibus
1000 5417 1273 5487 hodieque
1312 5414 1555 5487 solemne
1576 5423 1669 5487 est
1689 5415 1823 5487 feria
1877 5416 2063 5487 qttjuta

503 5492 558 5546 in
607 5483 1011 5544 (Stena—Domini
1063 5483 1357 5555 pauperum
1406 5484 1571 5555 pedes
1622 5484 1864 5539 abluere.
1895 5483 2064 5555 ’llanc

504 5562 951 5614 consuetudinem
1004 5553 1197 5624 priscis
1245 5553 1579 5624 temporibus
1617 5556 1910 5623 arripuisse
1954 5554 2062 5608 Me-

504 5629 871 5681 diolaueusem
895 5626 1218 5688 Ecclesiatu,
1245 5634 1299 5679 et
1353 5623 1662 5687 retinuisse,
1717 5625 1953 5693 indeque
1996 5624 2063 5676 ad

506 5699 644 5751 alias
669 5696 952 5764 plerasque
982 5694 1148 5751 fuisse
1195 5703 1544 5764 propagatum
1601 5695 1797 5749 docent
1856 5704 2065 5747 veteres

508 5767 805 5821 memoriae.
860 5764 1059 5822 Morem
1108 5765 1247 5821 hunc
1307 5766 1448 5820 inter
1500 5764 1754 5821 Ecclesia:
1800 5764 2065 5834 primores

2179 4789 2494 4844 inusitatum
2538 4787 2708 4843 fuisse
2755 4786 3008 4855 Origenis
3041 4786 3379 4857 temporibus
3422 4784 3747 4854 intelligitur

2177 4862 2345 4914 etiam
2370 4876 2436 4913 ex
2466 4860 2638 4929 ipsius
2660 4858 2850 4915 homil.
2880 4857 2913 4929 6
2947 4856 3234 4929 Inﬂatum
3256 4897 3271 4922 ,
3304 4872 3452 4910 num.
3484 4856 3559 4929 δέ
3591 4875 3609 4908 ι
3643 4858 3746 4910 Ne-

2178 4946 2266 4985 mo
2324 4926 2742 4999 quibuscunque
2791 4927 3462 4999 venientibusassumens
3524 4926 3743 4999 linteum

2177 4995 2459 5065 diacouus,
2484 5000 2567 5053 vel
2599 4995 2909 5068 presbyter,
2935 4999 3050 5052 sive
3077 4997 3362 5066 episcopus
3390 4995 3533 5049 lavat
3556 4997 3741 5064 pedes.

2178 5069 2284 5123 Sed
2311 5070 2357 5123 si
2390 5083 2494 5122 non
2525 5067 2792 5137 intelligas
2817 5083 2881 5124 ea
2902 5082 3024 5137 quae
3056 5068 3255 5137 scripta
3283 5075 3411 5137 sunt
3439 5105 3455 5130 ,
3495 5067 3587 5137 qui
3615 5079 3746 5119 vere

2173 5138 2317 5193 beati
2374 5149 2501 5194 sunt
2553 5135 2795 5208 episcbpi
2853 5135 3158 5208 servientes
3208 5135 3463 5208 Ecclesiae
3522 5135 3743 5208 mittunt

2174 5223 2371 5277 aquam
2412 5210 2478 5263 de
2506 5204 2823 5279 iSc'riptu'ris
2846 5209 2899 5261 in
2964 5206 3160 5276 pelvim
3209 5205 3419 5262 animat.
3466 5204 3609 5279 quod
3657 5215 3737 5279 est

2172 5274 2469 5333 secundum
2494 5274 2824 5347 Scrip’turas,
2861 5287 2916 5332 et
2942 5274 3152 5347 teutaut
3195 5279 3386 5347 pedum
3451 5274 3742 5347 discipulo-

2177 5364 2294 5403 rum
2321 5352 2510 5404 sordes
2554 5343 2738 5402 lavare
2758 5388 2774 5411 ,
2808 5358 2863 5402 et
2907 5346 3109 5409 eluere,
3139 5343 3509 5414 et'projicere.
3529 5344 3617 5414 _Et
3662 5344 3742 5398 sic

2174 5419 2491 5475 custodiunt
2548 5418 2786 5487 episcopi
2846 5416 3156 5471 mandatum
3201 5411 3474 5468 iinitautes
3517 5411 3738 5476 Jesutn;

2171 5490 2249 5544 sic
2270 5499 2333 5560 Aet
2378 5488 2735 5560 presbyteri.»

2236 5558 2350 5629 (27)
2382 5551 2804 5629 ’Ἡγοῠμένους.
2831 5555 2993 5610 Deest
3048 5553 3104 5609 in
3157 5553 3347 5609 codice
3399 5551 3587 5621 Regio,
3648 5556 3744 5613 sed

2176 5629 2482 5684 restituitur
2504 5644 2567 5681 ex
2602 5628 2915 5681 Bodleiano.

2244 5699 2357 5769 (28)
2397 5696 2737 5770 Γεγονέναι.
2778 5696 2943 5752 Forte
2965 5696 3311 5752 scribendum
3355 5697 3568 5767 γέγονε.
