4182 6420
454 348 563 405 775

1456 346 1816 405 COMMENT.
1856 347 1925 403 IN
1963 347 2157 406 JOAN.
2193 346 2435 405 TOMUS
2470 348 2687 406 XXXII.

3627 364 3737 417 771

454 485 537 535 σε,
575 467 679 523 οὐκ
705 467 849 539 ἔχεις
887 468 1051 541 μέρος
1093 470 1208 541 μετ’
1253 468 1410 541 ἐμοῦ.
1454 489 1472 522 ι
1522 471 1585 523 Εἰ
1620 470 1677 523 δὲ
1711 469 1947 525 ἐνταῦθα
1981 471 2036 523 οὗ

2148 470 2230 526 vis
2291 486 2388 541 per
2460 470 2779 544 allegoriam
2835 471 3113 538 dicantur,
3184 474 3540 535 nihilominus
3590 479 3745 550 juxta

453 562 695 617 δυσωπεῖ
718 563 779 615 τὸ
807 562 836 615 ὃ
866 559 1042 626 εἷπον,
1073 563 1367 633 ἐπίσκεψαι
1396 562 1448 616 τί
1476 579 1534 614 σε
1559 561 1665 633 χρὴ
1694 560 1875 630 λέγειν
1904 562 2043 633 πρὸς

454 653 554 726 τὴν
587 656 717 726 περὶ
756 654 855 707 τοῦ
889 656 938 707 εί
969 655 1075 728 χρὴ
1124 656 1217 709 καὶ
1267 655 1366 727 τὴν
1412 654 1555 722 λέξιν
1601 653 1819 718 πάντως
1853 658 2043 726 τηρεῖν

452 745 817 818 ὲπαπὸρησιν.
855 747 975 800 ’Ότι
1018 748 1118 817 μὲν
1162 742 1256 801 οὖν
1306 765 1439 801 ποτε
1481 746 1709 818 καθήξει
1753 745 1890 817 τῷδε
1943 747 2041 817 μὲν

450 835 603 906 νῖψαι
633 838 759 901 τοὺς
799 837 965 901 πόδας
1000 838 1094 891 τοῦ
1137 839 1286 892 δεῖνα
1323 836 1567 910 μαθητοῦ
1626 837 1824 908 Ἰησοῦ,
1864 836 1945 908 τῷ
1983 837 2042 892 δὲ

454 928 832 999 ἐμπαρασχεῖν
878 930 1073 993 αὐτοὺς
1131 928 1560 1002 νιφθησομένους
1605 929 1696 983 ὑπ’
1732 928 1921 995 αὑτοῦ,
1967 928 2044 993 ὡς

452 1021 562 1074 ἀπὸ
587 1021 810 1093 ἀγάπης
842 1021 936 1076 καὶ
965 1023 1363 1094 φιλοφροσύνης
1393 1022 1485 1076 τὸν
1528 1023 1625 1095 μὲν
1667 1023 1913 1094 ποιῆσαι,
1951 1020 2042 1075 τὸν

453 1113 511 1168 δὲ
548 1119 872 1187 παρασχεῖν,
918 1116 1013 1169 καὶ
1067 1116 1233 1180 αὐτὸς
1271 1116 1337 1171 ἂν
1410 1117 1834 1189 ὁμολογήσαιμι.
1881 1119 1944 1170 Εἰ
1983 1117 2041 1171 δὲ

455 1206 701 1278 φήσομεν
753 1207 982 1261 ἕκαστον
1036 1208 1145 1261 τῶν
1198 1209 1273 1280 μὴ
1334 1210 1651 1263 συνειδότων
1706 1210 1814 1279 (29)
1860 1208 2040 1280 ἐαυτῷ

453 1296 614 1351 τοῦτο
634 1299 1014 1370 πεποιηκέναι,
1054 1299 1150 1352 ml
1181 1300 1351 1367 ἁγίων
1381 1299 1523 1353 οὕτω
1548 1304 1675 1364 τοὺς
1702 1302 1869 1366 πόδας
1898 1319 2040 1356 νενι·

455 1386 636 1456 φέναι,
683 1388 1038 1461 ὀφειλομένην
1089 1391 1213 1445 τινὰ
1263 1390 1482 1462 ἐντολὴν
1525 1393 1598 1464 μὴ
1642 1392 2043 1448 ἀποδεδωκέναι

453 1479 583 1550 τὴν,
613 1497 633 1531 t
688 1481 960 1550 Ὀφείλετε
993 1481 1238 1553 ἀλλήλων
1263 1483 1473 1537 νίπτειν
1500 1485 1625 1546 τοὺς
1650 1483 1837 1548 πόδας,
1867 1504 1886 1536 ι
1921 1483 2042 1556 ὥρα

453 1588 562 1626 που
594 1572 703 1643 (50)
735 1573 913 1643 λέγειν
962 1575 1129 1644 ἐγγύς
1176 1593 1280 1630 που
1321 1577 1529 1640 πάντας
1579 1576 1862 1646 ὀφειλέτας
1900 1573 2041 1631 εἶναι

452 1660 553 1732 τῆς
574 1662 795 1735 ἐντολῆς
817 1664 1042 1735 ταύτης.

2153 572 2467 618 contextum
2494 563 2640 619 facta
2675 564 2876 631 fuisse,
2911 567 3303 639 moraliterqne
3337 569 3502 627 etiam
3538 572 3745 629 intelli-

2151 655 2325 723 genda
2367 669 2487 710 esse
2518 657 2638 710 haec
2689 657 2892 713 verba:
2935 675 2956 709 ι
2985 657 3044 713 Si
3089 658 3257 729 igitur
3298 675 3399 730 ego
3432 661 3536 717 lavi
3569 666 3737 734 pedes

2149 753 2362 798 vestros
2387 743 2645 814 Magister
2679 753 2734 800 et
2765 746 3226 813 Dominus,etvos
3255 748 3463 804 debetis
3486 749 3579 804 alii
3606 751 3743 806 alio-

2150 852 2270 891 rum
2306 836 2489 890 lavare
2518 838 2682 905 pedes
2712 853 2727 891 :
2765 837 3074 908 exemplum
3125 838 3273 893 enim
3318 840 3441 895 dedi
3477 840 3652 904 vobis,
3683 851 3744 895 ut

2147 928 2606 999 quemadmodum
2630 942 2730 997 ego
2754 927 2857 984 feci
2883 930 3058 996 vobis,
3080 932 3153 986 ita
3173 942 3227 987 et
3249 947 3347 987 vos
3377 930 3597 987 faciatis
3619 932 3666 965 ³⁸
3688 947 3739 985 ι»

2149 1020 2217 1075 ad
2265 1019 2577 1090 hujusmodi
2630 1022 3069 1091 respondendum
3118 1033 3205 1079 est
3251 1042 3265 1079 :
3315 1038 3447 1096 ergo
3483 1025 3741 1094 quoniam

2143 1112 2297 1181 juxta
2332 1120 2541 1167 textum
2576 1113 2779 1169 factum
2813 1123 2898 1169 est
2927 1116 3073 1184 quod
3104 1114 3267 1171 l‘etro
3287 1116 3525 1181 dicenti,
3556 1136 3575 1168 ι
3613 1115 3731 1173 Νοιι

2145 1203 2351 1259 lavabis
2378 1203 2510 1258 mihi
2537 1205 2702 1274 pedes
2725 1206 2778 1260 in
2805 1214 3094 1272 aeternum,
3134 1226 3155 1259 ι
3191 1208 3394 1262 dictum
3435 1207 3559 1273 fuit,
3583 1224 3739 1264 nem-

2145 1310 2212 1367 pe
2242 1337 2258 1362 ,
2306 1316 2325 1349 ι
2355 1296 2468 1352 Nisi
2499 1297 2684 1352 lavero
2718 1307 2791 1361 te,
2829 1313 2938 1353 non
2982 1300 3151 1355 habes
3185 1311 3398 1369 partem
3445 1316 3684 1366 mecum,
3716 1320 3737 1353 ι

2143 1391 2306 1446 etiam
2340 1405 2462 1453 nos,
2484 1388 2640 1458 juxta
2676 1400 3023 1456 contextum,
3057 1393 3129 1448 ob
3161 1393 3528 1448 reverentiam
3565 1394 3732 1462 pedes

2144 1498 2274 1539 suos
2323 1483 2588 1539 lavandos
2632 1500 2739 1539 non
2775 1485 3146 1554 praebentibus
3200 1485 3468 1553 dicemus,
3508 1485 3739 1540 audebi-

2150 1592 2379 1645 musque
2410 1576 2607 1631 talibus
2636 1577 2822 1633 dicere
2848 1596 2863 1631 :
2904 1595 2923 1629 ι
2960 1577 3070 1632 Nisi
3102 1577 3283 1633 lavero
3314 1587 3402 1642 te,
3432 1592 3535 1632 non
3571 1575 3741 1631 babes

2147 1677 2361 1738 partem
2390 1682 2661 1722 mecum.»
2699 1667 2852 1735 Quod
2884 1669 2930 1723 si
2962 1671 3068 1724 boc
3096 1668 3148 1723 in
3186 1669 3304 1724 loco
3346 1669 3442 1724 tibi
3478 1684 3582 1723 non
3611 1682 3739 1736 per-

452 1755 644 1810 suadet
665 1757 806 1824 quod
834 1758 966 1824 dixi,
1004 1762 1279 1829 perpende
1318 1761 1448 1831 quid
1481 1761 1665 1816 dicere
1724 1770 1775 1816 te
1829 1770 2083 1832 oporteat
2137 1772 2328 1817 contra
2361 1761 2786 1826 dubitationem,
2813 1776 2884 1815 an
2922 1763 3151 1817 omnino
3189 1760 3345 1829 juxta
3379 1769 3589 1815 textum
3622 1760 3741 1815 haec

451 1848 564 1903 sint
602 1852 892 1907 servanda.
926 1853 1110 1921 Atque
1137 1856 1281 1923 quod
1314 1855 1443 1910 huic
1486 1858 1703 1924 quidem
1738 1858 2031 1927 aliquando
2091 1856 2386 1912 conveniat
2411 1856 2599 1909 lavare
2635 1855 2802 1924 pedes
2855 1854 3005 1908 illius
3048 1853 3299 1922 discipuli
3331 1851 3580 1919 Jesu,illi
3609 1866 3739 1907 vero

452 1938 741 2008 aliquando
774 1957 903 1998 suos
932 1944 1001 1997 ab
1035 1944 1151 2014 ipso
1177 1946 1437 2002 lavandos
1476 1950 1742 2016 prmbere,
1796 1950 1868 2004 ita
1905 1958 1964 2004 ut
2002 1948 2095 2004 ille
2147 1947 2218 2002 ob
2249 1947 2577 2001 charitatem
2604 1955 2659 1999 et
2684 1946 3003 2001 comitatem
3038 1945 3200 2010 lavet,
3237 1945 3326 1999 hic
3357 1959 3417 1999 se
3441 1942 3733 1998 lavandum

449 2031 726 2097 exhibeat,
762 2033 927 2087 etiam
962 2034 1080 2104 ipse
1105 2034 1303 2089 fateor.
1352 2035 1446 2091 Sin
1494 2052 1626 2093 vero
1676 2040 1921 2094 dicemus
1981 2050 2428 2106 unumquemque
2476 2051 2586 2090 non
2634 2034 2913 2089 conscium
2952 2034 3056 2090 sibi
3107 2034 3210 2088 hoc
3259 2031 3480 2096 iecisse,
3515 2041 3735 2089 sancto-

452 2136 681 2192 rumque
735 2125 840 2180 isto
872 2128 1030 2181 modo
1062 2127 1227 2196 pedes
1267 2144 1372 2184 non
1412 2130 1628 2199 lavisse,
1684 2133 1923 2188 debitmn
1979 2131 2253 2201 quoddam
2286 2130 2601 2182 mandatum
2640 2142 2749 2181 non
2790 2126 3154 2194 persolvisse,
3187 2138 3401 2193 nempe,
3467 2142 3487 2175 ι
3518 2123 3734 2181 Debetis

450 2216 541 2273 alii
565 2217 798 2274 aliorum
826 2219 1005 2275 lavare
1028 2222 1245 2291 pedes,»
1269 2234 1482 2289 tempus
1505 2234 1589 2280 est
1606 2226 1818 2281 dicendi
1840 2241 2031 2280 onmes
2048 2224 2232 2294 aliquo
2255 2224 2415 2278 modo
2447 2224 2606 2291 hujus
2638 2222 2876 2275 mandati
2900 2221 3176 2276 debitores
3202 2233 3338 2276 esse.

523 2306 582 2360 8.
607 2325 625 2358 t
660 2309 852 2381 Ἀμὴν,
867 2310 1014 2382 ἀμὴν
1035 2311 1177 2380 λέγω
1193 2312 1321 2385 ὑμῖν
1340 2331 1352 2343 ·
1374 2316 1487 2369 Οὐκ
1508 2316 1622 2369 ἐστι
1636 2317 1822 2382 δοῦλος
1838 2317 2036 2389 μείζων

2213 2315 2268 2371 8.
2316 2335 2335 2367 ι
2369 2317 2566 2384 Amen,
2593 2330 2753 2371 amen
2781 2316 2902 2371 dico
2924 2315 3079 2370 vobis
3104 2329 3119 2369 :
3151 2312 3269 2370 Non
3295 2322 3380 2370 est
3403 2329 3598 2370 servus
3620 2331 3738 2370 ma-

390 2452 393 2455 η
448 2397 544 2452 τοῦ
582 2399 773 2471 κυρίου
807 2401 977 2455 αὐτοῦ
1000 2442 1016 2467 ,
1053 2405 1177 2457 οὐδὲ
1206 2404 1505 2469 ἀπόστολος
1541 2406 1744 2477 μείζων
1774 2408 1870 2462 τοῦ
1903 2409 2045 2480 πέμ-

447 2492 649 2561 ψαντος
673 2493 868 2546 αὐτόν’
908 2497 956 2548 εἰ
984 2495 1156 2550 ταῦτα
1198 2496 1399 2559 οἴδατε,
1443 2498 1708 2570 μακάριοί
1749 2500 1895 2565 ὲστε,
1947 2501 2043 2554 ἐὰν

450 2584 641 2653 ποιῆτε
669 2584 827 2639 αὐτά.
871 2587 947 2639 Οὐ
983 2590 1112 2658 περὶ
1135 2588 1351 2641 πάντων
1381 2589 1536 2659 ὑμῶν
1572 2591 1746 2659 λέγω·
1783 2591 1895 2660 ἐγὼ
1924 2588 2044 2646 οἶδα

446 2676 600 2740 τίνας
611 2676 957 2749 ὲξελεξάμηψ
971 2679 1086 2733 ἀλλ’
1100 2680 1185 2735 ἵνα
1198 2682 1228 2752 ἡ
1243 2682 1432 2754 Γραφὴ
1445 2682 1551 2755 πλη
1560 2682 1730 2755 ρωθῇ·
1750 2684 1806 2737 '0
1818 2682 2044 2757 τρώγων

450 2785 553 2842 μου
568 2768 659 2823 τὸν
679 2770 842 2840 ἄρτον
862 2770 1071 2843 ἐπῆρεν
1088 2774 1201 2841 (51)
1216 2776 1300 2828 ἐπ’
1318 2774 1418 2844 ἐμὲ
1435 2775 1533 2847 τὴν
1558 2775 1799 2846 πτέρναν
1815 2774 2003 2829 αὐτοῦ.
2019 2794 2037 2823 ι

450 2861 573 2914 Ἔτι
607 2862 702 2916 καὶ
735 2860 906 2915 ταῦτα
933 2863 1153 2934 ἔχεσθαί
1190 2883 1280 2937 μοι
1308 2867 1457 2930 δοκεῖ
1494 2866 1590 2919 τοῦ
1629 2868 1763 2921 ἰδεῖν
1806 2867 1875 2920 τά
1912 2867 2043 2939 περὶ

445 2951 549 3022 τῆς
589 2952 699 3006 τῶν
746 2954 924 3010 ποδῶν
968 2955 1165 3026 νίψεως
1213 2960 1565 3030 τροπολογεῖν
1586 2978 1600 2992 ο
1647 2962 1708 3015 τὸ
1740 2962 1879 3032 γὰρ,
1924 2980 1942 3012 ι
1978 2962 2042 3016 El

446 3042 621 3097 ταῦτα
660 3040 865 3109 οἴδατε,
913 3046 1175 3119 μακάριοί
1224 3051 1369 3115 ἐστε,
1416 3051 1512 3105 ἐὰν
1563 3053 1762 3124 ποιῆτε
1810 3053 1972 3119 αὐτὰ,
2015 3076 2034 3107 ι

447 3132 662 3198 οὐδενὸς
701 3136 954 3207 ποιητέον
1000 3142 1403 3212 προειρημένου
1444 3142 1477 3215 ἦ
1519 3145 1650 3214 περὶ
1702 3145 1803 3216 τῆς
1840 3146 2038 3216 νίψεως

446 3223 556 3277 τῶν
585 3223 783 3289 ποδῶν,
818 3227 906 3278 ἐπ’
952 3228 1168 3300 ἐκείνην
1211 3231 1311 3301 τὴν
1356 3232 1637 3305 ἀναφορὰν
1686 3234 1823 3305 ἔχει.
1873 3236 1955 3290 Τὰ
1982 3238 2044 3291 δὲ·

448 3318 591 3370 κατὰ
620 3316 713 3370 τὸν
749 3318 915 3372 τόπον
952 3319 1272 3391 μαθήματα,
1324 3322 1442 3388 πῶς
1491 3342 1551 3378 τε
1590 3326 1749 3390 πόδες
1782 3326 2038 3399 μαθητῶν

451 3407 792 3477 μολύνονται,
834 3411 936 3483 ἤδη
966 3412 1340 3485 λουσαμένων,
1381 3417 1477 3470 καὶ
1512 3418 1635 3472 τίνα
1663 3419 1865 3491 τρόπον
1902 3420 2037 3474 πλύ-

447 3515 649 3565 νονται,
682 3503 976 3568 είδέναιὼς
1020 3508 1050 3560 6
1082 3506 1255 3575 Λόγος
1290 3506 1560 3578 βούλεται,
1609 3513 1704 3565 καὶ
1742 3515 1916 3568 ποιεῖν
1959 3514 2036 3578 ὡς

449 3593 594 3648 θέλει
614 3596 643 3649 6
686 3596 916 3668 Ἰησοῦς,
947 3599 1166 3671 ἀληθῶς
1200 3601 1487 3674 μακαρίων
1510 3603 1659 3658 ἐστὶν
1688 3605 1897 3678 ἀνδρῶν
1922 3605 2033 3677 (52)

449 3684 640 3757 ῐργον·
677 3689 737 3741 οὐ
769 3689 882 3761 γὰρ
916 3690 978 3744 τὸ
1014 3692 1333 3763 τηλικοῦτον
1371 3695 1564 3767 ὄνομα,
1605 3697 1667 3751 τὸ
1711 3697 2031 3768 μακάρων,

450 3775 665 3847 εὔλογον
692 3780 787 3833 ἐπὶ
825 3783 937 3846 τοῖς
966 3783 1189 3855 τυχοῦσι
1237 3786 1409 3857 φῆσαι
1444 3788 1697 3860 παρεῖναί
1738 3806 1902 3855 τισιν,
1947 3792 2033 3860 ἐφ’

444 3860 490 3936 ᾧ
515 3870 610 3923 ml
631 3871 851 3943 οἰκέτης
883 3873 952 3929 ἂν
996 3874 1213 3930 πλύνων
1242 3880 1369 3943 τοὺς
1409 3879 1577 3944 πόδας
1618 3879 1713 3934 τοῦ
1750 3880 2029 3946 δεσπότου,

450 3964 722 4033 μακάριος
761 3964 828 4019 ἂν
866 3968 987 4020 κατ’
1019 3969 1152 4022 αὐτὸ
1193 3969 1353 4025 τοῦτο
1393 3971 1542 4040 δόξαι
1576 3974 1889 4044 τυγχάνειν,
1940 3979 2034 4032 ml.

446 4053 657 4120 κόλαξ,·
695 4057 792 4110 ml.
849 4056 1182 4131 ὑποκριτής·
1238 4060 1267 4113 ὃ
1312 4064 1423 4135 γὰρ
1470 4066 1634 4136 ἡμεῖς
1684 4068 2030 4141 ἀποδίδομεν,

445 4144 657 4199 νίπτειν
691 4148 817 4211 τοὺς
854 4148 1022 4213 πόδας
1058 4151 1314 4223 μαθητῶν
1366 4155 1560 4225 Ἰησοῦ,
1602 4158 1842 4227 μεγάλου
1887 4162 2034 4225 τινός

447 4237 586 4303 ἔστι,
621 4238 716 4293 ml.
759 4240 966 4311 Ἰησοῦν
999 4243 1056 4296 ὲν
1081 4243 1261 4315 ἑαυτῷ
1301 4244 1539 4317 ἔχοντος,
1569 4250 1664 4302 καὶ
1692 4250 2032 4318 ἁπαξαπλῶς

450 4327 743 4399 μακαρίου.
776 4330 896 4401 Χρὴ
928 4330 986 4383 δὲ
1023 4332 1223 4387 εἰδέναι
1252 4334 1434 4403 τοῦτο,
1472 4337 1554 4390 ὅτι
1594 4339 1924 4410 παράκειται
1955 4340 2032 4411 τῷ

450 4418 600 4492 ῥητῷ
636 4419 810 4492 τούτῳ
848 4422 1029 4493 ὅμοια,
1069 4425 1127 4478 ὲν
1173 4425 1271 4495 μὲν
1308 4426 1385 4497 τῷ
1423 4429 1565 4483 κατὰ
1617 4430 1896 4486 Ματθαῖον
1935 4432 1996 4485 τό
2016 4450 2030 4464 ι

454 4528 475 4561 t
523 4510 637 4564 Οὐκ
688 4511 803 4567 ἔστι
855 4514 1104 4588 μαθητὴς
1156 4517 1301 4591 ὑπὲρ
1356 4519 1446 4575 τὸν
1498 4520 1852 4588 διδάσκαλον,
1910 4524 2031 4578 οὐδὲ

447 4598 632 4667 δοῦλος
674 4604 814 4677 ὑπὲρ
844 4605 938 4660 τὸν
980 4608 1169 4679 κύριον
1204 4609 1402 4664 αὐτοῦ·
1438 4613 1669 4684 ἀρκετὸν
1700 4614 1779 4686 τῷ
1814 4615 2029 4689 μαθητῇ

451 4691 537 4745 ἵνα
569 4693 794 4765 γένηται
821 4695 897 4760 ὡς
928 4700 957 4751 6
988 4699 1306 4766 διδάσκαλος
1336 4703 1525 4769 αὐτοῦ,
1562 4705 1655 4758 ml.
1683 4706 1712 4758 6
1742 4707 1928 4771 δοῦλος
1955 4708 2032 4773 ὡς

448 4784 479 4837 6
515 4784 704 4856 κύριος
741 4788 907 4842 αὑτοῦ
927 4805 943 4821 ⁸
984 4811 1003 4842 ι
1042 4795 1103 4846 ὲν
1129 4793 1186 4847 δὲ
1210 4793 1289 4865 τῷ
1310 4796 1450 4851 κατὰ
1488 4798 1703 4853 Λουκᾶν
1733 4800 1826 4853 τό’
1867 4819 1885 4852 t
1919 4802 2032 4855 Οὐκ

450 4875 565 4931 ἔστι
600 4878 848 4951 μαθητὴς
876 4881 1017 4955 ὑπὲρ
1061 4885 1154 4938 τὸν
1196 4886 1542 4943 διδάσκαλον·
1598 4892 2031 4964 κατηρτισμένος

2142 2406 2233 2476 jor
2262 2407 2486 2463 domino
2535 2423 2656 2474 suo,
2688 2421 2868 2476 neque
2913 2406 3128 2476 legatus
3179 2406 3354 2477 major
3395 2417 3482 2463 est
3523 2423 3591 2464 eo
3641 2408 3734 2478 qui

2148 2496 2355 2568 legavit
2386 2497 2564 2567 ipsum
2594 2515 2608 2551 :
2636 2496 2682 2552 si
2716 2496 2835 2552 haec
2868 2495 3129 2565 novistis,
3158 2495 3303 2551 beati
3332 2498 3491 2563 estis,
3519 2496 3566 2553 si
3595 2496 3737 2554 fece-

2148 2588 2269 2643 ritis
2298 2604 2384 2643 ea.
2411 2588 2527 2644 Non
2580 2588 2651 2644 de
2686 2588 2944 2644 omnibus
2994 2587 3152 2643 vobis
3183 2587 3422 2657 loquor:
3464 2602 3567 2660 ego
3617 2590 3737 2645 scio

2147 2696 2286 2752 quos
2322 2681 2615 2752 elegerim;
2646 2684 2743 2738 sed
2794 2691 2858 2737 ut
2903 2680 3228 2750 impleretur
3273 2680 3554 2752 Scriptura
3590 2680 3736 2748 :Qui

2146 2775 2259 2829 edit
2284 2790 2464 2831 meum
2493 2790 2712 2845 panem,
2738 2773 2959 2830 sustulit
2978 2773 3266 2828 adversum
3294 2785 3382 2827 me
3418 2773 3735 2827 calcaneum

2146 2884 2308 2925 suum
2327 2867 2596 2942 ".424
2610 2867 2802 2923 Adhuc
2831 2875 2887 2921 et
2916 2867 3033 2920 haec
3065 2864 3347 2920 cohaerere
3380 2864 3512 2919 mihi
3546 2864 3738 2920 viden-

2146 2967 2259 3024 tur,
2290 2964 2350 3013 ut
2399 2958 2638 3013 sciamus
2688 2957 2757 3011 ad
2791 2970 2973 3012 mores
3020 2955 3283 3011 reducere
3316 2970 3442 3026 quae
3474 2956 3736 3012 dicuntur

2145 3051 2211 3105 de
2265 3048 2539 3104 lavatione
2588 3049 2807 3119 pedum.
2842 3047 2968 3103 llaec
3020 3045 3165 3102 enim
3203 3047 3399 3114 verba,
3463 3067 3483 3100 c
3518 3047 3575 3104 Si
3617 3047 3735 3103 haec

2144 3144 2397 3210 novistis,
2437 3141 2581 3196 beati
2624 3142 2779 3209 estis,
2804 3141 2851 3197 si
2896 3140 3141 3196 feceritis
3181 3155 3247 3195 ea
3276 3139 3342 3204 ³⁸,
3378 3158 3398 3192 ι
3436 3156 3559 3195 cum
3599 3140 3734 3195 nihil

2141 3239 2301 3285 antea
2336 3228 2711 3300 praescriptum
2760 3229 2834 3284 sit
2871 3229 3019 3298 quod
3053 3243 3215 3299 agere
3260 3229 3558 3284 debeamus
3587 3244 3733 3299 prae.

2144 3329 2391 3391 terquam
2428 3322 2494 3376 de
2536 3320 2741 3377 lotione
2787 3320 3010 3391 pedum,
3040 3320 3108 3374 ad
3151 3319 3241 3374 illa
3266 3319 3472 3375 habent
3505 3321 3732 3375 relatio-

2140 3430 2286 3472 nem.
2304 3413 2570 3469 Caeterum
2605 3414 2888 3483 prasentis
2912 3412 3015 3467 loci
3039 3412 3318 3468 doctrinas
3342 3411 3483 3469 scire
3507 3420 3567 3465 ut
3602 3410 3735 3469 Ser-

2139 3522 2230 3561 mo
2273 3506 2411 3572 vult,
2440 3517 2495 3562 et
2532 3505 2716 3560 facere
2767 3513 2828 3560 ut
2861 3504 2974 3559 vult
3001 3503 3196 3568 Iesus,
3230 3517 3425 3572 nempe
3449 3505 3728 3572 quomodo

2140 3597 2561 3667 discipulorum,
2590 3597 2683 3666 qui
2703 3597 2816 3667 jam
2856 3595 3131 3658 laverant,
3155 3595 3320 3666 pedes
3346 3593 3729 3663 inquinentur,

2137 3701 2193 3746 et
2224 3706 2459 3762 quonam
2502 3703 2660 3760 pacto
2709 3690 2984 3754 laventur,
3013 3703 3141 3744 vere
3192 3703 3330 3759 opus
3373 3698 3456 3743 est
3485 3687 3729 3743 virorum

2138 3782 2423 3838 beatorum
2457 3782 2596 3837 :hoc
2624 3781 2769 3835 enim
2798 3779 2904 3835 tale
2929 3788 3250 3848 tantumque
3273 3791 3492 3840 nomen,
3513 3789 3708 3847 nempe

2138 3873 2386 3937 beatum,
2419 3877 2848 3925 consentaneum
2900 3882 3006 3922 non
3041 3875 3125 3922 est
3155 3865 3338 3920 dicere
3389 3864 3581 3919 adesse
3609 3863 3732 3933 qui-

2135 3964 2367 4021 busdam
2395 3961 2752 4031 vulgaribus;
2783 3958 2920 4014 adeo
2948 3967 3007 4011 ut
3034 3956 3119 4012 vel
3147 3971 3310 4012 servo
3334 3954 3537 4009 lavanti
3564 3957 3730 4024 pedes

2136 4055 2343 4113 domini
2364 4055 2616 4109 videatur
2635 4052 2774 4106 hanc
2803 4051 2873 4106 ob
2892 4064 3115 4104 causam
3150 4047 3292 4103 beati
3321 4062 3519 4103 nomen
3545 4045 3727 4101 obtin-

2135 4164 2286 4220 gere,
2308 4146 2521 4202 etiamsi
2540 4143 2793 4199 adulator
2811 4152 2866 4197 et
2881 4139 3168 4212 hypocrita
3185 4139 3368 4206 fuerit,
3387 4154 3537 4204 cum,
3552 4146 3612 4192 ut
3627 4153 3729 4193 nos

2134 4240 2553 4312 explicavimus,
2585 4237 2766 4292 lavare
2791 4235 2954 4305 pedes
2978 4233 3365 4302 discipulorum
3398 4231 3525 4288 Jesu
3544 4232 3724 4301 magni

2135 4334 2420 4403 cujusdam
2440 4332 2533 4394 Sil,
2549 4340 2603 4384 et
2617 4328 2798 4385 Jesum
2816 4329 2869 4381 in
2892 4342 2948 4382 se
2964 4327 3304 4393 babentis,et
3319 4324 3544 4380 omnino
3557 4324 3724 4379 beati.

2136 4425 2242 4480 Sed
2275 4423 2516 4479 sciamus
2537 4435 2764 4475 necesse
2790 4427 2873 4474 est
2890 4419 3092 4473 similia
3112 4419 3238 4473 huic
3262 4415 3433 4472 textui
3459 4415 3642 4472 inesse
3671 4416 3724 4469 in

2134 4513 2436 4584 Evangelio
2453 4528 2481 4566 a
2505 4510 2757 4566 Mattbzeo
2776 4510 3000 4578 tradito;
3026 4510 3106 4564 sic
3125 4510 3270 4564 enim
3289 4508 3510 4563 habet"
3534 4525 3548 4562 :
3577 4506 3723 4562 «Non

2133 4616 2216 4662 est
2233 4603 2530 4675 discipulus
2547 4616 2708 4672 Supra
2730 4609 3119 4671 praeceptorem
3131 4642 3146 4667 ,
3168 4614 3341 4670 neque
3355 4612 3548 4655 servus
3562 4612 3723 4668 supra

2134 4698 2414 4755 dominum
2429 4709 2590 4750 suum
2615 4711 2631 4761 ;
2663 4692 2867 4747 sufﬁcit
2896 4691 3169 4763 discipulo
3188 4700 3251 4745 ut
3270 4691 3343 4746 sit
3372 4688 3569 4746 similis
3586 4704 3724 4760 prae-

2133 4790 2374 4862 ceptoris
2407 4788 2597 4859 ipsius,
2634 4795 2688 4841 et
2711 4795 2768 4839 ut
2799 4801 2995 4841 servus
3029 4783 3224 4841 similis
3241 4783 3446 4839 domini
3472 4782 3665 4853 ipsius.
3697 4801 3716 4836 ι

2133 4885 2312 4940 Lucas
2325 4895 2455 4937 vero
2472 4881 2553 4936 sic
2569 4877 2735 4933 habet
2756 4895 2770 4932 :
2798 4876 2944 4933 «Non
2962 4891 3044 4934 εει
3066 4876 3366 4946 discipulus
3388 4890 3552 4945 supra
3575 4889 3719 4945 pra:-

446 4967 507 5022 δὲ
532 4969 638 5031 πᾶς
671 4968 812 5069 ἔστω
856 4969 933 5033 ὡς
966 4971 995 5023 6
1025 4972 1344 5041 διδάσκαλος
1388 4977 1579 5034 αὑτοῦ.
1633 4998 1652 5031 ι
1712 4981 1869 5052 Ἑξῆς
1905 4984 2030 5038 τού-

2140 4985 2415 5045 ceptorem
2439 4988 2638 5040 suum;
2671 4970 2950 5042 perfectus
2974 4980 3153 5026 autem
3184 4969 3366 5025 omnis
3390 4969 3497 5023 erit
3522 4968 3721 5024 similis

453 5076 533 5130 τῳ
566 5059 682 5131 (55)
721 5058 836 5113 ἔστι
869 5061 1104 5134 ζητῆσαι
1131 5066 1227 5131 τὸ,
1263 5086 1283 5120 ι
1328 5069 1404 5123 Οὐ
1442 5071 1573 5142 περὶ
1617 5071 1835 5126 πάντων
1875 5074 2030 5145 ὑμῶν

2140 5067 2488 5143 praeceptoris
2509 5065 2680 5137 ipsius
2701 5064 2768 5120 ³ο.
2800 5082 2819 5116 ι
2858 5062 2993 5120 Huic
3017 5064 3326 5133 proximum
3353 5070 3458 5127 est,
3485 5070 3548 5116 ut
3566 5077 3718 5132 quae-

452 5150 615 5221 λέγω,
628 5171 647 5202 ι
664 5152 756 5206 ἐπὶ
771 5153 824 5206 τί
842 5153 1163 5227 λελεγμένον
1191 5160 1499 5233 ἀνοίσομεν.
1519 5165 1577 5217 ’0
1599 5165 1697 5236 μὲν
1716 5161 1810 5219 οὖν
1826 5184 1907 5230 τις
1928 5168 2033 5239 φῆ-

453 5260 536 5297 σει
561 5242 670 5315 (54)
689 5243 781 5297 ἐπὶ
802 5244 891 5298 τό·
930 5265 949 5298 t
984 5248 1261 5322 Μακάριοί
1294 5255 1439 5319 ὲστε,
1464 5254 1559 5309 ὲὰν
1588 5257 1778 5328 ποιῆτε
1804 5258 1966 5312 αὐτά·
2005 5278 2024 5310 ι

451 5334 515 5388 οὐ
554 5333 664 5406 γὰρ
696 5333 964 5406 μακάριος
1021 5337 1239 5405 Ἰούδας.
1290 5340 1365 5393 Οὐ
1412 5342 1618 5414 νομίζω
1642 5342 1700 5396 δὲ
1726 5344 1896 5414 ὑγιῶς
1934 5346 2029 5399 ἐπι

524 5453 570 5485 ’⁸
595 5451 760 5522 Joan.
785 5467 904 5517 xm,
927 5451 992 5507 14
1011 5494 1027 5520 ,
1045 5455 1131 5513 l5.

456 5524 914 5681 “(3932571491
970 5607 1358 5667 συνειδότων.
1413 5606 1771 5667 Scribendum
1816 5612 2031 5669 videtur

453 5681 546 5753 τδν
579 5681 654 5753 μὴ
676 5681 977 5753 συνειδότα.

525 5751 637 5823 (51))
662 5751 840 5823 Codex
882 5753 1103 5823 βοείας,
1135 5751 1238 5823 ὅρα
1268 5765 1392 5804 που.

528 5757 615 5823 (50
662 5757 840 5807 Codex
884 5757 1103 5821 Regius,
1135 5757 1238 5822 ὅρα
1268 5765 1392 5804 που.

528 5757 641 5896 (51)
671 5821 850 5880 Codex
880 5820 1102 5893 Regius,
1130 5820 1357 5893 τρώγων
1386 5820 1479 5877 τὸν
1509 5820 1692 5895 ἄρτον,
1718 5823 1942 5897 ἐπῆρεν.

2138 5174 2324 5217 ramus
2373 5157 2440 5212 ad
2472 5157 2601 5228 quid
2631 5155 2933 5211 referemus
2966 5154 3018 5210 id
3064 5155 3207 5223 quod
3242 5154 3294 5208 in
3330 5153 3437 5210 line
3466 5152 3716 5209 dicitur:
3832 5206 3835 5208 .

2143 5272 2162 5306 ι
2189 5251 2307 5323 Nop
2353 5250 2420 5305 de
2458 5248 2712 5305 omnibus
2759 5247 2914 5303 vobis
2967 5246 3091 5302 dico
3115 5247 3183 5300 ".
3214 5263 3236 5300 ι
3292 5245 3481 5335 Atque
3517 5245 3719 5315 aliquis

2133 5344 2356 5417 quidem
2389 5342 2534 5397 dicet
2581 5339 2784 5395 dictum
2819 5340 2924 5395 hoc
2955 5336 3148 5395 referri
3195 5336 3265 5393 ad
3299 5335 3473 5393 illud:
3512 5355 3532 5390 ι
3557 5337 3715 5391 Beati

1243 5457 1288 5515 ’τ
1310 5455 1442 5515 ibid.
1473 5458 1540 5513 l6
1563 5473 1679 5529 seq.
1756 5460 1802 5493 ⁸⁸
1825 5460 1982 5517 Joan.
2004 5477 2033 5516 ι

2140 5461 2227 5517 l7.
2302 5460 2348 5493 "
2375 5458 2570 5516 Matth.
2598 5472 2657 5523 ι,
2686 5453 2777 5524 24,
2802 5452 2896 5511 25.
2972 5453 3019 5485 '°
3046 5453 3179 5508 Luc.
3210 5466 3286 5518 vr,
3317 5451 3409 5506 40.
3485 5450 3529 5484 ³¹
3554 5449 3713 5509 Joan.

2102 5600 2153 5696 '_
2201 5612 2313 5696 (se)
2347 5614 2628 5696 'ayspgr.
2658 5614 3011 5696 Qesideratur
3035 5612 3087 5667 in
3112 5610 3356 5668 editione
3386 5608 3589 5681 lluetii,
3621 5616 3714 5670 sed

2135 5682 2336 5754 legitur
2363 5686 2416 5738 in
2446 5682 2636 5740 codice
2669 5684 2984 5754 Bodleiano.

2205 5755 2319 5826 (53)
2343 5754 2522 5810 Codex
2556 5754 2790 5826 Regius,
2806 5752 2984 5826 τοῦτο.

2215 5822 2329 5896 (54)
2368 5826 2512 5882 Idem
2560 5825 2728 5881 codex
2759 5822 2977 5894 Regius,
3008 5822 3160 5894 φησί.
