4182 6370
514 313 621 369 ’175

2003 315 2328 373 οιιιοεΝιε

3676 323 3784 377 776

511 436 666 502 estis,
699 437 744 492 si
777 437 1018 492 feceritis
1043 452 1104 492 ea
1133 438 1178 470 ³¹
1203 455 1216 502 ;
1259 457 1276 490 ι
1318 452 1495 507 neque
1519 437 1665 494 enim
1695 438 1885 493 beatus
1909 437 2091 493 ludas.

2204 437 2362 490 τοῦτο
2388 436 2758 510 ἀναφέρεσθαι
2796 438 2857 492 τὸ
2878 439 3194 510 λεγόμενον·
3227 436 3386 490 τοῦτο
3405 435 3512 506 γὰρ
3534 435 3657 491 ὅλον
3690 441 3786 493 καὶ

509 529 583 581 At
621 541 722 598 ego
759 543 865 581 non
896 529 1152 583 existimo
1189 538 1340 583 recte
1387 529 1492 583 hoc
1527 528 1736 582 dictum
1794 543 1861 581 eo
1902 527 2097 582 referri

511 617 578 671 ad
621 617 750 671 illud
807 619 1012 673 dictum
1049 637 1064 674 :
1112 639 1129 671 ι
1164 619 1312 674 Beati
1364 619 1518 685 estis,
1552 619 1597 673 si
1657 619 1904 674 feceritis
1957 633 2042 672 ea.
2074 638 2094 672 ι

513 707 626 764 lloc
651 710 798 763 enim
832 719 1029 776 totum,
1059 722 1114 766 et
1145 713 1211 766 de
1235 710 1466 778 Juda,et
1496 712 1562 766 de
1603 712 1818 782 quovis,
1850 711 2100 781 quamvis

508 803 867 870 pravissimus
918 805 1009 871 sit,
1065 821 1252 861 verum
1297 815 1380 860 est
1415 824 1429 859 :
1471 805 1667 860 Beatus
1719 820 1801 871 es,
1853 804 2099 874 quisquis

510 892 624 946 haec
683 892 915 960 feceris;
972 906 1228 965 tanquam
1282 898 1326 952 si
1402 897 1640 952 dicerem
1715 895 2095 967 intemperanti

509 984 747 1050 (etiamsi
801 999 908 1038 non
953 987 1242 1042 auditurus
1288 988 1361 1042 sit
1406 1003 1526 1056 qua:
1585 989 1864 1053 dicuntur,
1920 1003 2099 1056 neque

508 1076 870 1142 temperantia
909 1078 1150 1148 usurus),
1193 1078 1391 1132 Beatus
1443 1093 1524 1141 es,
1575 1079 1620 1132 si
1680 1088 1980 1148 temperate
2020 1079 2099 1130 vi-

507 1165 693 1231 xeris;
720 1176 778 1220 et
813 1169 1144 1237 sapientiam
1170 1171 1481 1239 spcrnenti,
1517 1172 1734 1226 etiamsi
1767 1173 2098 1240 ingrediatur

508 1258 611 1312 hoc
641 1263 982 1330 propositum
1009 1281 1023 1318 :
1061 1262 1257 1318 Beatus
1281 1279 1339 1318 es
1372 1275 1451 1328 ιιι,
1480 1264 1526 1319 si
1568 1265 1891 1332 sapientiam
1925 1273 1981 1318 et
2007 1264 2094 1316 di-

505 1353 794 1422 sciplinam
843 1357 1174 1426 susceperis.
1225 1358 1458 1414 Proinde
1510 1357 1630 1412 vide
1689 1373 1757 1412 ne
1802 1359 1942 1411 forte
1981 1359 2096 1412 haec

505 1446 696 1510 verba,
759 1467 777 1498 ι
808 1446 922 1502 Non
951 1450 1018 1504 de
1047 1451 1303 1504 omnibus
1337 1451 1490 1504 vobis
1517 1450 1641 1504 dico
1656 1449 1723 1517 ⁸³,
1762 1467 1781 1501 ι
1812 1449 2092 1504 referenda

505 1539 616 1592 sint
640 1539 706 1593 ad
734 1540 863 1595 illud
886 1561 898 1596 :
938 1560 958 1592 ι
984 1542 1102 1596 Νοιι
1121 1553 1206 1598 est
1230 1558 1420 1598 servus
1441 1543 1617 1611 major
1641 1542 1860 1597 domino
1880 1542 2090 1597 διιουν.»

504 1631 774 1698 Quoniam
805 1635 952 1689 enim
988 1654 1006 1685 ι
1039 1637 1288 1705 quisquis
1315 1646 1599 1706 peccatum
1636 1635 1953 1702 committit,
1979 1650 2096 1691 ser-

504 1739 606 1779 vus
657 1735 740 1780 est
785 1729 995 1796 peccati
1018 1727 1086 1794 ⁸⁵,
1119 1746 1138 1778 ι
1173 1729 1554 1784 committebat
1594 1736 1775 1782 autem
1807 1739 2092 1797 peccatum

2204 530 2334 600 περὶ
2377 529 2543 582 Ἰούδα
2583 530 2676 582 καὶ
2721 531 2922 595 παντὸς
2957 529 3287 594 οὑτινοσοῦν,
3317 527 3421 583 κᾶν
3457 530 3786 600 φαυλότατος

2200 619 2259 696 ᾗ,
2289 622 2509 692 ἀληθὲς,
2530 622 2618 676 τό·
2651 620 2934 691 Μακάριος
2996 615 3047 673 εἷ
3104 624 3133 675 ὁ
3185 620 3366 686 δεῖνα,
3410 622 3507 676 ἐάν
3549 626 3783 696 ποιήσῃς

2198 716 2357 769 τάδε·
2401 715 2476 778 ὡς
2537 714 2587 768 εί
2641 716 2857 786 λέγοιμι
2899 714 2993 766 καὶ
3023 712 3102 783 τῷ
3143 713 3428 785 ἀκολάστῳ
3473 715 3543 785 (εἰ
3576 716 3672 768 καὶ
3708 715 3782 786 μὴ

2199 805 2502 876 άκούσηται
2527 805 2633 858 τῶν
2663 804 2993 874 λεγομένων,
3023 805 3157 876 μηδέ
3194 808 3560 880 σωφρονήσω-
3597 807 3787 860 Μακά-

2202 914 2317 968 ριος
2345 892 2415 961 εἴ,
2467 895 2562 949 ἐὰν
2610 896 2999 966 σωφρονήσῃς·
3060 895 3156 948 καὶ
3207 896 3284 966 τῷ
3333 895 3525 964 σοφίαν
3575 894 3782 960 ἐξουδε-

2199 988 2400 1052 νοῦντι,
2433 989 2482 1040 εί
2510 988 2603 1040 καὶ
2632 986 2902 1040 ἐπιϐαίνει
2943 989 3010 1058 τῇ
3052 987 3373 1057 προαιρέσει
3417 987 3623 1058 ταύτῃ·
3673 989 3786 1042 Μα-

2200 1080 2391 1151 κάριος
2427 1075 2496 1140 εἴ,
2534 1079 2629 1131 ἐὰν
2678 1078 2870 1147 σοφίαν
2899 1078 2993 1130 καὶ
3023 1078 3268 1131 παιδείαν
3316 1078 3614 1152 ἀναλάϐῃς.
3654 1081 3781 1152 Μή-

2199 1187 2328 1223 ποτε
2352 1165 2444 1222 οὖν
2472 1169 2560 1233 τὸ,
2592 1188 2610 1220 ι
2651 1169 2726 1222 Οὐ
2767 1170 2897 1238 περὶ
2932 1169 3152 1220 πάντων
3188 1167 3342 1238 ὐμῶν
3380 1168 3545 1238 λέγω,
3579 1189 3597 1220 ι
3630 1171 3781 1224 ἀνοί-

2200 1278 2366 1332 σομεν
2400 1261 2480 1323 είς
2514 1259 2574 1312 τὸ
2618 1258 2932 1330 είρημένον,
2963 1257 3051 1310 τό·
3091 1277 3108 1308 ι
3150 1259 3264 1312 Οὐκ
3296 1259 3410 1312 ἐστι
3444 1261 3630 1326 δοῦλος
3660 1262 3780 1333 μεί-

2198 1352 2306 1415 ζων
2336 1351 2429 1406 τοῦ
2454 1352 2644 1423 κυρίου
2671 1350 2834 1404 αὐτοῦ
2855 1368 2868 1380 ·
2907 1371 2927 1404 ι
2962 1351 3086 1403 ἐπεὶ
3114 1351 3225 1424 γὰρ
3252 1371 3271 1403 ι
3304 1353 3411 1416 πᾶς
3432 1355 3460 1407 ό
3487 1354 3657 1408 ποιῶν
3681 1355 3783 1426 τὴν

2201 1444 2492 1514 ἁμαρτίαν,
2529 1442 2712 1507 δοῦλός
2739 1443 2855 1496 ἐστι
2880 1442 2980 1513 τῆς
3009 1444 3307 1514 ἁμαρτίας,
3345 1463 3364 1497 ι
3400 1445 3573 1497 ἐποίει
3604 1445 3782 1517 δὲτὴν

2198 1536 2473 1608 ἁμαρτίαν
2493 1537 2522 1588 ὁ
2560 1535 2780 1600 Ἰούδας,
2804 1535 2898 1588 καὶ
2931 1535 3168 1606 μάλιστα
3196 1537 3290 1590 τοῦ
3321 1537 3566 1592 διαϐόλου
3591 1537 3783 1609 βεϐλη-

2196 1629 2353 1692 κότος
2378 1631 2458 1691 είς
2486 1628 2586 1698 τὴν
2631 1628 2862 1698 καρδίαν
2905 1629 3094 1696 αὐτοῦ,
3143 1630 3228 1684 ἵνα
3280 1630 3509 1700 παραδῷ
3540 1632 3632 1684 τὸν
3665 1633 3778 1684 Σω-

2195 1721 2376 1793 τῆρα,
2407 1721 2596 1784 δοῦλος
2629 1716 2697 1791 ἦν
2755 1720 2958 1785 Ἰούδας
2999 1722 3100 1793 τῆς
3142 1722 3432 1794 ἁμαρτίας.
3493 1723 3687 1789 Δοῦλος
3725 1724 3780 1778 δὲ

501 1815 690 1882 Iudas,
716 1828 771 1874 et
811 1821 1044 1876 maxime
1076 1837 1201 1877 cum
1226 1821 1476 1876 diabolus
1524 1822 1845 1877 immisisset
1895 1823 1949 1877 in
1995 1837 2091 1878 cor

2196 1815 2273 1868 ὣν
2305 1815 2406 1885 τῆς
2439 1815 2731 1886 ἁμαρτίας,
2763 1815 2864 1868 οὐκ
2892 1811 2960 1886 ἦν
3009 1815 3104 1868 τοῦ
3148 1817 3321 1885 Λόγου
3367 1815 3461 1870 τοῦ
3494 1815 3630 1868 Θεοῦ
3661 1816 3781 1870 δοῦ-

501 1907 620 1978 ejus
663 1919 721 1963 ut
762 1910 1113 1967 Sen-atoretn
1162 1913 1422 1983 proderet
1445 1914 1512 1979 ³⁸,
1553 1929 1748 1969 servus
1771 1923 1893 1970 erat
1925 1913 2094 1971 Judas

503 2001 733 2066 peccati.
768 2000 970 2057 Servus
996 2011 1177 2058 autem
1208 2006 1418 2072 peccati
1455 2021 1581 2059 cum
1617 2016 1786 2072 esset,
1822 2021 1926 2060 non
1973 2015 2094 2062 erat

505 2089 664 2146 Verbi
705 2093 794 2146 Dei
830 2108 1069 2149 servus:
1125 2096 1344 2165 istoque
1397 2098 1558 2152 modo
1608 2114 1673 2153 ne
1707 2096 1832 2152 Jesu
1874 2099 2090 2169 quidem

500 2184 735 2254 amplius
762 2185 1044 2254 apostolus
1082 2197 1235 2254 erat;
1265 2187 1384 2256 jam
1417 2189 1564 2242 enim
1614 2188 1792 2243 factus
1825 2199 1943 2243 erat
1971 2190 2090 2245 dia-

501 2275 632 2342 boli,
662 2279 753 2347 qui
781 2279 831 2332 in
868 2293 966 2333 cor
998 2280 1119 2347 ejus
1151 2280 1462 2336 immiserat
1495 2291 1553 2335 ut
1583 2283 1936 2338 Servatorem
1961 2297 2091 2352 pro-

499 2367 676 2421 dere...
711 2367 874 2440 5.25
906 2370 1115 2425 Idcirco
1152 2387 1362 2443 negans
1390 2371 1655 2429 Servator
1676 2390 1800 2428 cum
1828 2389 1948 2430 esse
1975 2390 2092 2430 ser-

497 2476 624 2514 vum
673 2477 828 2516 suum
863 2472 919 2517 et
953 2463 1288 2530 apostolum,
1315 2479 1441 2519 cum
1478 2465 1734 2528 dixisset,
1800 2481 1820 2514 ι
1851 2464 1967 2519 Non
2008 2474 2093 2520 est

499 2568 692 2609 servus
733 2553 911 2622 major
934 2554 1156 2609 domino
1204 2569 1328 2619 suo,
1361 2570 1536 2626 neque
1584 2556 1866 2623 apostolus
1917 2557 2093 2627 major

497 2660 565 2700 eo
595 2645 686 2715 qui
719 2644 867 2700 misit
890 2645 1067 2714 ipsum
1096 2645 1166 2712 ³⁷,
1192 2663 1211 2698 ι
1247 2646 1456 2702 addidit
1483 2665 1498 2702 :
1537 2667 1556 2700 ι
1586 2647 1708 2704 Non
1733 2652 1802 2707 de
1832 2653 2090 2708 omnibus

499 2738 657 2794 vobis
715 2739 838 2793 dico
859 2738 976 2793 ³⁸.»
1033 2738 1164 2794 Post
1222 2739 1326 2795 hoc
1381 2740 1667 2797 videamus
1718 2745 1819 2800 hoc
1857 2744 2088 2810 dictum,

503 2849 522 2882 ι
548 2830 662 2902 Ego
712 2831 826 2886 scio
859 2847 1002 2902 quos
1034 2833 1296 2903 elegerim
1321 2873 1336 2900 ,
1375 2853 1394 2886 ι
1445 2835 1590 2905 quod
1637 2836 1942 2906 simplicius
1987 2839 2092 2894 tale

497 2930 584 2977 est
612 2940 628 2977 :
656 2921 784 2978 Scio
806 2925 985 2994 qualis
1015 2926 1088 2980 sit
1116 2929 1496 2997 unusquisque
1525 2944 1717 2985 eorum
1745 2947 1881 3000 quos
1905 2931 2042 3001 elegi
2073 2949 2088 2988 :

499 3017 871 3086 quamobrem
929 3017 1043 3072 scio
1091 3018 1257 3073 etiam
1313 3020 1492 3088 qualis
1533 3021 1607 3075 sit
1651 3019 1842 3088 ludas,
1871 3037 1972 3078 nec
2007 3038 2091 3078 me

498 3106 639 3203 clam
673 3116 758 3162 est
788 3123 910 3178 quae
948 3109 1202 3203 diabolus
1249 3108 1360 3203 jam
1412 3112 1708 3167 immiserit
1759 3115 1812 3168 in
1853 3129 1950 3170 cor
1974 3115 2091 3184 ejus
2117 3144 2159 3203 ο

499 3199 794 3254 adversum
859 3216 968 3256 me.
1021 3200 1201 3271 Atque
1239 3201 1406 3257 talem
1458 3203 1629 3258 habet
1677 3204 2085 3275 intelligentiam

498 3303 728 3362 propter
754 3294 1048 3366 quamdam
1096 3295 1550 3351 consuetudinem
1599 3295 1918 3367 Scriptum,
1961 3312 2085 3351 cum

497 3383 671 3439 utitur
720 3385 987 3441 vocabulo
1041 3387 1177 3452 uio,
1229 3398 1394 3455 atque
1426 3387 1502 3442 illi
1545 3387 1851 3454 similibus;
1900 3388 2086 3459 cujus-

498 3477 640 3532 modi
701 3476 865 3532 etiam
906 3487 1012 3544 est,
1066 3479 1217 3542 novi,
1263 3479 1561 3535 Servatore
1633 3479 1830 3535 alicubi
1872 3479 2087 3534 dicente

498 3567 741 3624 futurum
774 3579 834 3624 ut
865 3570 1013 3625 dicat
1052 3572 1302 3633 dicturis,
1343 3590 1362 3623 ι
1392 3570 1448 3626 lu
1475 3571 1698 3626 nomine
1736 3583 1827 3626 tuo
1857 3570 2087 3625 mandu-

496 3663 761 3732 cavimus,
780 3675 835 3718 et
862 3664 1124 3729 bibimus,
1148 3674 1203 3719 et
1223 3664 1494 3720 daemonia
1522 3662 1868 3732 ejecitnus”,
1901 3679 1919 3713 ι
1957 3661 2082 3726 hoc,

502 3771 523 3805 ‹
555 3753 844 3823 Nunquam
902 3753 1026 3808 novi
1060 3768 1156 3809 vos
1182 3753 1267 3819 “,
1295 3773 1314 3806 ι
1359 3765 1414 3808 et
1469 3755 1598 3808 illud
1632 3770 1647 3808 :
1691 3771 1710 3804 ι
1741 3753 1938 3808 Nescio
1990 3767 2086 3807 vos

497 3849 640 3903 unde
669 3849 788 3904 suis
815 3848 859 3879 "
892 3867 904 3902 :
935 3867 954 3900 ι
981 3851 1128 3919 quod
1169 3848 1213 3903 si
1263 3847 1564 3917 simplicius
1610 3846 1964 3915 intelligatur,
1999 3846 2081 3898 vi-

496 3943 746 3999 debimur
760 3943 900 3998 infra
923 3945 1243 4015 dignitatem
1262 3942 1561 3998 Salvatoris
1574 3943 1836 4012 cogitare.
1853 3941 2088 3996 Proinde

497 4036 623 4090 vide
645 4050 714 4090 ne
743 4035 906 4101 forte,
930 4037 1188 4107 quoniam
1222 4053 1242 4087 ι
1266 4035 1523 4105 cognovit
1543 4033 1810 4089 Dominus
1839 4034 1932 4105 qui
1959 4041 2088 4088 sunt

495 4127 616 4199 ejus
633 4128 704 4194 δ’,
741 4147 760 4180 ι
800 4143 908 4182 non
941 4136 1207 4195 agnoscat
1236 4127 1401 4181 etiam
1444 4126 1536 4195 qui
1569 4141 1675 4179 non
1703 4126 1814 4180 sint
1850 4124 1998 4194 ejus;
2030 4133 2087 4178 et

495 4223 769 4292 quomodo
821 4223 888 4277 de
935 4221 1260 4291 quibusdam
1316 4221 1510 4289 inquit,
1570 4237 1589 4271 ι
1625 4219 1913 4289 Nunquam
1961 4217 2085 4272 novi

495 4329 616 4380 vos,
652 4333 673 4367 ι
705 4315 785 4370 sic
817 4314 961 4369 dicat
1009 4313 1174 4368 etiam
1233 4312 1301 4367 de
1344 4310 1506 4376 Juda,
1536 4310 1583 4366 si
1613 4326 1720 4364 non
1753 4320 1838 4365 est
1873 4310 2081 4380 ipsius:

497 4405 782 4476 Nunquam
836 4405 960 4458 novi
1015 4414 1088 4460 te.
1121 4402 1277 4470 Quod
1313 4405 1358 4458 si
1397 4418 1520 4457 cum
1566 4411 1711 4457 esset
1737 4401 1865 4458 Jesu
1893 4400 2083 4468 Judas,

2195 1909 2304 1973 λος·
2351 1907 2495 1962 οῦτω
2532 1909 2588 1961 δὲ
2617 1909 2738 1961 οὐδὲ
2766 1909 3064 1972 ἀπόστολος
3086 1908 3180 1962 τοῦ
3228 1909 3402 1980 Ἰησοῦ
3433 1908 3514 1961 ἔτι
3546 1905 3642 1978 ἦν’
3674 1909 3773 1980 ἤδη

2193 2003 2303 2074 γὰρ
2335 2002 2428 2056 τοῦ
2453 2003 2701 2056 διαϐόλου
2732 2005 2996 2073 ἐγεγόνει,
3046 2003 3371 2074 βεϐληκότος
3397 2003 3476 2065 εἱς
3514 2003 3616 2075 τὴν
3651 2019 3779 2063 καρ-

2192 2096 2311 2150 δίαν
2342 2095 2507 2149 αὐτοῦ
2538 2096 2625 2150 ἵνα
2665 2096 2891 2168 παραδῷ
2914 2096 3004 2148 τὸν
3037 2096 3292 2166 Σωτῆραο
3331 2095 3414 2147 διὸ
3447 2095 3777 2166 ἀρνούμενος

2193 2187 2357 2240 αὐτὸν
2385 2183 2524 2240 εἷναι
2553 2186 2740 2240 δοῦλον
2788 2187 2982 2240 ἑαυτοῦ
3021 2189 3048 2240 ό
3080 2188 3272 2258 Σωτὴρ
3318 2188 3412 2241 καὶ
3459 2186 3776 2246 ἀπόστολον,

2194 2274 2315 2331 εἶπε
2341 2279 2435 2332 καὶ⁵
2468 2280 2556 2333 τό·
2597 2298 2616 2330 ι
2665 2279 2781 2334 Οὐκ
2822 2279 2938 2332 ἐστι
2977 2279 3163 2342 δοῦλος
3200 2280 3402 2350 μείζων
3446 2278 3540 2332 τοῦ
3584 2279 3776 2352 κυρίου

2193 2371 2381 2434 αὐτοῦ,
2424 2372 2546 2426 οὐδὲ
2592 2373 2886 2436 ἀπόστολος
2939 2372 3139 2443 μείζων
3184 2371 3276 2424 τοῦ
3321 2371 3636 2442 πέμψαντος
3677 2373 3773 2424 αὐ-

2194 2461 2305 2528 τὸν,
2335 2481 2354 2514 ›
2389 2462 2450 2516 τό
2473 2462 2605 2533 (55)·
2638 2483 2656 2515 ι
2690 2464 2766 2516 Οὐ
2789 2463 2917 2534 περὶ
2952 2462 3168 2515 πάντων
3194 2461 3347 2531 ὐμῶν
3380 2461 3541 2530 λέγω.
3573 2463 3774 2516 »Μετὰ

2192 2553 2353 2608 τοῦτο
2394 2554 2592 2626 ἴδωμεν
2617 2555 2707 2608 τό·
2745 2573 2762 2605 ι
2817 2553 2957 2622 Ἐγὼ
2996 2549 3114 2607 οῖδα
3159 2554 3312 2619 τίνας
3364 2552 3715 2624 ἐξελεξάμην,
3754 2577 3771 2605 ι

2191 2648 2332 2719 ὅπερ
2351 2646 2715 2718 ἁπλούστερον
2735 2647 2834 2717 μέν
2855 2645 3088 2700 τοιοῦτόν
3105 2647 3246 2698 ἐστι’
3263 2647 3359 2710 Τίς
3375 2648 3524 2700 ἐστιν
3549 2647 3777 2710 ἕκαστος

2193 2731 2270 2792 ὧν
2296 2738 2630 2809 ἐξελεξάμην
2659 2734 2795 2792 οἷδα’
2831 2734 2950 2791 οἶδα
2981 2733 3073 2791 οὖν
3102 2739 3198 2790 καὶ
3215 2739 3300 2802 τίς
3319 2740 3464 2791 ἐστιν
3488 2739 3516 2790 ό
3554 2738 3772 2802 Ἰούδας,

2195 2833 2292 2886 καὶ⁹
2322 2833 2384 2885 οὐ
2420 2832 2670 2886 λανθάνει
2709 2849 2797 2901 με,
2827 2830 2920 2884 τοῦ
2947 2830 3194 2884 διαϐόλου
3219 2831 3322 2902 ἤδη
3350 2830 3673 2900 βεϐληκότος
3695 2833 3773 2894 είς

2193 2924 2294 2995 τὴν
2335 2924 2564 2995 καρδίαν
2602 2923 2766 2976 αὐτοῦ
2805 2923 2875 2978 τὰ
2919 2922 3039 2976 κατ’
3087 2922 3242 2993 ἐμοῦ.
3300 2923 3411 2977 Καὶ
3446 2923 3686 2978 τοιοῦτον
3717 2921 3776 2977 δέ

2194 3016 2306 3087 ἔχει
2333 3014 2458 3070 νοῦν
2481 3015 2574 3070 διά
2618 3032 2740 3069 τινα
2767 3014 2864 3086 τῆς
2890 3014 3114 3086 Γραφῆς
3167 3014 3295 3085 περὶ
3326 3013 3420 3068 τοῦ
3454 3013 3589 3069 οῖδα
3615 3014 3747 3085 συνή

2195 3110 2366 3175 θειαν,
2407 3111 2502 3164 καὶ
2541 3110 2650 3163 τῶν
2677 3110 2878 3181 ὁμοίων
2909 3112 2976 3180 τῇ
3025 3109 3166 3173 λέξει
3201 3109 3378 3184 ταύτῃ
3397 3126 3410 3139 ·
3439 3109 3625 3163 ὁποῖόν
3655 3113 3772 3164 ἐστι

2193 3199 2289 3253 καὶ
2321 3198 2382 3252 τὸ
2406 3200 2618 3269 ἔγνων.
2647 3199 2784 3270 Φησί
2809 3216 2909 3255 που
2938 3199 2966 3249 ὁ
2993 3199 3181 3271 Σωτὴρ
3207 3201 3352 3271 ἐρεῖν
3379 3203 3494 3264 τοῖς
3536 3199 3774 3266 λέξουσι,

2195 3312 2214 3344 ι
2252 3291 2342 3363 Τῷ
2382 3293 2607 3364 ὀνόματί
2642 3309 2735 3346 σου
2784 3292 3064 3364 ἐφάγομεν
3104 3292 3240 3364 (56),
3274 3292 3369 3348 κα)⁵
3399 3292 3648 3364 ἐπίομεν,
3681 3305 3774 3348 και

2187 3384 2442 3455 δαιμόνια
2473 3384 2824 3456 ἐξεϐάλομεν,
2852 3404 2870 3434 ι
2896 3384 2978 3448 τὸ,
3008 3403 3026 3434 ι
3059 3383 3326 3437 Οὐδέποτε
3357 3385 3528 3454 ἔγνων
3560 3387 3724 3456 ὑμᾶς,
3749 3405 3766 3437 ι

2188 3475 2284 3529 καὶ
2327 3475 2416 3528 τό’
2460 3492 2478 3525 ι
2526 3475 2640 3528 Οὐκ
2679 3471 2796 3527 οἶδα
2840 3475 2988 3544 ὑμᾶς
3025 3474 3190 3528 πόθεν
3231 3473 3390 3526 ἐστέ·
3441 3493 3461 3526 ι
3499 3476 3638 3547 ὅπερ
3677 3477 3772 3531 ἐὰν

2189 3565 2556 3638 ἁπλούστερον
2604 3567 2810 3636 νοῆται,
2865 3566 3018 3638 παρά
3055 3565 3117 3619 τὸ
3153 3567 3370 3639 ἀξίωμα
3411 3569 3637 3640 δόξομεν
3676 3571 3771 3624 τοῦ

2189 3659 2441 3729 Σωτῆρος
2474 3658 2898 3729 ὑπολαμϐάνειν.
2958 3658 3117 3713 Ἀλλά
3152 3664 3382 3730 μήποτε,
3419 3663 3541 3714 ἐπεὶ
3575 3682 3594 3712 (
3629 3663 3772 3732 ἐγνω

2187 3753 2394 3824 Κύριος
2425 3753 2549 3814 τοὺς
2573 3751 2733 3814 ὄντας
2761 3750 2946 3816 αὐτοῦ,
2979 3771 2996 3802 ι
3031 3753 3157 3814 τοὺς
3195 3753 3268 3824 μὴ
3288 3752 3448 3816 ὄντας
3479 3753 3642 3806 αὐτοῦ
3673 3756 3773 3808 οὐκ

2188 3845 2359 3916 ἑγνω’
2397 3846 2492 3898 καὶ
2523 3845 2599 3908 ὥς
2624 3861 2755 3914 φησι
2785 3843 2913 3914 περί
2934 3860 3095 3896 τινων
3122 3843 3212 3908 τὸ,
3242 3862 3281 3894 ι·
3301 3844 3567 3897 Οὐδέποτε
3599 3844 3771 3913 ἔγνων

2188 3939 2354 4009 ὑμᾶς,
2397 3957 2416 3989 ι
2458 3937 2602 3990 οὕτω
2631 3938 2776 3991 είποι
2803 3936 2870 3990 ἂν
2907 3937 3001 3989 καὶ
3041 3937 3170 4007 περὶ
3200 3934 3296 3988 τοῦ
3344 3937 3538 4000 Ἰούδα,
3577 3940 3626 3990 εἰ
3672 3939 3772 4009 μὲν

2205 4033 2279 4103 μὴ
2337 4031 2488 4092 ὗντος
2542 4028 2744 4082 αὐτοῦ’
2783 4027 3050 4081 Οὐδέποτε
3083 4027 3194 4099 (57)
3229 4026 3401 4096 ἔγνων
3457 4045 3549 4081 σε’
3605 4031 3655 4081 εἰ
3713 4030 3770 4082 δέ

2187 4122 2481 4193 γενόμενος
2531 4121 2953 4191 μεταπέπτωκε,
3001 4120 3218 4190 λεχθείη
3267 4119 3334 4174 ἂν
3384 4121 3522 4192 πρὸς
3571 4121 3766 4176 αὐτόν·

2189 4211 2302 4265 Οὐκ
2341 4207 2460 4264 οἶδά
2494 4227 2554 4264 σε
2582 4211 2747 4264 πόθεν
2775 4207 2845 4267 εἴ.
2876 4213 2987 4265 Καὶ
3016 4211 3112 4264 νῦν
3134 4207 3247 4275 οὖν,
3275 4210 3369 4264 τοῦ
3392 4212 3640 4266 διαϐόλου
3667 4214 3767 4286 ήδη

2191 4303 2518 4374 βεϐληκότος
2547 4306 2628 4367 εἰς
2651 4305 2752 4375 τὴν
2773 4304 3002 4376 καρδίαν
3035 4302 3199 4356 αὐτοῦ
3233 4303 3303 4356 τὰ
3335 4303 3476 4357 κατὰ
3512 4303 3610 4357 τοῦ
3665 4306 3771 4375 Ἰη-

2190 4397 2305 4462 σοῦ,
2341 4397 2444 4450 οὐκ
2473 4393 2613 4450 οἶδεν
2655 4397 2816 4451 αὐτὸν
2848 4397 2878 4448 ό
2924 4395 3152 4466 Ἰησοῦς.
3199 4394 3292 4448 Διό
3332 4397 3432 4449 οὐκ
3473 4390 3622 4448 εἷπε·
3655 4397 3769 4450 Νῦν

496 4510 685 4571 postea
733 4498 914 4569 lapsus
963 4498 1086 4563 fuit,
1135 4497 1382 4551 dicturus
1428 4503 1578 4551 certe
1626 4505 1711 4551 est
1745 4495 1820 4550 illi
1872 4494 2077 4551 Jcsus:

2194 4492 2302 4561 ἐγὼ
2329 4487 2448 4545 οῖδα
2482 4491 2689 4554 πάντας
2712 4491 2840 4553 τούς
2879 4489 3174 4560 παρόντας,
3220 4489 3356 4552 ἀλλ’,
3397 4509 3417 4541 ι
3481 4491 3621 4560 Ἐγὼ
3652 4487 3769 4545 οἶδα

495 4591 690 4648 Nescio
717 4601 770 4647 te
799 4592 942 4646 unde
967 4591 1063 4645 sis.
1096 4589 1250 4644 Unde
1281 4589 1603 4654 etiamnum,
1632 4588 1759 4659 quia
1790 4589 2082 4642 immiserit

2194 4585 2337 4649 τίνας
2375 4583 2728 4654 ἐξελεξάμην,
2775 4602 2793 4633 ι
2847 4582 2920 4645 ὡς
2971 4583 3020 4633 εί
3063 4581 3236 4650 ἔλεγε,
3309 4582 3433 4645 τοὺς
3479 4582 3767 4646 ἐκλεκτούς

494 4683 742 4740 diabolus
789 4684 842 4738 in
879 4697 975 4737 cor
1021 4682 1140 4752 ejus
1177 4681 1292 4735 lucc
1340 4681 1603 4736 adversus
1642 4679 1858 4744 Jesum,
1907 4679 2082 4734 nescit

2194 4694 2314 4748 μου.
2360 4676 2436 4728 Οὐ
2483 4675 2615 4746 περὶ
2662 4674 2878 4726 πάντων
2922 4671 2979 4724 δέ
3021 4670 3127 4724 τῶν
3180 4668 3461 4742 παρόντων
3501 4673 3644 4742 φημὶ
3679 4671 3759 4723 τό·

495 4775 648 4830 illum
679 4773 879 4840 Jcsus;
932 4771 1288 4841 quamobrem
1320 4783 1424 4822 non
1457 4767 1614 4834 dixit,
1647 4765 1800 4821 Nunc
1827 4781 1928 4836 ego
1962 4765 2079 4820 scio

2194 4785 2213 4818 ι
2265 4764 2405 4834 Ἐγὼ
2451 4761 2570 4818 οἶδα
2613 4762 2764 4826 τίνας
2816 4760 3184 4832 ἐξελεξάμην
3241 4781 3260 4814 ι
3307 4761 3400 4814 καὶ
3450 4761 3660 4829 γίνεται
3706 4759 3768 4813 τὸ

493 4887 688 4928 omnes
715 4877 1035 4942 praesentes,
1071 4867 1167 4922 sed
1195 4884 1210 4920 :
1245 4883 1264 4916 ι
1297 4864 1410 4936 Ego
1439 4864 1554 4918 scio
1587 4878 1724 4934 quos
1749 4861 2006 4933 elegerim
2033 4859 2078 4893 ”

2194 4859 2477 4929 γενόμενον
2503 4854 2608 4908 ὑπὸ
2641 4853 2735 4908 τοῦ
2781 4852 2900 4917 ἐνὸς
2937 4853 2996 4918 ἐξ
3038 4852 3192 4924 ὐμῶν
3232 4851 3649 4924 παραδώσοντός
3677 4869 3765 4922 με,

492 4965 782 5034 (tanquam
822 4962 1052 5026 diceret,
1083 4959 1290 5015 electos
1341 4953 1534 5028 meos).
1571 4953 1688 5010 Non
1733 4953 1802 5008 dc
1827 4951 2082 5008 omnibus

2194 4951 2278 5004 ίνα
2328 4949 2591 5023 πληρωθῇ
2625 4947 2919 5021 ἠλέγουσα
2964 4946 3194 5017 Γραφή·
3233 4963 3252 4996 ι
3297 4945 3354 4997 '0
3394 4943 3622 5015 τρώγων
3665 4961 3769 5014 μου

494 5064 680 5109 autem
715 5053 1078 5123 presentibus
1117 5049 1330 5120 inquio,
1369 5063 1388 5099 ι
1423 5045 1542 5119 Ego
1587 5047 1705 5102 scio
1731 5057 1868 5116 quos
1901 5042 2081 5114 elege-

2194 5040 2282 5096 τόν
2310 5040 2474 5113 ἄρτον
2499 5039 2706 5111 ἐπῆρεν
2734 5041 2820 5092 ἐπ’
2851 5039 2954 5110 ἐμὲ
2981 5038 3080 5110 τὴν
3106 5036 3343 5108 πτέρναν
3375 5034 3563 5090 αὐτοῦ.
3603 5053 3624 5087 ι
3659 5037 3770 5089 Πα-

567 5194 613 5226 ³¹
641 5191 803 5251 Joan.
833 5210 951 5263 xm,
989 5196 1076 5250 l7.
1152 5195 1204 5229 ³⁸
1227 5194 1360 5251 ibid.
1385 5194 1473 5250 18.
1549 5191 1595 5224 “
1624 5189 1874 5263 ibidalii.
1899 5259 1913 5263 Α
1951 5189 1997 5222 ³³
2025 5187 2321 5263 Joa_n_.v|tt,_
2345 5187 2436 5263 ξι.
2473 5183 2963 5263 "Joan._§ttt,_?.__
2995 5181 3044 5263 ξ’
3073 5179 3227 5236 Joan.
3253 5195 3374 5263 ξιιι,
3399 5177 3486 5263 lii:
3517 5176 3766 5263 ηςξιδξρ.

498 5263 587 5320 18.
647 5248 708 5297 ’³³
734 5248 1046 5333 amittiut,
1071 5267 1174 5332 22;
1205 5248 1493 5329 Lucina,
1518 5263 1609 5318 26.
1687 5264 1731 5295 ⁸ο
1766 5259 1956 5317 Matth.
1985 5276 2078 5322 vu,

2194 5299 2203 5312 .
2252 5248 2327 5327 ,δῖ
2355 5257 2487 5313 Luc.
2514 5273 2637 5323 xm,
2685 5257 2776 5310 27.
2830 5248 2896 5287 -η
2925 5253 2967 5308 ll
2994 5252 3136 5308 Tun.
3169 5267 3227 5316 ιι,
3273 5251 3360 5305 l9.
3438 5249 3486 5281 “
3517 5249 3647 5304 ibid.
3677 5248 3767 5303 18.

571 5384 687 5455 (55)
719 5382 1082 5455 scribendum
1117 5384 1326 5455 videtur
1351 5382 1446 5455 καὶ
1467 5380 1548 5435 τό.
1826 5447 1871 5455 __
2191 5390 2374 5455 nonne
2397 5373 2619 5454 nomine
2651 5381 2742 5455 tuo
2775 5368 3312 5455 propheta‘vimttsiet
3340 5377 3519 5420 nonne
3552 5365 3770 5419 nomine

1137 5469 1254 5528 σοι)
1304 5452 1635 5528 ἐφάγομενἱ
1656 5457 1765 5528 etc.
1801 5447 1956 5528 Aliam
2013 5462 2083 5502 ex

2194 5445 2606 5528 tuo_daemor_iia,
2622 5461 2661 5528 ,ι
2683 5437 2814 5528 etei,
2845 5457 2912 5494 ex
2939 5439 3184 5528 Mattb‘aao
3206 5437 3340 5528 solo;

498 5503 1203 5602 satis;zauiu'ti'a'nuéa'
1225 5503 1277 5576 ίη
1308 5503 1767 5602 vascosana.
1785 5518 2080 5602 σοτῑεειιεξο
2255 5503 2602 5602 suam
2622 5507 3237 5602 sisennatresetsi
3266 5505 3472 5602 ea

497 5576 1018 5664 legisse
1045 5576 1260 5650 videtur
1300 5576 1324 5648 :7
1355 5576 1550 5665 Κύριε,
1591 5591 1693 5665 οὐκ
1718 5661 1729 5665 _
1749 5591 1809 5665 ἐν
1965 5587 2081 5641 ὀνό-

2194 5576 2316 5640 τοῦ·
2348 5576 2626 5651 οὐδέποτε,
2659 5592 2792 5646 etc.;
2823 5580 3042 5652 Regius,
3073 5578 3214 5634 male
3247 5576 3338 5641 ,εἰ
3367 5577 3466 5646 μὲν
3498 5576 3592 5630 οὖν
3612 5576 3767 5629 οὐδέ-

503 5667 633 5734 ματί
663 5682 756 5717 σου
789 5660 1300 5736 προεφητεύσαμεν,
1326 5665 1420 5717 καὶ
1449 5660 1527 5716 ”ἐν
1573 5660 1652 5732 τῷ
1707 5661 1930 5736 ὀνόματί
1971 5675 2081 5736 μσου
2191 5674 2344 5723 ποτε,
2371 5666 2477 5711 etc.

499 5730 778 5806 δαιμόνια,
809 5730 952 5800 (ιἰίιη⁷
975 5730 1241 5806 siquidem
1277 5730 1672 5804 interpretatur
1702 5750 1715 5786 :
1753 5750 1772 5783 ι
1831 5730 2078 5794 Domine,
