4182 6418
0 3140 3 3287 l

0 144 257 6336 ἶ

426 307 528 361 7'77
1450 297 1811 355 COMMENT.
1853 300 1919 353 IN
1959 298 2149 358 JOAN.
2190 298 2429 357 TOMUS
2462 297 2681 359 XXXII.
3567 304 3669 358 778

430 417 807 491 putécppamat
852 413 907 465 δὲ
951 411 1012 465 τὸ
1066 411 1228 484 ῥητὸν
1271 412 1377 465 ἀπὸ
1418 412 1513 465 τοῦ
1560 412 1994 482 τεσσαρακοστοῦ
2028 420 2072 474 Α

2028 420 2072 474 Α
2103 413 2203 466 rim
2234 432 2249 468 :
2283 433 2301 464 ι
2326 423 2490 482 utque
2513 416 2617 471 hoc
2641 416 2876 478 eveniat,
2901 418 3042 485 quod
3067 419 3269 483 evenit,
3299 436 3437 473 ιιηιιε
3468 437 3533 475 ex
3573 440 3667 473 νο-

421 507 660 581 ψαλμοῦ,
704 505 877 568 οὕτως
922 503 1076 574 ἕχον·
1136 522 1155 553 ί
1208 503 1319 556 Καὶ
1357 501 1467 575 γὰρ
1511 504 1540 553 ὁ
1580 500 1861 574 ἄνθρωπος
1894 501 1995 570 τῆς

2100 504 2181 558 bis
2210 514 2295 558 est
2322 521 2487 559 causa
2515 523 2530 571 ;
2565 507 2659 575 qui
2685 521 2769 559 me
2801 516 2884 562 est
2916 510 3252 576 proditurus,
3285 521 3342 563 ut
3382 512 3668 580 impleatur

423 607 642 675 εἰρήνης
680 619 804 672 μου,
832 600 917 668 ἐφ’
953 598 1012 651 ὃν
1057 598 1281 668 ήλπισα,
1326 599 1356 651 6
1400 596 1594 650 ἐσθίων
1634 596 1833 668 ἄρτους
1865 613 1992 665 μου,

2100 593 2379 664 Scriptura
2414 596 2640 650 dicens:
2678 613 2696 646 ι
2730 595 2833 661 Qui
2881 598 3171 652 manducat
3210 613 3404 667 panem
3462 616 3664 663 meum,

421 694 752 767 ἐμεγάλυνεν
792 692 879 744 ἐπ’
930 690 1030 760 ἐμὲ
1070 688 1426 761 πτερνισμόν·
1470 708 1488 739 ι
1524 686 1719 741 οὐκοῦν
1748 688 1776 740 ὁ
1806 684 1996 758 Σωτὴρ

2098 685 2317 739 sustulit
2356 697 2546 741 contra
2595 702 2681 741 me
2716 689 3034 743 calcaneum
3089 707 3244 745 suum
3267 690 3331 745 “.
3361 711 3380 744 ι
3413 691 3670 747 Transla-

419 787 481 840 τό
527 785 688 857 ῥητόν
718 783 877 836 τοῦτο
927 781 1057 853 περί
1103 780 1196 833 τοῦ
1262 780 1431 832 Ἰούδα
1461 781 1555 832 καὶ
1583 776 1776 832 ἐαυτοῦ
1833 796 1996 849 φησιν

2100 787 2208 830 tum
2237 788 2517 832 autemest
2539 781 3008 852 παραφραπικῶς
3040 782 3245 837 dictum
3274 785 3374 838 hoc
3404 800 3432 837 a
3462 785 3670 854 psalmo

420 877 700 949 εἰρῆσθαι·
758 877 816 927 ἐν
871 866 915 941 ᾧ
971 872 1225 943 ζητήσεις
1274 862 1390 933 πῶς
1442 868 1725 941 ἄνθρωπος
1776 868 1997 939 εἰρήνης

2097 870 2532 939 quadragesimo,
2583 870 2665 925 sic
2717 872 2965 927 habens:
3006 891 3025 924 ι
3061 873 3273 928 Etenim
3327 877 3489 929 homo
3517 876 3667 945 pacis

433 968 631 1030 Ἰούδας
658 962 747 1036 ἦν,
800 963 892 1017 καὶ
937 964 1024 1014 ἐπ’
1067 960 1228 1014 αὐτὸν
1255 963 1283 1013 ό
1323 960 1517 1030 Σωτὴρ
1550 959 1765 1029 ἡλπισε.
1797 957 1996 1027 Δηλοῦ-

2099 973 2252 1023 mea},
2282 960 2334 1012 in
2370 974 2477 1028 quo
2511 963 2748 1029 speravi,
2780 964 2871 1030 qui
2910 965 3105 1017 edebat
3150 980 3320 1033 panes
3351 981 3518 1033 meos,
3552 982 3667 1019 ma-

422 1062 544 1114 σθαι
583 1056 675 1112 οὖν
703 1057 790 1111 διὰ
822 1056 1024 1110 τούτων
1068 1053 1292 1125 νομίζω,
1322 1053 1403 1105 ὅτι
1431 1052 1667 1123 γνησίως
1709 1050 1839 1106 ποτέ
1869 1051 1996 1103 ἐπε-

2096 1050 2373 1119 gnificavit
2416 1050 2706 1105 adversum
2743 1068 2828 1106 me
2882 1054 3418 1123 supplantationem;
3450 1074 3469 1106 ι
3520 1058 3663 1124 quod

420 1149 728 1203 πιστεύκει·
758 1147 820 1199 ού
850 1145 958 1216 γὰρ
994 1143 1081 1206 ἂν,
1116 1142 1381 1215 μηδέποτε
1422 1140 1535 1195 υἱόν
1583 1142 1804 1212 εἰρήνης
1852 1140 1997 1208 γενό-

2096 1141 2299 1195 dictant
2363 1140 2626 1197 Servatur
2681 1145 2748 1199 de
2803 1142 2963 1211 Juda,
3019 1160 3083 1200 ac
3131 1147 3197 1200 de
3249 1147 3425 1216 seipso
3463 1147 3666 1202 dictum

422 1259 581 1312 μενον
613 1238 774 1294 αὐτόν
802 1235 1149 1292 ἀποστέλλων
1201 1234 1338 1305 μετὰ
1372 1233 1482 1286 τῶν
1522 1232 1727 1285 λοιπῶν
1763 1230 1995 1284 ἀποστό-

2098 1232 2265 1287 fuisse
2292 1232 2487 1302 inquit.
2522 1232 2579 1288 In
2615 1250 2721 1303 quo
2751 1251 2965 1304 qua'res
3006 1238 3278 1304 quomodo
3315 1240 3476 1291 homo
3516 1238 3667 1307 pacis

418 1331 523 1383 λων
541 1332 672 1400 (38),
686 1329 838 1396 ἔλεγε
856 1328 948 1381 καὶ
970 1325 1136 1396 αύτῷ·
1170 1327 1281 1387 τοῖς
1302 1323 1411 1395 γὰρ
1426 1323 1632 1378 δώδεκα
1650 1322 1995 1393 ἀναγέγραπ·

2095 1323 2263 1378 Judas
2294 1324 2476 1389 fuerit,
2505 1329 2851 1396 etquomodo
2878 1328 3137 1383 Servator
3168 1330 3220 1383 in
3252 1344 3374 1383 eum
3414 1345 3668 1397 sperave-

416 1441 506 1478 ται
537 1422 815 1495 εἰρηκέναι
847 1421 928 1472 τό·
960 1440 978 1470 ι
1012 1419 1239 1471 Εἴπατε·
1284 1417 1487 1487 Εἰρήνη
1526 1415 1604 1485 τῷ
1638 1417 1772 1486 οἴκῳ
1797 1415 1989 1483 τούτῳ·

2097 1415 2187 1467 rit.
2226 1413 2320 1468 llis
2351 1416 2527 1470 verbis
2580 1432 2713 1486 ergo
2761 1419 3022 1473 declarari
3077 1420 3314 1474 arbitror
3342 1419 3534 1476 Judam
3570 1423 3670 1475 ah-

415 1516 513 1571 καὶ
542 1515 635 1569 ἐὰν
666 1516 781 1567 ἐκεῖ
876 1510 993 1574 υἱός
1035 1508 1276 1580 εἰρήνης,
1309 1508 1343 1577 ἡ
1368 1508 1558 1578 εἰρήνη
1592 1506 1745 1577 ὑμῶν
1777 1507 1863 1559 ἐπ’
1897 1506 1996 1559 αύ-

2096 1509 2316 1573 quando
2336 1508 2548 1564 sincere
2570 1510 2901 1578 credidisse;
2924 1527 3101 1583 neque
3122 1512 3289 1577 enim,
3312 1514 3362 1566 ni
3381 1514 3670 1582 aliquando

415 1608 507 1660 τὸν
539 1602 941 1659 ἀναπαύσεται·
982 1601 1116 1655 εἰδὲ
1158 1601 1231 1671 μή
1273 1615 1358 1669 γε,
1410 1602 1443 1668 ή
1494 1601 1683 1670 εἰρήνη
1722 1597 1875 1668 ὑμῶν
1907 1597 1992 1666 ἐφ’

2096 1585 2288 1654 fuisset
2312 1599 2452 1655 filius
2476 1602 2645 1670 pacis,
2677 1603 2913 1658 misisset
2962 1620 3084 1659 eum
3121 1606 3382 1660 Dominus
3419 1623 3538 1662 cum
3564 1622 3672 1662 cat-

416 1699 559 1767 ύμᾶς
586 1694 931 1764 ἀνακάμψει·
972 1712 990 1744 ι
1035 1691 1129 1746 καὶ
1162 1691 1269 1763 γὰρ
1304 1692 1403 1762 ὅρα
1436 1689 1553 1759 μεθ’
1573 1690 1673 1742 ὅσα
1699 1691 1728 1741 ὁ
1750 1687 1994 1752 διάϐολος

2099 1693 2230 1747 teris
2258 1695 2549 1760 apostolis;
2582 1695 2741 1762 eique
2763 1695 2993 1750 dixisset
3013 1695 3161 1767 (nam
3203 1698 3486 1753 duodecim
3526 1699 3668 1753 scri-

415 1788 603 1841 ἒϐαλεν
634 1786 800 1841 αὑτοῦ
834 1788 913 1849 εἰς
941 1784 1040 1856 τὴν
1068 1783 1293 1857 καρδίαν
1326 1781 1395 1835 τά
1424 1781 1562 1835 κατὰ
1595 1779 1687 1833 τοῦ
1717 1780 1989 1852 Σωτῆρος,
2022 1774 2066 1829 Β

2022 1774 2066 1829 Β
2097 1793 2244 1854 ptum
2274 1794 2358 1838 est
2390 1800 2515 1839 eum
2547 1785 2795 1855 dixisse),
2837 1804 2856 1838 ι
2885 1786 3055 1843 Dicite
3092 1806 3106 1843 :
3149 1786 3259 1843 Pax
3287 1788 3410 1843 huic
3450 1788 3665 1855 domui;

414 1881 508 1933 καὶ
542 1879 648 1950 πρὸ
696 1879 875 1947 ὀλίγου
918 1877 1159 1946 κλέπτης
1204 1873 1342 1929 εἶναι
1390 1872 1840 1945 μεμαρτύρηται·
1889 1872 1990 1925 οὐκ

2097 1886 2153 1932 et
2184 1879 2229 1933 si
2270 1878 2382 1932 illic
2411 1877 2576 1950 426
2602 1878 2769 1933 fuerit
2798 1879 2942 1935 filius
2968 1880 3140 1950 pacis,
3178 1882 3482 1951 requiescet
3508 1898 3671 1951 super

414 1973 479 2026 ἂν
515 1972 581 2037 δ’,
622 1967 797 2042 οἶμαι,
847 1970 1083 2041 ἀρχῆθεν
1134 1967 1370 2038 κλέπτης
1434 1965 1530 2029 ὣν,
1582 1964 1873 2035 ἐπιστεύθη
1930 1962 1991 2015 τὸ

2098 1970 2249 2024 illum
2283 1985 2384 2041 pax
2411 1982 2630 2035 vestra;
2663 1970 2748 2025 sin
2781 1972 2978 2037 minus,
3009 1974 3078 2028 ad
3102 1989 3198 2028 vos
3233 1984 3539 2030 revertetur
3559 1992 3666 2045 pax

412 2063 823 2133 γλωσσόκομον·
872 2061 1019 2126 ἄξιος
1059 2054 1151 2113 οὖν
1191 2058 1284 2111 τοῦ
1333 2054 1687 2127 πιστευθῆναι
1735 2054 1869 2127 (59)
1916 2051 1990 2106 ὢν

2098 2073 2274 2116 vestra
2302 2062 2383 2128 ";
2417 2081 2438 2115 ι
2472 2065 2702 2134 proinde
2731 2065 2854 2119 vide
2883 2072 3005 2133 post
3050 2075 3254 2135 quanta
3284 2066 3533 2121 diabolus
3567 2067 3669 2121 im-

414 2156 491 2224 (εἰ
538 2155 630 2206 καὶ
674 2151 1029 2224 προεγνώσθη
1084 2149 1611 2222 μεταπεσούμενος),
1659 2146 1986 2217 ἐπιστεύθη·

2098 2154 2307 2209 miserit
2338 2154 2457 2211 haac'
2496 2157 2548 2209 in
2604 2171 2702 2211 cor
2733 2156 2849 2225 cjus
2897 2159 3185 2213 adversum
3213 2156 3583 2223 Servatorem,
3616 2167 3668 2212 et

413 2249 508 2301 καὶ
537 2245 853 2318 τηλικοῦτος
893 2241 960 2317 ἦν
1013 2244 1297 2316 ἄνθρωπος
1344 2244 1568 2312 εἰρήνης
1614 2239 1872 2312 Χριστοῦ,
1916 2239 1991 2303 ὡς

2097 2244 2222 2315 quia
2245 2247 2422 2301 dictus
2453 2257 2537 2302 est
2559 2249 2717 2316 paulo
2748 2259 2875 2304 ante
2900 2248 2987 2302 fur
3007 2263 3149 2303 esse.
3180 2247 3297 2303 Non
3338 2258 3519 2304 autem
3547 2251 3668 2317 opi-

414 2340 635 2403 ἐλπίδας
661 2338 869 2407 ἀγαθάς
894 2353 1022 2389 ποτε
1044 2334 1136 2388 τόν
1192 2332 1398 2405 Ἰησοῦν
1429 2333 1515 2384 ἐπ’
1557 2329 1706 2400 αὐτῷ
1733 2331 1809 2394 ὡς
1842 2329 1992 2400 καλῷ

2099 2353 2198 2392 nor
2235 2339 2378 2407 quod
2414 2343 2745 2410 marsupium
2782 2342 2831 2396 ei
2883 2342 3255 2396 concreditum
3289 2339 3505 2407 fuisset,
3551 2340 3595 2395 si
3638 2357 3667 2394 a

411 2432 692 2502 ἀποστόλῳ
718 2428 1039 2501 ἐσχηκέναι·
1076 2427 1239 2481 ἄκουε
1273 2424 1381 2495 (40)
1415 2423 1524 2494 γὰρ
1552 2421 1666 2476 τοῦ·
1719 2443 1737 2473 ι
1791 2423 1905 2491 Ἐφ’
1932 2421 1991 2474 ὃν

2096 2431 2364 2500 principio
2390 2430 2477 2484 fur
2528 2433 2756 2497 fuisset;
2789 2434 2882 2488 sed
2913 2434 3109 2503 dignus
3156 2414 3285 2487 cum‘
3308 2440 3452 2487 esset
3482 2431 3570 2485 cui
3602 2431 3669 2485 il-

410 2525 637 2593 ἤλπισα.
674 2541 691 2573 ι
740 2518 881 2589 Ἐγὼ
911 2518 956 2571 δ’
985 2515 1159 2588 οἶμαι,
1192 2516 1274 2568 ὅτι
1305 2514 1401 2568 καὶ
1445 2513 1618 2582 λόγων
1663 2513 1991 2584 ἀπορρήτων

2096 2522 2186 2576 Iud
2231 2523 2547 2577 crederetur
2576 2524 2811 2587 (etiamsi
2870 2538 2992 2576 eum
3046 2523 3353 2592 praescisset
3394 2522 3668 2591 lapsuram

409 2613 838 2688 τφφιμωτάτων
904 2606 1270 2676 κεκοινώνηκε
1324 2608 1437 2669 τοῖς
1507 2603 1826 2667 ἀποστόλοις
1882 2603 1991 2657 ἀπὸ

2094 2610 2298 2685 Jesus),
2328 2613 2474 2668 illius
2510 2614 2582 2668 illi
2621 2630 2747 2667 cura
2805 2615 3012 2668 credita
3064 2612 3200 2678 fuit;
3230 2612 3440 2683 fuitque
3490 2620 3671 2666 tantus

422 2706 597 2779 Ἰησοῦ
628 2704 830 2767 λαϐὼν,
880 2702 1008 2773 περὶ
1047 2692 1122 2753 ὧν
1163 2697 1347 2752 εἶπεν·
1382 2717 1401 2749 ι
1448 2696 1505 2750 Ὀ
1550 2695 1743 2749 ἐσθίων
1793 2696 1991 2767 ἄρτους

2097 2702 2257 2755 homo
2302 2704 2453 2772 pacis
2494 2702 2723 2771 Christi,
2772 2714 2831 2758 ut
2876 2705 2928 2758 in
2960 2719 3026 2759 eo
3055 2706 3202 2760 velut
3244 2705 3389 2763 bono
3422 2710 3671 2779 apostolo

412 2818 543 2868 μου·
588 2818 605 2850 ι
639 2798 699 2851 τὸ
726 2796 781 2849 δέ
811 2792 943 2867 (41)·
980 2812 998 2845 ‹
1045 2791 1409 2863 Ἐμεγάλυνεν
1436 2790 1521 2842 ἐπ’
1554 2788 1655 2860 ἐμὲ
1695 2788 1791 2859 τὴν
1826 2787 1992 2859 πτέρ-

2095 2793 2294 2847 bonam
2345 2809 2495 2862 spem
2557 2795 2806 2848 habuerit
2846 2795 3140 2864 aliquando
3163 2794 3352 2865 Jesus;
3386 2799 3686 2856 considera

409 2911 507 2947 ναν
537 2890 723 2954 αὑτοῦ,
768 2909 785 2941 ι
827 2885 1276 2960 μεταπέφρασται
1312 2886 1390 2946 εἰς
1432 2881 1524 2935 τό·
1568 2900 1588 2932 τι
1638 2881 1874 2952 Ἐπῆρεν
1904 2881 1990 2932 ἐπ’

2094 2887 2240 2942 enim
2290 2888 2460 2942 illud:
2497 2905 2518 2939 ι
2550 2885 2607 2941 In
2662 2902 2770 2957 quo
2806 2889 3021 2958 speravi
3049 2889 3115 2943 “.
3148 2910 3168 2942 ι
3204 2889 3438 2946 Proinde
3487 2907 3665 2949 meum

411 2984 513 3055 ἐμὲ
540 2983 638 3052 τὴν
664 2979 901 3050 πτέρναν
927 2975 1113 3042 αὐτοῦ,
1140 2994 1158 3025 ι
1179 2973 1320 3027 ὥστε
1345 2972 1541 3025 ταύτὸν
1561 2967 1698 3024 εἶναι
1723 2969 1804 3033 τό,
1842 2970 1994 3038 Ἐμε-

2095 2987 2179 3031 est
2201 2977 2461 3046 judicium
2486 2993 2768 3033 sermones
2789 2994 2913 3033 eum
2944 2980 3207 3049 occultos,
3227 2991 3281 3036 et
3308 2982 3671 3049 firmissimos,

410 3074 658 3146 τάλυνε,
712 3070 807 3140 τῷ,
874 3066 1107 3136 Ἐπῆρε.
1138 3068 1250 3119 Καὶ
1294 3067 1355 3118 εἰ·
1390 3064 1496 3137 χρὴ
1525 3064 1644 3134 τὴν,
1681 3082 1699 3113 ι
1754 3060 1991 3130 Ἐπῆρεν
2017 3124 2057 3146 Π

2019 3124 2057 3146 η
2096 3084 2160 3122 ac
2182 3069 2417 3123 maxime
2451 3071 2773 3135 nutrientes,
2802 3086 2940 3141 quos
2973 3088 3001 3125 a
3033 3071 3160 3128 Jesu
3190 3075 3510 3143 accepisset,
3539 3090 3670 3144 apo-

409 3170 497 3220 ἐπ’
543 3165 644 3236 ἐμὲ
686 3163 783 3235 τὴν
829 3159 1064 3230 πτέρναν
1116 3155 1306 3220 αὑτοῦ,
1346 3176 1363 3208 ι
1398 3155 1512 3216 καὶ,
1559 3172 1577 3204 ι
1624 3151 1988 3224 Ἑμεγάλυνεν
2016 3124 2058 3180 C

2018 3124 2058 3180 ϐ
2093 3160 2250 3215 stolis
2278 3162 2735 3222 communicasse.
2852 3124 3053 3231 quibus

410 3261 497 3312 ἐπ’
527 3257 627 3327 ἐμὲ
652 3251 980 3327 πτερνισμόν
1005 3248 1192 3314 αὐτοῦ,
1239 3268 1257 3300 ι
1303 3247 1599 3319 σαφηνίσαι
1629 3244 1793 3310 λέξιν,
1816 3244 1984 3315 φήσο-

2093 3268 2258 3323 panes
2292 3267 2440 3308 meos
2458 3252 2522 3307 ‘7.
2556 3273 2573 3304 ι
2608 3253 2877 3309 Caeterum
2926 3270 3022 3324 pro
3052 3275 3065 3310 :
3111 3275 3130 3306 σ
3166 3256 3529 3325 Magnificavit
3572 3258 3670 3311 ad-

413 3368 530 3423 μεν,
557 3351 638 3402 ὅτι
666 3347 826 3401 τοῦτο
851 3346 996 3399 ποιεῖ
1021 3345 1049 3396 6
1078 3342 1177 3409 λὰξ
1210 3339 1459 3394 ἐντείνων
1500 3338 1633 3392 τινί·
1667 3335 1906 3399 τοιοῦτος
1928 3334 1987 3388 δὲ

2090 3356 2307 3395 versum
2338 3357 2423 3395 uie
2462 3343 2956 3413 supplantationem
2991 3359 3169 3412 suam,
3203 3365 3221 3397 ι
3263 3346 3394 3400 fecit
3434 3361 3668 3417 evange-

409 3443 504 3498 καὶ
548 3440 746 3503 Ἰούδας
769 3435 858 3511 ἦν,
893 3436 983 3491 τὸν
1018 3436 1142 3489 Υίδν
1187 3432 1280 3487 τοῦ
1321 3430 1457 3486 Θεοῦ
1501 3429 1851 3493 καταπατῶν,
1893 3428 1989 3481 καὶ

2090 3431 2213 3487 lista
2248 3450 2261 3486 :
2306 3450 2323 3482 ι
2350 3430 2584 3486 Sustulit
2603 3434 2894 3488 adversum
2921 3449 3005 3488 me
3025 3435 3343 3490 calcaneum
3366 3450 3581 3500 suum”
3610 3446 3668 3490 ut

408 3534 633 3607 τρώγων
666 3529 734 3604 ἦν
776 3531 913 3602 μετά
942 3530 1036 3583 τοῦ
1097 3526 1271 3599 Ἰησοῦ
1312 3524 1406 3578 τὸν
1451 3525 1615 3597 ἄρτον
1659 3522 1846 3587 αὑτοῦ,
1894 3522 1985 3575 ὅτε

2090 3521 2232 3575 idem
2279 3522 2457 3576 Valeat
2504 3521 2867 3592 magni/lenuit
2921 3523 3065 3592 quod
3118 3522 3358 3577 sustulit.
3419 3524 3573 3590 Quod
3618 3524 3666 3578 si

413 3626 589 3696 βάψας
635 3627 663 3678 6
721 3621 927 3695 Ἰησοῦς
962 3621 1024 3674 τὸ
1052 3618 1266 3690 ψωμίον
1295 3615 1586 3687 λαμϐάνει,
1635 3615 1730 3667 καὶ
1769 3613 1986 3666 δίδωσιν

2089 3623 2379 3670 contextus
2411 3614 2540 3669 hic:
2579 3630 2598 3665 ι
2632 3614 2862 3669 Sustulit
2897 3616 3186 3671 adversum
3226 3632 3314 3670 ine
3346 3615 3664 3670 calcaneum

424 3715 595 3787 Ἰούδᾳ
628 3713 867 3784 Σίμωνος
905 3707 1249 3781 Ἰσκαριώτῃ,
1297 3706 1504 3775 ἐπῆρεν
1547 3705 1748 3767 Ἰούδας
1778 3705 1871 3756 ἐπὶ
1896 3702 1987 3756 τὸν

2088 3722 2301 3770 suum,»
2337 3714 2410 3767 et,
2432 3705 3131 3777 «Magnificavitadversum
3167 3722 3253 3763 me
3272 3707 3666 3778 supplantatio-

411 3804 740 3861 Διδάσκαλον
770 3803 869 3874 τὴν
901 3800 1138 3872 πτέρναν
1160 3799 1344 3864 αὑτοῦ,
1368 3799 1451 3851 ὅτι
1483 3796 1591 3868 (42)
1621 3795 1757 3867 μετά
1784 3796 1846 3848 τὸ
1881 3794 1988 3864 ψω-

2090 3814 2213 3853 nem
2247 3813 2399 3853 suam
2420 3796 2487 3864 “,
2524 3815 2544 3849 ι
2588 3798 2902 3852 necessario
2950 3798 3108 3853 nobis
3156 3798 3535 3865 explanandus
3566 3797 3663 3866 sit,

414 3899 533 3970 μίον
568 3894 815 3965 εἰσῆλθεν
843 3895 871 3947 6
892 3893 1136 3955 Σατανᾶς
1166 3893 1245 3953 εἰς
1270 3889 1364 3943 τὸν
1406 3887 1627 3943 Ἰούδαν.
1656 3889 1719 3941 Εἰ
1748 3888 1805 3941 δὲ
1830 3887 1988 3941 δύνα-

2088 3889 2332 3943 dicemus
2362 3889 2464 3943 hoc
2496 3887 2615 3943 fieri
2646 3903 2675 3942 a
2710 3888 2861 3944 calce
2889 3889 3212 3945 intendente
3255 3889 3442 3960 plagas
3464 3890 3663 3956 alicui;

408 4008 497 4043 ται
523 3990 617 4043 καὶ
642 3987 730 4040 τό·
770 4005 789 4037 ι
835 3986 899 4038 Ἡ
938 3983 1140 4055 ἀνομία
1177 3982 1277 4052 τῆς
1312 3980 1547 4052 πτέρνης
1584 3997 1685 4051 μου
1716 3979 1985 4034 κυκλώσει

2087 3981 2394 4047 cuiusmodi
2422 3980 2590 4035 etiam
2622 3990 2742 4034 erat
2783 3978 2953 4036 Judas
2990 3981 3082 4036 Dei
3114 3980 3311 4036 Filium
3361 3979 3662 4050 decipiens,

411 4099 501 4152 με,
536 4100 555 4132 ι
604 4076 1083 4147 συνεξεταζόμενον
1117 4072 1195 4145 τῷ
1220 4091 1234 4104 ·
1282 4091 1302 4124 ι
1348 4072 1585 4143 Ἐπῆρεν
1616 4073 1703 4124 ἐπ’
1750 4072 1849 4143 ἐμὲ
1888 4073 1986 4143 τὴν

2087 4075 2534 4142 manducansque
2556 4086 2680 4126 cum
2710 4070 2839 4127 Jesu
2873 4071 2991 4140 ejus
3015 4087 3230 4142 panem,
3259 4088 3384 4125 cum
3419 4072 3666 4142 (immer-

407 4173 644 4245 πτέρναν
665 4169 852 4234 αὑτοῦ,
893 4188 910 4220 ι
939 4167 1305 4239 ἀναφέρεσθαι
1339 4166 1430 4219 ἐπὶ
1462 4165 1551 4219 τὸν
1599 4165 1799 4220 Ἰούδαν
1830 4166 1987 4234 γενό-

2089 4181 2204 4220 sam
2252 4164 2554 4219 buccellam
2610 4164 2912 4229 accipiente
2962 4162 3112 4227 Iesu,
3165 4179 3229 4218 ac
3270 4161 3422 4217 Judre
3454 4163 3662 4216 Simoni

411 4281 568 4335 μενον
591 4265 649 4315 ὲν
671 4263 738 4332 τῇ
767 4258 945 4330 μερίδι
969 4256 1065 4310 τοῦ
1115 4255 1311 4326 Ἰησοῦ,
1351 4257 1446 4308 καὶ
1480 4254 1669 4325 κτῆμα
1714 4254 1989 4325 χρηματί-

2086 4256 2359 4312 lscariotte
2379 4255 2694 4326 porrigente
2711 4254 2802 4325 ",)
2820 4254 3037 4309 sustulit
3055 4254 3221 4309 Judas
3240 4254 3502 4308 adversus
3522 4253 3664 4307 Prm-

409 4370 577 4407 σαντα
614 4351 803 4413 αὐτοῦ,
846 4348 940 4402 καὶ
984 4346 1304 4409 ἀπόστολον,
1348 4344 1584 4416 πτέρναν
1621 4344 1678 4398 δὲ
1708 4343 1798 4398 διὰ
1823 4344 1885 4398 τὸ
1907 4361 1989 4398 τε·

2089 4357 2366 4414 ceptorem
2420 4346 2739 4401 calcaneum
2791 4360 2975 4412 suum,
3016 4346 3143 4414 quia
3192 4356 3313 4416 post
3364 4344 3663 4399 buccellam

405 4443 650 4496 λευταῖον
680 4442 841 4496 αὑτὸν
884 4438 1166 4511 γεγονέναι
1201 4434 1477 4508 τροπικῶς
1526 4434 1839 4506 λεγόμενον,
1888 4438 1985 4491 καὶ

2090 4439 2314 4494 intravit
2345 4440 2582 4496 Satanas
2634 4442 2688 4495 in
2725 4440 2942 4496 Judam.
2977 4444 3060 4492 An
3112 4453 3242 4492 vero
3295 4438 3461 4492 illud:
3503 4455 3522 4486 ‹
3556 4435 3667 4490 ιιιί-

407 4533 566 4597 αὐτὸς
598 4533 987 4605 συνεπισκὲψῃ.
2016 4513 2058 4567 D

2016 4513 2061 4567 Ι)
2105 4533 2293 4601 quitas
2317 4530 2557 4588 calcanei
2586 4535 2690 4588 mei
2718 4532 3075 4589 circumdabit
3094 4547 3179 4587 me
3195 4532 3264 4595 ⁸ο,
3291 4550 3310 4583 ι
3337 4546 3438 4584 una
3462 4529 3666 4585 exarui-

409 4637 593 4682 natum
651 4644 772 4683 cum
822 4643 933 4703 eo:
972 4644 991 4677 ι
1020 4624 1249 4680 Sustulit
1298 4631 1486 4679 contra
1541 4637 1626 4676 me
1672 4621 1992 4678 calcarfeum
2059 4641 2244 4691 suum,
2276 4644 2295 4678 ι
2335 4623 2529 4679 referri
2596 4626 2664 4679 ad
2696 4624 2890 4681 Judam
2928 4625 3119 4695 possit,
3154 4624 3244 4694 qui
3274 4623 3377 4677 fuit
3422 4624 3476 4678 in
3511 4633 3665 4691 parte

404 4720 552 4782 Jesu,
583 4728 640 4775 et
669 4720 883 4775 habitus
910 4725 1183 4789 possessio
1213 4717 1350 4785 ejus,
1398 4727 1452 4771 et
1489 4716 1788 4785 apostolus,
1825 4718 2001 4773 dictus
2045 4735 2175 4775 vero
2219 4719 2531 4777 calcaneum
2572 4722 2798 4791 tropice,
2825 4721 2968 4792 quod
3008 4721 3123 4790 ipse
3146 4719 3393 4773 ultimum
3424 4717 3666 4785 proditor

406 4810 590 4874 fuerit,
619 4821 672 4864 tu
708 4812 823 4879 ipse
859 4814 1022 4865 etiam
1049 4809 1450 4866 considerabis.

473 4906 526 4961 9.
557 4927 575 4959 ι
618 4908 849 4979 Ἀπάρτι
879 4906 1023 4975 λέγω
1077 4908 1205 4977 ὑμῖν
1248 4905 1356 4975 πρὸ
1401 4904 1495 4957 τοῦ
1540 4904 1831 4974 γενέσθαι,
1890 4906 1979 4962 ἵνα

2157 4908 2210 4964 9.
2234 4929 2252 4961 ι
2282 4908 2436 4964 Nunc
2456 4909 2577 4963 dico
2608 4908 2760 4962 vobis
2788 4920 3077 4978 antequam
3099 4908 3290 4971 fiat,ut
3311 4922 3434 4963 cum
3463 4906 3662 4962 factum

403 4999 765 5070 πιστεύσητε,
807 4998 935 5051 ὅταν
992 4998 1254 5068 γένηται,
1317 4997 1396 5050 ὅτι
1466 4996 1577 5064 ἐγώ
1638 4998 1772 5068 εἰμι.
1816 5016 1834 5049 ι
1870 4998 1980 5070 Τὴν

2087 5000 2273 5066 fuerit,
2304 5001 2542 5056 credatis
2572 5001 2699 5069 quia
2728 5014 2830 5069 ego
2873 5014 2993 5054 sum
3026 5000 3094 5054 εί.
3130 5018 3149 5049 ι
3184 5000 3524 5055 Relationem
3558 4998 3658 5051 ha-

403 5090 680 5162 ἀναφορὰν
707 5093 742 5163 ή
772 5089 917 5153 λέξις
948 5088 1085 5161 αῦτη
1119 5089 1235 5161 ἔχει
1268 5090 1361 5143 ἐπὶ
1380 5089 1440 5141 τὸ
1468 5089 1862 5161 προειρημένον
1894 5091 1975 5145 τό·

2087 5094 2221 5149 bent
2251 5094 2418 5148 verba
2458 5093 2575 5148 haec
2621 5095 2687 5148 ad
2736 5095 2787 5147 id
2821 5094 2963 5162 quod
3001 5092 3251 5160 superius
3292 5099 3374 5145 est
3407 5091 3608 5146 dictum
3642 5108 3655 5144 :

473 5207 520 5238 ιι
557 5206 690 5276 ibid,
785 5205 832 5276 ῥα
859 5203 994 5276 _Luc.
1027 5221 1078 5268 x,
1104 5205 1157 5268 5,
1182 5204 1241 5276 ϐἶ
1312 5204 1358 5236 ⁸⁸
1383 5202 1530 5259 Psal.
1560 5221 1649 5269 ιιι,
1683 5203 1772 5259 10.
1849 5206 1892 5238 ⁸⁵⁷
1923 5206 2053 5263 ibid.

2007 5206 2053 5263 ll.
2132 5206 2353 5265 “Joan.
2402 5224 2521 5276 χιιι,
2575 5209 2665 5265 18.
2769 5196 2999 5257 “Joan.
3035 5221 3184 5269 xxvr,
3239 5201 3333 5258 27.
3439 5200 3485 5233 '°
3518 5201 3658 5257 Psal.

403 5292 590 5344 xum,
615 5275 670 5331 6.
778 5275 824 5307 ⁸¹
852 5273 1009 5331 Joau.
1040 5290 1156 5341 xm,
1185 5274 1273 5329 19.
2252 5283 2265 5299 ·

473 5395 1030 5469 (38)--ᾎποστόλων,
1068 5395 1248 5452 Editio
1282 5394 1462 5451 Huetii
1502 5410 1787 5467 perperam
1818 5396 1986 5452 habet

1911 5403 1986 5452 iet
2154 5396 2269 5468 (40)
2300 5399 2481 5454 Codex
2510 5399 2862 5464 Bodleianus,
2888 5392 3326 5469 axous-jiegius,
3359 5391 3562 5469 ἀκούω.

404 5462 740 5542 ἀποσλτέλρω.
854 5535 912 5542 __
1044 5535 1068 5542 _
1156 5536 1218 5542 ,Α
1337 5536 1347 5542 _
1504 5462 1520 5467 -
1603 5462 1647 5542 ⁷,
1723 5541 1731 5542 ,

2087 5537 2098 5542 _
2158 5462 2281 5542 (41),
2307 5469 2510 5542 Τό-δέ.
2540 5470 2699 5525 Deest
2730 5471 2782 5523 in
2819 5462 3064 5527 editione
3092 5462 3293 5525 ﬂuetii,
3325 5466 3420 5517 sed
3469 5464 3664 5531 legitur

472 5538 589 5610 (39)
612 5535 1011 5610 Hwtsvﬁﬁrat
1031 5535 1116 5610 ὢν
1147 5536 1222 5606 (εἰ
1257 5536 1353 5610 καὶ
1390 5536 1776 5606 προεγνώσοη
1803 5552 1982 5610 μετα·
2084 5537 2119 5592 it

2084 5537 2136 5592 iu
2162 5535 2353 5593 codice
2383 5540 2704 5606 Bodleiano.
2819 5608 2827 5610 Α
2904 5606 2916 5610 _
3330 5603 3354 5610 μ
3626 5599 3638 5610 .

403 5603 823 5681 πεσούμενος),
855 5603 1204 5681 ἐπιστεύθη.
1249 5603 1553 5681 δίο-τὲριε
1587 5603 1773 5662 habet
1804 5603 1982 5681 codex

2156 5610 2270 5681 (42)
2306 5610 2449 5662 Ὅτι.
2492 5603 2781 5666 Ferrarius
2816 5606 3017 5678 legisse
3056 5603 3271 5659 videtur
3326 5603 3446 5671 ὅτε,
3503 5603 3663 5654 vertit

404 5675 850 5751 Bodleianusyin
904 5678 1324 5751 Regiovitiose
1361 5676 1575 5751 legitur,
1623 5675 1981 5746 πιστευθῆναι

986 5678 1324 5751 giovitiose
1361 5676 1575 5751 legitur,
1623 5675 1981 5746 πιστευθῆναι
2084 5675 2260 5748 enim,
2286 5697 2307 5732 ι
2340 5681 2578 5751 quando.
2619 5700 2635 5732 ι

398 5745 753 5817 προεγνώσθη
786 5745 1276 5817 μεταπονούμενος,
1311 5746 1623 5816 ἐπιστεύθη

632 5849 905 5910 ΡΑτιιοι..
945 5848 1060 5909 Gn.
1102 5848 1273 5910 XIV.

3355 5830 3439 5893 25
