4182 6396
504 315 610 375 779

1995 320 2319 380 ORIGENIS

3672 339 3778 393 780

511 457 529 488 ‹
563 436 679 492 Non
711 432 780 490 de
805 436 1058 492 omnibus
1091 436 1246 493 vobis
1275 437 1398 493 dico
1423 456 1435 492 :
1465 451 1568 507 ego
1591 438 1708 494 scio
1735 453 1875 503 quos
1898 438 2075 511 elege-

2187 459 2206 492 ι
2240 441 2315 494 Οὐ
2339 442 2469 513 περὶ
2501 441 2719 496 πάντων
2751 441 2906 514 ὑμῶν
2964 443 3134 515 λέγωο
3178 445 3290 516 ἐγὼ
3316 441 3434 502 οἶδα
3481 449 3636 514 τίνας
3661 452 3780 518 ἐξε-

505 533 638 597 rim;
685 531 780 585 sed
838 540 898 584 ut
935 529 1226 600 impleatur
1276 523 1610 602 Scriptura‘:
1643 532 1745 600 Qui
1793 535 2088 589 manducat

507 639 700 696 panem
760 639 962 690 meum,
1003 624 1222 680 sustulit
1283 626 1572 682 adversum
1626 642 1713 681 me
1766 627 2084 683 calcanenm

505 733 664 773 suum
691 717 736 749 ¹¹
773 735 787 783 ;
825 735 844 769 ι
875 717 980 772 hoc
1018 717 1162 771 enim
1191 714 1458 783 futurum,
1486 729 1546 773 ut
1574 717 1855 789 Scriptura
1891 721 2086 790 imple-

505 823 657 867 retur
690 811 759 866 de
793 826 857 866 eo
886 809 981 880 qui
1043 810 1267 866 sustulit
1308 811 1601 866 adversum
1633 826 1720 866 me
1763 813 2082 868 calcaneum

504 919 660 960 suum
698 901 810 974 (qni
850 913 935 958 est
971 902 1080 966 ille,
1109 902 1202 972 qui
1262 904 1560 960 manducat
1608 920 1808 974 panem
1844 907 2082 976 meum);

504 1011 649 1050 nunc
705 996 827 1051 dico
883 994 1058 1059 vobis,
1093 1003 1152 1050 et
1194 995 1317 1050 dico
1363 1005 1656 1066 antequam
1707 997 1821 1061 fiat.
1855 1006 1933 1062 ut,
1962 1013 2084 1054 cum

503 1089 708 1143 factum
779 1089 943 1142 fuerit
998 1088 1142 1157 quod
1221 1089 1608 1158 prapbetatnm
1682 1093 1735 1145 in
1795 1087 2082 1161 Scriptura

504 1182 744 1236 futurum
785 1192 870 1237 est
921 1190 980 1235 ut
1030 1179 1347 1248 impleatur,
1398 1181 1640 1236 credatis
1677 1197 1764 1238 me
1796 1194 1920 1237 esse
1957 1195 2082 1236 eum

501 1269 665 1345 427
695 1273 760 1326 dc
796 1288 902 1343 quo
954 1273 1071 1327 haec
1122 1271 1442 1341 prophetata
1489 1282 1635 1339 sunt,
1679 1285 1897 1343 propter
1953 1286 2076 1326 eum

501 1371 618 1440 qui,
640 1385 764 1424 cum
795 1367 1153 1420 manducaret
1179 1379 1373 1434 panem
1400 1381 1600 1429 meum,
1633 1366 1852 1421 sustulit
1885 1367 2080 1422 adver-

504 1477 624 1515 sum
658 1475 744 1514 me
772 1461 1084 1513 calcaneum
1111 1472 1292 1511 suum.
1325 1456 1434 1512 Sed
1473 1467 1686 1526 qumrat
1713 1456 1914 1526 aliquis
1942 1473 2074 1526 quo-

506 1549 666 1604 modo
689 1549 910 1608 dictum
956 1548 1030 1603 sit
1059 1545 1366 1618 discipulis,
1402 1563 1635 1618 quorum
1670 1549 1880 1604 laverat
1917 1551 2080 1618 pedes

503 1640 688 1705 Jesus,
729 1639 956 1710 perinde
1007 1639 1162 1708 quasi
1209 1640 1445 1693 nondum
1497 1640 1864 1695 credidissent
1901 1641 2079 1708 ipsum

500 1751 622 1791 esse
654 1733 930 1789 Christum
960 1751 974 1787 :
1007 1750 1028 1784 ι
1052 1732 1208 1788 Nunc
1241 1734 1364 1788 dico
1394 1733 1549 1787 vobis
1584 1744 1878 1799 antequam
1911 1733 2028 1798 flat,
2057 1753 2076 1787 ι

500 1839 554 1882 et
581 1836 798 1896 propter
853 1827 955 1879 hoc
991 1826 1134 1889 dico,
1175 1843 1194 1876 ‹
1226 1834 1284 1878 ut
1329 1840 1455 1880 cum
1509 1823 1712 1880 factum
1751 1824 1937 1892 fuerit,
1961 1841 2082 1881 cre-
2112 1799 2157 1856 Β

501 1917 644 1971 datis
676 1932 762 1971 me
792 1929 916 1970 esse
939 1915 986 1947 ⁸³
1013 1932 1033 1966 ι
1091 1913 1370 1969 Christum
1420 1915 1824 1983 prophetatum.
1859 1915 1930 1968 At
1962 1915 2085 1970 vide

501 2025 628 2064 num
673 2008 943 2081 possimus
983 2014 1236 2062 caventes
1283 2019 1544 2061 accusare
1593 2006 1770 2076 talesJ
1802 2015 2085 2074 tantosque

497 2100 624 2156 Jcsu
652 2099 1136 2172 discipulos,quasi
1159 2099 1252 2168 qui
1273 2098 1512 2152 nondum
1539 2097 1927 2165 credidissent,
1947 2112 2080 2152 con-

499 2194 678 2249 silium
730 2198 896 2249 etiam
943 2206 1167 2248 servare
1217 2190 1451 2245 dicentis
1487 2207 1499 2242 :
1540 2209 1558 2242 ι
1588 2189 1659 2246 Ut
1700 2204 1821 2244 cum
1878 2189 2081 2244 factum

499 2286 684 2348 fuerit,
711 2283 944 2340 credatis
975 2282 1101 2353 quia
1123 2297 1224 2352 ego
1261 2296 1404 2336 sum.
1439 2299 1458 2332 ι
1505 2278 1607 2346 Qui
1643 2278 1838 2347 recipit
1867 2279 2084 2348 sapien-

501 2381 588 2435 tize
622 2381 984 2441 theoremata,
1019 2375 1295 2432 interdum
1339 2387 1438 2442 per
1485 2372 1695 2442 priora,
1735 2370 1933 2439 quibus
1967 2371 2080 2440 jam

499 2473 717 2543 sapiens
765 2480 872 2534 est,
897 2468 1128 2538 percipit
1175 2466 1500 2535 posteriora,
1551 2465 1604 2518 in
1658 2463 1864 2534 quibus
1921 2473 2081 2517 antea

501 2580 609 2619 non
659 2573 776 2618 erat
829 2561 1050 2631 sapiens
1107 2559 1519 2628 sapientiorque
1543 2557 1694 2612 erit:
1728 2555 2083 2627 quemadmo-

499 2657 626 2709 dum
661 2654 788 2708 illud
819 2653 983 2708 etiam
1012 2652 1214 2708 dicitur
1249 2666 1262 2701 :
1305 2668 1324 2700 ι
1355 2649 1482 2704 llzec
1537 2648 1688 2702 enim
1732 2647 1964 2702 audiens
1993 2661 2083 2701 sa-

497 2747 670 2822 piens,
715 2745 1014 2814 sapientior
1040 2742 1240 2798 erit“.
1271 2759 1290 2792 ι
1333 2739 1405 2796 Ut
1432 2740 1598 2812 igitur
1636 2739 1682 2794 si
1722 2738 1955 2802 sapienti
1995 2739 2080 2793 di-

497 2847 754 2892 cerentur
799 2835 1044 2905 quaedam
1071 2874 1086 2899 ,
1127 2843 1183 2888 et
1221 2833 1645 2904 subjungeretur
1677 2847 1692 2883 :
1727 2828 1852 2884 Haec
1902 2839 1954 2883 te
2001 2829 2080 2882 fa-

497 2930 649 2982 ciunt
692 2929 993 2994 sapientem
1024 2946 1039 2993 ;
1073 2942 1180 2981 non
1209 2927 1436 2980 omnino
1484 2923 1786 2994 sapientem
1821 2924 2077 2978 conside-

498 3035 753 3076 raremus
783 3035 849 3075 ex
898 3036 1002 3075 non
1042 3020 1314 3088 sapiente,
1347 3019 1442 3075 sed
1473 3031 1540 3072 ex
1577 3017 1824 3087 sapiente
1858 3015 2080 3085 sapien-

500 3114 716 3178 tiorem,
755 3123 1012 3182 tanquam
1046 3109 1290 3180 profectu
1338 3109 1687 3170 succedente,
1722 3117 1777 3164 et
1821 3107 2078 3162 tendente

497 3206 566 3258 ad
618 3203 1166 3272 perfectionem:sic
1228 3201 1359 3256 mihi
1409 3199 1696 3257 considera
1762 3204 2076 3256 credentem

496 3311 657 3366 posse
706 3297 881 3366 magis
921 3297 1240 3350 credentem
1293 3293 1409 3348 fieri
1440 3313 1454 3349 :
1487 3293 1715 3364 apostoli
1757 3294 1902 3349 enim
1953 3308 2076 3346 cum

496 3390 794 3459 aliquando
829 3389 898 3444 ad
944 3389 1229 3443 Dominum
1267 3388 1654 3450 accessissent,
1705 3401 1810 3441 non
1869 3386 2079 3454 seipsos

497 3480 816 3534 incusantes
855 3489 1110 3550 tanquam
1159 3494 1267 3534 non
1303 3479 1610 3541 credentes,
1652 3478 1909 3533 dixerunt
1955 3475 2028 3529 illi
2061 3491 2076 3528 :

500 3589 519 3620 ε
548 3571 807 3639 Domine,
856 3571 1068 3642 adauge
1123 3573 1282 3628 nobis
1326 3570 1488 3627 fidem
1505 3572 1597 3624 ":
1638 3589 1659 3624 ι
1701 3569 1968 3638 siquidem
2020 3569 2072 3622 in

495 3661 785 3730 vocabulo,
825 3665 1052 3732 adauge,
1085 3671 1274 3732 aperte
1303 3661 1612 3716 ostenditur
1639 3660 1800 3715 [idem
1821 3659 2076 3714 habuisse

497 3763 771 3836 apostolos
833 3759 1134 3830 capientem
1201 3755 1657 3812 additamentum.
1709 3749 2076 3819 Quamobrem

500 3859 545 3914 si
586 3859 703 3911 haec
753 3851 1156 3914 intelleximus,
1193 3845 1325 3902 mihi
1377 3845 1664 3901 considera
1709 3842 2077 3898 additamenta

499 3947 886 4004 rerum‘fidem
927 3943 1265 4005 facientium,
1320 3948 1441 4010 post
1486 3937 1734 4008 quaedam
1759 3951 1880 4006 quae
1916 3945 2076 3990 antea

501 4041 660 4093 fidem
703 4038 966 4102 fecerant,
1005 4033 1284 4088 addidisse
1334 4030 1495 4096 ﬁdei;
1536 4029 1674 4084 adeo
1720 4040 1780 4083 ut
1825 4027 2078 4097 discipuli

498 4137 694 4200 praeter
728 4141 792 4181 ea
823 4140 944 4194 quae
970 4124 1242 4178 habebant
1265 4121 1424 4176 fidem
1454 4119 1738 4186 facientia,
1765 4119 1932 4173 etiam
1969 4119 2075 4173 hoc

498 4219 917 4290 assumpserint,
961 4227 1022 4272 ut
1065 4216 1314 4271 viderent
1362 4213 1708 4284 Scripturam
1742 4213 2015 4268 dicentem
2059 4228 2074 4264 :

502 4334 522 4368 ι
551 4316 655 4382 Qui
692 4313 982 4368 manducat
1031 4326 1224 4380 panem
1263 4323 1463 4374 meum,
1507 4307 1730 4364 sustulit
1757 4315 1946 4362 contra
1991 4321 2078 4362 me

498 4405 813 4460 calcaneum
849 4418 1006 4459 suum
1036 4403 1106 4467 “,
1130 4421 1148 4452 ι
1185 4400 1490 4470 impletum,
1525 4399 1595 4454 ob
1625 4397 1816 4453 oculos
1842 4407 2079 4468 ponente

2188 531 2461 606 λεξάμην·
2511 533 2627 588 ἀλλ’
2658 535 2744 588 ἵνα
2778 535 2812 606 ή
2859 535 3052 608 Γραφὴ
3099 537 3403 610 πληρωθῇ·
3449 539 3506 594 Ὀ
3545 540 3779 613 τρώγων

2191 629 2308 697 μετ’
2334 625 2470 699 ἐμοῦ
2493 626 2585 680 τὸν
2612 626 2776 698 ἄρτον
2806 627 3014 700 ἐπῆρεν
3034 629 3121 682 ἐπ’
3145 631 3246 700 ἐμὲ
3281 631 3380 702 τὴν
3410 631 3649 705 πτέρναν
3684 637 3780 690 αὐ-

2187 718 2302 774 τοῦ.
2356 738 2376 772 ι
2426 719 2598 773 Τοῦτο
2639 719 2748 795 γὰρ
2794 719 2855 774 16
2892 721 3172 792 ἐσόμενον,
3205 722 3352 799 ἴνςή
3399 725 3590 799 Γραφὴ
3634 728 3778 800 πληο

2189 811 2337 884 ρωθῇ
2387 811 2516 884 περὶ
2567 811 2664 866 τοῦ
2722 812 3044 884 ἐπαίροντος
3108 815 3198 867 ἐπ’
3244 816 3344 886 ἐμὲ
3389 815 3488 887 τὴν
3541 818 3780 890 πτέρναν

2187 901 2353 956 αὐτοῦ
2419 903 2519 974 (ὃς
2583 903 2700 957 ἐστι
2751 903 2978 976 τρώγων
3042 906 3161 976 μετ’
3217 906 3354 978 ἐμοῦ
3404 908 3498 963 τὸν
3555 910 3776 984 ἄρτον),

2185 996 2394 1068 ἀπάρτι
2445 995 2590 1066 λέγω
2642 997 2792 1068 ὑμῖν,
2846 999 2941 1052 καὶ
2994 999 3140 1067 λέγω
3199 999 3306 1071 πρὸ
3352 1000 3446 1054 τοῦ
3495 1004 3773 1071 γενέσθαι,

2186 1088 2296 1152 ἵνα,
2328 1087 2466 1142 ἐπὰν
2492 1088 2720 1159 γένηται
2755 1089 2818 1143 τὸ
2851 1089 3350 1162 πληρωθησόμενον
3398 1091 3508 1146 τῶν
3553 1076 3772 1166 προφη-

2182 1179 2481 1234 τευθέντων
2521 1181 2580 1234 ἐν
2619 1184 2687 1252 τῇ
2734 1181 2947 1252 Γραφῇ,
2995 1181 3348 1252 πιστεύσητε,
3398 1184 3480 1238 ὅτι
3514 1185 3628 1254 ἐγώ
3657 1189 3774 1258 εἰμι

2184 1269 2312 1340 περὶ
2336 1262 2397 1322 οὗ
2424 1267 2601 1324 ταῦτα
2646 1274 3111 1342 προπεφήτευται,
3162 1271 3271 1325 ἀπὸ
3319 1272 3413 1326 τοῦ
3463 1273 3770 1346 τρώγοντος

2187 1361 2304 1432 μετ’
2331 1360 2500 1415 αὑτοῦ
2529 1361 2622 1414 τὸν
2653 1363 2838 1434 ἄρτον,
2893 1363 3199 1435 ἐπάραντος
3227 1365 3327 1436 τὴν
3369 1367 3562 1420 ἑαυτοῦ
3613 1370 3776 1441 πτέρι

2182 1467 2278 1506 ναν
2304 1453 2424 1505 κατ’
2457 1451 2648 1508 αὑτοῦ.
2675 1455 2910 1525 Ζητήσει
2942 1453 2988 1505 δ’
3014 1454 3080 1508 ἄν
3112 1473 3196 1519 τις
3234 1456 3352 1521 πῶς
3395 1458 3611 1529 εἴρηται
3662 1465 3776 1528 τοῖς

2185 1541 2474 1614 μαθηταῖς,
2507 1535 2582 1598 ὧν
2605 1543 2756 1614 ἐνιψε
2796 1545 2923 1610 τοὺς
2955 1545 3123 1610 πόδας
3164 1549 3194 1600 6
3235 1547 3467 1618 Ἰησοῦς,
3501 1551 3578 1614 ὡς
3607 1553 3774 1623 μηδέο

2184 1650 2272 1687 πω
2317 1635 2810 1716 πιστεύσασιν,ξὸτι
2851 1637 2946 1691 καὶ
2987 1638 3152 1702 αὐτὸς
3200 1639 3285 1711 είη
3316 1641 3345 1694 6
3386 1642 3642 1714 Χριστὸς,
3679 1646 3770 1700 τό·

2189 1745 2209 1779 ι
2250 1727 2480 1801 Ἀπάρτι
2529 1727 2674 1796 λέγω
2715 1729 2845 1800 ὑμῖν
2890 1731 2996 1803 πρὸ
3031 1730 3126 1785 τοῦ
3166 1733 3440 1800 γενέσθαι,
3481 1754 3500 1786 ι
3539 1737 3632 1789 καὶ
3685 1737 3775 1792 διὰ

2186 1818 2346 1873 τοῦτο
2372 1819 2539 1888 λέγω,
2588 1821 2696 1886 ἵνα,
2746 1823 2873 1876 ὅταν
2915 1841 2935 1874 ι
2982 1823 3231 1896 γένηται,
3287 1827 3644 1900 πιστεύσητε,
3690 1831 3772 1886 ὅτι

2187 1911 2300 1981 ἐγώ
2325 1914 2442 1984 ειμι
2476 1931 2495 1964 ι
2531 1914 2561 1966 6
2594 1914 2996 1986 προφητευθεὶς
3022 1916 3278 1988 Χριστός.
3311 1919 3423 1972 Καὶ
3456 1921 3560 1990 ὅρα
3588 1922 3636 1974 εί
3681 1920 3772 1975 δυ-

2186 2003 2399 2076 νάμεθα
2425 2005 2862 2076 κατηγοροῦντες
2888 2007 2998 2061 τῶν
3029 2008 3365 2080 τηλικούτων
3393 2010 3568 2081 Ἰησοῦ
3603 2012 3775 2083 μαθη-

2183 2097 2316 2161 τῶν,
2349 2097 2425 2162 ὡς
2453 2098 2665 2152 οὐδέπω
2699 2100 3163 2164 πεπιστευκότων,
3193 2103 3288 2155 καὶ
3309 2101 3372 2154 τὸ
3402 2102 3648 2174 βούλημα
3673 2103 3774 2157 σώ-

2185 2188 2299 2253 ζειν
2341 2188 2434 2242 τοῦ
2490 2190 2737 2254 εἰπόντος
2760 2207 2774 2221 ·
2815 2194 2961 2248 ιἿνα
2987 2194 3331 2264 πιστεύσητε,
3364 2195 3494 2248 ὅταν
3523 2196 3769 2267 γένηται,

2183 2281 2266 2336 ὅτι
2318 2281 2430 2351 ἐγώ
2466 2285 2602 2354 εἰμι.
2646 2303 2665 2335 ι
2699 2283 3153 2356 Παραλαμὸἀνων
3203 2286 3397 2354 σοφίας
3445 2285 3773 2358 θεωρήματα

2184 2374 2301 2428 ἔσθ’
2336 2376 2425 2429 ὅτε
2450 2375 2546 2430 καὶ
2574 2377 2864 2448 προτέροις
2880 2378 2980 2450 ἤδη
3013 2378 3126 2449 (45)
3158 2378 3321 2448 σοφός
3353 2381 3503 2434 ἐστιν
3530 2380 3772 2451 ἀναλαμ-

2183 2465 2338 2518 ϐάνει
2363 2465 2614 2538 δεύτερα,
2665 2465 2751 2534 ἐφ’
2781 2461 2867 2530 οἷς
2899 2468 2961 2520 οὐ
3013 2467 3280 2540 πρότερον
3318 2464 3387 2540 ἦν
3435 2469 3617 2538 σοφὸς,
3678 2469 3772 2523 καὶ

2184 2557 2492 2630 σοφώτερος
2536 2559 2690 2613 ἔσται
2711 2576 2724 2588 ·
2767 2558 2952 2624 καθὼς
2989 2559 3209 2629 λέγεται
3243 2561 3338 2614 καὶ
3395 2562 3489 2615 τόο
3533 2579 3552 2612 ι
3591 2559 3769 2614 Τῶνδε

2182 2651 2292 2723 γὰρ
2314 2649 2552 2714 ἀκούσας
2582 2650 2767 2720 σοφὸς,
2821 2648 3129 2722 σοφώτερος
3176 2651 3347 2705 ἔσται.
3384 2669 3404 2704 ι
3433 2652 3645 2724 ’Ὥσπερ
3675 2647 3770 2705 οὖν

2186 2746 2234 2797 εί
2273 2743 2491 2812 ἐλέγετο
2518 2742 2596 2814 τῷ
2629 2743 2777 2814 σοφῷ
2829 2743 2957 2798 τάδε
2989 2743 3132 2807 τινὰ,
3187 2745 3282 2798 καὶ
3330 2744 3629 2816 ἐπεφέρετο
3650 2759 3666 2775 ο
3698 2773 3770 2787 —-

2181 2833 2368 2888 Ταῦτά
2386 2851 2446 2888 σε
2467 2837 2611 2888 ποιεί
2627 2835 2810 2905 σοφὸν,
2826 2867 2896 2879 -
2911 2835 2972 2888 οὐ
2993 2835 3210 2899 πάντως
3229 2835 3296 2890 ἂν
3317 2836 3387 2889 ἐκ
3400 2836 3493 2890 τοῦ
3509 2835 3588 2908 μὴ
3605 2833 3771 2905 σοφοῦ

2183 2925 2345 2993 σοφὸν
2379 2925 2704 2995 ἐνοήσαμεν,
2734 2924 2872 2978 ἀλλὰ
2903 2925 2999 2978 καὶ
3028 2926 3095 2978 ἐκ
3125 2924 3292 2995 σοφοῦ
3321 2925 3652 2996 σοφώτερον,
3691 2926 3768 2990 ὡς

2181 3014 2572 3086 ἐπιγινομένης
2613 3017 2712 3086 τῆς
2737 3015 3044 3088 προκοπῆς,
3081 3015 3176 3069 καὶ
3211 3016 3504 3087 ὁδευούσης
3539 3017 3632 3070 ἐπὶ
3669 3016 3770 3088 τὴ)

2181 3107 2493 3179 τελειότητα
2517 3126 2531 3139 ·
2569 3107 2712 3162 οὕτω
2741 3126 2832 3180 μοι
2855 3110 2964 3163 νόει
2985 3110 3081 3162 καὶ
3110 3109 3201 3163 τὸν
3246 3109 3574 3164 πιστεύοντα
3604 3109 3770 3168 δύνασ

2133 3185 2148 3208 ⁸
2185 3200 2306 3254 σθαι
2324 3200 2640 3272 πιστότερον
2660 3198 2933 3270 γενέσθαιο
2958 3203 3052 3269 καιῐ
3074 3201 3184 3274 γὰρ
3201 3204 3251 3255 οἱ
3268 3202 3576 3268 ἀπόστολοι,
3599 3222 3770 3278 προσ-

2181 3292 2427 3357 ελθόντες
2473 3293 2605 3346 ποτὲ
2647 3292 2728 3363 τῷ
2774 3293 2983 3366 Κυρίῳ,
3016 3295 3115 3366 οὐχ
3157 3294 3362 3348 ἑαυτῶν
3404 3297 3772 3368 κατηγοροῦν⁴

2137 3386 2143 3398 ’
2180 3403 2273 3449 τες
2294 3385 2371 3449 ὡς
2397 3386 2664 3450 ἀπίστων,
2693 3386 2880 3456 ἔλεγον
2904 3387 3054 3458 αὐτῷ
3095 3388 3219 3441 τόθι
3283 3387 3478 3461 Κύριε,
3529 3389 3770 3463 πρόσθες

2181 3480 2312 3550 ⁴ημῖν
2334 3478 2516 3532 πίστιν
2533 3496 2547 3509 ο
2581 3499 2600 3532 ι
2631 3481 2726 3532 καὶ
2754 3479 2865 3552 γὰρ
2893 3481 2952 3532 ἐν
2977 3480 3077 3552 τῷ.
3095 3481 3377 3548 πρόσθες,
3407 3482 3595 3552 σαφῶς
3631 3501 3771 3556 παρ-

2185 3569 2415 3634 ίσταται,
2448 3569 2532 3622 ὅτι
2560 3568 2742 3622 πίστιν
2786 3567 2930 3640 εῐχον
2965 3569 3249 3641 χωροῦσαν
3296 3571 3633 3644 προσθήκην.
3677 3575 3768 3628 Εἴ·

2183 3680 2288 3732 περ
2315 3658 2410 3716 οὖν
2438 3663 2751 3734 συνήκαμεν
2793 3662 2987 3729 ταῦτα,
3019 3663 3129 3716 νόει
3163 3681 3254 3734 μοι
3305 3663 3404 3728 τὰς
3449 3664 3766 3736 προσθήκας

2179 3754 2288 3809 τῶν
2316 3754 2796 3822 πιστοποιούντων,
2829 3755 2969 3826 μετά
2999 3771 3120 3808 τινα
3153 3756 3418 3828 πρότερον
3445 3760 3767 3828 πιστοποιή-

2183 3861 2366 3910 σοντα,
2395 3845 2744 3918 προστιθέναι
2773 3848 2841 3919 τῇ
2878 3847 3092 3901 ’πίστει⁸
3117 3845 3259 3899 ῶστε
3302 3847 3398 3901 καὶ
3432 3849 3558 3913 τοὺς
3589 3848 3765 3919 μαθη-

2179 3937 2278 4000 τὰς
2300 3936 2436 4008 πρὸς
2459 3932 2540 4001 οἷς
2564 3932 2710 4008 εἶχον
2740 3939 3224 4009 πιστοποιητικοϊς,
3250 3938 3346 3992 καὶ
3365 3936 3523 3990 τοῦτο
3542 3953 3762 4008 προσει-

2181 4026 2409 4098 ληφέναι
2435 4027 2496 4080 τὸ
2531 4027 2750 4097 βλέπειν
2773 4027 3155 4100 πληρουμένην
3185 4026 3283 4098 τὴν
3317 4027 3581 4094 λέγουσαν
3625 4025 3764 4095 Γρα-

2181 4120 2321 4190 φήν·
2361 4137 2380 4170 ι
2427 4119 2484 4173 '0
2514 4118 2744 4190 τρώγων
2792 4137 2895 4191 μου
2927 4119 3020 4172 τὸν
3063 4119 3226 4190 ἄρτον
3267 4117 3471 4188 ἐπῆρεν
3522 4116 3610 4168 ἐπ’
3660 4114 3763 4184 ἐμὲ

2179 4212 2278 4284 τὴν
2303 4211 2546 4284 πτέρναν
2597 4211 2785 4278 αὑτοῦ,
2823 4232 2842 4264 ι
2883 4211 3249 4283 παριστάντος
3291 4209 3386 4263 τοῦ
3424 4221 3762 4280 προφητευσ-

2185 4305 2367 4377 μένου,
2396 4307 2478 4360 ὅτι
2507 4305 2670 4369 αὐτὸς
2695 4301 2764 4376 ἦν
2811 4304 2940 4377 περὶ
2979 4297 3040 4358 οὗ
3080 4301 3253 4356 ταῦτα
3281 4300 3595 4364 ἐθεσπίζετο
3624 4297 3756 4366 (44)·

2183 4399 2278 4454 καὶ
2300 4398 2465 4453 ἄκουε
2486 4397 2602 4464 τοῦ,
2629 4399 2780 4450 «Ἵνα
2807 4394 3154 4466 πιστεύσητε,
3171 4393 3279 4457 »ὡς
3312 4392 3426 4446 ῐσον
3456 4389 3758 4460 δυναμένου

498 4512 564 4552 eo
606 4497 698 4567 qui
738 4497 1166 4568 prophetabatur
1205 4509 1265 4548 se
1312 4508 1456 4558 esse,
1489 4491 1557 4547 de
1581 4506 1688 4560 quo
1720 4491 1848 4544 talia
1879 4489 2075 4559 praedi-

2181 4491 2278 4563 τῷ,
2313 4492 2429 4545 Ἵνα
2455 4489 2714 4561 ἐνεργῆτε
2745 4487 2881 4560 (45),
2909 4486 3318 4559 παραμένοντες
3351 4483 3429 4555 τῷ
3461 4481 3757 4544 πιστεύειν,

497 4600 583 4646 cta
627 4592 842 4644 fuerant
875 4604 890 4642 :
919 4588 1148 4657 videque
1180 4596 1245 4641 ut
1281 4585 1552 4655 intelligas
1591 4584 1692 4638 hoc
1732 4581 2081 4648 vocabulum,

505 4705 524 4737 ι
561 4685 627 4740 Ut
653 4682 888 4739 credatis
903 4683 971 4746 ⁸⁷,
993 4700 1011 4734 ι
1047 4681 1272 4752 perinde
1295 4695 1360 4735 ac
1385 4679 1476 4744 sit,
1501 4679 1570 4734 Ut
1598 4676 1927 4748 operemini,
1958 4692 2084 4746 per-

500 4786 786 4832 manentes
825 4776 878 4830 in
930 4774 1278 4836 credulitate,
1321 4769 1526 4826 nullam
1555 4785 1778 4824 causam
1813 4768 2079 4823 habentes

499 4885 604 4939 qua
637 4868 946 4923 mutemini.
996 4866 1075 4922 Ac
1115 4873 1268 4920 certe
1316 4862 1421 4917 nisi
1466 4860 1847 4930 magnitudine
1879 4874 2072 4929 magna

500 4960 634 5014 fides
671 4965 840 5021 esset,
879 4964 972 5010 aut
1020 4953 1366 5009 multitudine
1412 4951 1602 5018 multa,
1648 4949 2070 5018 haudquaquam

499 5049 728 5105 dixisset
775 5044 1085 5103 Paulus":
1128 5042 1396 5099 «Etiamsi
1448 5040 1690 5095 habuero
1745 5053 1962 5092 omnem
2014 5038 2077 5092 ll-

499 5143 643 5196 dem.
675 5159 693 5192 ι
734 5136 808 5196 Ut
831 5139 974 5194 enim
1025 5135 1322 5207 perfectus,
1352 5141 1408 5214 et
1431 5146 1621 5187 omnes
1664 5129 1874 5185 habens
1903 5127 2079 5181 virtu-

475 5245 604 5298 -tes.
639 5249 762 5290 cum
807 5229 1123 5302 singulatim
1177 5237 1621 5294 unamquamque
1659 5224 1920 5274 virtutem
1953 5233 2078 5289 per-

502 5330 698 5384 fectam
735 5325 1062 5398 perceperit,
1104 5320 1398 5393 perfectam
1445 5317 1609 5372 habet
1638 5314 1987 5385 sapientiam,
2020 5320 2077 5366 et

605 5443 650 5474 '"
677 5440 836 5496 Joan.
868 5455 991 5501 xm,
1021 5435 1108 5492 18.
1191 5433 1237 5464 ⁸³
1259 5430 1418 5488 Joan.
1451 5445 1571 5494 xm,
1610 5429 1698 5484 l9.
1769 5425 1815 5458 “
1847 5423 2006 5480 Prov.
2033 5441 2073 5494 I,
2103 5426 2156 5481 5.
2236 5429 2280 5463 ⁸⁸
2311 5431 2441 5486 Luc.
2479 5447 2614 5497 xm,
2645 5430 2698 5484 5.

501 5511 547 5544 ⁸⁸
578 5511 742 5566 lCor.
775 5527 894 5576 xm,
931 5510 986 5563 ‘2.

574 5604 684 5670 (45)
710 5602 875 5670 Ἤδη.
903 5601 1048 5668 Lego
1075 5595 1155 5663 οἷς
1181 5598 1317 5670 ἣδηη
1337 5663 1355 5670 Δ
1480 5659 1526 5670 ,Β
1725 5659 1760 5670 Α
1843 5657 1855 5670 ,

904 5649 1617 5736 llo‘illeia‘tni's,ré0£entiam
1643 5678 1659 5724 ;
1722 5657 1948 5727 Regius,
1980 5673 2071 5710 τε-

540 5759 780 5795 εσπιστν..
1957 5794 1962 5795 ,

540 5759 1131 5882 ὅῖῗὲῖτέύὶιὶοιιυειὶἰ,
1162 5807 1258 5876 τῷ,
1295 5807 1411 5861 Ἵνα
1425 5802 1770 5876 πιστεύσητε,
1792 5794 2069 5866 ὲνεργῆτε.

2186 4584 2280 4638 καὶ
2308 4584 2578 4656 μηδεμίαν
2612 4581 2867 4654 ἀφορμὴν
2908 4581 3046 4652 πρὸς
3073 4579 3133 4632 τὸ
3159 4576 3540 4650 μετατίθεσθαι
3583 4573 3758 4644 ίσχονὲ

2181 4695 2293 4741 τες.
2321 4677 2432 4730 Καὶ
2459 4677 2513 4731 εῐ
2537 4693 2619 4729 τοι
2654 4675 2730 4746 μὴ
2773 4672 2993 4744 μεγέθει
3045 4671 3258 4742 μεγάλη
3293 4671 3327 4740 ὴ
3370 4668 3552 4730 πίστις
3583 4661 3672 4736 ἦν,
3723 4661 3757 4734 ἢ

2179 4766 2373 4840 πλήθει
2413 4766 2602 4839 πολλὴ,
2638 4768 2738 4820 οὒκ
2792 4765 2858 4819 ἂν
2907 4765 3090 4833 ἔλεγεν
3131 4766 3160 4817 6
3201 4762 3414 4822 Παῦλος
3456 4759 3547 4812 τό·
3589 4775 3608 4808 ι
3641 4754 3760 4808 Κᾶν

2176 4860 2284 4931 ἔχω
2307 4862 2486 4914 πᾶσαν
2514 4865 2613 4930 τὴν
2641 4859 2854 4912 πίστιν·
2889 4875 2908 4909 ι
2950 4855 3138 4926 ῶσπερ
3182 4855 3291 4925 γὰρ
3316 4855 3345 4905 6
3387 4850 3613 4910 τέλειος,
3663 4843 3760 4898 καὶ⁵

2179 4953 2361 5017 πάσας
2393 4951 2534 5023 έχων
2561 4950 2660 5014 τὰς
2685 4948 2906 5021 ἀρετὰς,
2946 4945 3158 5000 τελείαν
3191 4944 3430 5012 ἐκάστην
3449 4934 3754 4998 ἀναλαϐὼν,

2178 5041 2387 5097 τελείαν
2433 5040 2546 5112 ἔχει
2579 5040 2677 5112 τὴν
2707 5040 2918 5110 σοφίαν,
2959 5039 3055 5091 καὶ
3083 5035 3289 5090 τελείαν
3333 5033 3430 5103 τὴν
3475 5025 3758 5099 σωφροσύ-

2177 5150 2294 5204 νην,
2327 5133 2468 5186 οὕτω
2499 5134 2556 5186 δὲ
2590 5133 2684 5187 καὶ
2706 5133 2804 5204 τὴν
2833 5130 3136 5194 εὐσέϐειαν,
3166 5129 3260 5182 καὶ
3282 5125 3380 5188 τὰς
3406 5121 3600 5184 λοιπάς
3619 5136 3632 5150 ·
3660 5117 3756 5172 οῦ-

2179 5241 2288 5288 τως
2310 5225 2375 5279 ἄν
2410 5241 2494 5288 τις
2522 5219 2641 5277 εἷπε
2670 5225 2736 5294 τῇ
2761 5222 2856 5277 τοῦ
2901 5221 3178 5275 πιστεύειν
3208 5219 3376 5290 ἀρετῇ
3407 5213 3630 5275 τελείως
3678 5209 3757 5280 τῷ

2185 5319 2364 5371 πᾶσαν
2393 5315 2505 5388 (ιθ)
2539 5316 2681 5388 ἔχειν
2705 5317 2810 5386 τὴν
2835 5315 3038 5369 πίστιν.
3069 5312 3256 5366 Ταῦτα
3289 5309 3346 5363 δέ
3381 5324 3523 5378 φημι
3569 5304 3647 5368 ὡς
3694 5301 3756 5354 οὐ

2799 5427 2846 5460 ⁵⁸
2877 5426 3036 5482 Joan.
3068 5439 3188 5488 xm,
3218 5421 3306 5476 18.
3395 5417 3454 5489 f"
3481 5415 3612 5471 ibid.
3670 5411 3758 5466 l9.

2255 5588 2366 5658 (46)
2397 5583 2748 5658 Teleman
2773 5581 2998 5648 πᾶσαν,
3029 5587 3132 5658 etc.
3164 5571 3472 5658 Legendum
3504 5568 3758 5658 fortitfse,

2183 5641 2424 5716 τεὶἐίᾶἶ
2444 5641 2545 5712 καὶ
2582 5641 2784 5723 πᾶσαν,
2813 5665 2947 5720 etc.,
2985 5641 3108 5715 vvel,
3152 5641 3505 5702 τελειωθέντα
3553 5641 3756 5698 πᾶσαν,

2183 5742 2290 5787 etc.

3861 6255 4164 6388 Δ.
