4182 6414
494 334 591 391 ’781

1523 329 1879 389 ΙΖΟΜΜΕΝΤ.
1920 328 1988 383 IN
2027 324 2217 383 JOAN.
2260 320 2499 380 TOMUS
2540 321 2756 382 XXXII.

3653 329 3756 386 782

490 453 693 525 κυρίως
714 452 778 507 ἂν
811 452 1220 525 λεχθησομένης
1269 455 1366 525 τῆς
1403 452 1626 516 ἀτελοῦς
1663 451 1932 522 σοφίας,ἢ
1966 467 2060 504 σω-

2172 445 2465 515 perl'ectam
2500 446 2845 512 modestiam,
2881 454 3040 516 atque
3079 448 3243 503 etiam
3275 447 3354 504 sic
3381 450 3666 518 pietatem,
3706 458 3757 503 et

491 544 786 616 φροσύνης,
816 545 849 616 ἢ
878 546 1179 611 εὐσεϐείας.
1210 547 1242 618 ἢ
1274 546 1382 599 τῶν
1424 545 1624 599 λοιπῶν
1666 545 1898 613 ἀρετῶν,
1932 531 2070 599 ἀλλὰ

489 643 966 715 καταχρηστικῶς,
1013 644 1240 697 καὶτῶν
1279 646 1336 696 ἐν
1366 643 1572 714 ἑκάστῃ
1615 644 1782 713 ἁρετῇ
1836 658 2069 712 προσκο-

490 733 609 787 πῶν
650 732 957 803 ὁμωνύμως
982 736 1048 803 τῇ
1077 733 1261 804 τελείᾳ
1287 730 1710 803 ὀνομαζομένων
1728 748 1740 760 ο
1770 729 1914 782 οὕτω
1960 729 2069 800 γὰρ

492 826 654 896 σοφὸς
694 824 912 894 λέγεται
964 829 994 880 6
1040 826 1370 898 ἁμαρτάνων
1423 825 1520 894 μέν
1557 841 1678 877 τινα
1724 822 1799 886 ὡς
1846 821 2068 891 ἐλέγχου

489 916 715 980 δεῖσθαι,
739 915 800 968 ού
837 916 944 986 μὴν
968 917 1062 969 καὶ
1090 916 1263 986 μισῶν
1286 916 1412 978 τοὺς
1436 915 1780 984 ἐλέγχοντας,
1811 912 1947 965 ἀλλὰ
1976 914 2070 966 καὶ

495 1008 693 1079 μᾶλλον
714 1006 965 1076 ἀγαπῶν,
998 1007 1134 1060 καθὸ
1166 1006 1507 1078 γέγραπται·
1552 1025 1571 1056 ι
1610 1004 1836 1075 Ἔλεγχε
1885 1004 2067 1073 σοφὸν,

492 1103 584 1156 καὶ
612 1102 889 1172 ἀγαπήσει
926 1118 985 1153 σε
1003 1117 1020 1130 ·
1054 1120 1073 1153 ι
1106 1097 1249 1154 οὓτω
1277 1099 1335 1153 δέ
1364 1100 1459 1152 καὶ
1483 1097 1643 1167 σοφὸς
1680 1097 1918 1167 λέγεται,
1947 1099 2067 1149 ἐπι-

487 1191 734 1255 δεκτικὸς
759 1191 834 1244 ὣν
855 1192 1056 1262 ἐτέρων
1076 1189 1448 1260 θεωρημάτων
1476 1190 1687 1256 σοφίας,
1718 1188 1812 1242 καὶ
1845 1182 2068 1258 μηδέπω

488 1282 627 1352 ἔχων
652 1283 720 1336 τὰ
757 1283 1005 1354 δεύτερα,
1032 1283 1165 1336 καθὸ
1197 1282 1414 1349 λέγεται
1443 1283 1535 1336 καὶ
1577 1280 1639 1333 τό
1664 1298 1677 1310 ·
1718 1299 1737 1331 ι
1780 1280 1933 1332 Δίδου
1976 1295 2065 1331 σο-

489 1375 575 1446 φῷ
601 1376 876 1447 ἀφορμὴν,
914 1375 1007 1429 καὶ
1038 1373 1343 1445 σοφώτερος
1380 1372 1553 1426 ἔσται.
1598 1392 1616 1424 ι
1651 1370 1809 1425 Ἀλλὰ
1835 1370 1941 1442 γὰρ
1971 1369 2065 1424 ἐπὶ

486 1467 659 1520 ταῦτα
716 1465 1078 1537 ἐληλύθαμεν,
1127 1464 1453 1528 δεικνύντες,
1507 1465 1591 1516 ὅτι
1646 1463 1916 1533 ἐνδέχεται
1973 1461 2064 1514 τὸν

486 1555 589 1629 ἥδη
617 1555 939 1611 πιστεύοντα
971 1555 1263 1627 μανθάνειν
1291 1553 1432 1621 τινὰ,
1482 1554 1569 1607 ἴνα
1617 1552 1777 1608 πάλιν
1811 1550 2062 1624 πιστεύῃ,

487 1653 581 1703 καὶ
604 1649 690 1702 διὰ
711 1649 810 1720 τῆς
839 1648 1158 1721 προσθήκης
1189 1647 1297 1701 τῶν
1343 1646 1683 1718 μαθημάτων
1715 1644 2063 1717 προστιθέναι

485 1744 551 1811 τῇ
587 1742 787 1795 πίστει.
837 1741 901 1793 El
940 1740 999 1794 δὲ
1036 1739 1337 1811 βουλόμεθα
1367 1740 1566 1792 εἰδέναι
1597 1739 1681 1801 τίς
1726 1739 1875 1790 ἐστιν
1898 1739 1930 1790 ὁ
1960 1738 2065 1789 πᾶ-

488 1806 586 1885 σαν
617 1831 757 1901 ἔχων
780 1830 877 1903 τὴν
908 1806 1115 1887 πίστιν,
1159 1806 1434 1902 λάϐωμεν,
1465 1830 1559 1882 ἐπὶ
1596 1828 2058 1900 παραδείγματος,
2094 1806 2136 1860 Β

485 1919 871 1990 κεφαλαιωδῶς
896 1918 967 1973 τὰ
997 1923 1056 1973 ἐν
1082 1920 1160 1992 τῷ
1188 1919 1542 1974 πιστεύεσθαι
1575 1917 1816 1983 σώζοντα
1854 1919 1947 1970 τὸν
1974 1934 2063 1970 πι-

484 2012 763 2079 στεύοντα,
792 2012 926 2085 φέρε
954 2015 1150 2077 εἰπεῖν,
1186 2013 1314 2066 ὄντα
1353 2012 1443 2065 τὸν
1469 2010 1700 2082 ἀριθμὸν
1724 2010 1936 2071 ἑκατὸν,
1972 2009 2063 2061 καὶ

482 2104 749 2174 λέγωμεν,
788 2105 873 2157 ὅτι
897 2107 926 2158 6
956 2106 1053 2175 μὲν
1078 2105 1148 2157 τὰ
1181 2103 1556 2176 προειρημένα
1603 2101 1795 2156 ἑκατὸν
1846 2100 2065 2156 ἀδιστά-

483 2198 627 2258 κτως
659 2194 1114 2267 παραδεχόμενος,
1136 2196 1232 2249 καὶ
1269 2194 1484 2266 ἑκάστῳ
1506 2194 1686 2248 αὐτῶν
1719 2192 1949 2265 βεϐαίως
1973 2208 2065 2246 πι-

484 2287 712 2351 στεύων,
747 2287 926 2341 πᾶσαν
960 2286 1073 2358 ἔχει
1101 2287 1198 2359 τὴν
1232 2288 1446 2340 πίστιν·
1484 2289 1514 2340 6
1554 2286 1611 2339 δέ
1643 2271 1846 2339 λείπων
1873 2284 1930 2337 ἐν
1958 2301 2063 2338 τινι

482 2378 701 2451 ἀριθμῷ
730 2380 840 2434 τῶν
862 2382 919 2433 ἐν
944 2380 1022 2450 τῷ
1042 2379 1388 2434 πιστεύεσθαι
1422 2379 1724 2443 σωζόντων,
1756 2378 1791 2449 ἢ
1828 2381 1894 2450 τῇ
1924 2379 2064 2449 πρὸς

481 2468 551 2521 τὰ
580 2468 946 2540 πιστευόμενα
977 2468 1304 2540 βεϐαιότητι,
1327 2467 1579 2522 τοσοῦτον
1620 2468 1793 2521 λείπει
1829 2466 1924 2520 τοῦ
1958 2467 2064 2519 πᾶα-

482 2574 583 2612 σαν
602 2558 747 2629 ἔχειν
773 2559 872 2630 τὴν
896 2557 1099 2625 πίστιν,
1129 2561 1275 2623 ὅσοις
1302 2559 1559 2631 ἀριθμοῖς
1588 2557 1861 2612 πιστεύων
1899 2556 2059 2620 ἐνδεῖ,

478 2652 513 2723 ἢ
537 2653 661 2705 ὅσον
693 2653 966 2724 ἀφέστηκε
982 2654 1080 2722 τῆς
1107 2654 1236 2724 περὶ
1261 2652 1368 2707 τῶν
1394 2652 1754 2706 πιστευόντων
1780 2650 2063 2722 βεϐαιότη-

477 2762 590 2811 τος,
622 2746 734 2800 εἴτε
762 2746 1001 2812 πάντων,
1051 2746 1163 2801 εἴτε
1192 2746 1386 2801 τινῶψ
1429 2747 1497 2800 ἵν’
1530 2748 1625 2800 ἐπὶ
1655 2745 1750 2798 τοῦ
1794 2745 2061 2817 παρόντος

478 2839 605 2910 δοθῇ
628 2856 739 2892 τισι
767 2838 866 2909 μὲν
891 2838 1148 2893 δύνασθαι
1193 2838 1426 2909 βεϐαίως
1456 2836 1736 2891 πιστεύειν
1761 2836 1884 2891 τινά
1907 2853 1921 2867 ⁸
1949 2836 2061 2890 τισὶ

476 2932 537 2985 δὲ
568 2931 844 2987 πιστεύειν
876 2932 994 3002 μὲν,
1024 2932 1084 2984 οὐ
1130 2930 1364 3002 βεϐαίως
1406 2927 1491 2982 δέ⁵
1525 2929 1664 3000 πλὴν
1691 2927 2060 2999 ὁμολογουμέ-

481 3039 586 3085 νως
611 3021 788 3093 δοθείη
815 3022 1092 3093 ἀμήχανον
1121 3020 1539 3075 ἀποδείκνυσθαι
1568 3019 1659 3072 τὸν
1694 3021 1752 3072 ἐν
1777 3020 1857 3074 ἐνὶ
1894 3018 2058 3088 ἀτελῆ

2174 551 2400 591 caeteras
2443 537 2705 603 virtutes;
2744 540 2824 593 sic
2875 540 3076 610 aliquis
3126 541 3336 597 diceret
3360 542 3667 612 perfectum
3702 544 3753 595 in

2172 630 2381 684 virtute
2428 632 2710 697 credendi,
2739 648 2861 687 eum
2910 649 3127 688 onmem
3179 636 3385 690 habere
3413 636 3596 690 ﬁdem.
3631 634 3756 690 Haec

2171 720 2339 792 428
2381 732 2562 775 autem
2604 723 2747 786 dico,
2799 733 3060 794 tanquam
3115 729 3409 796 sapientia,
3460 731 3751 791 modestia,

2174 816 2367 882 pietas,
2396 823 2714 882 czeterwque
2740 814 2972 871 virtutes
3006 818 3338 887 imperfecta:
3384 836 3491 875 non
3541 821 3750 892 possint

2172 923 2200 959 a
2231 907 2388 961 nobis
2432 908 2653 976 proprie
2680 910 2974 975 nominari,
3004 914 3097 967 sed
3128 914 3386 981 abusive;
3422 931 3545 971 cum
3582 919 3752 973 etiam

2171 997 2447 1068 perfectus
2472 999 2566 1068 qui
2602 998 2835 1055 efﬁcitur
2864 1002 2916 1055 in
2961 1019 3290 1074 unaquaque
3318 1008 3540 1071 virtute,
3573 1026 3740 1064 nomi-

2172 1098 2332 1144 netur
2359 1090 2637 1157 acquivoce
2684 1107 2806 1145 cum
2855 1107 2922 1147 eo
2966 1096 3057 1163 qui
3112 1108 3197 1151 est
3240 1099 3440 1153 virtute
3482 1099 3747 1168 perfecta.

2171 1173 2306 1230 Nam
2338 1178 2482 1234 hunc
2516 1180 2570 1232 in
2606 1182 2824 1234 modum
2866 1185 3082 1252 sapiens
3114 1186 3333 1248 dicitur,
3397 1191 3487 1256 qui
3532 1191 3583 1243 in
3621 1191 3747 1259 quia

2172 1268 2400 1323 busdam
2451 1271 2671 1338 quidem
2732 1273 2988 1339 offendit,
3029 1285 3090 1330 ut
3133 1276 3509 1349 objurgatione
3555 1292 3743 1350 egeat,

2172 1360 2315 1414 haud
2358 1368 2539 1415 tamen
2592 1365 2708 1418 odit
2763 1365 3153 1436 objurgantes,
3197 1371 3307 1424 imo
3362 1385 3489 1426 vero
3550 1373 3746 1443 diligit,

2165 1451 2318 1520 juxta
2375 1456 2519 1522 quod
2587 1458 2851 1524 scriptum
2905 1472 2991 1513 est
3012 1460 3056 1492 ³³
3090 1476 3105 1513 :
3139 1463 3365 1533 «Argue
3414 1467 3744 1529 sapientem.

2168 1554 2225 1598 et
2255 1543 2445 1614 diliget
2477 1554 2564 1611 te;
2596 1566 2614 1599 ι
2652 1549 2797 1603 hunc
2825 1550 2988 1604 etiam
3041 1554 3093 1605 in
3148 1556 3367 1609 modum
3399 1559 3618 1626 sapiens
3657 1560 3745 1613 di-

2168 1636 2311 1691 citur
2342 1637 2453 1704 ille,
2505 1639 2596 1707 qui
2645 1654 2813 1709 capax
2865 1658 2988 1697 cum
3035 1644 3108 1699 sit
3145 1645 3374 1700 aliorum
3415 1652 3744 1717 speculatioe

2172 1743 2298 1782 num
2348 1731 2647 1798 sapientize,
2693 1733 2928 1786 nondum
2964 1750 3084 1803 quae
3128 1747 3336 1792 restant
3371 1739 3554 1805 habet,
3589 1743 3741 1810 juxta

2164 1821 2307 1888 quod
2348 1822 2554 1877 dicitur
2586 1824 2714 1878 illud
2744 1826 2907 1879 etiam
2932 1827 2978 1858 ⁶⁰
3011 1845 3023 1880 :
3059 1845 3078 1877 ι
3105 1830 3178 1882 Da
3221 1833 3457 1900 sapienti
3496 1838 3744 1890 occasio-

2169 1928 2317 1977 nem,
2348 1924 2405 1967 ει
2452 1915 2751 1985 sapientior
2778 1918 2905 1973 erit.
2936 1938 2963 1971 φ
2986 1920 3055 1974 At
3084 1924 3226 1976 enim
3260 1924 3365 1978 huc
3404 1926 3742 1994 devenimus.

2166 2008 2520 2063 ostendentes
2568 2009 2907 2080 contingere,
2947 2023 3007 2067 ut
3048 2015 3139 2080 qui
3183 2012 3295 2081 jam
3331 2018 3524 2081 credit,
3566 2019 3747 2074 discat

2166 2098 2347 2169 aliqua
2402 2115 2619 2154 rursum
2659 2104 3007 2167 crediturus,
3065 2114 3118 2157 et
3168 2121 3265 2175 per
3310 2107 3741 2165 additamentum

2165 2206 2354 2246 eorum
2402 2208 2524 2262 quae
2554 2194 2831 2257 didicerit,
2856 2196 3060 2249 addere
3086 2195 3235 2251 ﬁdei.
3271 2200 3365 2252 Sin
3402 2216 3530 2254 vero
3559 2202 3743 2256 videro

2166 2283 2419 2338 volumus
2459 2286 2709 2351 quisnam
2754 2284 2826 2338 sit
2880 2286 2969 2353 qui
3019 2300 3235 2340 omnem
3297 2288 3497 2345 habeat
3556 2293 3740 2354 ﬁdem,

2166 2388 2466 2439 sumamus,
2500 2375 2733 2444 exempli
2767 2376 2967 2445 gratia,
2998 2378 3240 2433 breviter
3266 2396 3389 2450 quae
3428 2383 3739 2438 credentem

2163 2478 2405 2530 servant,
2457 2469 2585 2522 dum
2635 2470 2932 2523 creduntur
2964 2470 3245 2540 :sintque,
3295 2486 3355 2527 ut
3404 2475 3477 2528 ita
3526 2474 3740 2544 loquar,

2165 2575 2397 2614 numero
2435 2570 2681 2625 Centum,
2715 2571 2770 2616 et
2809 2563 3055 2619 dicamus
3087 2578 3209 2618 eum
3243 2565 3461 2634 quidem
3507 2569 3598 2636 qui
3628 2569 3744 2623 lituo

2164 2658 2406 2716 centum,
2448 2666 2573 2720 quae
2621 2652 2991 2723 prmdiximus,
3042 2656 3161 2710 sine
3232 2657 3339 2711 ulla
3404 2659 3742 2716 haesitatione

2165 2741 2387 2809 accipit,
2430 2743 2660 2809 singulis
2707 2744 2841 2813 ipsis
2891 2756 3207 2802 constanter
3244 2751 3493 2816 credens,
3524 2768 3741 2808 omnem

2165 2830 2368 2884 habere
2416 2831 2615 2896 ﬁdem;
2647 2833 2991 2889 deﬁcientem
3024 2850 3154 2892 vero
3194 2837 3247 2892 in
3278 2839 3468 2908 aliquo
3516 2857 3743 2897 numero

2167 2934 2347 2974 rerum
2386 2936 2574 2976 earum
2628 2939 2749 2992 quae
2799 2936 3040 2991 servant,
3093 2928 3224 2983 dum
3278 2931 3599 2998 creduntur,
3656 2933 3744 2989 vel

2164 3012 2343 3065 minus
2381 3012 2597 3066 ﬁrmum
2627 3016 2977 3072 exsistentem
3008 3035 3136 3089 erga
3179 3036 3240 3074 ea
3269 3037 3389 3091 qua:
3425 3025 3741 3089 creduntur,

483 3114 650 3185 μηδὲν
668 3114 780 3185 (47)
797 3113 940 3185 ἐχειν
963 3112 1286 3186 βεϐαιότητα
1305 3131 1319 3144 ο
1352 3114 1435 3167 ὅτι
1465 3113 1525 3165 οὐ
1547 3110 1609 3165 τδ
1622 3111 1735 3165 ἴσον
1763 3111 2059 3183 ἀπόστημα

2165 3116 2228 3156 eo
2283 3104 2454 3173 magis
2510 3106 2700 3161 abesse
2738 3108 2807 3162 ab
2853 3108 3103 3163 habendo
3147 3126 3360 3165 omnem
3411 3113 3593 3178 ﬁdem,
3629 3130 3740 3184 quo

480 3204 594 3259 ἀπὸ
622 3205 723 3276 τῆς
765 3201 904 3276 πρὸς
951 3205 1020 3259 τὰ
1065 3204 1430 3276 πιστευόμενα
1479 3204 1829 3274 βεϐαιότητος
1866 3202 2060 3273 ἀπέχει

481 3298 710 3361 ἕκαστος
737 3297 870 3362 τῶν,
901 3298 965 3351 ἵν’
991 3297 1164 3362 οὓτως
1212 3298 1464 3368 ὀνομάσω
1499 3299 1641 3350 κατά
1672 3296 1771 3367 τήν
1812 3295 2058 3367 Γραφὴν,

479 3390 859 3460 ὀλιγοπίστων,
895 3390 988 3443 καὶ
1023 3386 1120 3462 τὴν
1168 3388 1304 3461 πρὸς
1331 3389 1398 3443 τὰ
1438 3389 1801 3459 πιστευόμενα
1847 3386 2062 3459 βεϐαιό-

479 3500 621 3556 τητα
647 3483 860 3537 οὐδέπω
890 3479 1281 3554 ἀνειληφότωνί
1307 3480 1528 3545 Τούτοις
1559 3480 1618 3534 δέ
1644 3480 1836 3534 ἕπεται
1865 3479 1952 3534 διὰ
1976 3478 2055 3532 τό·

488 3595 509 3627 ς
542 3574 700 3629 Κατὰ
740 3572 843 3646 τὴν
878 3570 1064 3628 πίστιν
1092 3592 1190 3628 σου
1223 3573 1509 3646 γενηθήτω
1539 3584 1641 3637 σοι,
1676 3592 1695 3624 ι
1726 3572 1819 3626 καὶ
1841 3571 1929 3626 διά
1956 3571 2018 3623 τό
2041 3586 2053 3600 ·

372 3724 395 3751 κ
489 3685 507 3716 ι
552 3666 617 3718 Ἦ
648 3666 830 3729 πίστις
857 3682 951 3719 σου
991 3662 1107 3733 (48)
1138 3664 1349 3719 σέσωκέ
1377 3680 1460 3727 σε,
1494 3683 1513 3714 ι
1567 3662 1783 3734 ἑκάστῳ
1817 3663 2060 3733 ἀπαντῆ-

484 3774 574 3810 σαι
601 3758 740 3810 κατὰ
767 3755 865 3829 τὴν
898 3754 956 3811 ἐν
987 3756 1053 3828 τῇ
1083 3756 1270 3827 δικαίᾳ⁴
1291 3754 1471 3827 κρίσει
1497 3754 1592 3810 τοῦ
1639 3755 1774 3809 Θεοῦ
1801 3753 2056 3826 ἀμοιϐὴν,

479 3852 742 3920 ἀνάλογον
762 3850 938 3922 τοιᾷδε
965 3849 1060 3902 καὶ
1089 3849 1267 3919 τοιᾷδε
1298 3847 1496 3909 πίστει,
1529 3847 1625 3901 καὶ
1653 3844 1896 3918 σωτηρίᾳ
1922 3846 2053 3917 (49)”

480 3944 536 3998 εἴ
563 3944 628 4013 γέ
670 3942 786 3996 ἐστί
809 3958 893 4005 τις
914 3941 1009 3995 καὶ
1052 3941 1110 3993 ἐν
1135 3936 1307 4013 ταύτῃ
1342 3937 1662 4008 σωζομένων
1701 3936 1956 4007 διαφορὰ,
1982 3935 2060 4000 ὡς

479 4038 575 4092 τό·
615 4030 715 4107 ιᾯ
752 4030 934 4106 μέτρῳ
961 4031 1229 4104 μετρεῖτε,
1265 4030 1795 4102 ἀντιμετρηθήσεται
1834 4030 1987 4097 ὑμῖν,
2033 4047 2054 4078 ι

481 4120 703 4200 φθάνειν
732 4129 828 4182 καὶ
861 4126 953 4179 ἐπὶ
994 4124 1063 4177 τὰ
1110 4126 1285 4195 μέτρα
1315 4120 1414 4194 τῆς
1442 4123 1698 4186 πίστεως,
1734 4121 1829 4175 καὶ
1860 4120 1929 4176 τὰ
1961 4119 2060 4189 μέ-

478 4239 584 4294 τρα
608 4222 704 4291 τῆς
734 4216 842 4273 ἀπὺ
871 4217 1008 4272 Θεοῦ
1038 4215 1293 4288 ἀμοιϐῆς,
1321 4217 1416 4269 καὶ
1448 4215 1739 4285 σωτηρίας.
1781 4213 1838 4266 Ὀ
1876 4205 1934 4266 δέ
1968 4211 2058 4265 τὸν

479 4304 682 4367 τούτων
702 4306 1045 4381 κατανοήσας
1070 4308 1230 4376 λόγον
1258 4306 1523 4377 θεωρήσει
1569 4303 1688 4368 πῶς
1718 4302 1951 4372 εὐλόγως
1982 4301 2057 4366 ὡς

483 4399 559 4471 μὴ
587 4398 901 4469 δυναμένοις
928 4396 1135 4469 κρίνειν
1161 4393 1273 4458 τοῖς
1298 4391 1606 4465 ἀνθρώποις
1629 4392 1874 4461 λέγεταιο
1908 4410 1928 4442 ‹
1966 4390 2057 4461 Μὴ

2163 3194 2349 3262 plures
2417 3198 2628 3251 numeri
2689 3199 2797 3254 sibi
2869 3201 3114 3255 credenti
3176 3202 3446 3258 defuerint
3483 3223 3742 3277 :quoque

2163 3287 2337 3356 magis
2381 3288 2618 3343 abfuerit
2663 3305 2693 3344 a
2742 3290 3001 3347 ﬁrmitate
3039 3308 3229 3348 eorum
3267 3311 3386 3365 qua:
3422 3299 3739 3366 creduntur,

2163 3380 2280 3433 sive
2325 3381 2590 3444 omnium,
2635 3383 2751 3437 sive
2800 3383 3108 3453 aliquorum
3165 3394 3249 3455 (ut
3295 3389 3515 3444 interim
3548 3390 3741 3448 demus

2162 3474 2396 3542 aliquem
2438 3474 2711 3543 aliquibus
2760 3485 3076 3532 constanter
3126 3483 3352 3534 credere
3398 3496 3600 3550 posse,
3642 3483 3742 3537 ali-

2162 3565 2362 3632 quibus
2391 3578 2523 3618 vero
2556 3566 2802 3632 credere,
2830 3565 2923 3622 sed
2958 3583 3063 3622 non
3098 3575 3457 3637 constanter),
3494 3583 3739 3629 attamen

2161 3655 2403 3709 omnium
2454 3670 2727 3711 consensu
2784 3659 3002 3713 dederis
3069 3659 3444 3717 difﬁcillimum
3513 3665 3742 3724 demon.

2162 3758 2339 3802 stratu
2384 3763 2523 3813 esse,
2566 3757 2630 3803 ut
2673 3750 2759 3804 cui
2813 3766 2953 3805 unus
3007 3751 3243 3808 defuerit
3295 3772 3576 3823 numerus,
3606 3762 3739 3816 nihil

2165 3840 2367 3895 habeat
2397 3839 2672 3895 ﬁrmitatis
2700 3858 2717 3895 ι
2744 3856 2811 3897 eo
2843 3844 2988 3911 quod
3014 3859 3120 3898 non
3149 3847 3344 3915 aequali
3375 3849 3632 3906 distantia
3656 3854 3737 3906 dio

2164 3941 2270 3987 stet
2300 3948 2330 3985 a
2373 3932 2647 3999 firmitate,
2675 3948 2804 4005 erga
2832 3948 2894 3989 ea
2926 3951 3046 4004 qua:
3085 3940 3402 4003 creduntur,
3438 3944 3737 4014 unusquis-

2164 4037 2270 4092 que
2317 4036 2506 4081 eorum
2534 4022 2625 4091 qui
2653 4037 2800 4090 sunt,
2834 4034 2894 4078 ut
2937 4025 3010 4078 ita
3041 4026 3235 4095 loquar
3263 4027 3417 4097 juxta
3484 4031 3735 4104 Scriptu.

2163 4131 2308 4182 ram,
2343 4114 2537 4186 exigua
2581 4116 2686 4170 ﬁde
2727 4116 2965 4185 przediti,
2999 4127 3053 4172 et
3088 4120 3178 4188 qui
3223 4122 3462 4176 nondum
3512 4139 3738 4196 recepe-

2164 4215 2289 4261 runt
2319 4206 2635 4261 ﬁrmitatem
2667 4222 2795 4276 erga
2844 4222 2909 4262 ea
2960 4225 3082 4277 quae
3121 4212 3442 4267 creduntur.
3477 4214 3574 4271 His
3606 4232 3739 4273 vero

2162 4314 2504 4367 coiisequens
2553 4308 2658 4364 est,
2688 4308 2911 4369 propter
2942 4299 3070 4355 illud
3102 4317 3117 4354 ε
3153 4319 3173 4352 ι
3195 4300 3361 4357 Juxta
3400 4306 3559 4360 ﬁdem
3589 4315 3736 4362 tuam

2164 4391 2259 4444 ﬁat
2296 4390 2389 4444 tibi
2407 4389 2473 4457 ⁶¹,
2506 4408 2524 4441 ι
2572 4401 2629 4444 et
2671 4390 2838 4444 illud:
2875 4410 2892 4442 ι
2921 4390 3083 4446 Fides
3128 4400 3218 4446 tua
3261 4402 3313 4449 te
3361 4397 3680 4467 servavit",
3711 4420 3732 4452 ι

480 4491 715 4563 κρίνετε,
749 4490 836 4544 ἵνα
864 4485 941 4563 μὴ
961 4488 1208 4561 κριθῆτε,
1244 4507 1263 4540 ι
1299 4488 1395 4541 καὶ¹
1424 4483 1516 4540 τό’
1556 4504 1574 4537 ι
1609 4486 1701 4556 Μὴ
1730 4485 1835 4556 πρὸ
1862 4482 2057 4555 καιροῦ

2166 4496 2608 4550 unumquemque
2653 4482 2855 4539 habere
2900 4485 3317 4540 retributionem
3374 4502 3494 4557 quae
3548 4498 3633 4545 est
3679 4492 3736 4546 in

479 4597 532 4632 τι
562 4581 794 4652 κρίνετε,
825 4579 931 4643 ἓως
953 4577 1020 4633 ἂν
1054 4577 1181 4649 ἔλθῃ
1210 4579 1239 4631 6
1270 4575 1497 4648 Κύριος.
1521 4596 1539 4627 ι
1568 4574 1735 4629 Πάλιν
1760 4577 1839 4638 είς
1862 4573 2056 4637 ταῦτα,

480 4670 603 4725 ἐπεὶ
635 4671 839 4741 ἔλεγον,
865 4665 941 4734 ὼς
973 4670 1085 4749 (50)
1115 4670 1209 4723 ἐπὶ
1243 4667 1702 4741 παραδείγματος,
1737 4664 1930 4719 ἑκατὸν
1965 4663 2059 4716 ὃν·

478 4776 586 4813 των
606 4759 715 4814 τῶν
747 4756 1026 4823 σωζόντων
1050 4761 1107 4813 ἐν
1145 4757 1224 4829 τῷ
1265 4755 1636 4823 πιστεύεσθαι,
1670 4755 1760 4808 τὸν
1799 4755 1901 4825 μὲν
1947 4755 2058 4816 τοῖς

480 4851 673 4908 ἑκατὸν
703 4850 932 4923 βεϐαίως
960 4851 1284 4905 πιστεύοντα
1329 4851 1511 4903 πᾶσαν
1532 4848 1679 4919 ἔχειν
1704 4847 1804 4917 τήν
1840 4847 2024 4899 πίστιν
2042 4886 2057 4910 ,

478 4945 570 4998 τὸν
596 4944 652 4997 δὲ
678 4943 932 4996 λείποντα
964 4945 1029 5012 τῇ
1056 4941 1193 5013 πρός
1220 4953 1344 4995 τινα
1376 4940 1485 5006 τῶν
1511 4940 1704 4994 ἐκατὺν
1747 4939 1948 5002 πίστει,
1988 4940 2056 5009 τῇ

480 5033 617 5104 πρὸς
638 5029 709 5085 τὰ
728 5028 1093 5099 πιστευόμενα
1121 5028 1428 5101 βεϐαιότητι
1447 5029 1737 5101 διαφόρως,
1772 5027 1847 5099 μὴ
1878 5028 2058 5081 πᾶσαν

480 5126 626 5194 ἔχειν
656 5121 754 5192 τὴν
777 5121 981 5175 πίστινο
1006 5120 1313 5192 ἐκθήσομεν
1339 5122 1638 5191 σαφηνείας
1668 5121 1857 5175 ’ἐνεκεν
1882 5119 2060 5173 τοιαῦ-

479 5236 566 5272 τα.
597 5215 820 5288 Πρῶτον
849 5212 1070 5267 πάντων
1104 5215 1414 5278 πίστευσον,
1438 5215 1520 5268 ὅτι
1548 5210 1628 5278 εἷς
1659 5216 1807 5267 ἐστιν
1834 5216 1864 5267 6
1899 5212 2053 5278 Θεὸς,

2154 4573 2302 4644 justo
2334 4573 2541 4643 judicio
2578 4573 2695 4639 Dei,
2728 4574 2887 4644 juxta
2929 4579 3335 4644 proportionem
3367 4580 3492 4636 talis
3521 4590 3577 4635 et
3611 4584 3735 4639 talis

2163 4666 2287 4722 ﬁdei
2347 4675 2403 4722 et
2440 4665 2679 4721 salutis:
2713 4668 3149 4738 quandoquidem
3187 4671 3238 4724 in
3271 4673 3371 4726 hac
3415 4683 3499 4728 est
3543 4690 3735 4730 eorum

2159 4758 2252 4829 qui
2303 4767 2592 4812 servantur
2658 4758 2966 4813 differentia
3005 4764 3187 4816 :adeo
3244 4770 3301 4815 ut
3361 4763 3490 4819 illud
3524 4779 3538 4816 :
3573 4784 3592 4817 ι
3619 4766 3737 4833 Qua

2161 4864 2416 4904 mensura
2473 4850 2796 4916 metiemini,
2845 4852 3036 4905 eadem
3109 4868 3361 4907 mensura
3418 4858 3739 4913 remetietur

2165 4941 2321 4996 vobis
2336 4942 2405 5006 “,
2431 4960 2451 4993 ι
2483 4941 2755 5010 pertingat
2797 4943 2962 4996 etiam
2994 4944 3061 4996 ad
3092 4960 3377 5001 mensuras
3402 4945 3550 5016 ﬁdei,
3581 4960 3636 5005 et
3668 4953 3737 5006 ad

2167 5048 2451 5088 mensuras
2495 5033 2890 5096 retributionis,
2928 5043 2983 5089 et
3027 5036 3220 5091 salutis
3259 5052 3385 5107 quae
3418 5048 3502 5094 est
3533 5056 3562 5095 a
3603 5042 3734 5101 Deo.

2165 5117 2318 5173 lianc
2365 5120 2632 5173 rationem
2664 5121 2754 5189 qui
2793 5121 3160 5178 considerarit
3185 5126 3496 5196 diligenter,
3526 5130 3734 5189 videbit

2164 5211 2438 5281 quomodo
2466 5210 2668 5266 merito
2694 5212 2913 5291 dicatur
2940 5214 3275 5282 hominibus,
3304 5220 3459 5288 quasi
3484 5220 3736 5290 judicare

541 5354 588 5385 ⁸⁸
608 5353 768 5409 Prov.
799 5369 877 5422 Ix,
912 5353 967 5412 8.
1045 5353 1090 5386 ⁸⁸
1119 5354 1250 5411 ibid.
1300 5355 1354 5411 9.
1429 5356 1471 5388 “
1500 5355 1693 5412 Matth.
1729 5370 1806 5420 Ix,
1831 5355 1919 5411 29.
2001 5356 2044 5388 ⁶²
2068 5352 2200 5410 ibid.
2257 5352 2364 5419 2%;
2398 5351 2565 5409 Marc.
2594 5369 2649 5420 ς,
2680 5352 2770 5409 52.
2848 5353 2895 5386 ⁸³
2926 5355 3121 5415 Matth.
3152 5360 3332 5428 vim};
3365 5360 3530 5417 Marc.
3552 5365 3731 5430 tv,24.

551 5485 1119 5562 (4:7)_C_odex_Regius
1148 5503 1431 5562 perperam
1476 5492 1658 5556 habet,
1685 5490 2053 5562 ὁμολογοῦμεν

478 5551 574 5633 die:
603 5555 849 5633 δοθεῖσαν
886 5551 1170 5633 ἀμήχανον
1208 5551 1767 5633 ἀποδείκνυνταιπδν
1825 5551 2050 5633 ἐνατὲλη

479 5625 616 5695 πρὸς
660 5625 845 5697 μηδέν,
887 5625 1112 5684 etcf—At
1163 5631 1334 5683 codex
1380 5630 1707 5686 Bodleianus
1765 5625 2050 5687 lectionem

484 5698 650 5766 nostri
689 5706 870 5753 textus
900 5697 1141 5763 exhibet,
1171 5710 1294 5766 quae
1321 5712 1469 5755 certe
1508 5714 1634 5754 vera
1674 5711 1776 5756 est.
1815 5720 1887 5741 —'—
1917 5701 2051 5755 Cer-

482 5768 590 5819 tius
620 5764 803 5822 forsan
831 5769 898 5823 ad
935 5783 1122 5824 verum
1150 5764 1460 5847 accederet,
1491 5772 1549 5849 si
1564 5770 1704 5843 πρός
1726 5781 1852 5849 ante
1881 5770 2048 5849 μηδέν

2162 5493 2383 5564 εκίςεοὰ.
2424 5491 2568 5564 Reg.
2609 5494 3012 5549 restitueretur.
3045 5496 3208 5554 Εωτ.
3242 5497 3483 5555 ΡΑτιιοι.

2231 5562 2343 5644 (ᾖ8ξ
2377 5562 2530 5617 Σουζ
2549 5563 2710 5618 Deest
2737 5565 2789 5617 in
2842 5566 3028 5618 codice
3065 5567 3254 5636 Regio,
3294 5572 3388 5624 scd
3422 5573 3618 5641 legitur
3674 5577 3728 5634 in

2158 5631 2472 5688 Bodleiano.
3150 5631 3174 5636 ⁷
3473 5631 3501 5641 ”

2228 5702 2339 5774 (49)
2363 5702 2544 5774 Qedex
2571 5702 2780 5774 Regius
2809 5702 2966 5774 habet
2985 5706 3282 5774 σωτηρίαν,
3316 5711 3474 5765 male.
3549 5716 3555 5723 “

2222 5772 2337 5844 (50)
2365 5771 2546 5826 Codex
2565 5773 2785 5844 Regius,
2810 5772 2970 5827 πάλιν
2993 5771 3164 5828 ταῦτα
3184 5771 3309 5832 ἐπεὶ
3323 5780 3479 5848 λέγον
3502 5783 3597 5848 ὡς,
3622 5797 3706 5840 etc
