4182 6386
484 305 586 361 785
1964 314 2289 374 ΟΙὶῘϐΕΝῘΞ
3615 334 3717 388 784

476 445 581 482 non
607 426 914 482 valentibus
941 440 953 475 :
989 442 1008 476 t
1037 423 1212 479 Nolite
1241 426 1508 493 judicare,
1532 426 1700 499 429
1738 442 1805 482 ne
1829 428 2030 498 judice-

2145 429 2175 481 6
2202 429 2272 481 τὰ
2301 430 2477 484 πάντα
2510 432 2722 497 κτίσας.
2758 436 2851 488 κα)⁵
2884 437 3233 508 καταρτίσας,
3264 440 3359 492 καὶ
3392 442 3621 513 ποιήσας
3652 447 3719 502 ὲκ

474 522 605 577 mini
630 520 698 586 “,
731 540 750 574 ι
790 530 845 575 et
895 520 1025 575 illttd
1058 537 1074 574 :
1108 537 1129 570 ι
1167 518 1246 575 Ne
1270 520 1529 587 iudicetis
1584 522 1882 592 quidquam
1917 531 2030 577 anu

2147 518 2241 571 τοῦ
2272 520 2346 592 μὴ
2374 520 2526 585 ὖντος
2557 525 2636 586 εἰς
2663 525 2724 576 τὸ
2746 522 2886 578 εἶναι
2923 526 2992 580 τὰ
3022 528 3218 582 πάντα.
3251 530 3372 600 Χρὴ
3414 531 3471 585 δὲ
3503 534 3598 586 καὶ
3629 555 3722 590 περ

471 625 708 684 tempus.
765 613 937 668 donec
984 613 1195 668 venerit
1245 612 1508 669 Dominus
1532 613 1597 665 “.
1632 631 1653 664 ι
1714 612 1927 669 Rursus
1989 614 2030 667 in

2149 610 2380 677 στεύειν,
2408 612 2489 665 ὅτι
2532 614 2737 684 Κύριος
2772 617 2977 689 Ἰησοῦς
3017 620 3273 690 Χριστὸς,
3313 623 3407 675 καὶ
3453 625 3601 696 πάσῃ
3650 631 3716 700 τῇ

473 706 610 771 haec,
635 705 893 775 quoniam
920 703 1030 758 dixi
1058 702 1292 773 exempli
1330 704 1531 773 gratia,
1567 711 1786 757 centum
1816 717 2043 757 numero

472 799 856 855 assistentibus
901 797 985 852 bis
1034 811 1154 866 qua:
1183 805 1410 851 servant
1448 796 1574 849 dum
1606 796 1926 860 creduntur,
1955 795 2042 850 bis

470 902 690 947 centum
722 890 952 944 firmiter
978 890 1314 951 credentem,
1344 902 1562 942 omnem
1606 888 1807 941 habere
1846 887 2036 949 tidem;

471 1003 574 1041 non
608 985 896 1039 hahentem
924 996 1052 1034 vero
1084 982 1242 1034 ﬁdem
1285 994 1414 1047 erga
1469 979 1649 1047 aliqua
1682 994 1869 1032 eorum
1907 994 2039 1032 cen-

470 1087 605 1141 tum,
640 1074 722 1128 vel
749 1073 898 1127 varie
935 1071 1187 1125 allectum
1225 1070 1484 1125 ﬁrmitate
1520 1083 1646 1138 erga
1677 1083 1739 1122 ea
1765 1083 1884 1137 quae
1915 1082 2038 1122 cre-

469 1168 691 1232 duntur,
741 1180 848 1220 non
904 1163 1103 1217 habere
1151 1175 1365 1215 omnem
1416 1160 1600 1225 ﬁdem,
1632 1159 2037 1228 erplanationis

468 1260 642 1329 gratia
679 1269 1016 1326 exponemus
1045 1252 1169 1307 talia
1197 1268 1210 1303 :
1244 1252 1385 1305 Ante
1411 1249 1592 1304 omnia
1621 1250 1828 1305 credito
1869 1264 2035 1303 unum

467 1365 590 1406 esse
623 1350 814 1413 Deum,
849 1346 939 1415 qui
974 1347 1156 1399 omnia
1185 1343 1455 1407 condidit,
1501 1349 1556 1394 et
1609 1340 1877 1409 perfecit;
1910 1340 2034 1409 qui-

467 1457 573 1513 que
616 1441 798 1497 omnia
847 1438 974 1493 fecit
1004 1447 1059 1490 ut
1091 1444 1390 1500 essent,ex
1440 1448 1501 1489 re
1548 1449 1653 1488 non
1689 1434 2029 1489 exsistente:

467 1533 595 1602 quin
627 1531 792 1586 etiam
832 1526 1118 1584 credamus
1158 1539 1381 1579 necesse
1429 1533 1513 1579 est
1543 1524 1726 1579 .lesum
1753 1523 2030 1579 Christum

465 1640 586 1680 esse
617 1622 926 1685 Dominum,
957 1629 1010 1675 et
1058 1619 1207 1674 omni
1236 1620 1471 1685 veritati,
1498 1633 1619 1687 qua:
1648 1619 1715 1672 de
1744 1618 1864 1686 ipso
1898 1616 2033 1670 dici-

468 1729 555 1772 tur
594 1727 705 1771 tum
751 1714 903 1785 juxta
956 1713 1101 1767 illius
1139 1710 1501 1776 divinitatem,
1537 1719 1652 1763 tum
1689 1710 1844 1779 juxta
1882 1708 2028 1763 illius

464 1808 852 1863 humanitatem
888 1825 900 1858 :
930 1805 981 1858 in
1021 1802 1284 1870 Spiritum
1309 1801 1474 1856 etiam
1519 1809 1769 1855 sanctum
1799 1800 2030 1855 creden-

459 1897 518 1955 di
569 1898 945 1953 necessitatem
1001 1892 1304 1948 habemus:
1336 1892 1558 1961 etquod
1601 1890 1762 1945 liberi
1810 1890 2028 1945 arbitrii

464 2005 586 2046 cum
614 1991 803 2053 simus,
836 1985 1092 2058 punimur
1118 1986 1187 2039 ob
1217 1997 1282 2039 ea
1305 1998 1426 2053 qua:
1453 1997 1764 2052 peccamus,
1795 1982 2031 2037 honore-

464 2099 586 2139 mur
609 2097 740 2137 vero
781 2082 850 2136 ob
900 2089 1048 2133 recte
1086 2077 1252 2132 facta.
1290 2076 1406 2146 Age
1445 2076 1611 2143 igitur
1660 2090 1947 2145 ponamus,
1982 2076 2027 2130 si

463 2178 586 2247 quis
607 2191 665 2231 se
693 2174 919 2231 credere
951 2174 1005 2226 in
1044 2169 1230 2226 Jesum
1272 2178 1487 2237 putans,
1521 2183 1626 2223 non
1650 2169 1838 2223 credat
1862 2183 2027 2223 unum

462 2282 582 2324 esse
611 2266 776 2320 Deum
806 2262 990 2335 Legis.
1021 2270 1077 2317 et
1108 2258 1408 2330 Evangelii,
1437 2257 1595 2329 cujus
1622 2258 1847 2327 gloriam
1877 2259 2027 2326 caeli,

463 2370 721 2428 tanquam
754 2357 821 2412 ab
853 2356 969 2425 ipso
1014 2352 1166 2421 facti,
1210 2360 1495 2418 enarrant,
1532 2362 1589 2405 et
1620 2351 2026 2407 ﬁrmamentum

463 2451 752 2507 annuntiat
792 2464 955 2516 opera
992 2462 1251 2501 manuum
1283 2444 1591 2509 suarum“,
1640 2452 1894 2513 tanquam
1933 2457 2028 2500 ea-

462 2560 583 2600 rum
612 2557 785 2612 opus;
816 2541 945 2597 huic
976 2538 1218 2610 profecto
1254 2537 1551 2592 maximum
1580 2536 1756 2591 deerit
1783 2536 1906 2591 ﬁdei
1935 2551 2027 2591 ca-

465 2646 579 2707 put.
619 2635 717 2689 Vel
749 2648 936 2688 rursus
975 2632 1018 2686 si
1069 2631 1192 2701 quis
1230 2631 1419 2685 credat
1451 2628 1637 2683 Jesum
1681 2628 1782 2683 sub
1832 2628 2026 2683 Pontio

394 2735 404 2747 '
464 2730 640 2785 Pilato
679 2726 907 2798 pra-side
942 2724 1090 2779 cruci
1136 2721 1379 2786 aﬂixum,
1411 2735 1624 2775 sacram
1682 2735 1797 2775 rem
1829 2735 2023 2789 quam-

462 2823 606 2886 dam,
637 2828 692 2874 et
713 2818 1004 2872 salutarent
1037 2813 1237 2869 mundo
1275 2813 1562 2878 attulisse;
1600 2826 1705 2867 non
1740 2812 1869 2865 item
1901 2826 2023 2867 cre-

461 2914 592 2967 dens
619 2926 745 2966 eum
789 2924 857 2963 ex
896 2905 1064 2961 Maria
1102 2903 1351 2975 Virgine,
1379 2913 1432 2958 et
1461 2914 1654 2958 sancto
1688 2903 1896 2973 Spiritu
1929 2919 2024 2956 or-

461 3016 576 3059 tum
632 2999 1014 3068 assumpsisse,
1068 2997 1161 3050 sed
1209 3011 1276 3049 ex
1319 2994 1519 3064 Joseph
1572 3004 1627 3050 et
1663 2994 2025 3051 Maria:huic

2147 702 2277 773 περὶ
2299 703 2463 758 αὑτοῦ
2495 706 2637 759 κατὰ
2668 706 2766 778 τὴν
2794 708 3023 779 θεότητα
3048 710 3142 763 καὶ
3185 711 3285 782 τὴν
3325 713 3719 788 ἀνθρωπότητα

2144 795 2405 868 ἀληθείᾳ·
2435 797 2520 850 δεῖ
2549 798 2607 851 δὲ
2644 800 2737 851 καὶ
2769 802 2849 864 εἰς
2876 802 2936 854 τὸ
2962 802 3115 870 ἆγιον
3149 804 3423 858 πιστεύειν
3454 806 3714 878 Πνεῦμα·

2144 889 2239 941 καὶ
2280 888 2364 941 ὅτι
2394 890 2731 956 αύτεξούσιοι
2779 891 2930 956 ὄντες
2974 894 3318 965 κολαζόμεθά
3356 897 3457 967 μὲν
3501 900 3587 968 ἐφ’
3636 895 3745 970 οἷς.

2145 980 2550 1053 ἁμαρτάνομεν,
2599 984 2889 1055 τιμώμεθα
2933 986 2991 1039 δὲ
3035 987 3120 1054 ἐφ’
3146 984 3229 1052 οἷς
3273 986 3332 1043 εὖ
3381 992 3715 1064 πράττομεν.

2140 1072 2277 1143 Φέρε
2304 1069 2398 1128 οῦν
2420 1076 2541 1129 καθ’
2570 1077 2845 1144 ὑπόθεσιν,
2877 1078 2931 1131 εῐ
2957 1096 3060 1143 τις,
3091 1080 3264 1135 δοκῶν
3293 1084 3403 1154 (5t)
3440 1085 3716 1139 πιστεύειν

2140 1165 2219 1227 είς
2246 1165 2337 1218 τὸν
2373 1167 2600 1237 Ἰησοῦν,
2638 1168 2713 1240 μὴ
2762 1170 3028 1237 πιστεύοι,
3064 1171 3248 1238 ὃτιεῖς
3284 1178 3431 1231 ἐστιν
3465 1179 3494 1231 6
3527 1178 3658 1243 Θεὸς
3685 1181 3718 1232 6

2138 1255 2325 1326 Νόμου
2367 1259 2460 1312 καὶ
2508 1260 2862 1328 Εὐαγγελίου,
2913 1258 2974 1315 οὗ
3008 1262 3107 1334 τὴν
3152 1264 3309 1330 δόξαν
3356 1268 3595 1338 οὐρανοὶ,
3637 1268 3712 1333 ὡς

2139 1348 2230 1400 ὑπ’
2258 1349 2425 1403 αὑτοῦ
2450 1353 2825 1422 γεγενημένοι,
2850 1353 3186 1424 διηγοῦνται,
3215 1357 3309 1410 καὶ
3339 1358 3400 1411 τὸ
3427 1359 3715 1431 στερέωμα

2136 1441 2457 1509 ἀναγγέλλει
2480 1442 2580 1514 τὴν
2610 1444 2829 1513 ποίησιν
2854 1446 2961 1499 τῶν
2994 1447 3191 1519 χειρῶν
3225 1448 3412 1514 αὑτοῦ,
3448 1449 3524 1514 ὡς
3551 1450 3710 1523 ἔργον

2135 1533 2400 1603 τυγχάνον
2451 1535 2660 1589 αὐτῶν·
2696 1530 2851 1601 οὗτος
2888 1538 2954 1593 ἂν
2998 1539 3080 1610 τῷ
3122 1540 3363 1611 μεγίστῳ
3409 1541 3582 1596 λείποι
3614 1544 3711 1614 τῆς

2135 1624 2369 1686 πίστεως
2395 1623 2673 1696 κεφαλαίῳ
2693 1625 2827 1696 (52)·
2857 1628 2890 1698 ἢ
2935 1628 3097 1682 πάλιν
3124 1629 3179 1682 ετ
3200 1647 3284 1693 τις
3317 1630 3588 1684 πιστεύων
3619 1632 3705 1684 ὅτι

2135 1710 2268 1781 (55),
2303 1711 2396 1765 ἐπὶ
2438 1712 2663 1765 Ποντίου
2696 1710 2928 1768 Πιλάτου
2963 1718 3295 1789 σταυρωθεὶς
3337 1720 3482 1791 ἱερόν
3514 1720 3623 1791 (54)
3655 1738 3708 1774 τι

2133 1804 2320 1874 χρῆμα
2347 1804 2442 1857 καὶ¹
2472 1805 2738 1875 σωτήριον
2780 1805 2859 1876 τῷ
2897 1810 3088 1879 κόσμῳ
3130 1809 3527 1881 ἐπιδεδήμηκεν
3547 1828 3560 1841 .
3591 1811 3708 1864 ἀλλ.

2132 1896 2230 1948 οὐκ
2252 1898 2316 1948 ὲκ
2343 1895 2621 1968 Παρθένου
2656 1896 2755 1966 τῆς
2799 1898 3039 1969 Μαρίας,
3070 1902 3163 1954 καὶ
3203 1900 3361 1968 ἁγίου
3395 1902 3707 1974 Πνεύματος

2131 1986 2227 2057 τὴν
2251 1987 2463 2055 γένεσιν
2487 1986 2797 2057 ἀνείληφεν,
2828 1986 2948 2041 ἀλλ’
2990 1989 3050 2056 ἐξ
3085 1991 3283 2062 Ἰωσήφ
3329 1992 3423 2046 καὶ
3455 1994 3702 2065 Μαρίας

2131 2076 2227 2126 καὶ
2250 2076 2425 2146 τούτῳ
2456 2075 2524 2129 ἂν
2574 2076 2750 2129 λείποι
2783 2077 2864 2141 είς
2891 2078 2953 2132 τὸ
2991 2081 3173 2133 πᾶσαν
3203 2081 3346 2151 ἔχειν
3377 2082 3473 2154 τὴν
3523 2084 3705 2138 πίστιν

2129 2168 2198 2222 τὰ
2225 2169 2650 2237 ἀναγκαιότατα.
2688 2169 2859 2224 Πάλιν
2883 2188 2943 2224 τε
2969 2170 3036 2226 αὖ
3065 2174 3113 2227 εί
3149 2175 3245 2245 τὴν
3286 2176 3387 2246 μὲν
3431 2176 3542 2247 (55)
3587 2178 3706 2231 θεό-

2131 2261 2271 2332 τητά
2286 2279 2368 2325 τις
2387 2262 2552 2315 αὑτοῦ
2576 2264 2952 2334 παραδέχοιτο,
2969 2268 3035 2336 τῇ
3062 2264 3120 2318 δὲ
3143 2266 3525 2340 ἀνθρωπότητι
3544 2286 3706 2340 προσ.

2130 2353 2347 2407 κόπτων
2419 2354 2584 2424 μηδὲν
2645 2354 2984 2427 ἀνθρώπινον
3055 2358 3183 2429 περὶ
3237 2358 3399 2413 αὑτὸν
3457 2361 3703 2414 πιστεύοι

2129 2444 2431 2514 γεγονέναι,
2460 2445 2493 2517 ἥ
2521 2446 2817 2501 ὑπόστασιν
2846 2447 3126 2518 εἰληφέναι
3144 2466 3159 2481 ·
3191 2451 3284 2503 καὶ
3308 2450 3482 2523 τούτῳ
3503 2451 3569 2506 ἂν
3595 2452 3701 2504 λεί-

2132 2554 2222 2590 ποι
2272 2536 2409 2607 πρὸς
2463 2538 2646 2591 πᾶσαν
2677 2538 2775 2609 τὴν
2809 2538 2990 2593 πίστιν
3034 2541 3098 2593 οὐ
3140 2542 3209 2595 τὰ
3254 2543 3503 2613 τυχόντα.
3537 2542 3603 2596 “ll
3651 2545 3702 2597 εί

2128 2630 2396 2685 ἀνάπαλιν
2423 2631 2494 2685 τὰ
2531 2631 2630 2701 μὲν
2663 2633 2794 2703 περὶ
2831 2633 2992 2687 αὑτὸν
3041 2634 3352 2706 ἀνθρώπινα
3404 2635 3698 2708 προσίοιτο,

2128 2722 2227 2791 τὴν
2254 2721 2311 2775 δὲ
2343 2723 2640 2777 ὑπόστασιν
2684 2724 2778 2778 τοῦ
2809 2725 3167 2796 Μονογενοῦς,
3209 2729 3305 2780 καὶ
3349 2727 3699 2800 Πρωτοτόκου

2129 2813 2310 2885 πάσης
2340 2815 2570 2878 κτίσεως
2597 2815 2781 2869 ἀθετοί
2802 2833 2815 2846 ·
2853 2818 2948 2869 καὶ
2978 2810 3131 2882 οὗτος
3170 2819 3231 2871 οὐ
3278 2818 3491 2873 δύναιτο
3522 2819 3700 2887 λέγειν

2131 2904 2308 2957 πᾶσαν
2331 2904 2474 2975 ἔχειν
2498 2905 2597 2975 τὴν
2627 2905 2827 2961 πίστιν.
2858 2908 2969 2960 Καὶ
2992 2907 3164 2971 οὕτως
3192 2908 3426 2978 καθεξῆς
3453 2927 3542 2980 μοι
3567 2910 3698 2972 νόει,

2129 2993 2215 3045 ἴνα
2264 2991 2628 3065 θεωρήσωμεν
2669 2995 2929 3067 ὁπηλίκον
2986 2999 3104 3051 ἐστὶ
3154 2998 3215 3051 τὸ
3252 2999 3552 3063 άνελλιπῶς
3605 3000 3699 3053 καὶ

458 3098 620 3151 etiam
657 3093 888 3147 deerunt
939 3088 1174 3142 maxime
1231 3087 1539 3141 necessaria
1593 3086 1661 3141 ad
1718 3086 2022 3141 habendam

2130 3083 2361 3155 βεϐαίως
2389 3088 2567 3141 πᾶσαν
2592 3087 2691 3159 τὴν
2721 3089 2905 3142 πίστιν
2924 3087 3352 3160 ἐχειν,τοσοῦτον
3373 3090 3695 3162 δυναμένην,

458 3200 672 3241 omnem
705 3184 889 3237 Iidem.
916 3178 1127 3233 Rursus
1153 3192 1184 3232 e
1211 3178 1428 3246 regione
1448 3177 1492 3231 si
1525 3177 1647 3246 quis
1681 3178 2023 3232 divinitatem

458 3275 602 3332 illius
635 3273 907 3335 admittat,
944 3269 1390 3337 humanitateque
1432 3266 1552 3336 ejus
1598 3267 1836 3323 oll'ensus
1889 3268 2027 3322 nihil

459 3364 681 3422 humani
712 3363 855 3418 circa
885 3374 1008 3416 eum
1056 3357 1258 3412 factum
1294 3357 1462 3413 fuisse
1484 3360 1696 3423 credat,
1730 3359 1815 3414 vel
1847 3359 2017 3430 hypo-

458 3458 627 3514 stasin
652 3453 966 3525 sumpsisse,
990 3452 1120 3506 huic
1144 3464 1361 3521 quoque
1387 3465 1492 3504 non
1518 3450 1758 3519 vulgaria
1792 3451 2025 3506 deerunt

460 3551 526 3605 ad
552 3563 770 3604 omnem
807 3545 987 3600 ﬁdem.
1020 3543 1341 3597 Econtrario
1369 3543 1547 3598 denuo
1582 3543 1627 3596 si
1671 3541 1794 3611 quis
1826 3542 2023 3598 huma-

456 3659 554 3698 nas
585 3644 650 3696 dc
680 3654 746 3695 eo
791 3653 880 3693 res
906 3637 1183 3700 admittat,
1212 3645 1394 3705 spreta
1427 3635 1706 3706 hypostasi
1744 3635 2023 3703 Uuigeniti

454 3746 509 3790 et
542 3732 890 3802 Primogeniti
933 3729 1111 3785 omnis
1158 3736 1455 3794 creaturae;
1505 3728 1929 3797 haudquaquam
1977 3729 2026 3783 is

453 3828 638 3880 dicere
677 3824 873 3893 poterit
902 3836 1117 3876 onmem
1155 3832 1214 3873 se
1245 3820 1448 3874 habere
1474 3819 1657 3874 (idem.
1693 3818 1892 3887 Sicque
1920 3819 2022 3873 mi-

457 3921 511 3975 hi
538 3934 632 3987 per
656 3918 901 3973 ordinem
932 3913 1214 3969 considera
1245 3931 1261 3980 ;
1297 3922 1355 3966 ut
1389 3912 1671 3966 videamus
1696 3920 1902 3979 quanta
1931 3925 2020 3966 res

454 4011 527 4063 sit
563 4010 767 4076 absque
817 4007 927 4060 ullo
962 4005 1175 4060 defectu
1218 4013 1275 4059 et
1319 4009 1639 4058 constanter
1671 4015 1890 4065 omnem
1924 4002 2020 4055 ha-

451 4102 583 4156 bere
619 4102 799 4164 Iidem,
825 4101 957 4153 adeo
988 4105 1288 4170 potentem,
1322 4094 1540 4164 quando
1575 4101 1684 4145 tota
1710 4103 1792 4145 est
1826 4091 1878 4144 in
1918 4092 2016 4145 hn-

452 4192 615 4246 minis
646 4191 850 4254 anima,
882 4197 939 4243 ut
964 4188 1045 4243 vel
1082 4196 1295 4240 montes
1323 4183 1753 4254 (qualescunque
1786 4181 1893 4235 sint
1918 4180 2016 4250 illi)

455 4282 754 4337 transferre
784 4281 950 4349 possit
976 4300 989 4334 :
1016 4279 1180 4351 E30
1212 4294 1335 4333 cum
1373 4290 1562 4331 omnes
1591 4275 1808 4345 quidem
1840 4274 2017 4328 homi-

450 4391 546 4430 nes
595 4375 714 4428 lnco
767 4374 1044 4428 dimovere
1095 4370 1310 4423 valeant
1356 4376 1617 4432 montem,
1665 4367 1750 4421 vel
1800 4376 2012 4420 montes

2128 3179 2218 3231 ὅτε
2265 3178 2415 3231 πᾶσά
2468 3181 2613 3232 ἐστιν
2661 3182 2719 3233 ὲν
2763 3180 3048 3253 ἀνθρώπου
3097 3182 3264 3254 ψυχῇ,
3304 3183 3444 3237 ὥστε
3490 3184 3527 3240 ἃ
3577 3184 3698 3238 τινά

2129 3268 2261 3322 ποτέ
2292 3271 2408 3322 ἐστι
2436 3269 2503 3324 τὰ
2527 3270 2650 3341 ὅρη,
2677 3270 3019 3341 μεθιστάνειν
3055 3272 3194 3325 αὐτὰ
3225 3272 3511 3327 δύνασθαι·
3563 3275 3697 3328 πάν-

2126 3376 2232 3413 των
2284 3359 2380 3429 μὲν
2411 3358 2522 3413 τῶν
2560 3360 2860 3431 ἀνθρώπων
2908 3362 3219 3433 δυναμένων
3265 3363 3604 3434 μεθιστάνειν
3635 3366 3696 3419 τὸ

2124 3448 2471 3520 δεικνύμενον
2499 3448 2605 3501 ὑπὸ
2643 3448 2736 3503 τοῦ
2774 3450 2945 3521 Ἰησοῦ
2980 3452 3125 3523 ὅρος,
3153 3453 3248 3505 καὶ
3278 3450 3347 3504 τὰ
3372 3452 3696 3523 δεικνύμενα

2124 3537 2303 3610 αὐτῷ·
2336 3540 2384 3591 εί
2416 3538 2474 3592 δὲ
2508 3539 2683 3594 λείποι
2724 3539 2846 3595 τινὰ
2874 3544 2939 3613 τῇ
2972 3541 3120 3614 πάσῃ
3158 3543 3359 3609 πίστει,
3393 3540 3600 3597 λείπειν
3624 3547 3692 3615 τῇ

2123 3630 2353 3701 δυνάμει
2385 3631 2478 3685 τοῦ
2508 3631 2849 3704 μετατιθέναι
2885 3632 3008 3705 ὅρη.
3061 3635 3171 3687 Καὶ
3199 3633 3474 3706 χρήσομαί
3504 3651 3567 3703 γε
3598 3634 3694 3688 καὶ

2124 3722 2348 3795 τοιούτῳ
2374 3724 2467 3777 καὶ
2497 3726 2578 3788 είς
2601 3724 2776 3778 ταῦτα
2806 3726 3243 3797 παραδείγματι·
3278 3726 3464 3799 ὥσπερ
3496 3726 3691 3780 καθέλ-

2123 3828 2309 3867 κουσιν
2333 3816 2382 3868 οἰ
2411 3813 2678 3886 τοσοῦτοι,
2705 3815 2909 3870 τοιάνδε
2941 3816 3168 3889 δύναμιν
3197 3817 3433 3889 ἔχοντες,
3463 3819 3692 3892 πρώτως

2121 3907 2202 3968 είς
2228 3904 2503 3960 θάλασσαν
2535 3905 2632 3978 τὴν
2661 3906 2825 3961 ναῦνο
2861 3909 2909 3960 εί
2951 3907 3008 3960 δὲ
3037 3906 3270 3961 λείποιεν
3297 3904 3442 3963 οὗτοι
3479 3910 3582 3964 κᾶν
3609 3910 3692 3962 ἐνὶ

2119 3998 2228 4052 τῶν
2258 3998 2551 4069 συνεργῶν,
2572 3998 2607 4069 ἦ
2633 4001 2698 4070 τῇ
2723 3999 2947 4070 δυνάμει
2972 4000 3135 4064 τινὸς,
3158 4002 3258 4054 ούκ
3278 4000 3345 4054 ἂν
3377 4000 3689 4054 καθέλκοιτο

2119 4095 2153 4164 ἡ
2188 4090 2318 4155 ναῦς
2341 4108 2355 4121 ·
2405 4091 2577 4156 οὕτως
2608 4093 2770 4146 οἱονεὶ
2820 4092 3005 4146 πολλοὶ
3058 4090 3436 4163 μετατιθέντες
3471 4092 3578 4144 εἰσὶ
3620 4091 3689 4145 τὰ

2119 4184 2242 4255 ὅρη,
2280 4186 2314 4255 ή
2340 4185 2489 4237 πᾶσα
2535 4184 2742 4247 πίστις·
2775 4183 3026 4238 τοσοῦτον
3072 4183 3127 4236 δὲ
3155 4184 3328 4236 λείπει
3366 4186 3433 4254 τῇ
3464 4183 3687 4254 δυνάμει

2116 4276 2218 4346 τῆς
2240 4274 2346 4327 τῶν
2375 4276 2515 4347 ὀρῶν
2543 4274 2901 4347 μεταθέσεως,
2929 4276 3052 4328 ὅσον
3067 4274 3241 4328 λείπει
3266 4275 3401 4347 πρὸς
3424 4276 3486 4328 τὸ
3508 4277 3685 4329 πᾶσαν

2116 4368 2213 4439 τήν
2236 4368 2417 4421 πίστιν
2446 4366 2607 4438 ἔχειν,
2628 4370 2656 4421 6
2684 4367 2762 4420 ἔτι
2795 4370 2915 4422 κατ’
2939 4367 3105 4438 αὐτὴν
3126 4367 3341 4439 ἀτελής.
3373 4368 3483 4421 Καὶ
3510 4369 3611 4439 ὅρα
3635 4366 3685 4421 ti

446 4483 584 4539 quos
618 4466 776 4522 Jesus
816 4464 1149 4531 ostenderit;
1183 4464 1266 4519 sin
1298 4475 1426 4516 vero
1457 4461 1704 4529 quaedam
1735 4457 2011 4513 defuerint

2128 4459 2192 4531 ai;
2222 4460 2501 4530 χρησίμως
2526 4459 2621 4512 ὅλα
2641 4458 2813 4513 ταῦτα
2838 4458 3125 4531 ἐξήτασται
3153 4458 3242 4513 διὰ
3266 4460 3390 4523 τοὺς
3413 4459 3681 4532 μαθητὰς,

447 4559 701 4628 perfectae
752 4555 898 4621 ﬁdei,
946 4555 1086 4611 desit
1131 4554 1295 4607 etiam
1345 4550 1585 4620 potentia
1645 4548 2011 4602 transferendi

449 4658 679 4704 montes.
717 4649 799 4702 Ac
827 4645 1076 4716 profecto
1109 4646 1201 4700 tali
1240 4644 1293 4698 in
1334 4641 1642 4710 hujusmodi
1694 4642 1856 4695 rebus
1888 4648 2012 4693 utar

445 4739 731 4808 exemplo:
764 4738 832 4794 Ut
863 4738 1020 4802 tales,
1062 4746 1251 4807 totque
1282 4735 1545 4790 habentes
1571 4732 1741 4795 vires,
1774 4731 2008 4799 primum

445 4832 624 4887 navim
648 4831 921 4885 deducunt
944 4829 997 4883 in
1030 4842 1206 4893 mare;
1248 4827 1332 4882 sin
1375 4839 1507 4879 vero
1536 4823 1622 4877 vel
1655 4837 1794 4877 unus
1816 4836 2013 4890 coope-

444 4921 644 4983 rarius,
678 4919 763 4976 vel
797 4932 943 4973 Vires
962 4917 1193 4987 alicujus
1214 4916 1289 4973 rei
1327 4915 1413 4971 his
1441 4912 1742 4974 defuerint,
1777 4927 1883 4966 non
1915 4913 2011 4967 de~

513 5034 560 5067 “
585 5031 778 5087 Matth.
818 5047 914 5096 νη,
940 5031 992 5084 l.

516 5124 719 5208 (ὕψει
752 5140 861 5189 τις,
894 5120 1109 5208 δοκῶν,
1145 5130 1253 5208 etc.
1301 5120 1776 5208 Quemadmodum
1810 5120 2010 5175 Valen-

447 5193 639 5251 tiniani
668 5206 967 5261 eorumque
996 5193 1360 5246 consectanei.

516 5266 629 5335 (52)
662 5265 761 5318 Ἂν
791 5259 1155 5335 τῷμεγζστῳ
1177 5261 1373 5335 λείποι
1408 5259 1520 5335 τῆς
1547 5260 1805 5335 πίσςτεως
1830 5275 2012 5328 κεφα-

442 5330 619 5400 λαϊῳ.
645 5334 741 5389 His
762 5330 944 5388 verbis
970 5332 1151 5400 hiatus
1177 5332 1268 5396 qui
1307 5333 1361 5383 in
1392 5333 1583 5385 codice
1646 5330 1815 5399 Regio
1859 5340 2008 5395 erat,

448 5399 734 5473 reparatur
756 5418 821 5456 ex
838 5402 1046 5473 codice
1072 5399 1389 5453 Bodleiano.

513 5467 628 5544 (53)
662 5474 729 5529 Ἡ
767 5472 952 5544 πάλιν
991 5470 1047 5524 εἴ
1096 5486 1187 5544 τις
1229 5471 1544 5544 πιστεύων,
1573 5468 1682 5532 ὅτι,
1709 5477 1831 5544 Δειιο.
1882 5467 2009 5544 Πφο

444 5537 664 5598 haeresis
692 5547 759 5596 ad
813 5540 1305 5609 Carpocratianos,
1358 5538 1656 5603 Ebionitas,
1701 5537 2010 5593 Corinthia-

444 5630 564 5675 nos,
598 5614 810 5681 aliaque
844 5608 1401 5681 Christianittominis
1442 5610 1703 5679 propudia
1748 5611 2004 5679 pertinet.

524 5682 634 5748 (54)
671 5679 849 5735 (Index
878 5681 1096 5749 Regius,
1130 5679 1360 5749 ἕτερον.Δ
1440 5692 1449 5705 '

518 5745 627 5819 ('55)
654 5750 845 5804 Πάλιν
868 5765 931 5803 τε
961 5745 1039 5805 ἱιῦ
1071 5751 1125 5803 εἱ
1150 5745 1264 5818 τὴᾶ
1290 5747 1423 5816 μέν,
1473 5759 1577 5805 etc.
1634 5747 1689 5804 lu
1727 5748 1858 5814 ipsis
1904 5748 2007 5804 Ec-

1092 5031 1136 5063 ⁸⁸
1165 5028 1186 5083 ι
1212 5030 1339 5085 Cor.
1369 5043 1445 5093 tv,
1477 5028 1531 5082 5.
1609 5027 1654 5059 “
1671 5026 1812 5082 Psal.
1840 5041 1998 5091 xvm.
2029 5029 2082 5083 2.

2114 4545 2190 4604 ὧν
2214 4550 2438 4619 ἔνιψενὸ
2477 4548 2681 4621 Ἰησοῦς
2705 4550 2831 4614 τοὺς
2868 4550 3051 4613 πόδας,
3082 4549 3217 4622 πρὸς
3260 4549 3352 4614 οὒς
3387 4550 3572 4616 εἰπὼν,
3609 4550 3685 4614 ὡς

2112 4641 2179 4696 ἂν
2211 4640 2469 4694 ὑπολάϐοι
2499 4640 2528 4691 6
2567 4639 2641 4711 μή
2669 4639 2949 4704 ἐξετάσας,
2976 4646 3051 4705 ὡς
3092 4641 3315 4712 μηδέπω
3362 4642 3685 4696 πιστεύσαν-

2113 4750 2242 4797 τας,
2272 4733 2355 4785 τό·
2384 4752 2402 4783 ‹
2425 4730 2654 4800 Ἀπάρτι
2689 4730 2832 4799 λέγω
2874 4732 3000 4802 ὑμῖν
3042 4732 3149 4804 πρὸ
3177 4732 3270 4785 τοῦ
3299 4733 3565 4802 γενέσθαι,
3598 4734 3684 4786 ἵνα

2116 4820 2611 4893 πιστεύσητε,ὅταν
2631 4821 2875 4892 γένηται,
2914 4823 2996 4876 ὅτι
3035 4822 3144 4892 ὲγὼ
3197 4825 3331 4895 εἰμι.
3372 4844 3391 4876 ι
3427 4826 3577 4897 "Atta
3624 4824 3682 4879 δὲ

2114 4915 2209 4969 καὶ
2252 4912 2726 4985 ἁναπτυσσόμενος
2767 4916 2796 4968 6
2843 4913 3000 4983 λόγος
3043 4915 3282 4969 δείκνυσι
3334 4915 3536 4987 πηλίκη
3582 4915 3681 4986 μέν

2114 5120 2293 5177 clesiae
2321 5118 3131 5190 incunabulissuccrevitghtec
3158 5119 3404 5190 lmresis,
3440 5134 3679 5190 eamque

2103 5190 2318 5259 jugulat
2342 5188 2602 5261 Joannes,
2629 5189 2645 5241 Ι
2670 5189 2843 5261 Epist.
2876 5204 2952 5261 tv.
2982 5188 3016 5243 5
3043 5208 3055 5245 :
3084 5190 3197 5242 Πᾶν
3245 5188 3469 5261 πνεῦμα
3513 5190 3544 5261 6
3574 5188 3675 5261 ίμὴ

2108 5258 2358 5333 ὁμολογεῖ
2387 5262 2479 5333 τὸν
2509 5259 2726 5333 [Ιησοῦν
2762 5258 2993 5329 Χριστὸν
3026 5261 3095 5333 ἐν
3142 5259 3306 5329 σαρκὶ
3359 5258 3675 5333 ἐληλυθότα,

2109 5328 2175 5385 ὲκ
2199 5328 2335 5384 Θεσῦ
2357 5331 2456 5384 οὐκ
2506 5328 2641 5383 ἔστι.
2680 5328 2825 5383 Haec
2852 5338 2972 5384 erat
3028 5328 3136 5383 τῶν
3176 5328 3678 5397 φαντασιάστῶνύι

2107 5401 2347 5472 δοκητῶν
2375 5400 2581 5472 opinio.
2610 5415 2732 5472 qua;
2758 5400 2809 5452 in
2846 5400 3030 5472 varias
3061 5400 3533 5472 sectasdissipata
3564 5411 3670 5454 est.

2110 5468 2423 5526 llis'Simon
2455 5468 2662 5535 Magus,
2700 5468 3046 5533 Saturninus,
3111 5468 3392 5533 Basilides,
3434 5470 3673 5523 Valenti-

2109 5555 2230 5602 nus,
2257 5540 2493 5607 Cerdon,
2530 5538 2793 5607 Marcion,
2816 5538 3052 5605 Apelles,
3081 5538 3281 5607 aliique
3309 5540 3373 5592 de
3407 5553 3465 5594 se
3508 5539 3676 5607 nomi-

2110 5626 2175 5663 na
2217 5606 2483 5665 fecerunt.
2528 5607 2664 5663 Vide
2728 5606 3152 5674 Theodoretum,
3182 5606 3433 5664 Hrrretic.
3476 5606 3673 5662 Fabut.

2108 5678 2207 5737 lib.
2229 5695 2286 5748 γ,
2317 5695 2438 5751 cap.
2465 5678 2526 5735 ιι
2565 5687 2621 5735 et
2644 5679 2733 5735 M.
2766 5675 3030 5734 Husrtus.
