4182 6414
322 315 326 320 ’
404 352 555 435 αδδ

1477 357 1833 412 COMMENT.
1877 357 1946 412 IN
1983 357 2174 415 JOAN.
2214 358 2449 417 TOMUS
2483 362 2696 420 XXXII.

3601 373 3705 429 786

450 465 596 517 ἐστιν
631 465 663 535 ή
687 465 827 519 κατά
855 467 953 537 τὴν
981 469 1163 523 πᾶσαν
1187 471 1370 524 πίστιν
1399 469 1588 541 ἀρετὴ,
1628 473 1722 524 καὶ
1762 472 1845 524 ὅτι
1890 489 2010 525 σπα·

2133 474 2354 529 ducitur
2383 477 2567 542 navis;
2610 479 2692 532 sic
2733 479 2895 534 veluti
2940 481 3094 537 multi
3130 484 3522 540 transferentes
3553 504 3705 541 mun-

447 556 574 618 νίως
608 557 1000 631 εὑρισκομένη·
1043 562 1193 632 πόσῳ
1221 563 1263 614 δ’
1297 563 1525 625 ἕκαστος
1554 563 1711 633 ἡμῶν
1739 563 2031 617 ἀπολείπε-

446 664 536 700 ται
566 649 660 701 τοῦ
693 651 790 721 τὴν
838 653 1018 705 πᾶσαν
1066 653 1208 723 ἔχειν
1240 655 1443 717 πίστιν,
1468 653 1607 706 ὥστε
1634 654 1734 725 ὄρη
1772 654 2028 725 μεθιστά-

448 756 580 793 νειν.
610 741 756 811 Πλὴν
782 743 884 795 οὐκ
913 744 1388 816 εὐκαταφρόνητον
1425 744 1562 815 πρὸς
1603 745 1665 796 τὸ
1712 746 1882 797 ποιεῖν
1930 762 2025 796 πι-

449 832 660 885 στεύειν
690 837 807 888 ὲστὶ
837 836 977 890 κατὰ
1004 837 1070 890 τά
1101 837 1197 892 νῦν
1241 837 1598 908 προκείμενα,
1637 835 1698 888 τὸ
1737 838 1864 900 τοὺς
1889 853 2024 907 προ-

447 926 621 993 φήτας
653 929 752 997 μὲν
775 930 1260 1000 προτεθεσπικέναι
1284 931 1352 983 τά
1373 931 1503 1001 περὶ
1526 927 1617 982 τοῦ
1644 927 1818 998 Ἰησοῦ
1841 943 1855 958 ·
1886 927 2023 982 κατά

441 1017 499 1068 δὲ
529 1019 620 1071 τὸν
642 1019 798 1090 λόγον
827 1022 1005 1076 αὐτῶν
1033 1024 1404 1094 ἀπηντηκέναι
1433 1023 1512 1093 τῷ
1544 1022 1756 1093 Σωτῆρι
1783 1023 1850 1076 τὰ
1890 1040 2022 1094 προ-

440 1111 725 1180 ειρημένα.

2134 576 2215 620 tes
2254 576 2337 620 est
2377 569 2556 622 omnis
2592 569 2749 634 fides,
2787 573 2838 624 in
2867 589 2971 642 qua
3004 577 3096 642 qui
3131 575 3294 629 fuerit
3322 577 3696 645 imperfectus.

2131 674 2240 728 quo
2275 659 2452 714 minus
2485 661 2740 716 habuerit
2761 681 2976 720 omnem
3016 666 3200 731 fidem,
3233 683 3300 722 eo
3338 669 3510 736 magis
3533 669 3704 724 aberit

2131 765 2162 803 a
2201 753 2444 818 polentia
2501 754 2868 811 transferendi
2919 768 3152 814 montes.
3204 759 3440 814 Proinde
3480 761 3600 815 vide
3635 780 3700 813 an

2131 855 2239 894 non
2280 843 2490 898 utiliter
2539 846 2657 899 haec
2709 847 2893 902 omnia
2940 848 3189 918 indagata
3231 849 3432 903 fuerint
3481 861 3703 919 propter

2131 932 2450 1002 discipulos,
2484 935 2552 990 ad
2590 951 2734 1006 quos
2769 938 2913 1009 (cum
2939 940 3166 996 lavisset
3202 939 3361 996 Jesus
3387 956 3575 996 eorum
3610 957 3703 1012 pe-

2129 1023 2248 1094 des)
2281 1034 2341 1078 ut
2369 1027 2633 1094 suspicari
2667 1040 2850 1098 posset
2893 1033 3172 1102 negligens
3219 1034 3410 1098 lector,
3445 1036 3602 1104 quasi
3635 1035 3702 1089 ad

2129 1116 2369 1171 nondum
2400 1120 2711 1187 credentes,
2731 1123 2905 1178 dixit:
2944 1141 2964 1174 ι
2990 1124 3144 1180 Nunc
3183 1127 3304 1181 (lico
3336 1129 3489 1182 vobis
3521 1130 3702 1199 prius-

445 1219 605 1272 quam
644 1207 756 1269 liat,
791 1215 850 1260 ut
876 1223 998 1262 cum
1052 1207 1257 1263 factum
1285 1208 1470 1273 fuerit,
1533 1207 1771 1265 credatis
1799 1207 1925 1278 quia
1951 1220 2052 1275 ego
2093 1220 2215 1261 sum
2233 1208 2297 1262 ⁸⁷.
2324 1227 2344 1260 ι
2381 1209 2595 1267 Pariter
2651 1229 2779 1268 vero
2807 1215 2970 1270 etiam
2999 1218 3268 1286 explicata
3295 1218 3491 1283 oratio,
3525 1235 3701 1288 quan-

448 1305 501 1348 ta
541 1313 628 1351 res
680 1299 752 1352 sit
781 1300 957 1355 virtus
991 1315 1208 1355 omnem
1239 1303 1529 1356 continens
1578 1303 1738 1355 ﬁdem
1795 1300 2054 1366 ostendit,
2091 1309 2147 1353 et
2197 1303 2339 1368 quod
2387 1317 2512 1358 raro
2568 1305 2916 1362 inveniatur:
2946 1309 3184 1363 ostendit
3221 1322 3480 1379 praeterea
3537 1326 3698 1381 quam

445 1392 631 1458 procul
679 1392 821 1447 absit
863 1395 1048 1463 quivis
1094 1403 1382 1459 nostrum,
1430 1404 1490 1448 ut
1541 1395 1738 1450 habeat
1780 1393 1925 1448 illam
1967 1406 2183 1446 omnem
2249 1393 2430 1460 ﬁdem,
2495 1410 2600 1465 qua
2661 1408 2873 1467 montes
2922 1402 3234 1457 transferat.
3283 1405 3548 1458 Caeterum
3591 1418 3698 1457 non

442 1486 838 1540 contemnenda
873 1502 958 1541 res
988 1495 1072 1541 est
1108 1501 1228 1556 qua:
1259 1501 1358 1542 nos
1387 1489 1455 1542 ad
1486 1486 1814 1542 credendum
1844 1482 2072 1547 inducit,
2103 1482 2256 1552 juxta
2281 1500 2344 1540 ea
2379 1503 2500 1556 qua:
2529 1506 2674 1547 nunc
2714 1502 2843 1547 sunt
2880 1497 3176 1564 proposita,
3231 1501 3373 1566 quod
3423 1499 3701 1568 propheta:

442 1578 722 1632 vaticinati
763 1589 921 1634 antea
973 1579 1182 1636 fuerint
1228 1596 1350 1651 qua:
1393 1581 1460 1636 ad
1496 1580 1682 1637 Jesum
1713 1578 2013 1650 pertinent,
2044 1584 2101 1633 et
2127 1579 2270 1648 quod
2305 1579 2462 1650 juxta
2493 1599 2800 1642 sermonem
2833 1586 3045 1642 illorum
3095 1589 3373 1646 Servatori
3403 1593 3700 1648 acciderint

437 1688 562 1741 qua:
590 1673 658 1727 ab
689 1674 819 1742 ipsis
851 1674 1118 1742 praedicta
1153 1673 1395 1729 fuerunt.

477 1781 480 1783 '
515 1767 601 1821 ll).
642 1784 660 1818 ι
697 1767 888 1838 Ἀμὴν,
920 1766 1068 1839 ἀμὴν
1115 1767 1259 1836 λέγω
1311 1769 1473 1839 ὑμῖν·
1519 1769 1576 1821 '0
1611 1766 1904 1837 λαμϐάνων
1934 1765 2010 1817 ὅν-

2197 1762 2288 1816 10.
2337 1780 2354 1813 ι
2383 1764 2578 1827 Amen,
2604 1780 2765 1822 amen
2794 1767 2915 1822 dico
2943 1767 3098 1823 vobis
3125 1785 3135 1819 :
3163 1768 3264 1835 Qui
3296 1772 3486 1840 recipit
3512 1789 3698 1842 quem-

438 1876 561 1913 τινα
618 1855 840 1928 πέμψω,
901 1858 1003 1928 ἐμὲ
1037 1858 1340 1928 λαμϐάνειο
1397 1859 1426 1910 6
1470 1857 1526 1911 δὲ
1576 1858 1677 1928 ἐμὲ
1729 1854 2021 1926 λαμϐάνων

444 1948 712 2019 λαμϐάνει
736 1947 827 2001 τὸν
857 1948 1154 2018 πέμψαντά
1180 1965 1267 2019 με.
1304 1967 1323 2000 ι
1367 1948 1424 2002 Ὀ
1468 1947 1673 2019 Ἰησοῦς
1713 1948 1920 2016 πέμπει
1957 1947 2021 1999 οὐ

438 2042 598 2114 μόνον
643 2041 852 2110 ἁγίους,
902 2041 1040 2096 ἀλλὰ
1077 2043 1170 2095 καὶ
1209 2042 1396 2110 ἁγίους
1450 2042 1546 2094 καὶ
1582 2040 1846 2109 ἀγγέλους
1869 2056 1882 2070 ·
1929 2039 2023 2092 καὶ

435 2133 646 2202 πέμπει
678 2132 774 2201 μὲν
818 2133 946 2194 τοὺς
991 2131 1080 2184 διὰ
1127 2131 1188 2184 τὸ
1238 2131 1664 2184 ἀποστέλλεσθαι
1707 2131 1798 2184 ὑπ’
1853 2129 2020 2183 αὐτοῦ

434 2222 768 2285 ἀποστόλους
801 2221 1252 2292 ὀνομαζομένους.
1289 2222 1426 2293 Ἤδη
1483 2221 1540 2275 δὲ
1584 2221 1788 2276 τούτων
1825 2223 1875 2274 οἱ
1922 2222 2020 2292 μὲν

433 2315 710 2386 ἄνθρωποί
742 2317 899 2381 εἰσιν,
933 2315 984 2367 οἰ
1031 2315 1089 2368 δὲ
1129 2314 1388 2384 δυνάμεις
1433 2314 1749 2385 κρείττους·
1806 2315 1866 2366 οὐ
1911 2313 2020 2384 γὰρ

434 2408 868 2479 ἁμαρτησόμεθα
901 2407 984 2470 τὸ,
1025 2405 1342 2470 ἀπόστολος,
1387 2405 1558 2477 ὄνομα
1599 2407 1891 2469 τάσσοντες
1926 2407 2020 2460 καὶ

433 2500 792 2573 περὶτούτων
819 2502 948 2572 περὶ
975 2497 1049 2554 ὧν
1083 2501 1425 2572 γέγραπται·
1471 2518 1488 2551 ι
1528 2499 1736 2562 Πάντες
1776 2500 1881 2568 εἰσὶ
1913 2499 2020 2554 λει-

431 2592 698 2665 τουργικὰ
731 2592 1020 2662 πνεύματα
1041 2593 1122 2654 είς
1153 2591 1427 2644 διακονίαν
1449 2589 1890 2660 ἀποστελλόμενα
1928 2589 2018 2644 διὰ

431 2685 556 2748 τοὺς
607 2684 900 2754 μέλλοντας
953 2684 1310 2754 κληρονομεῖν
1356 2682 1657 2754 σωτηρίαν*
1707 2703 1726 2734 ι
1794 2685 1856 2736 Ei
1908 2683 2015 2756 γὰρ

430 2775 580 2846 παρά
627 2776 735 2847 (56)
772 2776 832 2828 τὸ
871 2775 1360 2830 ἀποστέλλεσθαι
1405 2774 1713 2838 ἀπόστολοι,
1737 2775 1936 2839 πάντες
1957 2777 2015 2830 δέ

429 2869 567 2921 εἰσιν
597 2868 701 2920 ὑπὸ
732 2886 750 2917 ι
779 2865 872 2919 τοῦ
897 2865 1176 2928 ποιοῦντος
1207 2867 1332 2928 τοὺς
1366 2865 1634 2934 ἀγγέλους
1660 2865 1822 2919 αὐτοῦ
1847 2866 2014 2919 πνεύ-

430 2979 597 3031 ματα,
644 2962 738 3014 καὶ
772 2961 899 3024 τοὺς
945 2959 1295 3030 λειτουργοὺς
1342 2957 1510 3012 αὑτοῦ
1545 2959 1716 3030 πυρὸς
1753 2958 1945 3028 φλόγα,
1989 2979 2008 3012 ι

428 3057 508 3118 εἰς
536 3053 808 3116 διακονίας
839 3052 953 3124 (57)
1000 3051 1455 3122 ἀποστελλόμενοι
1483 3052 1635 3115 ὄντες
1666 3052 2013 3123 λειτουργικὰ

2126 1867 2342 1922 cunque
2381 1843 2605 1919 misero,
2638 1871 2725 1910 me
2755 1857 2951 1926 recipit
2984 1878 2995 1912 :
3035 1859 3126 1928 qui
3153 1870 3335 1914 autem
3365 1878 3451 1918 me
3478 1867 3694 1935 recipit,

2128 1945 2320 2016 recipit
2344 1961 2468 2000 eum
2500 1948 2592 2016 qui
2623 1948 2774 2004 misit
2796 1963 2881 2003 me
2904 1950 2971 2003 ⁸⁸.
3006 1967 3025 2000 ι
3066 1949 3232 2006 Mittit
3279 1949 3439 2008 Jesus
3483 1971 3589 2010 non
3615 1972 3700 2010 so-

2125 2038 2232 2094 lum
2267 2047 2508 2103 sanctos,
2539 2054 2732 2095 verum
2784 2041 2947 2096 etiam
2996 2050 3050 2095 et
3107 2056 3325 2100 sanctos
3344 2055 3399 2099 et
3429 2047 3649 2117 angelos
3679 2066 3695 2103 :

2126 2131 2596 2201 nominanturque
2648 2131 2701 2186 hi
2741 2147 2880 2201 quos
2929 2133 3120 2198 mittit,
3166 2151 3230 2190 eo
3267 2138 3411 2208 quod
3459 2141 3526 2193 ab
3575 2139 3696 2210 ipso

2123 2223 2429 2287 mittantur,
2463 2226 2715 2294 apostoli,
2752 2223 2881 2298 [hoc
2919 2237 3002 2283 cst
3041 2229 3239 2302 missi.]
3281 2228 3399 2285 1am
3434 2246 3561 2286 vero
3592 2232 3693 2286 ho-

2122 2329 2243 2368 rum
2289 2316 2665 2387 apostolorum
2720 2318 2811 2373 alii
2863 2329 2991 2374 sunt
3031 2322 3312 2388 homines;
3361 2324 3454 2378 alii
3489 2324 3692 2381 virtute

2119 2407 2527 2473 prazstantiores
2562 2427 2576 2462 :
2605 2423 2706 2463 nec
2736 2410 2884 2464 enim
2927 2427 2954 2464 a
2986 2428 3116 2466 vero
3145 2414 3519 2471 aberravimus
3573 2433 3698 2488 apo-

2123 2494 2259 2553 stoli’
2285 2513 2482 2553 nomen
2518 2499 2603 2553 his
2648 2501 2856 2570 angelis
2895 2504 3056 2557 etiam
3093 2514 3377 2572 ponentes,
3408 2508 3474 2561 de
3497 2509 3696 2577 quibus

2122 2589 2381 2655 scriptum
2415 2590 2584 2655 est",
2625 2594 2767 2662 quod
2804 2611 2824 2643 ι
2859 2608 3050 2649 omnes
3089 2596 3199 2650 sint
3244 2597 3693 2654 administratorii

2118 2682 2370 2751 spiritus,
2403 2684 2496 2752 qui
2543 2684 2596 2736 in
2651 2685 3014 2739 ministerium
3067 2688 3418 2755 emittuntur,
3471 2703 3693 2763 propter

2117 2789 2213 2829 eos
2263 2775 2356 2844 qui
2408 2775 2652 2831 lueredes
2705 2788 2865 2832 erunt
2894 2779 3105 2834 salutis.
3148 2800 3167 2832 ι
3209 2780 3342 2837 Nam
3370 2784 3412 2839 si
3451 2785 3604 2858 παρά
3628 2784 3692 2838 τὸ

2115 2866 2604 2924 ἀποστέλλεσθαι
2619 2871 2904 2925 ἀπόστολοι
2920 2872 3045 2945 [hoc
3066 2885 3170 2940 est,
3190 2890 3218 2928 a
3236 2877 3490 2932 mittendo
3519 2877 3690 2952 missi]

2117 2974 2417 3030 omnesque
2459 2961 2528 3016 ab
2577 2977 2642 3017 eo
2675 2983 2693 3014 ι
2729 2965 2816 3032 qui
2848 2965 2975 3019 facit
3015 2967 3234 3036 angelus
3269 2984 3397 3024 suos
3443 2971 3690 3039 spiritus,

2115 3059 2171 3103 et
2220 3051 2498 3108 ministros
2543 3068 2668 3108 suos
2705 3056 2844 3122 ignis
2901 3055 3261 3125 flammam",
3295 3079 3313 3112 ι
3351 3063 3402 3116 in
3445 3063 3694 3117 ministe-

429 3145 736 3215 πνεύματα,
792 3144 886 3195 καὶ
947 3135 1093 3195 οὗτοι
1139 3141 1206 3195 ἂν
1253 3138 1362 3194 εἷεν
1413 3142 1700 3196 ἀπόστολοι
1745 3141 1840 3195 τοῦ
1876 3143 2010 3197 ἁπο-

2117 3142 2257 3196 rium
2294 3143 2586 3199 mittuntur
2623 3146 3073 3204 administratorii
3124 3151 3370 3220 spiritus,
3409 3153 3463 3207 hi
3522 3154 3690 3208 etiam

429 3236 738 3298 στέλλοντος
780 3233 1009 3297 αὐτούς·
1047 3234 1138 3286 καὶ
1178 3233 1410 3297 ἔκαστός
1463 3251 1526 3302 γε
1580 3233 1689 3288 τῶν
1720 3237 2012 3306 πεμπομέ-

425 3348 531 3383 νων
556 3329 663 3382 ἀπό
696 3344 842 3390 τινος
867 3326 1164 3389 ἀπόστολός
1197 3328 1313 3379 ἔστι
1340 3326 1434 3379 τοῦ
1481 3327 1795 3398 πέμψαντος
1814 3345 1827 3358 ·
1873 3328 2008 3382 καθὸ

425 3427 482 3478 ὲν
537 3427 648 3488 τοῖς
707 3424 966 3494 ἀνωτέρω
1019 3422 1272 3477 λέλεκται
1323 3423 1462 3494 μετὰ
1510 3424 1606 3477 τό·
1652 3443 1671 3475 ι
1733 3425 1847 3478 Οὐκ
1893 3424 2008 3478 ἔστι

425 3515 606 3578 δοῦλος
660 3514 862 3585 μείζων
916 3512 1011 3566 τοῦ
1077 3514 1268 3584 κυρίου
1339 3512 1527 3580 αὐτοῦ,
1572 3513 1692 3567 οὐδὲ
1776 3514 2008 3568 ἀπόστο-

425 3609 514 3672 λος
547 3609 748 3680 μείζων
770 3608 866 3662 τοῦ
889 3608 1204 3680 πέμψαντος
1251 3611 1433 3662 αὐτόν.
1479 3629 1497 3660 ι
1546 3609 1704 3664 Κατά
1750 3612 1907 3665 τοῦτο
1950 3612 2008 3665 δὲ

429 3704 529 3771 οὐχ
558 3703 862 3773 ἁμαρτήσει
910 3702 1004 3754 καὶ
1051 3701 1143 3755 τὸν
1189 3701 1440 3772 Ἰωάννην
1492 3702 1789 3755 ἀπόστολον
1832 3703 2006 3772 λέγων

435 3793 569 3846 Θεοῦ
614 3793 702 3846 διὰ
725 3793 813 3846 τό·
872 3812 891 3846 ι
969 3793 1214 3861 Ἐγένετο
1259 3793 1544 3864 ἄνθρωπος
1599 3794 2005 3865 ἀπεσταλμένος

434 3883 582 3957 παρὰ
608 3883 764 3945 Θεοῦ,
787 3883 957 3955 ὄνομα
985 3883 1136 3954 αὐτῷ
1179 3885 1429 3953 Ἰωάννης
1449 3901 1462 3915 ο
1496 3905 1514 3936 ι
1543 3885 1744 3938 καὶτὸν
1779 3885 2004 3940 Ἡσαΐαν

425 3975 511 4028 διὰ
536 3975 630 4028 τό·
674 3994 692 4025 ι
729 3975 862 4028 Τίνα
908 3973 1210 4034 ἀποστελῶ,
1263 3975 1358 4027 καὶ
1398 3974 1483 4038 τίς
1516 3975 1839 4046 πορεύσεται
1869 3975 2006 4046 πρὸς

421 4067 511 4120 τὸν
543 4067 670 4120 λαὸν
699 4066 920 4132 τοῦτον;
964 4085 982 4116 ι
1019 4068 1106 4120 ὅτε
1157 4067 1491 4134 ἁπεκρίνατο
1533 4067 1737 4136 λέγων·
1795 4087 1814 4117 ‹
1874 4067 2004 4120 Ἰδού

419 4161 534 4230 εἰμι
561 4159 692 4229 ἐγὼ,
725 4158 1043 4213 ἀπόστειλόν
1083 4175 1170 4228 με.
1215 4177 1233 4208 ι
1273 4157 1338 4209 Τί
1363 4157 1419 4210 δὲ
1453 4159 1581 4228 περὶ
1608 4157 1810 4212 τούτων
1838 4157 2004 4226 λέγω,

418 4255 506 4304 ὅτε
537 4252 630 4306 καὶ
649 4254 706 4304 ὲν
732 4253 800 4321 τῇ
827 4249 962 4321 πρὸς
1010 4249 1294 4319 Ἐϐραίους
1345 4249 1629 4320 Ἐπιστολῇ
1659 4249 1769 4316 (58)
1798 4251 1827 4301 ό
1851 4249 2003 4320 τηλι-

420 4344 611 4407 κοῦτος
642 4343 799 4414 ἡμῶν
830 4341 1022 4414 Σωτὴρ
1054 4340 1350 4402 ἀπόστολος
1382 4341 1596 4412 εἴρηται
1627 4340 1722 4393 τοῦ
1753 4342 2001 4412 Πατρός;

2113 3235 2340 3304 apostoli
2380 3235 2510 3307 [hoc
2555 3246 2641 3293 est
2687 3238 2857 3312 missi]
2896 3239 3147 3295 dicentur
3190 3243 3308 3311 ejus
3339 3258 3368 3296 a
3413 3259 3524 3313 quo
3566 3248 3691 3299 mit-

2114 3333 2324 3380 tuntur.
2367 3328 2548 3397 Atque
2595 3331 2972 3401 unusquisque
3020 3331 3267 3401 profecto
3311 3338 3404 3405 qui
3452 3338 3690 3392 mittitur

2115 3418 2184 3473 ab
2205 3419 2408 3488 aliquo,
2429 3423 2728 3490 apostolus,
2757 3421 2888 3494 [hoc
2913 3432 2998 3479 est
3030 3425 3273 3497 missus,]
3304 3437 3389 3482 est
3419 3428 3564 3483 illius
3592 3431 3683 3498 qui

2114 3509 2263 3564 misit
2283 3509 2461 3578 ;juxta
2481 3513 2624 3581 quod
2659 3512 2712 3566 in
2730 3513 3109 3583 superioribus
3131 3525 3218 3570 est
3250 3517 3450 3572 dictum
3470 3527 3594 3586 post
3621 3535 3685 3572 ea

2110 3604 2294 3658 verba;
2309 3623 2325 3655 ι
2341 3603 2454 3659 Νοιι
2478 3615 2560 3658 est
2585 3621 2774 3662 servus
2797 3609 2970 3677 major
2992 3608 3212 3663 domino
3233 3624 3354 3676 suo,
3375 3625 3546 3678 neque
3564 3626 3688 3677 apo-

2111 3697 2281 3751 stolus
2326 3696 2484 3768 431
2518 3703 2692 3765 major
2723 3713 2788 3754 eo
2817 3701 2908 3768 qui
2958 3702 3105 3756 misit
3135 3703 3327 3772 ipsum.
3369 3724 3389 3757 ι
3436 3705 3583 3760 Hanc
3615 3710 3684 3762 oh

2111 3805 2330 3845 causam
2381 3807 2485 3845 non
2538 3793 2818 3848 aberrabit
2864 3809 2892 3847 a
2922 3809 3054 3851 vero
3089 3797 3178 3864 qui
3221 3795 3482 3852 Joannem
3514 3800 3681 3854 etiam

2108 3881 2307 3934 dixerit
2334 3880 2429 3935 Dei
2465 3883 2766 3951 apostolum
2795 3894 3018 3954 propter
3062 3886 3226 3941 illud:
3290 3904 3308 3936 ι
3344 3886 3466 3942 Fuit
3525 3891 3684 3945 homo

2109 3973 2306 4026 missus
2344 3987 2376 4024 a
2412 3971 2557 4035 Deo,
2586 3973 2672 4026 cui
2702 3988 2895 4028 nomen
2939 3983 3059 4029 erat
3099 3975 3333 4032 Joannes
3365 3979 3429 4032 τί.
3481 3998 3500 4031 ι
3542 3980 3682 4045 Quin

2107 4063 2270 4118 Isaias
2298 4079 2512 4133 quoque
2531 4065 2807 4133 apostolus
2837 4067 2963 4131 erit,
2995 4077 3216 4138 propter
3243 4069 3369 4124 illud
3404 4090 3417 4125 :
3460 4089 3477 4122 ι
3509 4073 3678 4139 Quem

2107 4157 2351 4221 mittam,
2380 4167 2436 4211 et
2465 4157 2587 4226 quis
2621 4157 2721 4212 ibit
2752 4161 2818 4211 ad
2863 4160 3118 4230 populum
3166 4163 3346 4216 hunc?
3388 4183 3406 4216 ι
3461 4167 3680 4233 quando

2108 4250 2385 4316 respondit
2428 4249 2647 4305 dicens:
2705 4269 2725 4302 ι
2775 4250 2852 4305 Ειι
2898 4266 2999 4323 ego
3050 4268 3203 4316 sum,
3249 4255 3402 4308 mitte
3449 4270 3533 4309 me
3554 4255 3618 4308 ".
3653 4275 3673 4309 ι

2107 4341 2212 4396 Sed
2243 4342 2370 4410 quid
2404 4341 2470 4396 de
2514 4342 2662 4396 hisce
2698 4343 2820 4398 dico
2842 4382 2858 4407 ,
2892 4343 3108 4412 quando
3149 4354 3204 4398 et
3238 4345 3289 4398 in
3325 4345 3561 4414 Epistola
3612 4347 3681 4400 ad

419 4436 726 4507 γέγραπται
755 4434 892 4506 γάρ·
925 4454 942 4484 ι
971 4435 1228 4503 Ἔχοντες
1256 4428 1348 4485 οὖν
1381 4432 1642 4504 ἀρχιερέα
1673 4433 1848 4503 μέγαν
1866 4433 1998 4504 (59),

2114 4435 2362 4490 Hebrteos
2391 4435 2513 4490 talis
2551 4443 2837 4504 tantusque
2871 4434 3128 4490 Sen-ator
3166 4445 3349 4492 noster
3391 4438 3568 4492 dictus
3609 4438 3681 4490 sit

417 4529 512 4580 καὶ
539 4527 834 4580 ἀπόστολον
863 4525 1072 4596 Ἰησοῦν
1099 4526 1355 4596 Χριστόν.
1392 4545 1411 4576 ι
1450 4526 1560 4578 Καὶ
1593 4523 1690 4579 νῦν
1711 4521 1804 4579 οὖν
1825 4527 1882 4579 ὃν
1906 4527 2002 4581 ἐὰν

415 4619 719 4690 ἀποστέλλῃ
761 4623 788 4672 6
819 4620 1010 4690 Σωτὴρ
1038 4619 1495 4689 διακονησὰμενον
1528 4620 1595 4688 τῇ
1623 4635 1784 4672 τινων
1824 4636 2000 4691 σωτη-

423 4712 544 4781 ρίᾳ,
579 4712 608 4763 6
641 4711 1103 4780 ἀποστελλόμενος
1133 4710 1428 4774 ἀπόστολός
1461 4711 1607 4764 ἐστιν
1656 4709 1831 4781 Ἰησοῦ
1862 4710 1999 4782 Χρισ-

421 4802 569 4858 στοῦ.
622 4803 761 4856 Ἀλλ’
822 4808 851 4857 6
885 4803 1199 4866 ἀπόστολος,
1241 4802 1430 4874 ὥσπερ
1454 4801 1548 4854 τοῦ
1581 4803 1995 4867 ἁποστείλαντός

417 4896 565 4947 ἐστιν
603 4895 898 4959 ἀπόστολος
921 4936 935 4959 ,
980 4894 1154 4958 οὕτως
1179 4895 1290 4947 τισὶ
1319 4894 1454 4964 πρὸς
1483 4893 1576 4958 οὓς
1607 4895 1993 4949 ἀποστέλλεται

417 4989 596 5058 μόνοις
643 4988 754 5060 (60)
788 4990 934 5041 ἐστὶν
982 4988 1307 5051 ἀπόστολος·
1361 4990 1499 5058 ὅπερ
1531 4989 1666 5041 νοῶν
1706 4990 1735 5041 6
1785 4988 1995 5052 Παῦλος

411 5082 632 5150 ἔλεγεν
673 5100 692 5132 ι
747 5082 810 5134 El
843 5081 938 5133 καὶ
979 5080 1159 5143 ἄλλοις
1199 5081 1300 5133 οὐκ
1340 5081 1456 5151 εἰμὶ
1501 5081 1822 5144 ἀπόστολος,
1858 5079 1995 5133 ἁλλὰ

411 5191 474 5242 γε
517 5174 646 5244 ὑμῖν
689 5174 832 5243 εἰμι’
884 5175 918 5243 ἡ
973 5172 1084 5244 γὰρ
1133 5172 1368 5242 σφραγίς
1420 5189 1520 5243 μου
1553 5172 1656 5242 τῆς
1689 5173 1991 5242 ἀποστολῆς

411 5267 569 5336 ὑμεῖς
600 5267 723 5317 ἐστε
753 5265 812 5318 ὲν
844 5264 1050 5336 Κυρίῳ.
1094 5283 1112 5315 ι
1151 5263 1398 5329 Ἔξεστιν
1426 5258 1518 5316 οῦν
1548 5280 1669 5316 τινα
1695 5259 1831 5316 εἶναι
1857 5263 1991 5317 ἀπό-

2109 4529 2383 4598 apostolus
2412 4545 2440 4581 a
2475 4528 2679 4582 Patre?
2707 4527 2980 4596 Scriptum
3010 4539 3093 4582 est
3120 4530 3265 4581 enim
3295 4545 3309 4580 :
3345 4547 3364 4580 ι
3404 4527 3680 4584 Habentes

2107 4622 2269 4690 igitur
2291 4621 2604 4675 Pontilicem
2626 4635 2874 4688 magnum
2905 4630 2959 4676 et
2985 4621 3288 4690 apostolum
3312 4618 3496 4675 Jesum
3522 4621 3680 4676 Chri-

2104 4722 2249 4765 stum
2286 4711 2353 4764 "'.
2394 4729 2412 4762 ι
2447 4711 2810 4777 Quamobrem
2853 4711 2898 4766 si
2934 4711 3192 4764 Servator
3235 4711 3465 4778 aliquem
3510 4711 3677 4764 mise-

2106 4803 2176 4856 rit
2224 4802 2316 4871 qui
2371 4802 2674 4871 aliquorum
2736 4803 2965 4858 salutem
3015 4802 3448 4868 administrarit,
3498 4803 3544 4856 is
3581 4803 3675 4871 qui

2103 4896 2371 4958 mittitur,
2418 4895 2697 4965 apostolus
2746 4906 2830 4951 est
2874 4894 3008 4952 Jesu
3059 4895 3282 4950 Christi.
3357 4893 3556 4948 Verum
3618 4904 3675 4950 ut

2101 4987 2376 5055 apostolus
2405 4986 2678 5056 apostolus
2707 4995 2789 5042 est
2827 4985 2948 5056 ejus
2979 4987 3070 5056 qui
3108 4986 3288 5050 misit,
3340 4985 3419 5038 sic
3452 4984 3675 5054 quibus-

2101 5080 2225 5132 dam
2267 5079 2397 5133 solis
2453 5078 2520 5132 ad
2563 5092 2698 5148 quos
2745 5077 3014 5141 mittitur,
3063 5086 3146 5131 est
3188 5076 3482 5145 apostolus.
3522 5077 3674 5131 Hanc

2101 5186 2215 5225 rem
2259 5169 2614 5225 considerans
2653 5168 2854 5223 Paulus
2899 5167 3116 5223 dicebat
3153 5181 3164 5215 :
3219 5185 3239 5218 ε
3278 5167 3505 5222 Etiamsi
3547 5167 3672 5221 aliis

2099 5279 2204 5318 non
2228 5263 2328 5316 sim
2358 5263 2632 5332 apostolus
2656 5300 2672 5326 ,
2719 5261 2873 5315 vobis
2905 5275 3024 5314 sum
3061 5269 3281 5323 tamen;
3315 5275 3440 5314 nam
3486 5259 3673 5329 signa-

471 5382 514 5413 ⁶⁷
541 5381 703 5438 Joan.
736 5395 856 5443 xm,
886 5379 968 5434 l9.
1043 5379 1087 5410 ⁸⁸
1119 5378 1249 5433 ibid.
1310 5378 1403 5434 ‘26.
1480 5377 1689 5434 "Hebr.
1716 5395 1756 5445 ι,
1787 5381 1874 5436 14.
1951 5379 1996 5410 "°
2029 5379 2164 5434 ibid.
2196 5379 2228 5432 7
2263 5389 2318 5433 et
2347 5377 2489 5433 Psal.
2551 5393 2668 5442 cm,
2699 5376 2752 5429 4.
2831 5377 2871 5408 ⁷⁸
2905 5374 3064 5431 Joan.
3095 5340 3221 5440 l,‘6.
3299 5376 3345 5408 ⁷¹
3377 5375 3478 5430 lsa.
3513 5392 3586 5441 tu,
3614 5375 3671 5430 8.

407 5453 454 5484 ⁷⁸
483 5452 646 5504 Hebr.
682 5465 765 5512 ιιι,
799 5450 823 5503 ἱ
851 5469 866 5517 ;
894 5464 968 5512 tv,
1003 5450 1090 5504 Μ.

439 5575 447 5622 ξ
491 5543 602 5622 (ξϐ)
630 5539 816 5610 "apd.
854 5543 1016 5596 Deest
1038 5542 1090 5594 in
1125 5541 1316 5596 codice
1349 5541 1552 5611 Regio,
1584 5542 1678 5598 sed
1709 5543 1903 5614 legitur
1931 5543 1982 5597 in

409 5611 728 5666 Bodleiano.
1767 5611 1780 5614 _

482 5682 592 5750 (57)
617 5680 948 5745 Διακονίας.
979 5680 1145 5735 Forte
1179 5680 1463 5746 legendum
1489 5681 1780 5736 διακονίαν.

484 5753 596 5812 (58)
639 5750 979 5821 Ἐπιστολῇ.
1020 5751 1182 5807 Deest
1210 5751 1264 5806 in
1302 5752 1490 5808 codice
1523 5753 1711 5821 Regio,
1755 5755 1849 5810 sed
1900 5762 1984 5809 est

414 5824 466 5877 in
509 5821 814 5876 Bodleiano.

2167 5540 2601 5613 (59)"Ezortec
2632 5541 2744 5595 οὗν
2791 5538 3065 5613 ἀρχιερέα
3107 5538 3320 5607 μέγαν,
3370 5547 3493 5613 etc._
3525 5537 3668 5592 Duos

2096 5608 2345 5666 locos'in
2388 5608 2593 5673 ’unnm,
2654 5608 2914 5666 memoria
2971 5611 3172 5675 lapsus,
3228 5617 3286 5660 ut
3345 5608 3669 5677 contingere

2095 5683 2476 5736 festinantibus
2515 5683 2670 5746 solet,
2711 5680 2956 5735 confudit
2990 5679 3076 5731 hic
3103 5677 3398 5746 Origenes;
3436 5678 3663 5738 alterum

2095 5752 2262 5805 Hebr.
2295 5768 2379 5814 ιιι,
2415 5754 2469 5815 l,
2499 5759 2554 5806 et
2585 5769 2656 5812 Iv,
2697 5752 2782 5813 Η,
2823 5749 3073 5802 alterum.

2165 5821 2276 5892 (ϐυ)
2317 5823 2495 5879 Codex
2529 5821 2747 5893 Regius,
2777 5819 2955 5890 μόνος-
