4182 6388
447 359 551 417 787

1930 339 2255 399 υιιιϐΕΝιε

3578 330 3698 387 7'38

447 478 626 533 rulnm
651 472 983 546 apostolatus
1003 470 1107 526 mei
1131 484 1225 525 vos
1250 469 1379 524 estis
1407 470 1463 523 in
1480 468 1706 523 Domino
1733 466 1808 530 ";
1834 482 1854 517 ι
1889 478 2014 532 pro-

2128 459 2307 512 στολον
2362 452 2536 525 Ἰησοῦ
2578 450 2811 523 Χριστοῦ
2858 447 2938 502 ἑνὶ
2979 448 3125 520 μόνῳ
3155 444 3606 512 ὲξαποσταλέντα,
3646 447 3701 498 εί

447 572 570 625 inde
601 569 726 623 licet
753 566 913 620 allcui
946 578 1066 619 esse
1103 563 1351 633 apostolo
1372 561 1500 617 Jesn
1521 560 1720 616 Christi
1755 558 1819 612 ad
1850 572 2014 611 unum

447 662 620 717 solum
660 660 860 722 misso;
898 657 982 723 si,
1021 656 1112 710 Dei
1150 655 1520 727 providentia,
1552 654 1641 706 uni
1672 651 1772 707 soli
1810 663 2018 705 sermo-

448 762 568 802 nem
617 747 663 801 is
713 744 1197 798 administraverit.
1252 742 1382 808 Quae
1407 741 1625 811 quidem
1661 741 1928 801 diximus,
1963 745 2021 790 ut

449 850 640 890 rursus
686 835 965 888 videamus
1014 847 1204 887 eorum
1237 833 1326 900 qui
1360 830 1486 886 Jesu
1536 829 1738 888 ChriSti
1789 827 2018 898 apostoli

450 930 669 984 fuerunt
730 927 931 993 habiti,
979 926 1352 980 excellentiam
1414 941 1429 977 :
1481 943 1498 975 ι
1560 923 1823 979 Dexteras
1875 920 2018 974 enim

449 1020 724 1076 societatis
789 1019 953 1084 mihi,
1021 1028 1074 1072 et
1124 1018 1413 1082 Barnabae,
1479 1017 1686 1087 inquit,
1733 1015 2018 1078 dederunt,

451 1126 507 1168 ut
538 1129 637 1168 nos
664 1114 718 1167 in
751 1121 972 1181 gentes,
1003 1111 1109 1181 ipsi
1140 1125 1269 1182 vero
1302 1111 1355 1163 in
1386 1108 1856 1164 circumcisioaem
1887 1106 1953 1159 ⁷⁵.
1997 1124 2016 1156 ι

450 1205 620 1275 Igitur
649 1203 847 1259 Paulus
870 1184 1119 1275 gentibus
1147 1203 1278 1258 solis
1324 1210 1446 1256 erat
1489 1200 1760 1268 apostolus
1780 1239 1796 1260 ,
1830 1197 2022 1252 Petrus

452 1298 549 1352 tot'i
584 1296 1010 1354 circumcisioni.
1055 1295 1210 1361 Quod
1240 1294 1286 1350 si
1320 1308 1384 1349 ex
1414 1293 1571 1347 nobis
1602 1292 1819 1346 habitus
1860 1290 2024 1344 fuerit

452 1386 650 1457 aliquis
680 1388 893 1455 dignus,
934 1394 989 1439 ut
1016 1384 1254 1439 ostendit
1278 1383 1559 1453 apostolus
1584 1423 1599 1446 ,
1627 1383 1788 1436 eundi
1824 1381 1889 1435 ad
1926 1380 2024 1433 ali-

452 1495 650 1548 quem.
682 1480 767 1535 vel
800 1478 871 1533 ad
901 1478 1063 1547 paulo
1097 1477 1316 1544 plures.
1357 1476 1637 1545 apostolus
1666 1475 1712 1529 is
1760 1473 2020 1528 efﬁcitur.

454 1573 571 1629 Nec
599 1573 893 1629 extoHatur
908 1571 1081 1626 factus
1106 1569 1419 1640 Apostolus,
1451 1567 1597 1622 illius
1621 1569 1750 1625 dicti
1777 1584 2020 1624 memor:

460 1685 479 1716 ο
517 1665 670 1734 Quod
704 1673 954 1735 superest
976 1672 1152 1717 autem
1177 1703 1191 1724 ,
1230 1661 1359 1716 illud
1392 1660 1767 1728 requiriturin
1810 1662 2026 1730 dispen-

454 1746 749 1818 satoribus,
771 1732 839 1809 ut
868 1755 1004 1810 lian
1023 1754 1216 1824 aliquis
1236 1753 1547 1808 inveniatur
1568 1754 1654 1819 7‘;
1696 1773 1715 1806 ι
1749 1767 1855 1808 non
1878 1738 2021 1807 enim

2128 1756 2232 1792 νων
2274 1738 2371 1791 ἐάν
2420 1752 2540 1790 τινα
2592 1732 2825 1804 πέμψω’

2120 552 2203 606 ἑνὶ
2237 550 2401 621 μόνῳ,
2436 546 2571 600 Θεοῦ
2597 544 2843 617 προνοίᾳ,
2865 543 2956 595 τὸν
2986 541 3143 610 λόγον
3175 539 3550 610 διηκονήσατο.
3585 538 3695 592 Καὶ

2118 640 2289 696 ταῦτά
2322 655 2501 709 φαμεν
2537 637 2623 689 ἵνα
2650 634 2813 688 πάλιν
2845 633 3130 703 βλέπωμεν
3168 629 3265 699 τὴν
3291 626 3401 680 τῶν
3424 643 3678 698 χρηματι-

2123 735 2331 788 σάντων
2378 729 2552 802 Ἰησοῦ
2581 726 2817 800 Χριστοῦ
2852 723 3162 779 ἀποστόλων
3194 721 3469 791 ὑπεροχήν
3491 736 3505 749 ·
3542 738 3563 770 ι
3601 720 3678 770 Δε

2122 824 2241 891 ξιάς
2274 822 2403 893 γὰρ,
2447 819 2632 891 φησὶν,
2674 817 2880 871 ἔδωκαν
2929 815 3072 885 ἐμοὶ,
3111 812 3204 865 καὶ
3229 810 3486 881 Βαρνάϐᾳ
3512 826 3680 863 κοινω

2121 917 2260 979 νίας,
2307 915 2393 968 ἵνα
2430 915 2591 984 ἡμεῖς
2613 913 2709 974 ,είς
2741 909 2810 961 τά
2848 908 2974 979 ἔθνη
2993 950 3008 971 ,
3046 906 3200 960 αὐτοὶ
3229 904 3287 957 δὲ
3315 905 3394 967 εἰς
3414 903 3513 973 τὴν
3539 918 3692 972 περι-

2122 1011 2312 1080 τομήν.
2381 1026 2400 1058 ι
2440 1004 2648 1058 Οὐκοῦν
2698 1000 2910 1064 Παῦλος
2955 998 3133 1051 ἔθνεσι
3183 996 3361 1066 μόνοις
3404 991 3695 1053 ἀπόστολος

2122 1098 2213 1171 ἦν,
2273 1100 2368 1154 καὶ
2412 1098 2618 1169 Πέτρος
2657 1095 2755 1169 ὅλῃ
2803 1097 2870 1165 τῇ
2922 1092 3212 1163 περιτομῇ.
3256 1086 3439 1158 Ἦμῶν
3493 1085 3550 1138 δὲ
3593 1084 3697 1137 κάν

2126 1192 2329 1263 ἀξιωθῇ
2375 1208 2479 1256 τις,
2527 1190 2603 1252 ὡς
2636 1186 2981 1259 παρέστησεν
3026 1185 3056 1236 6
3089 1179 3424 1243 Ἀπόστολος,
3470 1175 3564 1230 τοῦ
3604 1192 3701 1244 γε-,

2124 1285 2309 1339 νέσθαι
2352 1285 2431 1337 ἐνί
2487 1300 2611 1347 που,
2663 1282 2697 1351 ἢ
2741 1280 2908 1349 ὀλίγῳ
2940 1278 3200 1340 πλείοσιν,
3229 1270 3524 1335 ἀπόστολος
3553 1270 3685 1338 γίνε-

2123 1392 2234 1428 ται.
2281 1372 2401 1429 Κάν
2448 1372 2670 1441 γένηται
2710 1370 2787 1436 δὲ,
2838 1370 2913 1440 μὴ
2961 1365 3288 1438 ἐπαιρέσθω,
3357 1361 3699 1435 μεμνημένος

2123 1465 2218 1519 τοῦ
2238 1482 2251 1495 ·
2294 1483 2314 1516 ι
2355 1465 2419 1517 Ὃ
2442 1462 2499 1516 δὲ
2522 1461 2727 1525 λοιπὸν,
2766 1458 3008 1529 ζητεῖται
3045 1457 3102 1508 ὲν
3136 1458 3249 1518 τοῖς
3277 1451 3581 1521 οἰκονόμοις
3610 1450 3698 1503 ἵνα

2126 1554 2315 1618 πιστός
2340 1570 2424 1617 τις
2460 1551 2688 1623 εὑρεθῇ·
2736 1567 2755 1599 ι
2790 1548 2851 1601 οὐ
2889 1546 2999 1617 γὰρ
3028 1544 3241 1605 πάντως
3266 1543 3316 1594 εί
3348 1538 3610 1609 ζητεῖται,
3639 1537 3703 1590 τὸ

2126 1646 2456 1718 ζητούμενον
2498 1641 2828 1713 εὑρίσκεται.
2866 1636 3051 1691 Ταῦτα
3079 1634 3168 1688 διὰ
3197 1633 3288 1686 τό·
3325 1652 3344 1683 ι
3400 1632 3459 1684 '0
3489 1628 3699 1700 λαμϐά-

2875 1749 2895 1781 ι
2950 1731 3108 1790 ὅσους
3152 1725 3423 1796 ἐνδέχεται
3481 1721 3696 1792 πέμπε·-

454 1853 498 1905 si
532 1850 791 1921 queritur
820 1848 1022 1918 aliquid
1043 1889 1059 1912 ,
1105 1845 1237 1901 illud
1268 1847 1491 1901 omnino
1527 1847 1819 1901 invenitur.
1851 1845 2024 1901 (ἔδειε-

2129 1827 2253 1882 σθαι
2296 1826 2408 1897 (61)
2443 1825 2549 1879 ὑπὸ
2581 1823 2676 1877 τοῦ
2722 1821 2895 1892 Ἰησοῦ
2930 1816 3185 1889 ὀνομάζει
3212 1814 3560 1877 ἀποστόλους,
3595 1810 3708 1865 κᾶν

455 1959 571 1996 rum
600 1950 823 2011 propter
849 1941 951 1995 hoc
976 1939 1180 1994 dictum
1212 1954 1226 1992 :
1258 1957 1275 1988 ι
1310 1936 1408 2004 Qui
1438 1937 1633 2005 recipit
1661 1937 1706 1991 si
1734 1951 1893 2005 quem
1921 1936 2025 1989 mi-

454 2050 576 2090 sero
611 2035 656 2067 "
688 2077 701 2102 ,
731 2052 751 2085 ι
780 2046 1131 2103 quoscunque
1166 2030 1454 2097 contigerit
1486 2044 1515 2083 a
1540 2027 1666 2082 Jesu
1700 2028 1878 2093 mitti,
1922 2028 2023 2083 hos

453 2126 697 2181 nominat
723 2123 1021 2195 apostolos,
1055 2122 1268 2178 etiamsi
1313 2122 1450 2176 tales
1490 2137 1595 2176 non
1629 2122 1739 2176 sint
1775 2130 1835 2175 ut
1884 2120 2026 2175 dixi-

454 2234 592 2274 mus.
636 2219 880 2274 Diximus
911 2220 1074 2272 etiam
1108 2217 1441 2286 contingere,
1482 2215 1736 2285 utaliqua
1762 2225 2022 2283 praestan-

457 2313 620 2377 tiora,
648 2312 811 2380 quam
832 2319 1026 2364 natura
1053 2309 1124 2363 sit
1156 2308 1431 2362 hominum
1452 2348 1466 2371 ,
1495 2308 1779 2361 mittantur
1807 2323 1834 2360 a
1859 2306 2020 2374 Jesn;

454 2410 763 2478 propterea,
793 2400 883 2469 qui
917 2400 1112 2467 recipit
1146 2413 1304 2464 quem
1347 2397 1556 2451 miserit
1602 2396 1789 2459 .lesus,
1818 2382 2021 2451 'Jesum

455 2485 509 2548 in
542 2492 709 2547 misso
742 2491 968 2560 recipit;
994 2490 1085 2559 qui
1116 2499 1293 2544 autem
1318 2487 1519 2543 'Jesum
1557 2489 1770 2557 recipit,
1804 2487 2020 2543 Patrem

455 2585 680 2653 recipit:
712 2584 876 2653 igitur
903 2583 993 2652 qui
1034 2582 1226 2650 recipit
1255 2595 1414 2650 quem
1445 2578 1603 2634 Iesus
1637 2580 1866 2645 miserit,
1895 2579 2021 2635 .lcsu

456 2675 672 2732 Patrem
712 2676 924 2747 recipit,
959 2676 1051 2746 qui
1084 2674 1228 2730 misit
1258 2674 1456 2744 ipsum.
1499 2671 1686 2730 Pulesl
1717 2677 1879 2730 etiam
1910 2676 2025 2729 haec

456 2769 630 2824 oratio
659 2770 783 2825 talis
808 2783 928 2825 esse
958 2788 971 2823 :
1010 2768 1109 2836 Qui
1143 2770 1334 2840 recipit
1371 2784 1528 2839 quem
1551 2784 1653 2838 ego
1682 2769 1903 2832 misero,
1939 2782 2025 2821 me

456 2861 680 2931 recipit,
723 2875 788 2918 eo
843 2875 1013 2931 usque
1057 2861 1373 2932 pertingens
1414 2873 1473 2916 ut
1516 2877 1602 2916 me
1630 2860 1892 2929 recipiat;
1933 2860 2022 2929 qui

457 2966 588 3006 vero
617 2965 704 3004 me
733 2966 839 3007 oon
879 2951 1072 3022 recipit
1096 2968 1195 3022 per
1228 2952 1462 3021 aliquem
1489 2967 1669 3007 meum
1696 2951 2022 3020 apostolum,

456 3042 552 3094 sed
577 3037 740 3110 432
776 3054 863 3095 me
891 3040 1104 3109 recipit,
1133 3056 1239 3095 non
1267 3042 1333 3096 ab
1360 3040 1689 3106 hominibus,
1727 3056 1903 3110 nequc
1931 3055 2027 3109 per

457 3132 702 3186 homines
744 3131 1184 3186 administratum
1206 3171 1221 3196 ,
1254 3131 1348 3186 sed
1377 3130 1443 3186 ad
1473 3132 1683 3186 animas
1725 3131 2022 3185 advenien-
2051 3162 2093 3219 ο

459 3232 567 3281 tem
600 3235 786 3276 eorum
821 3221 915 3291 qui
952 3238 1012 3277 se
1056 3223 1200 3291 ipsos
1247 3223 1536 3293 diligenter
1577 3232 2024 3292 praeparaverunt

458 3316 523 3368 ad
557 3316 657 3370 mei
691 3316 1091 3384 receptionem;
1137 3316 1189 3369 hi
1222 3315 1460 3381 Patrem,
1487 3317 1579 3386 qui
1607 3331 1695 3370 me
1720 3316 1906 3381 misit,
1939 3332 2025 3371 re-

457 3406 694 3476 cipiunt,
725 3407 798 3461 ita
822 3416 881 3461 ut
907 3422 1012 3463 non
1040 3406 1189 3462 solus
1210 3422 1310 3477 ego
1329 3407 1577 3462 Christus
1602 3407 1817 3461 futurus
1847 3407 1948 3461 sim
1971 3406 2024 3460 in

456 3497 596 3567 ipso,
626 3498 719 3552 sed
750 3501 865 3569 ipse
882 3513 1097 3569 quoque
1119 3498 1297 3553 Pater.
1318 3498 1611 3553 Possumus
1639 3510 1820 3553 autem
1850 3514 1913 3552 ex
1940 3497 2025 3552 his

458 3591 813 3659 repugnantia
845 3590 1006 3644 etiam
1033 3591 1380 3644 considerare
1406 3607 1421 3643 :
1449 3591 1540 3659 qui
1577 3604 1811 3660 namque
1837 3590 2029 3657 recipit

458 3694 620 3751 quem
652 3680 860 3735 miserit
884 3680 1026 3738 illius
1063 3681 1213 3745 mali,
1241 3679 1333 3734 ille
1359 3681 1755 3735 Antichristum
1794 3680 2025 3749 recipit;

458 3772 549 3840 qui
579 3786 705 3826 vero
734 3773 925 3840 recipit
957 3770 1124 3826 filium
1159 3772 1322 3837 mali,
1349 3781 1405 3826 et
1457 3772 1697 3826 admittit
1724 3786 2026 3827 sermonem

462 3862 685 3918 Christo
730 3864 1064 3920 contrarium
1088 3901 1104 3928 ,
1132 3862 1421 3934 ﬁngentem
1452 3877 1512 3918 se
1555 3878 1676 3919 esse
1718 3865 2026 3928 veritatem,

461 3956 714 4025 falsoque
759 3956 1168 4025 promittentem
1210 3969 1269 4009 se
1294 3954 1736 4022 essejustitiam,
1773 3954 1817 4008 is
1854 3954 2029 4024 ipsum

461 4047 662 4118 recipit
706 4048 934 4105 malum.
991 4048 1352 4114 Quamobrem
1403 4047 1776 4110 attendamus,
1808 4055 1865 4099 ut
1915 4054 2034 4098 tan-

462 4153 625 4208 quam
671 4140 795 4194 boni
828 4140 1173 4210 nunnnularii
1198 4180 1214 4205 ,
1247 4153 1433 4193 eorum
1473 4138 1688 4207 quidem
1739 4153 1859 4207 quae
1892 4152 2029 4191 vera

463 4241 619 4297 sunt,
676 4232 983 4287 ministrum
1042 4234 1358 4302 probemus,
1411 4229 1541 4285 l'alsa
1614 4244 1744 4284 vero
1798 4229 2035 4284 admini—

463 4333 731 4383 Strantem
761 4325 1135 4393 reprobemus.
1176 4327 1354 4393 Atque
1383 4323 1484 4376 hoc
1530 4322 1748 4391 quidem
1789 4322 1841 4374 in
1893 4320 2032 4387 ioco,

469 4433 491 4465 ι
528 4414 629 4480 Qui
660 4416 885 4483 recipit,
953 4415 1166 4485 inquit,
1212 4415 1257 4470 si
1291 4429 1451 4484 quem
1499 4416 1698 4469 misero
1721 4453 1737 4476 ,
1787 4428 1872 4466 me
1898 4413 2038 4467 reci-

2128 1921 2224 1993 μὴ,
2273 1919 2347 1983 ὡς
2393 1918 2716 1988 εἰρήκαμεν,
2772 1911 3001 1966 τοιοῦτοι
3027 1904 3150 1973 ὦσι,
3195 1908 3289 1961 ml.
3315 1908 3396 1960 ὅτι
3428 1905 3701 1975 ἐνδέχεται

2124 2012 2347 2083 καὶτῆς
2382 2007 2684 2081 ἀνθρώπιον
2725 2004 2937 2075 φύσεως
2982 2002 3268 2072 κρείττονα
3301 1999 3428 2052 ὄντα
3479 1998 3699 2067 πέμπε-

2126 2105 2250 2158 σθαι
2282 2101 2388 2155 ὑπὸ
2412 2099 2506 2153 τοῦ
2545 2096 2747 2169 Ἰησοῦ’
2791 2098 2819 2148 6
2842 2089 2933 2148 οὖν
2965 2092 3252 2162 λαμϐάνων
3275 2090 3334 2142 ὃν
3365 2088 3430 2141 ἂν
3451 2087 3641 2157 πέμψῃ
3669 2088 3699 2138 6

2136 2193 2361 2266 Ἰησοῦς,
2402 2192 2493 2245 τὸν
2530 2191 2588 2243 ὲν
2616 2188 2692 2259 τῷ
2719 2185 3075 2242 ἀποσταλέντι
3121 2180 3324 2253 Ἰησοῦν
3349 2179 3613 2250 λαμϐάνει
3631 2196 3644 2209 ·
3669 2180 3702 2230 6

2122 2287 2179 2340 δὲ
2216 2285 2508 2356 λαμϐάνων
2551 2282 2639 2335 τὸν
2684 2278 2890 2352 Ἰησοῦν
2936 2275 3151 2346 Πατέρα
3191 2273 3456 2344 λαμϐάνει
3477 2289 3489 2303 ·
3526 2273 3555 2323 6
3590 2271 3702 2340 ἄρα.

2124 2376 2415 2448 λαμϐάνων
2433 2375 2491 2428 6v
2518 2373 2584 2427 ἂν
2611 2371 2800 2441 πέμψῃ
2822 2372 2855 2424 6
2888 2367 3114 2440 Ἰησοῦς,
3144 2364 3408 2436 λαμϐάνει
3431 2362 3522 2415 τὸν
3554 2361 3699 2431 πέμ-

2083 2465 2098 2481 ’
2124 2470 2299 2539 ψαντα
2326 2467 2418 2520 τὸν
2462 2463 2637 2537 Ἰησοῦ
2670 2461 2908 2533 Πατέρα.
2944 2459 3177 2512 Δύναται
3206 2456 3263 2509 δὲ
3290 2456 3383 2510 καὶ
3409 2453 3645 2515 τοιοῦτος
3670 2455 3702 2505 6

2123 2560 2277 2628 λόγος
2317 2554 2486 2611 εἶναι’
2540 2557 2598 2608 ὐ
2642 2555 2739 2625 μὲν
2772 2552 3062 2623 λαμϐάνων
3090 2549 3149 2605 ὃν
3186 2548 3280 2602 ἐὰν
3322 2544 3432 2614 ἐγὼ
3475 2544 3701 2616 πέμψω,

2124 2653 2224 2724 ἐμὲ
2250 2650 2535 2721 λαμϐάνει,
2568 2649 2662 2701 καὶ
2698 2646 2857 2717 μέχρι
2884 2643 2978 2697 τοῦ
3012 2642 3111 2713 ἐμὲ
3130 2637 3534 2711 παραδέξασθαι
3565 2636 3700 2704 φθά-

2126 2762 2239 2800 νει·
2272 2746 2301 2796 6
2327 2744 2383 2796 δὲ
2403 2741 2477 2813 μὴ
2497 2738 2587 2794 διά
2610 2756 2754 2802 τινος
2776 2736 2910 2809 ἐμοῦ
2940 2733 3237 2790 ἀποστόλου
3258 2733 3359 2803 ἐμὲ
3386 2729 3701 2801 λαμϐάνων,

2125 2836 2259 2892 ἀλλὰ
2291 2834 2483 2907 χωρῶν
2527 2832 2627 2903 ἐμὲ
2667 2831 2768 2885 οὐκ
2808 2831 2902 2883 ἀπ’
2941 2826 3263 2899 ἀνθρώπων,
3293 2826 3353 2878 ού
3386 2823 3453 2877 δι’
3487 2823 3698 2895 ἀνθρώ-

2127 2950 2243 2988 πων
2268 2929 2703 3000 διακονούμενον,
2726 2925 2841 2979 ὰλλ’
2863 2922 3230 2994 ἐπιδημοῦντα
3247 2923 3367 2983 ταῖς
3390 2918 3498 2971 τῶν
3525 2918 3703 2987 εὐτρε-

2125 3026 2399 3079 πισάντων
2429 3021 2655 3082 ἑαυτοὺς
2686 3017 2821 3089 πρὸς
2841 3015 2938 3086 τὴν
2966 3014 3106 3085 ἐμὴν
3136 3011 3448 3082 παραδοχὴν
3477 3008 3698 3078 ψυχαῖς,

2125 3121 2215 3173 τὸν
2247 3117 2541 3189 πέμψαντὰ
2570 3130 2636 3184 με
2658 3109 2924 3182 λαμϐάνει
2942 3107 3183 3177 Πατέρα,
3208 3106 3284 3168 ὡς
3316 3103 3389 3174 μὴ
3413 3103 3571 3173 μόνον
3602 3103 3703 3172 ἐμὲ

2125 3212 2216 3263 τὸν
2261 3207 2493 3280 Χριστὸν
2546 3201 2682 3257 εἶναι
2726 3204 2783 3254 ὲν
2824 3198 2995 3268 αὐτῷ,
3031 3195 3165 3250 ἀλλά
3210 3193 3425 3249 καὶτὸν
3458 3192 3700 3262 Πατέρα.

2128 3303 2284 3354 Ἔστι
2325 3298 2381 3351 δὲ
2415 3297 2481 3349 ὲκ
2518 3295 2723 3348 τούτων
2765 3293 2860 3345 καὶ
2909 3288 2977 3342 τά
3018 3288 3139 3341 κατ’
3182 3283 3531 3352 ἐναντιότητα
3574 3280 3703 3349 νοῆ-

2128 3410 2217 3446 σαι
2257 3389 2371 3461 (62)
2397 3406 2410 3418 ⁸
2458 3390 2486 3440 6
2512 3387 2620 3457 γὰρ
2662 3382 2955 3454 λαμϐάνων
2983 3379 3041 3432 6v
3079 3376 3172 3430 ἐὰν
3202 3373 3394 3445 πέμψῃ
3420 3375 3449 3426 6
3474 3371 3587 3435 υἱὸς
3611 3369 3705 3423 τοῦ

2127 3479 2387 3553 πονηροῦ,
2409 3479 2614 3539 ἐκεῖνος
2635 3475 2727 3528 τὸν
2743 3472 3109 3542 Ἀντίχριοτον
3127 3466 3409 3537 λαμϐάνει·
3439 3466 3468 3517 6
3490 3463 3546 3514 δὲ
3568 3461 3707 3531 λαμ-

2129 3573 2307 3628 ϐάνων
2332 3570 2421 3624 τὸν
2445 3569 2559 3621 υἱὸν
2590 3566 2683 3620 τοῦ
2717 3562 2982 3635 πονηροῦ,
3020 3561 3113 3615 καὶ
3143 3556 3587 3630 παραδεξάμενος
3616 3554 3706 3606 τὸν

2129 3664 2467 3734 ἀντίχριστον
2496 3659 2673 3728 λόγον,
2699 3655 3124 3727 ὑποκρινόμενον
3147 3647 3285 3704 εἷναι
3312 3647 3589 3734 ἀλήθειαν,
3612 3644 3709 3698 καὶ

2128 3730 2337 3824 ψευδιῦς
2361 3748 2826 3819 ἐπαγγελλόμενον
2857 3741 2994 3798 εἶναι
3020 3742 3360 3811 δικαιοσύνην
3378 3780 3393 3805 ,
3433 3730 3587 3800 οὗτος
3620 3737 3711 3789 αὐ-

2129 3847 2222 3902 τὸν
2254 3844 2521 3917 λαμϐάνει
2552 3842 2644 3896 τὸν
2687 3838 2940 3910 πονηρόν.
2981 3837 3073 3889 Διὸ
3106 3834 3483 3907 προσέχωμεν,
3528 3831 3593 3883 ἵν’
3633 3828 3710 3892 ὡς

2132 3941 2286 4001 καλοὶ
2326 3937 2647 4011 τραπεζῖται
2687 3930 3070 4003 δοκιμάζωμεν
3100 3927 3200 3998 μὲν
3230 3925 3318 3978 τὸν
3353 3923 3460 3977 τῶν
3495 3919 3717 3991 ἀληθῶν.

2131 4034 2375 4089 διάκονον
2405 4071 2421 4097 ,
2487 4026 2977 4098 ἀποδοκιμάζωμεν
3040 4023 3097 4076 δὲ
3152 4019 3242 4073 τὸν
3311 4017 3419 4070 τῶν
3476 4013 3709 4085 ψευδῶν.

2147 4123 2363 4179 Ἐνθάδε
2401 4123 2498 4194 μὲν
2520 4117 2613 4176 οὖν
2648 4139 2666 4171 ι
2707 4121 2736 4172 ὁ
2760 4116 3073 4188 λαμϐάνων,
3098 4112 3285 4185 φησὶν,
3309 4110 3404 4164 ὲάν
3431 4124 3550 4161 τινα
3572 4105 3713 4175 πέμ-

2133 4218 2239 4288 ψω,
2275 4216 2374 4287 ἐμὲ
2403 4213 2699 4285 λαμϐάνει·
2750 4212 2778 4264 ὁ
2813 4209 2870 4263 δὲ
2893 4208 2991 4279 ἐμὲ
3014 4204 3305 4277 λαμϐάνων
3325 4198 3593 4270 λαμϐάνει
3621 4195 3713 4288 τὸν

2137 4286 2431 4380 πέμψαντά
2469 4323 2568 4378 με·
2602 4305 2698 4357 καὶ
2744 4306 2772 4357 6
2820 4298 3039 4371 θεωρῶν
3084 4296 3184 4366 ἐμὲ
3220 4293 3415 4362 θεωρεῖ
3448 4290 3541 4343 τὸν

2138 4379 2318 4471 ψαντά
2354 4415 2453 4469 με·
2501 4416 2519 4448 ι
2559 4394 2683 4449 οὔτε
2706 4393 2765 4450 δὲ
2797 4391 3039 4463 εἴρηταιο
3079 4388 3139 4439 'U
3165 4381 3431 4438 πιστεύων
3456 4382 3535 4442 είς
3571 4379 3716 4471 ὑμάς

463 4507 577 4584 pit;
626 4507 723 4576 qui
775 4516 953 4561 autem
998 4521 1085 4561 me
1134 4510 1360 4578 recipit,
1404 4508 1596 4578 recipit
1651 4521 1774 4561 cum
1824 4505 1915 4574 qui
1951 4519 2028 4558 me

2140 4469 2384 4546 πιστεύει
2398 4491 2481 4552 είς
2507 4488 2607 4559 ὲμέ
2628 4503 2641 4518 ’
2668 4484 2791 4539 οὕτε
2810 4501 2823 4514 ·
2861 4483 2920 4534 '0
2947 4477 3167 4549 θεωρῶν
3193 4475 3336 4545 ὑμᾶς
3359 4472 3554 4542 θεωρεῖ
3581 4469 3714 4539 ἐμέ·

467 4598 617 4654 misit
646 4599 693 4630 "
723 4617 738 4654 :
780 4617 800 4651 ι
833 4608 925 4654 et:
949 4617 967 4650 ι
1001 4599 1103 4666 Qui
1130 4601 1275 4656 videt
1297 4616 1401 4665 me,
1432 4601 1575 4655 videt
1595 4614 1740 4662 eum,
1767 4597 1860 4665 qui
1891 4595 2037 4649 misit

467 4705 556 4743 me
579 4689 664 4743 "z
709 4707 729 4741 ι
788 4700 845 4744 at
898 4704 1030 4744 vero
1072 4705 1178 4743 non
1224 4689 1425 4743 dictum
1458 4697 1542 4741 est
1569 4704 1582 4738 :
1614 4685 1716 4752 Qui
1762 4683 1937 4739 credit
1982 4682 2033 4735 in

467 4795 585 4850 vos,
616 4782 790 4837 credit
822 4782 875 4836 in
902 4796 1014 4848 me;
1053 4794 1228 4850 neque
1261 4799 1275 4835 :
1304 4779 1404 4847 Qui
1432 4778 1579 4833 videt
1602 4791 1728 4839 vos,
1748 4775 1894 4829 videt
1918 4787 2030 4827 me:

468 4883 530 4928 ut
550 4873 695 4928 enim
728 4873 1054 4942 recipiamus
1083 4889 1213 4929 suos
1244 4872 1415 4941 ipsius
1451 4869 1726 4939 apostolos
1759 4867 1871 4921 vult
1915 4866 2036 4934 qui-

471 4964 594 5018 dem
632 4963 756 5030 ille,
804 4979 910 5017 non
943 4971 1121 5018 tamen
1153 4973 1210 5017 ut
1256 4964 1310 5016 in
1342 4962 1460 5016 illos
1493 4959 1797 5013 credamus.
1835 4956 2040 5022 Quam-

2141 4582 2436 4657 λαμϐάνειν
2478 4581 2581 4652 μὲν
2617 4578 2726 4648 γὰρ
2764 4575 2913 4647 ἡμᾶς
2948 4571 3195 4642 βούλεται
3226 4568 3352 4629 τοὺς
3386 4561 3721 4657 ἀποστόλους¹

2142 4651 2334 4730 ἑαυτοῦ
2354 4714 2369 4737 ,
2412 4651 2488 4725 οὐν
2509 4670 2614 4742 μὴν
2646 4670 2741 4725 καὶ
2771 4663 3045 4719 πιστεύειν
3067 4664 3145 4725 είς
3167 4657 3381 4719 αὐτούς.
3414 4651 3716 4723 Δαμϐάνω-

2145 4782 2244 4836 μεν
2279 4760 2371 4818 οὖν
2402 4764 2527 4825 τοὺς
2561 4759 2665 4813 ὑπὸ
2695 4757 2790 4811 τοῦ
2821 4756 2992 4824 Λόγου
3028 4755 3159 4824 ἡμῖν
3198 4744 3715 4816 ἀποστελλομένους,

2143 4833 2236 4916 καὶ
2264 4857 2425 4911 αὑτὸν
2455 4854 2546 4907 τὸν
2574 4852 2745 4919 Λόγον
2778 4848 2870 4904 τοῦ
2902 4846 3037 4901 Θεοῦ
3058 4863 3070 4876 ’
3107 4843 3371 4915 μηδέποτε
3399 4838 3454 4892 δὲ
3488 4833 3719 4907 παραδε-

2148 4951 2367 5023 ξὼμεθα
2397 4946 2691 5003 ἀπόστολον
2719 4939 3106 5012 Ἀντιχρίστου,
3142 4937 3234 4989 καὶ
3266 4933 3422 5001 λόγον
3453 4927 3643 4999 ψευδῆ.

469 5054 655 5115 ebrem
692 5025 1023 5122 recipiamus
1064 5067 1160 5107 eos
1221 5051 1313 5121 qui
1367 5066 1400 5104 a
1464 5047 1725 5104 Sermone
1784 5047 1848 5099 ad
1884 5059 1983 5098 nos
2054 5043 2382 5105 mittuntur,
2414 5040 2707 5109 ipsumque,
2750 5035 2843 5089 Dei
2892 5032 3247 5095 Sermonem;
3299 5025 3722 5092 haudquaquam

472 5157 654 5201 tamen
684 5146 1009 5216 recipiamus
1031 5144 1331 5212 apostolum
1354 5141 1675 5197 Antichristi
1707 5151 2118 5206 sermonemque
2151 5136 2367 5191 falsum.

540 5239 628 5292 Η.
675 5256 695 5289 ι
726 5236 860 5292 Cum
891 5237 1006 5290 hinc
1038 5237 1271 5290 dixisset
1302 5233 1485 5300 Iesus,
1512 5233 1762 5289 turbatus
1795 5238 1879 5284 est
1921 5229 2033 5297 spi-

469 5330 621 5396 ritu,
670 5338 727 5385 et
774 5327 1098 5393 testiﬁcatus
1135 5337 1250 5391 est,
1296 5336 1352 5381 et
1395 5325 1577 5380 dixit;
1620 5327 1824 5387 Amen,
1878 5334 2035 5391 amen

471 5422 593 5478 dico
612 5420 789 5489 vobis,
806 5421 950 5491 quod
973 5433 1110 5474 unus
1129 5432 1196 5472 ex
1216 5416 1367 5473 vobis
1387 5430 1472 5472 me
1493 5416 1804 5487 proditurus
1826 5411 1989 5467 est”.
2015 5427 2034 5462 ι

2215 5228 2302 5283 ii.
2343 5247 2361 5279 ι
2392 5223 2577 5281 Ταῦτα
2607 5220 2777 5281 είπὼν
2808 5221 2837 5273 6
2881 5216 3086 5289 Ἰησοῦς
3134 5210 3407 5285 ἐταράχθη
3433 5208 3511 5280 τῷ
3560 5202 3725 5261 πνεύ-

2153 5338 2325 5393 ματι,
2380 5319 2474 5389 καὶ
2526 5314 2876 5387 ἐμαρτύρησε
2929 5311 3023 5364 καὶ
3068 5304 3255 5361 εἶπενο
3313 5301 3525 5374 Ἀμὴν,
3580 5299 3727 5370 ἀμὴν

2148 5392 2291 5477 λέγω
2330 5407 2480 5479 ὑμῖν,
2502 5408 2583 5461 ὅτι
2607 5400 2686 5470 εἷς
2710 5396 2769 5471 ἐξ
2795 5403 2948 5475 ὑμῶν
2993 5395 3306 5470 παραδώσει
3367 5410 3455 5465 με.
3497 5412 3516 5444 ι
3574 5392 3729 5444 Ἀνω-

542 5535 590 5569 ﬂ
618 5536 904 5609 [φορ-ιη,
928 5535 986 5589 Ξ.
1060 5535 1110 5568 ⁷⁵
1138 5533 1315 5591 Galat.
1348 5548 1411 5609 tl,
1437 5533 1493 5591 9.
1568 5532 1614 5564 ⁷⁸
1651 5532 1671 5587 Ι
1700 5532 1823 5588 Cor.
1850 5547 1923 5597 ιν,
1956 5528 2013 5584 3-

2128 5528 2132 5538 '
2163 5526 2296 5585 ibid.
2372 5526 2419 5561 ⁷⁸
2439 5525 2599 5581 Joan.
2627 5539 2747 5589 xm,
2782 5521 2878 5574 20.
2947 5522 2992 5554 ⁷³
3015 5516 3173 5572 .loan.
3211 5528 3311 5578 xit,
3342 5511 3431 5566 45.
3489 5509 3538 5541 ⁸⁰
3565 5507 3724 5562 Joan.

473 5623 598 5679 sin,
635 5606 729 5681 21,
757 5604 849 5660 22.

548 5701 662 5771 (6t)
696 5701 799 5777 δίο.
815 5699 981 5777 codex
1016 5699 1381 5777 Bodleianus,
1424 5698 1628 5770 Regius
1661 5711 1809 5766 vero,
1844 5696 1938 5749 ἐὰν
1967 5694 2053 5749 δέ-

473 5768 727 5853 χεταιςπέ
735 5768 993 5853 μψασθαιι,

2196 5685 2345 5817 ὰαῆ)
2380 5683 2565 5740 Codex
2610 5679 2811 5751 Regius
2841 5690 3125 5749 perperam
3154 5673 3313 5747 habet
3331 5668 3613 5741 κατέναντι
3642 5666 3733 5741 aut

2260 5773 2467 5817 νοησαι.

2161 5773 2230 5819 τά
2260 5773 2467 5821 νοησαι.
