4182 6376
382 329 528 379 κων.
847 330 853 341 -
1408 314 1766 369 tztmuENr.
1805 314 1868 365 IN
1902 314 2100 367 JOAN.
2143 312 2384 367 TOMUS
2422 312 2637 367 xxxu.
3534 317 3637 372 τωο

385 440 530 513 τέρω
561 434 710 492 sine“
748 456 767 489 ι
811 434 925 489 Νῦν
953 435 987 506 ἡ
1020 434 1164 505 ψυχή
1199 449 1297 503 μου
1330 432 1692 501 τετάρακται·
1731 448 1748 480 ι
1790 426 1883 482 νῦν
1904 428 1962 481 δέ

2091 429 2332 500 Superius
2351 430 2596 485 dixerat:
2628 448 2647 481 ι
2676 428 2830 484 Nunc
2848 428 3025 483 anima
3043 443 3161 484 mea
3190 428 3398 483 turbata
3413 440 3497 485 est
3515 433 3557 464 '“
3578 451 3593 496 ;
3621 451 3638 482 ι

387 536 621 603 Λέγεται,
663 533 745 584 ὅτι
782 549 800 581 ι
842 529 1029 582 Ταῦτα
1062 525 1231 581 εἰπὼν
1262 527 1291 578 ὁ
1341 524 1545 595 Ἰησοῦς
1582 520 1856 594 ἐταράχθη
1890 519 1966 592 τῷ

2091 538 2214 576 tunc
2236 536 2370 576 vero
2393 522 2593 576 dicitur
2634 538 2647 573 :
2689 539 2707 572 ι
2738 521 2863 576 Haec
2889 537 3012 575 cum
3050 522 3274 576 dixisset
3301 518 3489 582 Jesus,
3528 529 3643 575 tnr-

391 626 661 696 πνεύματι
683 641 696 653 ·
712 642 731 675 ι
755 623 848 677 καὶ
876 620 1023 692 ζητῶ
1037 618 1261 673 τοιαῦτα
1281 618 1360 680 είς
1383 617 1473 671 τὸν
1489 616 1673 681 τόπον,
1698 615 1749 667 τί
1768 614 1968 684 δήποτε

2091 622 2227 666 ratus
2259 621 2343 667 est
2380 613 2606 683 spiritu;
2650 632 2669 664 ι
2702 623 2756 668 et
2800 627 2983 682 quaero
3014 613 3158 665 hunc
3184 612 3235 664 in
3263 611 3440 667 locum
3474 613 3599 666 talia
3629 629 3645 677 ;

387 720 488 773 οὐκ
516 718 730 788 εἴρηται
773 714 1032 782 ἀνάλογον
1064 711 1143 783 τῷ
1163 729 1176 742 ο
1220 730 1238 762 t
1278 708 1393 764 Νῦν
1426 711 1460 779 ἡ
1488 709 1633 779 ψυχή
1671 724 1771 777 μου
1806 705 1966 758 τετά-

392 827 612 881 ρακται,
647 829 665 860 ι
698 808 789 861 τόο
821 826 838 857 ι
868 806 941 858 Τὸ
969 804 1187 875 πνεῦμα
1222 822 1241 854 ι
1273 802 1367 855 τοῦ
1401 800 1576 872 Ἰησοῦ
1602 800 1932 871 τετάρακται
1952 814 1966 828 ο

390 905 424 974 ἢ
479 902 739 971 ἀνάλογον
788 898 897 970 τῷ·
941 895 1287 969 «Ἐταράχθη
1339 893 1418 965 τῷ
1472 893 1759 963 πνεύματι,
1806 910 1823 942 ι
1873 889 1966 942 τό·

408 1015 429 1049 ι
469 996 583 1049 Νῦν
613 998 646 1066 ἡ
681 995 826 1065 ψυχή
860 1010 960 1064 μου
992 989 1342 1060 τετάρακται.
1383 1005 1403 1038 ι
1438 985 1548 1040 Καὶ
1578 982 1753 1037 ταῦτα
1791 980 1972 1052 ζητεῖν

402 1089 674 1160 ἐτόλμησα
713 1087 968 1159 μετρίως,
1002 1084 1247 1155 τηρήσας
1276 1083 1333 1134 ἐν
1358 1079 1507 1152 πάσῃ
1540 1076 1649 1150 (65)
1684 1078 1747 1147 τῇ
1782 1076 1971 1145 Γραφῇ

396 1181 657 1250 διαφορὰν
702 1178 879 1248 ψυχῆς
921 1177 1013 1229 καὶ
1059 1174 1398 1245 πνεύματος,
1441 1171 1536 1224 καὶ
1571 1169 1733 1239 μέσον
1776 1165 1878 1237 μέν
1922 1182 1973 1217 τι

396 1272 616 1342 θεωρῶν
648 1268 899 1339 εἶναιτὴν
920 1268 1096 1339 ψυχὴν
1130 1266 1224 1320 καὶ
1245 1263 1632 1333 ἐπιδεχομένην
1652 1258 1855 1331 ἀρετὴν
1880 1256 1974 1310 καὶ

403 1366 598 1421 κακίαν
617 1382 630 1394 ·
666 1363 1010 1418 ἀνεπίδεκτον
1037 1361 1092 1414 δὲ
1122 1359 1230 1412 τῶν
1262 1357 1518 1428 χειρόνων
1542 1356 1603 1407 τὸ
1636 1352 1851 1422 πνεῦμα
1879 1348 1971 1403 τοῦ

404 1456 692 1527 ἀνθρώπου
725 1455 786 1508 τὸ
819 1457 876 1507 ἐν
909 1451 1087 1522 αὐτῷ’
1122 1451 1191 1502 τὰ
1214 1451 1322 1521 γὰρ
1354 1447 1615 1501 κάλλιστα
1647 1444 1850 1516 καρποὶ
1885 1441 1974 1494 λέ-

404 1562 588 1615 γονται
623 1546 761 1599 εἶναι
800 1543 894 1597 τοῦ
924 1541 1249 1612 πνεύματος,
1293 1539 1392 1609 οὐχ
1432 1538 1507 1601 ὡς
1548 1537 1615 1590 ἂν
1651 1534 1857 1606 οἰηθείη
1892 1549 1977 1595 τις

404 1638 497 1691 τοῦ
532 1639 709 1706 ἁγίου,
751 1637 885 1691 ἀλλὰ
927 1635 1020 1689 τοῦ
1059 1632 1345 1703 ἀνθρώπου
1367 1651 1379 1663 ·
1417 1631 1552 1702 πρὸς
1574 1626 1976 1698 ἀντιδιαστολὴν

400 1732 508 1803 γὰρ
535 1729 723 1784 τούτου
760 1728 967 1800 φανερὰ
1006 1728 1222 1797 λέγεται
1258 1722 1397 1780 εἶναι
1444 1724 1510 1778 τὰ
1547 1722 1682 1795 ἔργα
1714 1722 1812 1792 τῆς
1847 1737 1980 1791 σαρ-

2072 720 2297 759 curnam
2344 697 2552 761 scilicet
2578 707 2779 762 dictum
2823 720 2930 760 non
2985 704 3189 770 fuerit,
3238 704 3472 774 Spiritus
3518 703 3649 760 Jesu

2074 796 2322 851 turbatus
2371 805 2488 862 est,
2541 797 2768 867 perinde
2812 804 3004 866 atque,
3045 813 3064 847 t
3094 794 3249 850 Nunc
3299 796 3476 850 anima
3528 809 3647 849 mea

2074 890 2288 943 turbata
2330 894 2445 954 est;
2481 906 2501 939 ι
2532 887 2613 942 vel
2650 902 2747 942 cur
2775 885 2880 941 hoc
2903 885 3107 941 dictum
3143 903 3157 939 :
3199 904 3218 937 ι
3262 885 3417 941 Nunc
3467 886 3648 939 anima

2076 993 2194 1032 mea
2224 978 2439 1032 turbata
2478 987 2596 1044 est,
2640 998 2660 1031 ι
2694 979 2763 1033 ad
2805 977 3214 1033 similitudinem
3266 978 3410 1032 illius
3465 977 3594 1033 dicti
3630 996 3644 1032 :

2082 1088 2099 1119 ι
2130 1068 2406 1124 Turbatus
2428 1076 2514 1124 est
2532 1068 2727 1138 spiritu
2749 1109 2764 1136 ,
2798 1086 2817 1120 ι
2861 1072 3271 1138 pronuntiatum
3305 1083 3415 1123 non
3462 1067 3645 1121 fuerit.

2076 1161 2205 1227 Quae
2233 1173 2480 1229 quaerere
2513 1172 2679 1214 ausus
2707 1174 2827 1213 sum
2858 1158 3233 1223 mediocriter,
3264 1158 3406 1228 quod
3442 1172 3538 1227 per
3565 1166 3650 1211 to-

2080 1262 2188 1305 tam
2219 1250 2559 1318 Scripturam
2582 1249 2868 1320 diligenter
2899 1248 3304 1303 observaverim
3338 1248 3567 1317 spiritus
3596 1258 3651 1302 et

2078 1343 2274 1396 anima!
2299 1339 2696 1407 differentiam,
2744 1339 3090 1408 mediumque
3116 1340 3369 1408 quiddam
3422 1338 3649 1393 viderim

2078 1448 2199 1488 esse
2223 1432 2483 1501 animam,
2505 1445 2873 1500 capacemque
2900 1431 3367 1497 virtutis_etvitii;
3399 1430 3649 1500 spiritum

2077 1541 2209 1580 vero
2238 1525 2474 1580 hominis
2496 1525 2589 1594 qui
2622 1525 2678 1578 in
2705 1525 2823 1596 ipso
2850 1535 2963 1591 est,
2991 1524 3131 1577 mala
3158 1525 3401 1594 recipere
3428 1523 3654 1579 minime

2079 1633 2283 1687 posse;
2330 1617 2529 1687 quippe
2579 1632 2701 1671 cum
2760 1632 2848 1672 res
2885 1619 3104 1687 optima:
3151 1616 3364 1671 fructus
3403 1616 3654 1670 dicantur

2081 1724 2201 1764 esse
2265 1708 2509 1779 spiritus,
2552 1717 2608 1765 et
2655 1708 2878 1779 spiritus
2935 1708 3205 1772 hominis,
3266 1722 3374 1761 non
3420 1706 3655 1774 Spiritus

401 1798 519 1886 δὲδὲ,
571 1823 748 1875 πάντα
774 1798 967 1891 Ῠψεκτὰ
1013 1820 1377 1890 τυγχάνοντα·
1428 1816 1550 1870 ἐπεὶ
1613 1814 1778 1885 μηδὲν
1823 1812 1983 1885 ἔργον

2091 1803 2295 1867 sancti,
2328 1811 2386 1856 ut
2412 1801 2771 1856 arbitraretur
2811 1800 3035 1870 aliquis.
3082 1798 3218 1853 Nam
3248 1799 3313 1852 ad
3344 1798 3654 1854 distinctio-

401 1914 605 1985 σαρκὸς
645 1912 944 1966 ἐπαινετόν.
998 1910 1179 1977 ’Ἃπαξ
1211 1911 1269 1963 δὲ
1302 1909 1464 1980 μέχρι
1501 1905 1595 1959 τοῦ
1637 1904 1797 1975 δεῦρο
1825 1899 1981 1973 εὗρον

401 2007 618 2078 πνεῦμα
656 2006 860 2077 φαύλου
896 2005 1289 2078 σκληρύνεσθαι
1317 2003 1608 2071 λεγόμενον
1636 1998 1741 2051 ὑπὸ
1774 1997 1978 2069 Κυρίου

399 2098 494 2152 τοῦ
542 2099 704 2152 Θεοῦ·
752 2098 1065 2170 γέγραπται
1110 2096 1217 2167 γὰρ
1256 2094 1428 2156 οὓτως
1460 2093 1518 2144 ἐν
1552 2089 1628 2160 τῷ
1663 2091 1980 2158 Δευτερονο-

405 2190 513 2262 μίῳ
537 2208 552 2222 ·
584 2212 603 2243 ‹
640 2192 752 2245 Καὶ
775 2193 875 2244 οὐκ
901 2190 1132 2261 ἠθέλησε
1155 2187 1307 2259 Σηὼν
1331 2185 1581 2257 βασιλεὺς
1614 2180 1847 2235 Ἐσεϐὼν
1869 2178 1978 2251 (64)

402 2283 694 2356 παρελθεῖν
734 2285 880 2355 ἡμᾶς
926 2283 993 2335 δι’
1029 2281 1215 2346 αὐτοῦ,
1254 2281 1335 2333 ὅτι
1380 2278 1680 2348 ἐσκλήρυνε
1709 2274 1912 2346 Κύριος
1954 2275 1983 2325 ὁ

402 2377 537 2440 Θεὸς
566 2376 625 2430 τὸ
648 2375 866 2446 πνεῦμα
888 2372 1077 2438 αὑτοῦ,
1102 2374 1195 2428 καὶ
1221 2373 1517 2442 κατίσχυσε
1542 2367 1768 2441 καρδίαν
1792 2364 1979 2429 αὐτοῦ,

403 2470 493 2523 ἵνα
542 2468 818 2539 παραδοθῇ
865 2469 943 2531 εἰς
985 2466 1083 2525 τὰς
1132 2464 1320 2536 χεῖράς
1364 2480 1483 2525 σου,
1512 2460 1588 2524 ὼς
1619 2463 1677 2513 ἐν
1704 2462 1770 2530 τῇ
1800 2458 1986 2531 ἡμέρᾳ

401 2560 596 2631 ταύτῃ·
625 2578 648 2613 ι
682 2559 816 2613 ἀλλὰ
839 2558 906 2612 τὰ
934 2559 1060 2628 περὶ
1090 2558 1187 2628 μὲν
1218 2555 1409 2609 τούτου
1434 2553 1759 2624 οἰκειότερον
1792 2553 1851 2604 ἐν
1872 2553 1983 2613 τοῖς

402 2657 486 2718 εὶς
516 2655 578 2707 τὸ
607 2651 1023 2725 Δευτερονόμιον
1063 2646 1373 2718 ἐξετασθείη
1416 2646 1480 2701 ἄν
1501 2666 1514 2679 ·
1546 2644 1640 2699 νῦν
1678 2645 1735 2698 δὲ
1772 2644 1988 2716 πρόκει-

402 2765 493 2802 ται
533 2746 722 2815 ,λέγειν
786 2744 904 2807 πῶς
950 2743 1021 2797 τὰ
1079 2740 1459 2815 προειρημένα
1501 2738 1671 2792 εἰπὼν
1708 2738 1737 2789 ὁ
1779 2737 1985 2809 Ἰησοῦς

403 2835 703 2908 ἐταράχθη,
733 2835 794 2887 οὗ
813 2834 911 2905 τὴν
930 2833 1129 2905 ψυχὴν,
1163 2832 1285 2886 οὐδὲ
1306 2833 1372 2902 τῇ
1397 2829 1564 2901 ψυχῇ,
1599 2827 1714 2882 ἀλλ’
1739 2826 1860 2883 οὐδὲ
1890 2826 1984 2879 τοῦ

405 2928 745 2998 πνεύματος,
776 2926 912 2984 ἀλλὰ
941 2925 1019 2996 τῷ
1061 2924 1351 2995 πνεύματι.
1404 2923 1498 2976 Ἵν’
1533 2917 1626 2975 οὖν
1652 2919 1715 2972 τὸ
1743 2918 1984 2990 περὶτοῦ

407 3017 718 3089 πνεύματος
760 3017 1139 3087 παρατήρημα
1193 3016 1269 3086 μὴ
1314 3011 1602 3082 διαπίπτῃ,
1636 3009 1874 3074 λεκτέον,
1904 3009 1985 3061 ὅτι

407 3113 466 3164 ἐν
499 3109 596 3181 μὲν
622 3108 699 3180 τῷ
720 3127 733 3139 ·
775 3128 793 3161 ι
835 3108 951 3161 Νῦν
989 3109 1023 3178 ἡ
1047 3107 1192 3177 ψυχή
1229 3122 1329 3175 μου
1356 3103 1704 3174 τετάρακται,
1748 3120 1767 3152 ι
1803 3101 1865 3154 τὸ
1888 3101 1986 3171 τῆς

2085 1911 2206 1950 nem
2234 1895 2396 1965 hujus
2424 1895 2651 1964 spiritus
2684 1895 2951 1959 hominis,
2982 1891 3269 1948 manifesta
3323 1906 3486 1961 opera
3532 1904 3657 1944 car-

2084 1987 2167 2040 nis
2191 1988 2572 2056 nuncupantur
2601 2002 2662 2040 ea
2709 1986 2890 2039 omnia
2924 1999 3045 2054 quae
3088 1993 3215 2038 sunt
3255 1979 3679 2048 vituperabilia,

2083 2077 2339 2146 quoniam
2395 2077 2599 2131 nullum
2643 2087 2725 2131 est
2767 2078 2950 2131 carnis
2982 2090 3121 2144 opus
3158 2073 3451 2130 laudabile.
3497 2071 3658 2144 5.33

2087 2172 2358 2225 Ilactenus
2409 2178 2589 2224 autem
2641 2170 2807 2225 semel
2855 2169 3036 2223 inveni
3103 2167 3352 2238 spiritum
3421 2166 3658 2220 hominis

2085 2263 2211 2317 mali
2244 2262 2485 2317 indurari
2520 2261 2719 2316 dictum
2768 2276 2798 2313 a
2828 2261 3057 2315 Domino
3087 2260 3213 2319 Deo.
3261 2257 3415 2311 Hunc
3435 2258 3581 2311 enim
3605 2256 3658 2309 in

2085 2354 2304 2408 modum
2331 2333 2707 2421 scriptum’est
2730 2352 2784 2405 in
2814 2350 3235 2406 Deuteronomio
3264 2366 3278 2402 :
3321 2368 3338 2399 ι
3370 2348 3661 2415 Noluitque

2087 2447 2250 2509 Seon,
2284 2460 2379 2501 rex
2424 2444 2657 2509 Esebon,
2687 2443 2964 2513 praeterire
3000 2457 3102 2497 nos
3134 2455 3230 2511 per
3272 2441 3445 2511 ipsum
3470 2479 3484 2502 ,
3518 2437 3661 2507 quod

2089 2540 2440 2594 induraverat
2472 2535 2733 2591 Dominus
2762 2535 2904 2590 Deus
2931 2535 3180 2605 spiritum
3212 2534 3359 2602 ejus;
3407 2542 3459 2586 et
3501 2547 3664 2585 occu-

2087 2629 2236 2701 pavit
2263 2643 2358 2684 cor
2386 2626 2504 2697 ejus
2525 2667 2541 2693 ,
2571 2637 2632 2681 ut
2666 2626 2973 2681 traderetur
3024 2624 3077 2678 in
3111 2640 3304 2679 manus
3341 2632 3491 2685 tuas,
3520 2630 3578 2673 ut
3608 2621 3662 2674 iu

2089 2720 2177 2775 die
2200 2719 2303 2775 hac
2327 2719 2372 2751 ⁸⁸
2402 2734 2418 2784 ;
2458 2737 2476 2769 ι
2515 2733 2633 2787 quae
2655 2716 2872 2787 quidem
2899 2714 3357 2770 accommodatius
3381 2713 3435 2766 in
3467 2714 3667 2766 Deute~

2090 2812 2341 2870 ronomio
2384 2811 2863 2866 examinabuutur.
2913 2804 3069 2860 Nunc
3111 2814 3291 2859 autem
3326 2800 3663 2873 propositum

2088 2917 2174 2961 est
2205 2906 2366 2962 nobis
2403 2904 2616 2972 dicere,
2648 2900 2953 2972 quomoda,
2981 2914 3100 2968 qua:
3120 2896 3371 2966 superius
3404 2894 3665 2957 diximus,

2091 2999 2306 3054 locutus
2331 2995 2514 3060 Jesus,
2543 2995 2793 3049 turbatus
2831 2993 3032 3058 luerit;
3062 3001 3116 3045 et
3150 3005 3249 3044 cur
3275 2987 3525 3044 turbatus
3558 2999 3666 3041 nou

2093 3093 2256 3147 fuerit
2304 3091 2359 3145 in
2391 3091 2572 3143 anima
2594 3128 2611 3155 ,
2645 3100 2821 3157 neque
2846 3095 3067 3155 propter
3100 3084 3339 3138 animam
3362 3121 3377 3147 ,
3424 3092 3602 3149 neque
3637 3091 3669 3131 a

408 3170 652 3274 ταραχῆς
671 3170 845 3264 πάθος
866 3170 1042 3271 ψυχῆξ
1208 3170 1267 3251 ἐν
1293 3197 1349 3251 δὲ
1372 3194 1452 3266 τῷ
1468 3170 1503 3226 ο-
1521 3213 1539 3246 ι
1587 3192 1893 3265 Ἐταράχθη
1912 3191 1991 3262 τῷ

2094 3183 2286 3255 Spiritu
2311 3223 2328 3249 ,
2378 3181 2471 3236 sed
2502 3180 2717 3249 spiritu.
2760 3176 2838 3232 Ne
2880 3177 3044 3248 igitur
3071 3174 3219 3245 quod
3254 3170 3669 3228 observavimus

710 3295 739 3346 ὁ
782 3260 1036 3363 Ἰησοῦξξν
1057 3309 1076 3341 ι
1097 3260 1252 3360 ’ὅπερ
1284 3287 1400 3340 ἐστί
1424 3260 1495 3340 ’τὸ
1525 3260 1892 3357 ἀνθρώπινον,
1930 3260 1991 3335 τὸ

2093 3278 2158 3329 de
2205 3273 2397 3342 spiritu
2430 3278 2759 3343 praetereat,
2800 3267 3085 3323 dicendum
3110 3273 3231 3330 est,
3278 3261 3373 3318 ubi
3426 3260 3665 3315 dicitur:

411 3349 582 3447 πάθοξ
625 3378 695 3453 ἦν
734 3349 1029 3453 ἐρχδμενον
1060 3381 1126 3451 τῇ
1168 3349 1497 3449 ἐπικρατείᾳ
1527 3349 1955 3445 τοῦΙπνεύματος
1975 3389 1986 3401 ·

2098 3383 2118 3417 ι
2153 3363 2310 3420 Nunc
2338 3365 2519 3419 anima
2549 3378 2666 3417 mea
2708 3363 2920 3416 turbata
2956 3368 3061 3425 est,
3100 3376 3120 3410 ι
3159 3354 3306 3409 illam
3339 3349 3669 3407 turbationis

410 3444 487 3535 ὥς
517 3442 626 3542 γάρ
649 3442 692 3524 ’ὁ
911 3469 976 3541 ζῇ
1019 3442 1763 3539 πνεύματι-προκατάρχοντι
1792 3442 1903 3518 τῶν
1936 3464 1991 3515 ἐν

2093 3459 2433 3516 affectionem
2472 3457 2639 3511 fuisse
2665 3456 2892 3519 animae;
2921 3452 3010 3506 ubi
3038 3464 3171 3506 vero
3196 3447 3427 3504 dicitur:
3469 3462 3488 3496 ι
3511 3442 3671 3502 Jesus

412 3564 490 3634 τῷ
524 3536 645 3635 ζῇν,
672 3536 976 3635 καὶ-πάσηξ
993 3536 1266 3636 πράξεως,
1294 3536 1390 3615 και
1404 3536 1593 3631 εὐχῆς,
1618 3559 1711 3612 καὶ
1741 3557 1835 3611 τοῦ
1859 3557 1991 3627 πρὸς

2095 3558 2342 3607 turbatus
2356 3561 2439 3606 est
2456 3551 2674 3621 spiritu,
2694 3568 2714 3601 ι
2737 3545 3078 3601 affectionem
3094 3543 3384 3598 humanam
3401 3536 3571 3592 fuisse
3588 3548 3673 3587 ve-

412 3657 546 3710 Θεὸν
601 3656 772 3727 ὕμνου
798 3673 812 3688 ·
864 3656 1036 3719 οὕτως
1065 3657 1191 3709 πᾶν
1240 3655 1269 3708 ὅ
1312 3653 1366 3706 τί
1405 3653 1525 3707 ποτ’
1566 3651 1632 3707 ἂν
1668 3654 1819 3723 ποιῇ,
1853 3652 1998 3707 ποιεῖ

415 3749 715 3819 πνεύματι·
750 3747 887 3802 ἀλλὰ
915 3748 1018 3802 κᾶν
1049 3747 1254 3817 πάσχῃ,
1293 3744 1491 3815 πάσχει
1525 3743 1813 3815 πνεύματι.
1844 3743 1907 3795 Εἰ
1939 3740 1996 3793 δὲ

414 3842 441 3891 ὁ
476 3839 650 3907 ἅγιος,
694 3838 846 3908 πόσῳ
899 3837 1100 3909 μᾶλλον
1134 3835 1328 3895 ,ταῦτα
1367 3834 1585 3888 λεκτέον
1609 3830 1857 3903 περὶτοῦ
1890 3830 1998 3885 τῶν

416 3930 586 3999 ἁγίων
608 3929 851 4002 ἀρχηγοῦ
903 3928 1100 3999 Ἰησοῦ,
1129 3922 1191 3983 οὗ
1218 3928 1279 3981 τὸ
1310 3927 1532 3998 πνεῦμα
1561 3929 1658 3983 τοῦ
1686 3923 1995 3996 ἀνθρώπου,

417 4027 475 4076 ὲν
496 4023 575 4094 τῷ
605 4022 953 4094 ἀνειληφέναι
992 4022 1156 4076 αὐτὸν
1184 4020 1305 4075 ὅλον
1334 4019 1640 4091 ἄνθρωπον,
1682 4018 1742 4070 τὸ
1766 4018 1824 4070 ἐν
1852 4014 2001 4085 αὑτῷ

417 4116 647 4170 διέσεισε
684 4115 754 4169 τὰ
787 4114 953 4169 λοιπὰ
995 4117 1053 4167 ἐν
1096 4113 1245 4184 αὐτῷ
1292 4111 1641 4185 ἀνθρώπινα;
1678 4109 1791 4163 Καὶ
1830 4106 2003 4170 οὕτως

420 4213 697 4286 ἐταράχθη
733 4212 811 4281 τῷ
847 4213 1140 4282 πνεύματι,
1177 4210 1264 4264 ἵνα
1297 4208 1642 4280 μαρτυρήσῃ,
1681 4206 1776 4261 καὶ
1806 4204 1896 4259 ἵνα
1921 4201 2001 4255 εἴ-

421 4324 500 4380 πῃ
544 4305 683 4378 μετὰ
712 4303 806 4362 τοῦ
838 4303 984 4358 θείου
1027 4303 1192 4357 οἱονεὶ
1223 4302 1407 4373 ὅρκου,
1439 4298 1555 4363 τοῦ,
1591 4318 1610 4350 ι
1631 4296 1821 4368 Ἀμὴν,
1857 4314 1875 4346 ι
1902 4293 1963 4347 τό
1985 4311 1998 4327 ο

427 4421 444 4450 ι
478 4400 636 4468 Λέγω
682 4399 832 4469 ὑμῖν,
864 4397 946 4451 ὅτι
983 4389 1065 4459 εἷς
1108 4392 1169 4459 ἐξ
1196 4392 1350 4465 ὑμῶν
1377 4389 1687 4464 παραδώσει
1720 4405 1786 4459 με
1810 4405 1822 4418 ·
1862 4406 1881 4439 ι
1907 4384 2002 4439 τοῦ

422 4492 532 4562 γὰρ
570 4490 900 4560 πνεύματος,
932 4483 1106 4559 οἶμαι,
1140 4486 1517 4557 θεωρήσαντος
1540 4483 1601 4535 τὸ
1634 4482 1733 4553 ἤδη
1770 4479 1878 4534 ἀπὸ
1907 4477 2001 4532 τοῦ

424 4583 673 4636 διαϐόλου
711 4580 1039 4652 βεϐλημένον
1063 4580 1143 4642 εἰς
1166 4577 1265 4649 τὴν
1298 4576 1527 4648 καρδίαν
1567 4574 1737 4627 Ἰούδα
1765 4574 2005 4643 Σίμωνος

439 4669 807 4743 Ἰσκαριώτου,
831 4671 917 4723 ἵνα
932 4669 1022 4723 τὸν
1049 4667 1377 4723 Διδάσκαλον
1403 4663 1651 4736 παραδῷ,
1675 4662 2006 4733 φωτισθεῖσα

427 4762 488 4816 τὸ
516 4764 772 4833 ἐσόμενον
812 4759 924 4832 (65)
953 4759 1227 4831 ἐταράχθη
1250 4774 1263 4788 °
1302 4756 1396 4811 καὶ
1425 4756 1548 4809 ἐπε)¹
1574 4757 1608 4826 ἡ
1648 4753 1861 4827 ταραχὴ
1895 4753 2004 4806 ἀπὸ

427 4855 527 4925 τῆς
554 4856 613 4909 ἐν
638 4852 908 4923 πνεύματι
926 4851 1182 4921 γνώσεως
1204 4849 1516 4919 γεγένηται,
1551 4846 1579 4899 ὃ
1602 4845 1695 4900 καὶ
1717 4847 1774 4899 ἐν
1792 4847 2006 4916 ταραχῇ

426 4946 668 5015 ἐγένετο,
727 4943 952 5016 Ἰησοῦς,
999 4943 1237 5015 εἴρηται,
1284 4937 1561 5011 ἐταράχθη
1604 4937 1681 5008 τῷ
1715 4936 2005 5007 πνεύματι.

2097 3646 2331 3699 nientem
2353 3661 2382 3696 a
2397 3643 2636 3698 dominio
2660 3640 2903 3709 spiritus.
2918 3636 2991 3692 Ut
3010 3636 3153 3690 enim
3174 3641 3395 3689 sanctus
3414 3630 3544 3683 vivit
3564 3627 3671 3695 spi-

2098 3739 2203 3791 ritu
2228 3736 2544 3805 auspicante
2565 3734 2619 3787 in
2639 3735 2748 3787 vita
2773 3731 3038 3785 actionem
3056 3740 3293 3793 omnem,
3317 3732 3371 3777 et
3391 3731 3594 3785 votum,
3618 3729 3675 3772 et

2100 3827 2311 3883 laudem
2336 3827 2402 3881 ad
2432 3827 2633 3898 Deum;
2672 3823 2753 3877 sic
2785 3819 3048 3891 quidquid
3080 3818 3293 3885 fecerit,
3326 3816 3378 3871 id
3404 3815 3534 3869 facit
3564 3812 3675 3880 spi-

2102 3922 2244 3985 ritu;
2286 3931 2450 3988 atque
2477 3918 2663 3982 etiam,
2701 3917 2745 3971 si
2772 3915 2996 3985 patitur,
3030 3912 3223 3981 spiritu
3257 3908 3481 3979 patitur.
3519 3903 3672 3971 Quod

2101 4013 2147 4066 si
2179 4020 2398 4067 sanctus
2424 4009 2506 4063 sic
2535 4024 2593 4063 se
2619 4008 2782 4061 habet
2802 4045 2818 4067 .
2854 4012 3062 4075 quanto
3091 4001 3261 4070 magis
3289 3998 3513 4053 dicenda
3548 4003 3675 4050 sunt

2102 4105 2218 4158 haec
2245 4105 2311 4157 de
2336 4100 2465 4156 Jesu
2492 4109 2809 4154 sanctorum
2838 4094 3103 4165 principe,
3129 4092 3284 4160 cujus
3319 4086 3541 4157 spiritus
3574 4086 3674 4138 ho-

2104 4196 2263 4251 minis
2284 4194 2376 4263 qui
2409 4194 2463 4246 in
2493 4206 2559 4245 eo
2592 4198 2699 4254 est,
2728 4188 2856 4244 dum
2884 4188 3060 4254 ipsum
3092 4193 3260 4237 totum
3286 4180 3561 4235 hominem
3590 4191 3682 4230 as-

2105 4295 2387 4351 sumeret,
2418 4283 2700 4339 concussit
2723 4288 2921 4335 caatera
2952 4277 3006 4331 in
3044 4277 3163 4346 ipso
3194 4269 3682 4328 humana‘Hlunc-

2104 4393 2209 4449 que
2235 4378 2287 4431 in
2317 4376 2536 4431 modum
2568 4374 2818 4431 turbatus
2862 4378 2945 4424 est
2991 4367 3181 4436 spiritu
3203 4405 3219 4430 ,
3255 4375 3313 4419 ut
3362 4372 3678 4423 testaretur,

2106 4484 2162 4528 et
2181 4473 2388 4526 diceret
2409 4484 2529 4524 cum
2551 4466 2734 4521 divino
2754 4464 2906 4534 quasi
2926 4463 3237 4530 juramento
3261 4459 3389 4512 illud
3416 4476 3431 4510 :
3461 4475 3479 4509 ι
3509 4457 3682 4510 Amen

2108 4565 2231 4618 dico
2251 4562 2428 4626 vobis,
2444 4560 2588 4630 quod
2612 4572 2753 4613 unus
2767 4572 2834 4612 ex
2859 4555 3012 4610 vobis
3037 4568 3121 4608 me
3137 4552 3454 4622 proditurus
3472 4545 3614 4601 est“
3629 4561 3643 4610 ;
3660 4563 3678 4595 ι

2106 4670 2227 4709 cum
2259 4655 2426 4720 enim,
2461 4653 2678 4722 opinor,
2704 4649 2927 4720 spiritus
2950 4646 3177 4701 vidisset
3207 4643 3260 4696 id
3284 4640 3427 4711 quod
3447 4639 3558 4706 jam
3586 4637 3687 4690 im-

2108 4748 2331 4801 missum
2366 4744 2543 4799 fuerat
2593 4759 2621 4798 a
2651 4740 2866 4796 diabolo
2895 4738 2949 4791 in
2972 4751 3066 4792 cor
3090 4733 3240 4788 Juda:
3272 4727 3510 4789 Simonis
3539 4725 3684 4778 Isca-

2107 4839 2296 4902 riotaz,
2324 4836 2581 4895 nimirum
2614 4844 2672 4889 ut
2695 4833 3096 4900 Przeceptorem
3127 4825 3411 4894 proderet,
3443 4819 3685 4871 futurum

2107 4930 2413 5000 praavidens
2457 4928 2708 4983 turbatus
2760 4933 2885 4990 est;
2936 4929 2991 4977 et
3033 4917 3313 4988 quoniam,
3348 4909 3688 4982 perturbatio

428 5003 582 5110 Τάχα
638 5003 697 5092 δὲ
739 5003 835 5091 mn
897 5003 1230 5104 ,ἐτίμων
1260 5003 1491 5102 ἐκδοχὴὲ
1532 5003 1664 5101 τὴν,
1706 5048 1724 5080 ι
1778 5003 1991 5100 Ἠ-σὰρέ

2119 5023 2208 5078 illa
2233 5038 2302 5078 ex
2331 5022 2640 5090 cognitione
2682 5025 2768 5073 est
2818 5023 2938 5070 orta
2973 5026 3097 5081 qua:
3118 5018 3235 5064 erat
3277 5021 3373 5076 per
3412 5003 3688 5073 spiritum,

430 5092 681 5203 ἀσθενὴς,
734 5149 754 5182 ι
805 5130 899 5182 καὶ
923 5130 958 5199 ἡ
994 5092 1130 5198 σὰρξ
1168 5092 1536 5196 τετάρακται·
1582 5092 1752 5179 ταῦτα
1798 5123 1843 5177 δ’
1886 5092 1991 5194 ἦνλ

2121 5116 2212 5187 qui
2241 5115 2405 5170 etiam
2434 5112 2662 5183 spiritus
2704 5104 3163 5182 perturbabatur,
3193 5100 3371 5155 dictus
3404 5103 3488 5150 est
3529 5092 3692 5155 Jesus

445 5190 678 5293 Ἰησοῦξ,
702 5220 829 5292 περὶ
857 5213 918 5273 οὗ
946 5190 1177 5272 unt-106
1219 5190 1459 5288 Γαδριὴλ
1491 5215 1626 5285 πρὸς
1664 5211 1763 5284 τὴν
1794 5190 1991 5283 Μαρίαι

2123 5210 2376 5266 turbatus
2397 5205 2567 5261 fuisse
2601 5204 2815 5274 spiritu.
2856 5199 3116 5253 Fortasse
3169 5205 3297 5247 vero
3332 5190 3487 5260 juxta
3525 5200 3690 5240 unam

537 5358 581 5390 ⁸¹
613 5356 771 5412 Joan.
804 5338 901 5425 in,
932 5356 1022 5410 27.
1098 5354 1142 5385 ⁸⁸
1184 5355 1338 5408 Deut.
1370 5368 1432 5419 ιι,
1473 5349 1563 5410 30.
1638 5351 1683 5383 ⁸³
1714 5349 1872 5405 Joan.
1903 5366 2026 5420 xm,
2060 5351 2151 5406 2f.

2124 5467 2361 5519 futurum
2388 5470 2548 5523 erat;
2599 5476 2618 5509 ι
2655 5458 2883 5523 videtur
2908 5449 3130 5523 legisse
3168 5438 3456 5523 tpw'ctafie‘tg
3509 5437 3591 5499 εἰς
3613 5438 3696 5523 reb

505 5507 619 5544 ινα]
671 5507 937 5541 ιιυιιιυωι,
998 5507 1051 5522 ur
1115 5507 1306 5536 nam",
1349 5507 1457 5521 νυν.
1539 5507 1658 5519 ...ιν
1708 5507 1765 5518 ..ν
1815 5507 1987 5518 ...πυη

439 5559 569 5599 tom.
599 5559 718 5608 xm,
750 5541 889 5599 n.2.
1205 5605 1214 5608 Α
1313 5606 1325 5608 _
1433 5604 1504 5608 ,γ
1649 5605 1658 5608 _
1751 5603 1810 5608 η

2124 5507 2641 5608 Eodem
2671 5507 2822 5581 redit
2846 5507 3085 5608 Ferrarii
3118 5507 3574 5608 interpretatiq,‘
3606 5507 3695 5608 In-

507 5583 1286 5686 ἄξιῆἙθιίὲιίίίῖξεςίιιε,·ΣιὼνΔ
1305 5604 1558 5686 βασιλεὺΞ
1571 5676 1582 5685 _
1611 5603 1872 5686 εῦσεδῷν.
1926 5672 1941 5686 1

2125 5583 2312 5660 ἶιῆῦῶ
2333 5583 2661 5686 pravidens.
2694 5616 2712 5648 ι
2746 5607 2907 5666 quem
2930 5600 3111 5646 tamen
3140 5585 3213 5641 ita
3241 5583 3437 5657 legisse
3469 5594 3574 5634 non
3605 5591 3699 5642 as.

512 5669 626 5755 (65')
650 5669 1020 5755 Φωτιοζθεῖστα
1059 5669 1127 5732 τὸ
1169 5669 1496 5755 sam-teram
1527 5676 1620 5730 Sic
1650 5672 1991 5755 habetcode:

2120 5669 2439 5739 severarim.
2479 5669 2742 5733 Ιιυετιυε.
2846 5698 2853 5705 -

440 5745 663 5833 itc‘giu's.
723 5753 1009 5817 Perionius
1046 5749 1232 5818 vertit,
1262 5745 1626 5809 {illustratus
1671 5746 1737 5807 ad
1786 5745 1839 5800 id
1870 5745 2016 5813 quod

505 5474 619 5544 (63)
671 5472 945 5544 Tnprjq'ac
998 5469 1068 5522 ὲν
1115 5466 1306 5536 πάσῃ,
1348 5472 1457 5521 etc.
1521 5464 1658 5519 Vide
1705 5465 1765 5518 in
1815 5462 2012 5520 Manli.
