4182 6400
491 324 597 381 7θῦ
1504 324 1858 384 COMMENT.
1894 324 1961 379 IN
2000 323 2192 380 JOAN.
2230 325 2471 381 TOMUS
2509 326 2725 383 XXXII.
3064 350 3091 369 κ
3631 336 3733 385 794

491 440 717 498 ἀκούσαι
734 439 864 512 (75),
886 439 993 494 εἴτε
1009 440 1103 494 καὶ
1123 440 1221 512 τὴν
1248 441 1550 512 κοινότερον
1574 442 1865 512 νοουμένην
1889 459 1903 473 ’
1934 441 2062 511 περὶ
2090 448 2136 503 Α

2090 448 2136 503 Α
2163 450 2424 509 quantum
2468 459 2740 514 maguum.
2782 445 2851 499 At
2875 458 3004 499 vero
3032 446 3119 500 hic
3155 447 3246 517 qui
3273 448 3567 514 didicerat,
3599 466 3734 519 quo-

490 530 557 607 ἦς
589 537 617 588 ὁ
642 534 980 605 πραγμάτων
1004 533 1196 586 ἐαυτὸν
1224 532 1582 588 ἀπαλλάττειν
1610 532 1775 587 θέλων
1793 574 1808 597 ,
1838 535 1930 587 καὶ
1958 532 2057 603 ζη-

2169 533 2328 588 modo
2346 534 2676 606 sitmagnus,
2701 537 2917 592 auditor
2938 536 3113 592 factus
3133 539 3517 606 magnitudinis
3529 547 3736 609 sapien-

491 629 661 699 τήσας
680 626 762 679 ὃτι
791 620 836 694 ᾦ
858 626 1157 696 συμφέρει,
1184 624 1297 678 ὄντι
1325 625 1611 695 συμφέρει,
1642 626 1735 678 καὶ
1759 625 2060 695 ὑπονοήσας

2169 625 2275 686 tiae,
2306 640 2426 694 quae
2453 634 2536 680 est
2562 630 2614 682 in
2638 642 2726 693 eo,
2756 639 2812 683 et
2831 630 3078 693 rationis,
3104 636 3160 684 et
3184 632 3393 700 gratiae.
3422 641 3475 684 et
3498 631 3734 701 prodidit

491 717 591 769 οὐκ
617 715 683 769 ἂν
729 715 803 785 μὴ
832 714 945 767 ὖντι
970 714 1078 782 (74)
1104 712 1252 784 αὐτῷ
1285 714 1602 784 συνέφερεν,
1631 715 1723 767 ἐπὶ
1754 713 1851 785 τὴν
1877 715 2061 767 δευτέ-

2166 730 2312 780 eum,
2343 724 2398 770 et
2418 719 2654 785 prodidit
2685 729 2873 785 totam,
2900 735 3058 788 quam
3081 723 3250 786 novit,
3284 722 3731 791 magnitudinem.

497 820 595 875 ραν
628 800 900 856 κατελθὼν
926 803 1037 874 (75)
1069 803 1319 874 διήγησιν
1340 841 1356 866 ,
1399 801 1614 872 ἐκείνην
1644 801 1841 872 μᾶλλον
1886 821 2064 875 παρα-

2164 805 2328 878 435
2356 807 2506 864 Hanc
2544 812 2614 864 ob
2658 826 2880 867 causam
2926 814 3266 868 conducebat
3303 814 3379 868 illi
3410 824 3592 869 natum
3627 830 3731 869 non

490 891 717 957 δέξεται.
1934 974 1940 979 ⁸
2169 898 2418 965 fuisse",
2443 901 2559 955 sive
2581 905 3011 973 regenerationis
3035 916 3181 971 ortu,
3199 915 3257 959 ut
3278 905 3599 974 profundius
3614 908 3737 974 quis

496 990 982 1061 intelligeret,.sive
1004 990 1108 1043 hoc
1127 989 1485 1043 eommuniori
1516 998 1674 1045 ortu:
1701 990 1767 1043 de
1797 1005 1904 1058 quo
1925 1001 2046 1046 ortu
2071 993 2334 1050 molestiis
2362 1004 2425 1051 ξε
2455 999 2697 1054 eximere
2720 1002 2845 1069 quis
2881 1002 3087 1067 volens,
3115 1018 3236 1057 cum
3260 1004 3566 1072 inquisierit
3593 1004 3736 1074 quod

493 1088 752 1159 quidquid
780 1086 913 1142 utile
940 1095 1045 1152 est,
1080 1086 1211 1141 utile
1239 1086 1310 1140 sit
1335 1088 1384 1141 ei
1413 1088 1504 1155 qui
1535 1097 1642 1153 est,
1665 1095 1719 1141 et
1740 1089 2090 1144 considerans
2118 1092 2264 1160 quod
2288 1092 2337 1146 ei
2366 1094 2458 1162 qui
2482 1109 2594 1149 non
2625 1097 2696 1152 sit
2731 1097 2866 1153 nihil
2889 1098 3162 1165 conferat,
3190 1110 3245 1156 et
3267 1101 3400 1156 utile
3431 1102 3523 1168 sit,
3553 1102 3621 1156 ad
3649 1114 3739 1156 se-

492 1183 723 1239 cundam
749 1180 1135 1250 expositionem
1161 1194 1285 1234 cum
1315 1178 1611 1243 devenerit,
1642 1178 1786 1234 illam
1822 1182 1993 1249 magis
2020 1183 2296 1250 suscipiet.

564 1296 655 1373 12.
687 1313 706 1346 ι
739 1294 1005 1348 Ἐϐλεπον
1037 1293 1095 1347 δὲ
1138 1295 1217 1357 εἰς
1248 1293 1512 1363 ἀλλήλους
1547 1296 1596 1347 οἱ
1632 1294 1900 1366 μαθηταὶ,
1925 1296 2061 1349 ἀπο-

2240 1299 2325 1353 12.
2348 1317 2367 1350 ι
2389 1300 2738 1370 Aspiciehant
2758 1312 2934 1357 autem
2952 1319 3071 1359 sese
3086 1315 3271 1360 mutuo
3288 1305 3558 1373 discipuli,
3574 1306 3735 1360 dubi—

497 1386 746 1457 ρούμενοι
774 1387 901 1456 περὶ
925 1385 1070 1448 τίνος
1100 1383 1267 1452 λέγει.
1303 1403 1321 1435 ι
1348 1386 1410 1437 Εἰ
1441 1385 1540 1455 μὲν
1568 1386 1847 1457 προφανὴς
1858 1380 1926 1456 ἦν
1951 1388 2064 1449 τοῖς

2170 1397 2347 1444 tantes
2364 1392 2431 1445 de
2446 1407 2681 1460 quonam
2700 1394 2982 1449 diceret”.
3006 1415 3023 1445 ι
3043 1395 3305 1465 Equidem
3330 1397 3373 1451 si
3394 1404 3578 1466 aperta
3606 1394 3736 1449 fuis-

509 1477 683 1547 Ἰησοῦ
720 1477 982 1548 μαθηταῖς
1010 1480 1043 1548 ή
1090 1476 1183 1530 τοῦ
1224 1477 1391 1530 Ἰούδα
1422 1476 1587 1531 κακία
1608 1517 1623 1542 ,
1670 1476 1774 1532 κᾶν
1807 1476 2062 1546 ἔγνωστο,

2170 1492 2252 1536 set
2279 1481 2431 1537 Judze
2452 1484 2657 1538 malitia
2686 1482 2810 1540 Jesu
2834 1486 3135 1553 discipulis,
3168 1488 3380 1556 agnitus
3410 1486 3573 1540 etiam
3602 1486 3735 1541 fuis-

494 1570 738 1634 εἰπόντος
766 1569 860 1623 τοῦ
886 1570 1154 1641 Σωτῆρος,
1184 1570 1285 1633 ὃτι,
1311 1588 1330 1621 ι
1362 1565 1457 1633 Εἷς
1480 1570 1540 1634 ἐξ
1569 1569 1723 1640 ὑμῶν
1754 1568 2063 1641 παραδώσει
2095 1617 2137 1643 η

2095 1617 2137 1643 η
2169 1582 2252 1627 set
2277 1572 2366 1627 ille
2389 1575 2476 1643 qui
2502 1574 2815 1643 Magistrum
2841 1577 3153 1643 proditurus
3179 1585 3347 1639 esset,
3370 1576 3587 1631 dicente
3608 1576 3737 1630 Ser-

498 1680 565 1733 με
591 1701 606 1726 ,
646 1682 666 1714 ι
694 1617 776 1726 ⁸ιζίς
805 1657 876 1733 ἦν
906 1664 935 1714 6
980 1617 1315 1733 πίὶράδώσων
1349 1617 1782 1715 τὸνῗΔιδάιξκαλον
1800 1677 1814 1691 ο
1840 1617 1964 1714 ζιυνὶ
2007 1662 2067 1714 δέ
2095 1617 2139 1671 Β

2169 1617 2252 1627 η-
2277 1617 2366 1627 ..--
2390 1617 2475 1643 Ἰν..
2502 1617 2712 1643 --_,,.....
2730 1617 2815 1627 υ...
2842 1617 3074 1643 μνη...
3091 1617 3153 1629 ..υ
3179 1617 3347 1639 νων,
3371 1617 3586 1631 ...ννηη
3609 1617 3697 1630 νυ.
3714 1617 3734 1619 -

2095 1617 2139 1671 Β
2170 1673 2393 1718 vatore:
2434 1682 2454 1715 ι
2493 1664 2645 1721 Unus
2678 1676 2915 1720 vestrum
2960 1681 3045 1720 tne
3073 1666 3387 1733 proditurus
3424 1667 3605 1731 est”;
3636 1684 3655 1717 ι
3683 1675 3736 1719 at

495 1755 778 1825 βλέπουσιν
799 1755 878 1817 εἰς
902 1752 1161 1825 ἀλλήλους
1188 1754 1237 1808 οἱ
1266 1752 1525 1824 μαθηταὶ,
1551 1751 1911 1825 ἀπορούμενοι
1939 1754 2066 1824 περὶ

2170 1772 2313 1809 nunc
2360 1757 2643 1812 intuentur
2672 1773 2791 1813 sese
2826 1769 3011 1812 mutuo
3041 1758 3315 1828 discipuli,
3347 1762 3654 1815 dubitantes
3671 1762 3738 1814 de

492 1845 635 1909 τίνος
666 1844 832 1913 λέγει.
867 1846 977 1899 Kal.
1008 1845 1118 1916 γάρ
1158 1844 1358 1908 Ἰούδας
1389 1844 1529 1915 τάχα
1562 1843 1660 1914 μὲν
1699 1844 1763 1896 ἐκ
1803 1843 2066 1915 πρότερον

2167 1862 2277 1916 quo
2308 1848 2535 1904 diceret.
2565 1848 2737 1904 Judas
2769 1850 2967 1904 etenim
3000 1848 3233 1905 fortasse
3273 1850 3494 1920 quidem
3538 1865 3606 1905 ex
3655 1852 3738 1905 his

494 1936 869 2009 χρηστοτέρων
898 1936 1163 1990 ἐδυσώπει
1190 1937 1318 2000 τοὺς
1356 1935 1685 1999 ἀποστόλους
1716 1934 1853 2007 πρὸς
1879 1935 1940 1987 τὸ
1965 1953 2069 2006 μη-

2168 1955 2288 2010 quae
2316 1949 2477 1996 antea
2522 1953 2673 1997 recte
2720 1952 2930 2013 egerat,
2973 1954 3325 2012 persuaserat
3362 1942 3624 2012 apostolis
3680 1954 3738 1998 ut

492 2028 582 2083 δέν
619 2028 913 2098 ὑπονοῆσαι
959 2029 1086 2097 περὶ
1118 2027 1282 2081 αὑτοῦ
1322 2026 1522 2096 φαῦλον
1547 2043 1560 2057 ·
1594 2029 1736 2097 τάχα
1758 2026 1814 2079 δὲ
1855 2026 1949 2079 καὶ
1971 2026 2065 2078 τοῦ

2169 2034 2304 2089 nihil
2335 2037 2401 2089 de
2431 2034 2525 2089 illo
2547 2035 2956 2103 suspicarentur
2990 2035 3116 2089 mali
3144 2050 3157 2087 :
3198 2033 3429 2089 fortasse
3452 2049 3580 2088 vero
3602 2050 3738 2089 non-

492 2121 737 2175 διαϐόλου
764 2120 865 2190 ἤδη
888 2119 1209 2190 βεϐληκότος
1235 2120 1314 2183 εἰς
1342 2119 1440 2190 τὴν
1459 2118 1705 2190 καρδίαν,
1728 2117 1816 2169 ἴνα
1840 2115 2068 2188 παραδῷ

2168 2129 2292 2181 dum
2327 2125 2497 2181 ludas
2529 2126 2715 2181 Simon
2742 2125 3030 2181 lscariotes
3060 2126 3286 2194 perditae
3334 2126 3556 2180 malitiae
3599 2135 3738 2191 erat,

493 2214 654 2267 αὑτὸν
699 2212 898 2276 Ἰούδας
923 2212 1163 2283 Σίμωνος
1198 2209 1580 2282 Ἰσκαριώτης,
1612 2211 1712 2263 οὐκ
1752 2205 1821 2280 ἦν
1847 2208 1946 2279 τῆς
1973 2226 2069 2261 πο-

2166 2219 2378 2273 etiamsi
2422 2217 2666 2273 diabolus
2709 2218 2823 2288 jam
2878 2218 3193 2276 immisisset
3249 2220 3302 2272 in
3348 2234 3443 2273 cor
3491 2219 3637 2274 illius
3683 2229 3737 2273 ut

492 2304 684 2376 νηρίας
730 2302 929 2367 ἐξολών
968 2302 1102 2373 (76)
1128 2319 1143 2333 ·
1186 2301 1483 2372 λείμματος
1534 2299 1645 2371 γὰρ
1695 2300 2067 2370 προαιρέσεως

2168 2311 2422 2378 proderet
2458 2308 2665 2373 Jesum,
2693 2309 2937 2378 reliquiis
2961 2308 3258 2362 etiamnum
3280 2308 3665 2363 exsistentibus
3686 2309 3737 2362 in

494 2396 702 2467 ἀγαθῆς
730 2395 1061 2465 ὑπάρχοντος
1104 2394 1162 2446 ἐν
1202 2392 1350 2463 αὐτῷ
1373 2434 1388 2459 ,
1434 2391 1589 2455 ίδὼν,
1622 2393 1703 2445 ὃτι
1746 2390 2063 2462 κατεκρίθη,

2170 2405 2286 2473 ipso
2320 2403 2444 2457 boni
2470 2402 2755 2472 propositi,
2779 2400 2980 2471 quibus
3011 2415 3134 2455 cum
3165 2400 3532 2470 perspexisset
3558 2397 3738 2454 Jesum

493 2487 652 2555 ἡνίκα
672 2487 927 2558 δήσαντες
962 2486 1123 2539 αὑτὸν
1151 2486 1455 2555 ἀπήγαγον,
1492 2484 1586 2537 καὶ
1613 2484 1937 2555 παρέδωκαν
1966 2484 2066 2535 Πι-

2167 2495 2605 2554 condemnatum,
2649 2494 2867 2563 quando
2905 2493 3132 2562 ligatum
3166 2506 3295 2546 eum
3322 2492 3662 2546 abduxerunt
3687 2500 3739 2544 et

489 2580 634 2649 λάτῳ
664 2579 741 2649 τῷ
769 2577 1029 2649 ἡγεμόνι,
1077 2596 1097 2628 ι
1138 2575 1537 2647 μεταμεληθεὶς
1567 2575 1797 2647 ἔστρεφε
1821 2574 1889 2628 τὰ
1912 2575 2067 2646 τριά-

2169 2584 2509 2638 tradiderunt
2533 2583 2705 2637 Pilato
2738 2582 2978 2653 prazsidi,
3010 2601 3029 2632 ι
3060 2581 3395 2650 paenitudine
3434 2580 3626 2634 ductus
3659 2593 3741 2631 re-

489 2688 652 2724 κοντα
672 2669 910 2741 ἀργύρια
938 2672 1050 2732 τοῖς
1072 2667 1388 2739 ἀρχιερεῦσι
1416 2667 1511 2721 καὶ
1534 2666 1948 2738 πρεσϐυτέροις,
1977 2666 2067 2719 λέ-

2169 2676 2295 2729 ιιιΙίι
2331 2676 2547 2746 triginta
2577 2683 2871 2745 argenteos
2903 2673 3242 2746 principibus
3290 2671 3655 2733 sacerdotum,
3687 2681 3741 2723 et

490 2779 600 2831 γων
624 2780 638 2793 ·
672 2763 957 2832 Ἥμαρτον
984 2760 1261 2831 παραδοὺς
1286 2755 1425 2830 αἷμα
1451 2758 1627 2813 ἀθῶον
1650 2776 1664 2789 ·
1696 2779 1715 2811 ι
1753 2759 1864 2821 ὅτε,
1887 2758 2068 2811 εἰπόν-

2167 2769 2497 2834 senioribus,
2524 2769 2750 2825 dicens:
2780 2767 3005 2823 Peccavi
3046 2767 3267 2822 tradens
3298 2765 3616 2834 sanguinem
3659 2762 3741 2815 in-

490 2871 597 2907 των
631 2851 809 2906 αὐτῶν
828 2866 842 2880 °
875 2869 894 2901 ι
930 2850 995 2903 Τί
1025 2850 1160 2921 πρὸς
1185 2850 1335 2922 ἡμᾶς
1360 2865 1375 2913 ;
1412 2849 1476 2902 σὺ
1635 2865 1649 2879 ·
1679 2848 1840 2920 ῥίψας
1875 2867 1894 2900 ι
1927 2849 1957 2900 6
1980 2864 2068 2916 φι-

2170 2871 2493 2928 nocentem;
2525 2880 2545 2913 ι
2583 2861 2802 2931 quando
2827 2871 2882 2915 et
2921 2860 3226 2915 dicentibus
3256 2858 3394 2912 illis:
3432 2875 3451 2909 ι
3497 2857 3635 2924 Quid
3675 2856 3740 2907 ad

489 2946 759 3017 λάργυρος
786 2943 984 3006 Ἰούδας
1013 2962 1032 2994 ι
1061 2941 1132 2994 τὰ
1157 2942 1417 3012 ἀργύρια,
1443 2940 1692 2995 ἀπελθὼν
1716 2939 2019 3012 ἀπήγξατο,
2045 2958 2066 2991 ι
2097 2946 2140 3008 ρ

2097 2946 2144 3008 C
2176 2952 2316 3007 nos?
2351 2960 2403 3006 tu
2428 2952 2660 3019 videris;
2686 2952 2941 3022 proiectis
2967 2951 3241 3020 argenteis
3271 2968 3289 3001 ι
3318 2947 3506 3012 Judas,
3529 2946 3740 3016 argenti

494 3037 628 3109 μηδέ
659 3035 980 3108 περιμείνας
1009 3036 1136 3089 ίδεῖν
1158 3034 1253 3087 τοῦ
1290 3034 1420 3105 περὶ
1444 3035 1536 3087 τὸν
1573 3032 1779 3104 Ἰησοῦν
1804 3032 1954 3103 παρά
1983 3032 2066 3103 τῷ

2170 3043 2288 3113 ipse
2316 3043 2565 3111 cupidus,
2607 3061 2625 3094 ι
2654 3044 2843 3098 abiens
2869 3042 3067 3112 laqueo
3110 3055 3169 3097 se
3213 3040 3576 3109 suspendit”,
3606 3057 3624 3089 ι
3676 3053 3742 3091 ne

494 3128 708 3198 Πιλάτῳ
740 3126 1004 3197 κρίματος
1036 3124 1098 3177 τὸ
1127 3124 1299 3186 τέλος.
1347 3123 1457 3176 Καὶ
1502 3122 1726 3190 γέγονεν
1763 3121 1909 3193 αὐτῷ
1943 3118 2066 3175 οὗτε

2167 3135 2355 3187 videre
2373 3133 2591 3205 quidem
2615 3144 2939 3204 etSpectans
2955 3132 3143 3202 judicii
3177 3134 3339 3187 finem
3365 3131 3429 3186 de
3450 3128 3575 3185 Jesu
3601 3129 3739 3199 apud

492 3217 707 3294 καθαρά
736 3217 846 3271 ἀπὸ
887 3215 1158 3290 ἁμαρτίας
1192 3214 1445 3287 μετάνοια
1472 3255 1487 3279 ,
1513 3212 1637 3267 οὔτε
1666 3212 1904 3285 ἄκρατος
1931 3215 2067 3288 πρός

2168 3225 2418 3282 Pontium
2451 3226 2713 3283 Pilatum.
2746 3225 2931 3297 Neque
2960 3225 3047 3281 hic
3080 3225 3297 3280 sincere
3326 3238 3354 3275 a
3395 3230 3617 3290 peccato
3658 3236 3742 3274 re-

491 3333 541 3368 τι
568 3311 930 3386 χρηστότερον
956 3313 989 3381 ἡ
1020 3308 1270 3381 πονηρία·
1298 3309 1347 3360 εί
1383 3308 1480 3378 μὲν
1500 3308 1609 3378 γάρ
1634 3305 1889 3378 καθαρῶς
1913 3324 2070 3379 μετε-

2170 3319 2352 3386 sipuit,
2381 3332 2557 3388 neque
2582 3316 2687 3370 fuit
2717 3315 2875 3382 hujus
2905 3316 3109 3370 malitia
3140 3316 3205 3369 ad
3237 3313 3440 3383 aliquid
3470 3311 3595 3367 boni
3634 3312 3740 3366 int-

491 3409 630 3472 νὸει,
674 3406 770 3460 καὶ
822 3405 899 3469 ὡς
935 3405 964 3457 6
992 3402 1193 3474 λῃστὴς
1221 3400 1423 3454 είπών·
1458 3419 1476 3451 ι
1501 3399 1782 3472 Μνήσθητί
1813 3418 1935 3471 μου,
1972 3402 2070 3472 Ἰη-

2172 3423 2301 3477 pos;
2345 3408 2388 3461 si
2422 3408 2568 3461 enim
2600 3407 2813 3461 sincere
2846 3406 3192 3475 resipuisset,
3224 3404 3391 3458 etiam
3425 3401 3648 3472 perinde
3675 3415 3740 3453 ac

495 3497 612 3562 σοῦ,
642 3498 772 3551 ὅταν
800 3495 960 3567 ἔλθῃς
992 3497 1049 3547 ἐν
1080 3495 1147 3564 τῇ
1174 3491 1418 3563 βασιλείᾳ⁸
1447 3508 1562 3555 σου,
1594 3509 1613 3541 ι
1650 3490 1964 3562 προσελθὼν
1990 3491 2070 3562 τῷ

2170 3499 2310 3552 latro
2350 3497 2440 3551 ille
2465 3496 2559 3566 qui
2584 3495 2755 3549 dixit:
2788 3514 2808 3546 ι
2844 3494 3114 3549 Memento
3150 3494 3277 3558 mei,
3327 3491 3571 3553 Domine,
3616 3490 3739 3543 dum

492 3588 703 3659 Σωτῆρι
729 3586 902 3640 ἐποίει
942 3584 1011 3638 τά
1055 3586 1186 3655 παρ’
1223 3580 1420 3646 αὑτοῦ,
1449 3579 1587 3651 πρὸς
1613 3578 1677 3632 τὺ
1722 3577 2068 3644 ἐξιλάσασθαι

2169 3589 2387 3644 veneris
2424 3591 2477 3642 In
2508 3598 2728 3657 regnum
2765 3595 2917 3639 tuum
2937 3586 3005 3651 ⁸³,
3037 3603 3058 3635 ι
3093 3585 3161 3637 ad
3203 3582 3548 3637 Servatorem
3582 3593 3739 3633 acce—

491 3681 651 3734 αύτὸν
699 3680 792 3733 ἐπὶ
840 3681 906 3749 τῇ
972 3677 1225 3749 φθασάσῃ
1268 3672 1550 3743 γεγονέναι
1600 3672 1872 3745 προδόσει.
1920 3674 1985 3725 Εἰ
2012 3672 2069 3725 δὲ

2171 3683 2304 3735 deus
2345 3680 2566 3733 fecisset
2598 3692 2717 3746 qua:
2744 3678 2809 3732 ad
2844 3677 3021 3747 ipsum
3050 3674 3414 3744 pertinebant,
3458 3680 3517 3723 ut
3555 3668 3738 3725 Iesum

492 3770 669 3840 πάντη
693 3769 792 3841 τὴν
818 3768 911 3822 τοῦ
933 3751 1097 3821 καλοῦ
1134 3765 1346 3819 εὔνοιαν
1371 3762 1710 3833 ἐξεληλακὼς
1730 3759 1799 3835 ἦν
1818 3765 1918 3835 τῆς
1945 3766 2071 3818 ἑαυ-

2169 3769 2446 3839 placatum
2494 3769 2749 3823 redderet
2794 3768 2864 3822 ob
2891 3766 3272 3835 proditionem,
3298 3777 3417 3830 quae
3443 3763 3555 3830 jam
3602 3774 3737 3828 prae-

489 3860 585 3917 τοῦ
623 3859 823 3931 ψυχῆς,
854 3857 967 3912 οὔτ’
1000 3857 1065 3911 ἂν
1101 3853 1442 3928 μετεμελήθη
1476 3853 1619 3917 ἰδὼν,
1652 3853 1735 3906 ὅτι
1767 3853 2066 3926 κατεκρίθη

2168 3869 2430 3915 cesserat.
2463 3859 2615 3925 Quod
2641 3859 2685 3912 si
2712 3872 2842 3913 vero
2864 3857 3088 3911 omnino
3121 3853 3418 3923 expulisset
3454 3852 3523 3906 ab
3562 3852 3738 3903 anima

489 3956 519 4008 6
542 3953 747 4024 Ἰησοῦς
769 3968 783 3982 ·
809 3949 944 4004 ἀλλά
972 3948 1067 4003 καὶ
1097 3945 1407 4019 προσετίθει
1436 3945 1503 3999 ἂν
1534 3945 1726 4015 λόγους
1746 3943 2070 4017 κατηγορῶν

2168 3967 2266 4007 sua
2292 3952 2416 4007 boni
2441 3946 2738 4015 notionem,
2764 3951 3180 4018 haudquaquam
3213 3945 3528 4013 resipuisset
3552 3942 3737 3997 videns

491 4044 655 4099 αὐτοῦ
699 4043 978 4111 συγγενεῖς
1025 4041 1092 4111 τῇ
1144 4037 1431 4110 προδοσίᾳο
1471 4036 1607 4091 ἀλλὰ
1654 4037 1747 4091 καὶ
1782 4035 2069 4090 ἀπολαύων

2169 4043 2352 4100 Iesum
2381 4045 2843 4099 condemnatum:
2891 4042 3000 4095 iano
3032 4040 3180 4092 illum
3216 4052 3481 4092 accusans
3502 4036 3736 4090 addidis-

494 4138 560 4192 ἂν
592 4138 668 4201 ὡς
689 4135 1020 4207 φιλάργυρος
1053 4128 1128 4187 ὧν
1153 4132 1311 4185 ἔλαϐε
1335 4131 1627 4203 τριάκοντα
1653 4129 1950 4201 ἀργυρίων,
1971 4129 2068 4201 τὴν

2169 4141 2251 4188 set
2282 4147 2564 4187 sermones
2586 4131 2790 4187 similes
2826 4129 3121 4200 proditioni
3143 4146 3156 4180 :
3176 4126 3306 4196 quin
3338 4127 3501 4180 etiam
3532 4126 3738 4186 fruens,

489 4228 654 4300 τιμὴν
682 4225 775 4280 τοῦ
808 4223 1169 4295 τετιμημένου
1185 4261 1201 4285 ,
1225 4219 1337 4273 οὔτ’
1364 4219 1430 4273 ἂν
1456 4217 1811 4271 ἐϐουλεύσατο
1839 4216 2067 4271 ἀπώσα-

2169 4236 2265 4277 ceu
2301 4221 2513 4292 argenti
2545 4220 2803 4290 cupidus,
2853 4215 3129 4287 argenteis
3172 4214 3417 4282 triginta,
3466 4224 3601 4280 quos
3645 4225 3737 4263 ac-

493 4322 617 4375 σθαι
642 4319 711 4373 τά
738 4316 996 4389 ἀργύρια,
1020 4312 1129 4367 οὔτ’
1164 4314 1229 4368 ἂν
1259 4312 1521 4385 ἔστρεψεν
1550 4311 1692 4366 αύτά
1729 4313 1841 4373 τοῖς
1876 4310 2066 4381 ἀρχιε-
2097 4303 2144 4361 D

2097 4303 2145 4361 Ι)
2172 4323 2390 4382 ceperat
2412 4312 2645 4381 pretium
2684 4309 2999 4381 appretiati,
3029 4322 3208 4376 neque
3237 4303 3501 4359 voluisset
3543 4316 3727 4372 argen-

494 4414 646 4487 ρεῦσι
669 4413 764 4466 καὶ
789 4409 1209 4483 πρεσϐυτέροις,
1243 4405 1354 4461 οὔτ’
1389 4408 1455 4461 ἂν
1496 4407 1582 4460 ἐπ’
1617 4405 1795 4460 αὐτῶν
1841 4405 2064 4459 ἐκείνων

2174 4415 2290 4461 teos
2315 4406 2621 4475 projicere;
2654 4417 2830 4472 neque
2863 4401 3139 4458 retulisset
3161 4415 3257 4454 eos
3283 4397 3618 4467 principibus
3651 4412 3735 4450 sa-

490 4486 955 4577 ἐξωμολογήσατο,
989 4501 1154 4558 αὐτοῦ
1195 4501 1292 4573 μὲν
1318 4498 1659 4571 κατηγορῶν,
1685 4498 1777 4552 τὸν
1804 4496 2068 4551 Διδάσκα-

2171 4496 2451 4551 cerdotum
2498 4506 2555 4552 et
2579 4495 2745 4567 5.36
2779 4493 3132 4549 senioribus:
3175 4505 3353 4560 neque
3402 4502 3586 4543 coram
3636 4486 3740 4539 illis

490 4598 581 4652 λον
622 4598 680 4651 δὲ
704 4594 1062 4668 ἐγκωμιάζων
1086 4593 1198 4666 (77)
1224 4595 1284 4646 ἐν
1304 4591 1383 4663 τῷ
1405 4609 1418 4622 ·
1449 4592 1763 4662 «Ἥμαρτον
1792 4588 2069 4659 παραδοὺς

2173 4587 2305 4657 ipsis
2336 4597 2616 4657 peccatum
2640 4602 2795 4641 suum
2837 4586 3014 4639 fassus
3053 4582 3247 4637 fuisset
3289 4582 3527 4647 seipsum
3581 4593 3739 4631 accu-

491 4683 631 4759 αἷμα
664 4686 887 4741 δίκαιον.
925 4705 945 4738 ι
990 4684 1151 4738 Ἀλλά
1195 4684 1289 4738 καὶ
1324 4683 1386 4735 τὸ
1416 4681 1761 4750 ἀπάγξασθαι
1791 4680 1953 4735 αὑτὸν
1976 4680 2062 4733 ού·-

2173 4694 2321 4745 saus,
2348 4688 2402 4733 et
2425 4679 2739 4748 Magistrum
2766 4678 2994 4733 laudans
3017 4677 3253 4731 dicendo
3279 4698 3291 4731 :
3327 4691 3348 4726 ι
3378 4670 3606 4727 Peccavi
3630 4678 3734 4722 tra-

490 4781 602 4844 δεὶς
628 4779 784 4843 ἀλλος
806 4778 1079 4848 ἐποίησεν,
1101 4776 1135 4848 ἦ
1158 4779 1187 4830 6
1219 4774 1498 4847 βεϐληκὼς
1521 4773 1685 4827 αὑτοῦ
1711 4775 1792 4837 εἰς
1818 4773 1917 4844 τὴν
1932 4791 2069 4846 καρ-

2167 4771 2302 4827 dens
2334 4772 2650 4841 sanguinem
2670 4770 2933 4840 justum.»
2968 4769 3109 4835 Quin
3151 4769 3317 4822 etiam
3340 4762 3635 4834 pmfocare
3659 4774 3731 4813 se-

492 4872 609 4925 δίαν
631 4913 645 4936 ,
681 4871 768 4924 ἵνα
818 4868 1046 4941 παραδῷ
1081 4868 1174 4921 τὸν
1221 4868 1449 4939 Σωτῆρα
1488 4866 1632 4938 (78)’
1666 4865 1762 4919 καὶ
1798 4866 1959 4919 τόπον
2000 4882 2066 4934 γε

2171 4861 2352 4931 ipsum
2388 4861 2591 4930 laqueo
2619 4876 2779 4916 nemo
2805 4861 2943 4914 alius
2971 4857 3211 4921 fecisset,
3244 4863 3443 4926 praeter
3469 4851 3617 4905 illum
3653 4848 3746 4915 qui

457 4991 463 4997 -
494 4962 614 5015 κατ’
646 4960 931 5032 ἀμφάτερα
971 4958 1141 5012 ἔδωκε
1196 4957 1274 5029 τῷ
1305 4956 1556 5028 διαϐόλῳ.
1614 4956 1802 5011 Ταῦτα
1841 4956 1898 5010 δὲ
1928 4955 2068 5010 κατὰ

2170 4954 2227 5008 in
2255 4969 2352 5009 cor
2397 4969 2558 5009 suum
2602 4954 2845 5009 misisset
2893 4962 2951 5007 ιιι
2986 4952 3243 5023 proderet
3268 4948 3636 5002 Servatorem.
3669 4945 3740 4995 Ae

493 5049 720 5119 δύναμιν
745 5045 1245 5117 ἐπξειργασάμην,
1271 5046 1387 5115 ἅμα
1416 5046 1515 5117 μὲν
1536 5045 1805 5118 παριστὰς
1826 5048 1941 5110 τοῖς
1963 5048 2071 5100 οἰο-

2170 5044 2417 5114 profecto
2444 5045 2498 5100 in
2527 5046 2773 5116 utrisque
2799 5043 3129 5100 deditJudas
3154 5041 3333 5096 locum
3361 5036 3597 5093 diabolo.
3623 5035 3733 5091 Ca:-

564 5189 610 5222 "
648 5187 842 5313 illia-th.
870 5201 1020 5252 τινι,
1044 5186 1140 5247 24;
1176 5186 1343 5243 Marc.
1377 5187 1603 5253 x1v,21.
1706 5188 1752 5220 "
1779 5186 1939 5243 Joau.
1968 5205 2091 5258 xm,
2123 5190 2212 5246 22.

564 5274 655 5313 ιιι.
762 5298 777 5312 .

2075 5230 2091 5258 ,
2123 5190 2212 5246 2?...
2287 5190 2334 5223 ⁸³
2370 5188 2504 5245 ibid.
2541 5189 2635 5244 21.
2735 5188 2784 5221 ’⁵
2817 5186 3008 5241 Matth.
3052 5200 3186 5249 xvn,
3240 5183 3275 5237 5
3321 5193 3435 5248 seq.
3526 5175 3573 5208 "
3612 5174 3722 5229 Luc

496 5274 655 5323 mu,
686 5274 777 5313 az.

567 5396 679 5533 $73)
720 5396 1015 5464 Ἀκούσαι.
1048 5394 1211 5451 Deest
1240 5395 1292 5449 in
1324 5395 1512 5449 codice
1538 5394 1725 5465 Regio.
2179 5393 2218 5448 ὅ]

592 5467 681 5533 ’14)
716 5467 892 5519 Editio
926 5465 1125 5527 ﬂuetii,
1149 5465 1312 5530 male,
1343 5464 1516 5527 ὄντος.
2180 5466 2217 5517 ti

2179 5393 2336 5459 ὅλων,
2365 5395 2409 5449 si
2443 5395 2663 5465 quidem
2691 5394 2858 5448 vertit
2894 5410 2938 5449 τι
2974 5391 3212 5446 nondum
3249 5397 3474 5456 prorsus
3507 5397 3550 5463 a.
3589 5381 3729 5435 inali-

2180 5466 2250 5518 tia
2280 5465 2636 5533 dependebat.
2681 5484 2701 5516 ι
2735 5463 2992 5518 Neutrum
3026 5461 3159 5533 satis
3190 5457 3364 5533 placet
3392 5453 3590 5509 ﬂuetto
3615 5469 3633 5519 ;
3663 5463 3729 5506 at:

592 5453 681 5535 74')
716 5461 892 5519 Editio
926 5465 1125 5527 Huetii,
1149 5465 1312 5530 male,
1343 5464 1516 5527 ὄντος.
1586 5453 1648 5535 ξ’
2180 5466 2250 5518 tia
2280 5453 2636 5534 dependebat.
2681 5484 2701 5516 ι
2735 5463 2992 5535 Neutrum
3026 5461 3159 5535 satis
3190 5453 3364 5535 placet
3392 5453 3590 5509 Πυθίίο
3615 5469 3633 5519 ἰ
3663 5463 3735 5506 δι·

571 5528 684 5601 (75)
706 5536 1040 5590 Κατελθών.
1084 5536 1244 5591 Deest
1278 5528 1331 5588 in
1359 5536 1546 5588 codice
1584 5533 1775 5602 Regio.
2183 5528 2362 5589 tamen
2385 5536 2588 5590 rectius
2616 5535 2831 5589 videtur
2858 5534 3051 5600 legisse
3082 5528 3384 5602 Perion‘ius.

568 5596 680 5677 (76)
724 5604 996 5670 Ἐξολών.
1019 5604 1109 5659 Sic
1138 5605 1574 5677 videturlegisse
1607 5596 1889 5677 l’euriouius
1913 5619 2071 5677 gver-

1731 5605 1889 5677 cuius
1913 5619 2071 5677 ;ver-
2248 5605 2361 5677 (77)
2395 5606 2579 5677 podex
2621 5605 2843 5677 Regius,
2872 5596 2968 5677 καὶ
3000 5596 3378 5677 ἐγκωμιάζων.

497 5671 584 5728 αι’
622 5671 788 5739 eniun,
846 5695 864 5727 ι
894 5676 1132 5747 perdita:
1190 5671 1647 5747 comploratazque
1700 5675 2065 5747 improbitatis
2244 5675 2355 5747 (78)
2394 5675 2536 5732 Iden)
2564 5671 2731 5730 codei
2766 5673 2980 5743 llcgius,
3024 5671 3249 5741 Ἰησοῦν.

500 5764 607 5800 non
652 5756 785 5801 crat.
830 5766 847 5798 ι
892 5745 1177 5800 Ferrarius
1223 5760 1352 5800 vero
1396 5742 1631 5813 legebat,
1672 5745 1724 5799 ni
1778 5742 1962 5806 fallor,
2002 5742 2062 5806 ἐξ
