4182 6412
360 327 467 383 195

1841 321 2160 378 ORIGENIS

3531 331 3633 382 796

367 453 542 496 terum
575 439 690 494 haec
724 451 820 508 pro
871 436 1078 492 viribus
1126 445 1383 493 accurate
1417 439 1679 508 inquisivi
1717 455 1730 493 :
1781 440 1942 496 simul

2050 441 2230 511 μένοις
2256 441 2366 512 (79)
2397 441 2558 495 αὑτὸν
2583 441 2740 513 φύσει
2771 442 3052 512 γεγονέναι
3085 444 3433 501 ἀνεπίδεκτον
3462 463 3628 518 σωτη·

365 531 660 588 ostendens
689 530 774 584 his
797 531 892 598 qui
919 527 1113 582 Judam
1157 530 1551 584 existimabant
1595 531 1786 585 salutis
1834 547 1939 586 non

365 637 625 692 capacem
660 637 784 676 esse
813 631 1033 686 natura,
1062 619 1220 676 talem
1254 637 1362 675 non
1390 637 1544 676 esse:
1583 622 1744 677 simul
1775 622 1940 678 etiam

365 727 644 784 exponens
673 712 948 781 quomodo
981 713 1176 766 merito
1213 713 1564 768 intuerentur
1587 729 1708 769 sese
1756 723 1942 770 mutuo

365 801 598 874 apostoli
625 801 698 856 ob
729 801 939 856 Domini
973 816 1306 866 sermonem,
1344 804 1657 858 dubitantes
1705 804 1773 859 de
1801 820 1941 873 quo-

367 909 496 948 nam
539 893 796 948 diceret:
848 893 942 947 sed
983 891 1225 947 sufﬁciat
1260 893 1326 948 ad
1381 894 1775 958 ostendendum
1817 912 1941 950 eum

366 985 662 1051 corruisse,
703 999 827 1039 cum
867 995 1096 1039 sanctus
1143 995 1313 1050 esset,
1355 983 1553 1040 aﬂ‘erre
1601 987 1656 1040 in
1705 988 1940 1042 medium

365 1077 655 1132 lectionem
687 1077 1060 1146 propheticam
1090 1092 1157 1131 ex
1185 1077 1398 1147 psalmo
1421 1078 1839 1149 quadragesimo
1861 1083 1942 1136 sic

364 1167 654 1223 habentem
683 1184 697 1222 :
736 1185 756 1218 ι
781 1167 992 1222 Etenim
1033 1168 1198 1220 homo
1229 1165 1380 1235 pacis
1413 1183 1566 1233 meze,
1602 1169 1656 1223 in
1684 1185 1792 1239 quo
1821 1187 1943 1240 spe-

365 1261 482 1315 ravi
513 1300 530 1326 ,
557 1261 649 1330 qui
683 1261 878 1314 edebat
907 1272 1074 1327 panes
1117 1272 1268 1312 meos
1301 1273 1534 1325 mecum,
1572 1263 1944 1340 tuagniﬁcavit

365 1367 530 1422 super
567 1367 654 1406 me
683 1338 1231 1420 supplantationem.»
1261 1349 1403 1416 Quin
1442 1338 1606 1406 etiam
1634 1355 1803 1409 illud:
1837 1375 1857 1408 ι
1883 1359 1940 1412 Si

363 1441 618 1496 inimicus
650 1457 802 1496 meus
827 1441 1091 1497 conviciis
1140 1456 1228 1496 me
1278 1443 1612 1510 incessisset,
1647 1448 1943 1504 sustinuis-

364 1548 480 1588 sem
515 1532 701 1603 utique
720 1531 821 1596 ",3
851 1533 992 1600 quod
1019 1531 1085 1583 ad
1117 1532 1366 1584 eumdem
1411 1533 1666 1598 refertur,
1701 1535 1944 1592 declarat

365 1642 489 1680 eum
521 1641 551 1680 a
581 1625 848 1696 principio
879 1623 1158 1678 inimicutn
1193 1639 1297 1676 non
1329 1624 1515 1680 fuisse.
1558 1625 1692 1681 illud
1731 1629 1894 1683 etiam
1922 1649 1939 1686 :

368 1736 387 1768 ι
417 1716 475 1770 Si
505 1717 551 1771 is
583 1717 674 1786 qui
707 1733 794 1772 me
836 1717 1044 1782 oderat,
1089 1717 1384 1770 adversum
1413 1733 1500 1771 me
1549 1719 1688 1772 nulla
1728 1719 1944 1778 locutus

363 1807 580 1871 fuisset,
611 1805 1020 1860 abscondissem
1047 1823 1132 1862 me
1165 1807 1395 1862 forsitan
1427 1807 1496 1860 ab
1527 1821 1594 1861 eo
1619 1808 1690 1874 ⁸⁷,
1718 1827 1737 1860 ι
1766 1809 1940 1877 palam
1974 1797 2016 1850 Β

363 1900 604 1954 ostendit
629 1899 774 1953 hunc
800 1899 1095 1968 aliquando
1125 1898 1382 1953 dilexisse
1402 1897 1586 1954 Jesum
1618 1916 1634 1954 :
1679 1917 1744 1956 eo
1770 1916 1945 1972 usque

363 1993 528 2047 etiam
549 1991 786 2045 amando
811 1991 1216 2058 pervenientem
1247 2000 1303 2044 ut
1324 2001 1472 2047 esset
1493 1991 1617 2048 Jesu
1647 1997 1940 2061 unanimis,

355 2085 509 2154 juxta
542 2084 674 2139 illud
703 2103 714 2138 :
753 2103 772 2136 ι
804 2082 884 2138 Tu
910 2092 1092 2138 autem
1124 2085 1287 2139 homo
1314 2086 1610 2152 unanimis,
1633 2088 1741 2142 dux
1765 2105 1943 2154 meus,

359 2187 416 2232 et
446 2177 790 2232 necessarius
819 2191 972 2230 meus
998 2175 1096 2228 ⁸⁸.»
1119 2176 1338 2246 Alioqui
1365 2187 1626 2234 sexcenta
1645 2179 1750 2233 alia
1788 2181 1944 2235 inve-

361 2269 502 2335 nias,
551 2283 620 2324 ex
667 2268 866 2338 quibus
913 2267 1185 2336 intelliges
1233 2270 1433 2324 merito
1473 2271 1774 2339 discipulos
1819 2286 1944 2326 sese

360 2371 552 2415 mutuo
592 2361 927 2430 respexisse,
969 2361 1284 2416 dubitantes
1331 2361 1398 2415 de
1429 2376 1668 2432 quonam
1709 2363 1939 2418 diceret.

361 2453 535 2509 Porro
558 2453 730 2508 Lucas
760 2454 1002 2524 scripsit,
1031 2469 1153 2508 cum
1181 2453 1414 2509 dixisset
1441 2451 1637 2510 Iesus:
1677 2455 1942 2521 (Verum-

363 2557 542 2602 tamen
573 2562 640 2602 en
675 2562 866 2602 manus
895 2561 980 2600 nte
1010 2546 1276 2600 tradentis
1301 2557 1385 2601 est
1408 2561 1617 2601 mecum
1643 2547 1698 2602 in
1721 2563 1938 2602 mensa:

359 2648 416 2694 et
448 2639 621 2694 Filius
643 2641 864 2710 quidem
895 2641 1130 2694 horninis
1157 2640 1330 2706 vadit,
1355 2640 1508 2710 juxta
1553 2640 1607 2694 id
1647 2645 1791 2710 quod
1837 2643 1939 2697 sibi

361 2732 644 2788 deﬁnitum
677 2732 818 2794 fuit,
875 2741 1255 2785 verumtamen
1299 2746 1391 2823 vae.
1431 2731 1640 2786 homini
1693 2733 1790 2798 illi,
1844 2749 1944 2802 per

361 2838 521 2894 quem
549 2825 792 2878 tradetur
809 2823 910 2885 ",i
944 2821 1242 2890 discipulos
1269 2821 1506 2894 coepisse
1548 2823 1692 2878 inter
1715 2839 1775 2878 se
1802 2840 1944 2892 qua:-

363 2930 485 2971 rere
513 2914 762 2985 quisnam
795 2929 982 2968 eorum
1009 2921 1156 2966 esset
1185 2912 1289 2966 hoc
1317 2912 1582 2967 facturus.
1616 2913 1943 2979 Qumrebant

360 3009 506 3064 enim
540 3009 685 3061 inter
723 3021 783 3061 se
810 3005 1127 3060 dubitantes
1157 3005 1226 3060 de
1261 3019 1370 3074 quo
1403 3005 1630 3059 diceret.
1663 3004 1782 3061 Jam
1812 3022 1942 3062 vero
1983 3007 1990 3013 ’

2047 533 2186 604 ρίας,
2221 533 2304 586 ὃτι
2346 535 2405 586 οὑ
2449 535 2689 598 τοιοῦτος
2719 531 2818 605 ἦν·
2861 535 2976 606 ἅμα
3013 535 3070 588 δὲ
3112 536 3466 606 διηγούμενος
3491 578 3506 602 ,
3551 540 3628 592 ὅτι

2044 623 2281 691 εὐλόγως
2306 625 2356 676 οἱ
2387 623 2628 695 μαθηταὶ
2657 626 2750 680 ἐπὶ
2779 625 2857 696 τῷ
2881 625 2976 679 τοῦ
3001 626 3208 698 Κυρίου
3233 626 3376 697 λόγῳ
3404 627 3664 688 satam,

2041 719 2122 781 εἰς
2153 716 2448 788 ἀλλήλους,
2481 718 2844 788 ἀπορούμενοι
2895 719 3024 790 περὶ
3054 718 3197 782 τινος
3231 717 3397 786 λέγει.
3448 721 3632 791 Ἀρκεί

2041 809 2098 862 δὲ
2127 809 2468 880 παραθέσθαι
2497 810 2592 862 καὶ
2625 811 2970 882 προφητικὴν
3001 809 3147 875 λέξιν
3175 811 3282 864 ἀπὸ
3305 811 3400 865 τοῦ
3432 829 3625 865 τεσσαν

2046 901 2310 971 ρακοστοῦ
2339 901 2557 972 ψαλμοῦ
2579 943 2594 969 ,
2631 905 3007 974 παριστᾶσαν,
3039 903 3120 956 ὅτι
3167 902 3324 972 ἅγιος
3357 903 3432 956 ὣν
3465 921 3628 974 μετα-

2043 994 2350 1057 πέπτωκεν,
2385 993 2506 1046 ὲπεί
2528 1011 2540 1023 ·
2581 1013 2599 1045 ι
2626 995 2738 1048 Καὶ
2763 993 2871 1066 γὰρ
2903 995 2931 1046 6
2968 993 3254 1066 ἄνθρωπος
3274 995 3374 1066 τῆς
3405 998 3627 1068 εἰρήνης

2045 1076 2146 1154 μού
2167 1124 2182 1148 ,
2219 1085 2303 1154 ἐφ’
2333 1085 2392 1138 ὃν
2419 1085 2624 1156 ήλπισα
2646 1127 2662 1149 ,
2695 1085 2892 1139 ὲσθίων
2930 1085 3128 1156 ἄρτους
3162 1103 3262 1156 μου
3301 1087 3628 1157 ἐμεγάλυνεν

2043 1177 2132 1228 ἐπ’
2157 1174 2258 1246 ἐμὲ
2286 1175 2634 1246 πτερνισμόν·
2663 1196 2682 1226 ι
2712 1174 2848 1228 ἀλλὰ
2872 1175 2966 1230 καὶ
2995 1175 3088 1228 τόο
3117 1194 3135 1226 ι
3167 1176 3228 1228 Εἰ
3251 1176 3443 1248 ἐχθρὸς
3471 1175 3630 1231 ὠνεί-

2041 1267 2158 1320 δισέ
2202 1284 2306 1338 με,
2349 1268 2632 1338 ὑπήνεγκα
2664 1267 2765 1331 ἂν,
2807 1287 2824 1319 ι
2856 1271 2942 1320 ἐπ’
2989 1268 3151 1322 αὑτὸν
3200 1269 3622 1340 ἀναφερόμενον,

2041 1359 2193 1430 δηλοῖ
2211 1405 2227 1424 ,
2260 1361 2342 1412 ὃτι
2369 1360 2470 1412 οὑκ
2497 1359 2734 1430 ἀρχῆθεν
2771 1359 2965 1432 ἐχθρὸς
2989 1355 3079 1432 ἦν·
3108 1359 3243 1414 ἀλλά
3262 1363 3358 1414 καὶ
3389 1361 3466 1413 τό·
3509 1382 3528 1414 ι
3564 1363 3626 1417 Ei

2043 1452 2072 1504 6
2106 1451 2280 1521 μισῶν
2316 1468 2382 1521 με
2407 1452 2493 1504 ἐπ’
2519 1453 2618 1522 ἐμὲ
2652 1451 3263 1523 ἐμεγαλορῤημόνησεν,
3294 1452 3532 1524 ἑκρύόην
3560 1453 3626 1506 ἂν

2042 1546 2139 1597 ἀπ’
2169 1545 2367 1609 αὑτοῦ,
2411 1564 2429 1597 ι
2476 1545 2838 1616 παρίστησιν,
2879 1545 2962 1598 ὃτι
3008 1547 3101 1599 καὶ
3138 1547 3324 1614 ἠγάπα
3367 1547 3495 1600 ποτὲ
3533 1547 3626 1600 τὸν

2055 1634 2283 1706 Ἰησοῦν,
2303 1634 2514 1703 φθάσας
2542 1635 2636 1687 ἐπὶ
2662 1634 2723 1686 τὸ
2747 1635 2842 1686 καὶ
2868 1633 3118 1704 ἰσόψυχος
3143 1635 3292 1704 αὑτῷ
3318 1636 3624 1705 τυγχάνειν·

2044 1727 2166 1779 ἐπεὶ
2185 1727 2492 1798 γέγραπται
2516 1743 2531 1756 ι
2572 1745 2591 1776 ί
2625 1727 2695 1780 Σὺ
2725 1725 2800 1790 δὲ,
2833 1718 3083 1794 ἄνθρωπε
3111 1723 3350 1797 ἰσόψυχε,
3381 1727 3474 1780 καὶ
3493 1728 3628 1796 ήγε-

2049 1817 2164 1890 μών
2202 1836 2324 1890 μου,
2351 1821 2446 1872 καὶ
2477 1819 2688 1887 γνωστέ
2743 1835 2864 1889 μου.
2910 1836 2928 1870 ι
2967 1819 3076 1871 Καὶ
3111 1817 3245 1871 ἄλλα
3275 1818 3322 1870 δ’
3353 1819 3419 1872 ἀν
3446 1819 3628 1890 εὕροις

2049 1910 2234 1981 μυρία,
2262 1909 2322 1975 ἐξ
2353 1905 2426 1963 ὧν
2453 1911 2726 1982 συνήσεις,
2757 1912 2840 1962 ὅτι
2869 1910 3093 1974 εἰκότως
3123 1911 3172 1964 οἱ
3205 1911 3442 1982 μαθηταὶ
3473 1911 3626 1963 ἔϐλε-

2045 2018 2146 2052 πον
2177 2003 2258 2064 είς
2295 2001 2557 2072 ἀλλήλους
2579 2041 2594 2066 ,
2621 2001 2985 2074 ἀπορούμενοι
3021 2003 3149 2072 περὶ
3173 2003 3316 2068 τίνος
3361 2002 3530 2071 λέγει.
3571 2004 3630 2055 ὐ

2043 2091 2100 2144 δὲ
2129 2093 2342 2156 Λουκᾶς
2376 2093 2714 2164 ἀνέγραψεν,
2753 2093 2834 2146 ὅτι
2860 2133 2875 2159 ,
2907 2092 3152 2156 εἰπόντος
3195 2074 3586 2163 τοῦΣωτῆρος
3611 2110 3626 2124 ·

2051 2199 2068 2231 ε
2107 2181 2252 2252 Πλὴν
2289 2181 2398 2236 ίδοὺ
2438 2183 2472 2253 ἡ
2518 2182 2640 2252 χεὶρ
2685 2181 2780 2234 τοῦ
2811 2181 3196 2251 παραδιδόντος
3232 2198 3299 2252 με
3339 2183 3456 2250 μετ’
3491 2181 3628 2250 ἐμοῦ

2044 2274 2136 2326 ἐπὶ
2167 2274 2266 2345 τῆς
2290 2275 2568 2347 τραπέζης
2586 2291 2600 2304 ι
2627 2277 2655 2328 6
2685 2274 2784 2346 μὲν
2810 2275 2937 2337 Υἱὸς
2963 2274 3056 2328 τοῦ
3087 2273 3374 2344 ἀνθρώπου
3400 2273 3540 2326 κατά
3569 2271 3630 2325 τὸ

2043 2367 2346 2440 ὡρισμένον
2373 2369 2526 2442 αὐτῷ
2563 2367 2856 2439 πορεύεται
2877 2385 2891 2399 ο
2921 2367 3062 2438 πλὴν
3103 2366 3226 2419 οὐαὶ
3257 2366 3334 2438 τῷ
3359 2365 3632 2437 ἀνθρώπῳ

2044 2461 2238 2531 ἐκείνῳ
2257 2460 2324 2513 δι’
2357 2453 2422 2514 οὗ
2448 2461 2834 2532 παραδίδοται,
2877 2480 2895 2512 ι
2931 2463 2979 2514 οἱ
3017 2459 3254 2532 μαθηταὶ
3284 2457 3516 2529 ἡρξαντο
3547 2474 3634 2509 συο

2043 2549 2226 2622 ζητεῖν
2259 2553 2396 2622 πρὸς
2419 2553 2646 2614 ἑαυτοὺς
2669 2593 2684 2616 ,
2711 2551 2796 2614 τίς
2828 2551 2934 2621 ἄρα
2959 2549 3045 2618 εἴη
3071 2548 3132 2612 ἐξ
3155 2547 3334 2600 αὑτῶν
3365 2549 3394 2600 ὁ
3423 2545 3634 2616 μέλλων

2041 2641 2200 2695 τοῦτο
2244 2643 2542 2713 πράσσειν·
2589 2643 2916 2714 συνεζήτουν
2958 2640 3066 2712 γὰρ
3099 2639 3462 2710 ἀπορούμενοι
3505 2636 3632 2706 περὶ

2041 2735 2184 2798 τίνος
2210 2733 2376 2803 λέγει.
2429 2733 2588 2787 Ἀλλὰ
2615 2734 2758 2788 κατά
2801 2735 2898 2803 μὲν
2925 2734 3017 2786 τὸν
3047 2732 3260 2786 Λουκᾶν
3305 2730 3404 2782 οὑκ
3433 2725 3636 2798 ἐμφαί-

2043 2845 2213 2890 νεται,
2237 2828 2318 2881 ὅτι
2349 2826 2580 2891 ἕκαστος
2611 2828 2707 2880 καὶ
2735 2827 2930 2880 ἑαυτὸν
2960 2824 3178 2878 ὑπενόει
3211 2823 3354 2893 (80)·
3387 2819 3528 2873 κατὰ
3576 2819 3632 2872 δὲ

2042 2918 2133 2971 τὸν
2155 2917 2432 2972 Ματθαῖον
2461 2917 2556 2970 καὶ⁸
2585 2917 2675 2970 τὸν
2703 2917 2930 2988 Μάρκον
2957 2917 3051 2970 καὶ
3075 2913 3233 2966 τοῦτο
3265 2910 3596 2982 παρίσταται
3613 2925 3628 2938 ο

2042 3013 2071 3064 6
2107 3011 2204 3081 μὲν
2233 3010 2342 3082 γὰρ
2364 3009 2642 3072 Ματθαῖός
2674 3026 2805 3078 φησι
2825 3025 2838 3038 ·
2882 3027 2900 3059 t
2934 3009 3045 3061 Καὶ
3074 3004 3401 3076 λυπούμενοι
3429 3001 3632 3072 σφόδρα

361 3095 664 3152 secundum
706 3094 908 3149 Lucam
955 3109 1065 3148 non
1113 3103 1341 3162 apparet
1383 3109 1827 3164 unumquemque
1883 3111 1942 3150 se

2048 3102 2279 3172 ἤρξαντο
2303 3101 2482 3169 λέγειν
2502 3117 2517 3132 ο
2550 3102 2696 3171 Μήτι
2725 3098 2837 3168 ἐγώ
2863 3100 3000 3168 εἰμι,
3030 3096 3200 3164 Κύριε
3229 3113 3242 3160 ς
3288 3115 3306 3146 ι
3336 3095 3364 3146 ὁ
3396 3093 3453 3146 δὲ
3477 3092 3632 3188 Μάρ-

361 3197 669 3258 suspectum
719 3188 938 3254 habere,
983 3186 1210 3256 perinde
1243 3194 1406 3255 atque
1435 3187 1581 3256 apud
1625 3187 1940 3242 Matthaeum

361 3288 417 3334 et
448 3280 711 3343 Marcum,
743 3279 835 3348 qui
869 3278 1046 3346 palam
1088 3277 1192 3332 hoc
1217 3281 1536 3333 ostendunt.
1577 3276 1759 3348 lnquit
1796 3281 1943 3334 enim

363 3373 657 3428 Matthazus
687 3372 745 3426 ':
790 3390 809 3423 ι
851 3371 918 3424 Ει
954 3371 1112 3426 valde
1157 3373 1338 3426 mmsti
1383 3381 1672 3442 emperunt
1723 3373 1941 3428 dicere:

362 3464 614 3534 Nunquid
647 3478 746 3535 ego
773 3477 916 3527 sum,
943 3461 1210 3516 Domine!
1231 3481 1251 3514 ι
1281 3461 1352 3516 At
1374 3461 1590 3518 Marcus
1609 3466 1668 3518 ἰ
1703 3482 1724 3516 ι
1756 3464 1948 3536 Coepe-

365 3567 492 3612 runt
521 3557 703 3612 mmsti
725 3571 870 3622 esse,
905 3565 957 3610 et
982 3555 1170 3610 dicere
1195 3554 1270 3608 illi
1300 3556 1612 3625 singulatim
1645 3574 1659 3610 :
1695 3557 1946 3627 Nunquid

363 3650 504 3720 ego?
533 3663 588 3704 et
621 3649 799 3707 alius:
831 3648 1087 3720 Nunquid
1119 3647 1264 3719 ego?
1287 3646 1524 3703 iSecum
1552 3649 1697 3704 enim
1731 3658 1946 3719 repete-

366 3745 518 3804 bant,
547 3742 760 3811 opinor,
793 3757 854 3796 se
877 3742 1126 3798 homines
1151 3755 1294 3807 esse,
1335 3749 1389 3793 et
1417 3739 1751 3809 propositum
1771 3741 1950 3794 adhuc

365 3833 772 3904 proficientium
815 3833 1084 3892 mutabile
1115 3846 1258 3894 esse,
1290 3845 1574 3900 capaxque
1614 3830 1830 3890 valendi
1863 3845 1950 3885 re-

368 3925 662 3995 pugnantia
721 3926 808 3980 his
864 3941 984 3996 qua:
1039 3938 1197 3983 antea
1249 3925 1951 3996 proposuisset,-fortassis

367 4017 532 4070 etiam
562 4017 738 4073 edocti
778 4027 968 4072 contra
1022 4035 1144 4088 qua:
1195 4019 1266 4072 sit
1303 4018 1464 4073 nobis
1509 4017 1679 4081 lucta,
1728 4027 1950 4086 propter

367 4111 631 4164 incertum
653 4125 834 4164 rerum
853 4110 1214 4164 humanarum
1237 4109 1468 4176 exitum,
1497 4109 1659 4182 437
1691 4121 1950 4165 verentur

367 4213 436 4254 ne
457 4199 785 4270 quandoque
827 4200 956 4254 victi
1009 4201 1302 4254 admittant
1339 4200 1702 4270 proditionem
1733 4200 1798 4254 de
1832 4198 1950 4254 Ma-

366 4293 573 4364 gistro;
617 4307 854 4360 namque
896 4279 1092 4346 Petrus
1124 4293 1464 4362 propositum
1515 4295 1732 4364 quidem
1787 4294 1953 4349 habe-

367 4389 482 4450 hat,
515 4401 640 4439 cum
674 4388 1031 4441 cculirmatus
1057 4383 1274 4438 dicebat
1299 4405 1312 4440 :
1353 4404 1371 4437 ι
1397 4386 1622 4442 Etiamsi
1649 4401 1843 4442 omnes
1868 4385 1951 4442 ol-

2048 3211 2176 3256 κος,
2205 3193 2286 3245 ὃτι
2325 3211 2343 3243 ι
2379 3189 2652 3262 Ἤρξαντο
2679 3188 3000 3252 λυπεῖσθαι,
3037 3187 3131 3240 καὶ
3156 3185 3335 3253 λέγειν
3368 3180 3516 3252 αὑτῴ
3553 3175 3633 3244 εἷς

2047 3285 2166 3338 καθ’
2199 3285 2328 3338 ἕνα·
2359 3285 2508 3355 Μήτι
2538 3281 2682 3352 ὲγώ;
2714 3283 2808 3335 καὶ
2838 3280 3014 3344 ἄλλος,
3041 3279 3188 3349 Μήτι
3215 3275 3365 3346 ὲγώ;
3404 3295 3422 3327 υ
3472 3273 3634 3344 Ἐμέ-

2052 3393 2253 3448 μνηντο
2284 3371 2608 3448 γὰρ,οἷμαι,
2631 3373 2908 3444 ἄνθρωποι
2937 3372 3111 3434 ὄντες,
3135 3371 3215 3423 ὅτι
3249 3369 3456 3439 τρεπτή
3488 3369 3636 3418 ἐστιν

2047 3447 2080 3540 ἡ
2116 3447 2434 3539 προαίρεσις
2456 3451 2564 3519 τῶν
2587 3465 2668 3518 ἔτι
2693 3463 3132 3536 προκοπτόντων,
3157 3461 3251 3513 καὶ
3275 3455 3635 3526 ὲπιδεχομένη

2047 3559 2117 3612 τὰ
2147 3557 2364 3612 ἐναντία
2409 3555 2582 3614 θέλειν
2609 3549 2690 3618 οἷς
2719 3554 2982 3626 πρότερον
3014 3552 3124 3622 (81)
3175 3548 3435 3622 προέθετο
3455 3563 3469 3575 ·
3499 3545 3638 3614 τάχα

2047 3649 2104 3702 δὲ
2137 3650 2232 3703 καὶ
2269 3647 2531 3720 μαθόντες
2572 3647 2708 3718 πρὸς
2759 3645 2795 3698 ἃ.
2823 3647 2957 3716 ἡμῖν
3001 3647 3149 3698 ἐστιν
3196 3643 3228 3713 ή
3261 3639 3405 3709 πάλη
3431 3677 3446 3701 ,
3480 3637 3640 3689 εσὺλα-

2049 3739 2243 3793 ϐοῦντο
2267 3739 2355 3793 διά
2379 3741 2438 3792 τὸ
2467 3741 2525 3791 ὲν
2563 3735 2874 3809 ἀνθρώποις
2905 3736 3119 3807 ἄδηλον,
3153 3734 3362 3806 μήποτε
3393 3729 3642 3801 νικηθέν-

2047 3849 2140 3897 τες
2165 3832 2574 3904 παραδέξωνται
2605 3832 2700 3884 καὶ⁹
2729 3830 2826 3902 τὴν
2856 3829 2946 3884 τοῦ
2965 3827 3292 3882 Διδασκάλου
3325 3823 3635 3896 προδοσίαν·

2048 3925 2145 3980 καλ⁸
2169 3925 2276 3996 γάρ
2304 3929 2334 3978 6
2359 3925 2565 3995 Πέτρος
2596 3924 2856 3996 πρόθεσιν
2879 3923 2976 3994 μὲν
2999 3919 3163 3992 εἶχεν,
3187 3921 3276 3974 ὅτε
3302 3915 3640 3972 διαϐεϐαιού-

2054 4031 2213 4085 μενος
2241 4013 2424 4080 ἕλεγεν
2444 4031 2457 4044 ’
2500 4031 2518 4062 4
2551 4013 2614 4068 Εἰ
2641 4013 2735 4065 καὶ
2771 4012 2973 4074 πάντες
3004 4007 3553 4078 σκανδαλισθήσονται
3581 4007 3639 4058 ὲν

2052 4109 2156 4172 σοὶ,
2183 4105 2292 4176 ἐγὼ
2323 4108 2384 4160 οὑ
2411 4105 2964 4176 σκανδαλισθήσομαι,
2996 4121 3015 4155 ι
3058 4103 3132 4174 μὴ
3175 4099 3511 4173 ἀρνήσασθαι
3552 4099 3642 4151 τὸν

2064 4201 2273 4270 Ἰησοῦν
2299 4215 2313 4228 ο
2343 4197 2654 4270 ὲκνικηθεὶς
2681 4197 2738 4251 δὲ
2777 4197 2882 4250 ὑπὸ
2906 4195 3000 4250 τοῦ
3034 4195 3133 4266 τῆς
3161 4193 3362 4257 δειλίας
3398 4191 3642 4262 πνεύμα-

2051 4307 2142 4354 τος
2183 4290 2288 4362 πρὸ
2333 4287 2769 4361 ἀλεκτροφωνίας
2815 4288 2937 4359 τρὶς
2987 4285 3151 4340 αὑτὸν
3195 4285 3494 4356 ἠρνήσατο.
3549 4282 3644 4336 Ἐκ

2051 4383 2162 4436 τῶν
2193 4383 2448 4436 τοιούτων
2475 4383 2540 4456 δὴ
2570 4383 2744 4452 λόγων
2773 4381 3158 4454 διδασκόμεθα,
3183 4381 3286 4446 ὅτι,
3319 4399 3337 4430 ι
3385 4379 3443 4433 '0
3473 4378 3642 4434 δοκῶν

367 4476 658 4532 fendautur
675 4486 764 4530 tua
783 4492 968 4542 causa,
983 4492 1084 4548 ego
1105 4488 1284 4533 tamen
1302 4493 1580 4547 nunquam
1604 4474 1897 4540 oﬂ‘endar',
1919 4495 1938 4527 ι

2052 4475 2272 4532 ἑστάναι
2307 4475 2418 4546 (8‘2)
2461 4475 2708 4546 βλεπέτω
2740 4475 2814 4547 μὴ
2847 4475 2990 4546 πέσῃ
3013 4515 3028 4536 ,
3070 4493 3088 4525 ›
3128 4473 3245 4538 καὶ,
3276 4490 3294 4522 ι
3335 4471 3429 4542 Μὴ
3454 4469 3644 4539 καυχῶ

369 4585 476 4624 non
514 4569 746 4639 negandi
767 4567 951 4624 Jesum
975 4610 992 4638 ,
1022 4581 1078 4624 at
1110 4574 1286 4626 victus
1309 4576 1531 4640 propter
1558 4569 1808 4623 timorem
1839 4567 1950 4636 spi-

370 4663 529 4725 ritus,
569 4673 696 4716 ante
725 4662 851 4733 galli
877 4675 1099 4718 cantum
1135 4675 1218 4718 ter
1243 4678 1368 4718 eum
1403 4661 1643 4732 negavit.
1670 4659 1950 4714 Istiusmo-

369 4755 424 4808 di
475 4755 639 4824 igitur
689 4755 994 4810 rationibus
1031 4755 1345 4819 edocemur,
1384 4763 1439 4807 ut
1485 4773 1505 4804 ι
1542 4754 1633 4822 qui
1675 4751 1950 4807 existimat

369 4863 431 4906 se
455 4858 620 4914 stare,
646 4848 832 4903 videat
865 4863 936 4904 ne
957 4849 1120 4905 cadat
1147 4848 1188 4914 ‘,
1217 4867 1236 4901 ι
1282 4857 1446 4916 atque
1467 4848 1630 4902 etiam
1663 4865 1682 4898 ι
1735 4861 1804 4900 ne
1833 4844 1949 4914 glo~

372 4937 532 4997 rieris
557 4938 625 4994 de
658 4939 746 4994 die
775 4941 1046 5004 crastino,
1097 4939 1318 5009 quando
1365 4940 1546 4994 nescis
1595 4937 1728 5007 quid
1759 4953 1951 5008 super-

372 5041 601 5087 venturs
624 5031 802 5102 pariat
827 5033 944 5088 dies
971 5033 1046 5088 ⁸.»
1081 5032 1338 5088 Fortasse
1379 5046 1510 5087 vero
1557 5032 1726 5086 etiam
1775 5030 1946 5087 illud:

375 5121 782 5178 «Intuebantur
830 5137 952 5180 sese
999 5132 1191 5179 mutuo
1245 5121 1532 5192 discipuli,
1571 5139 1592 5174 ι
1650 5130 1848 5192 praeter
1898 5120 1948 5175 id

441 5267 488 5300 °°
519 5265 661 5322 Psal.
695 5281 842 5331 LXIV,
877 5265 965 5320 15.
1040 5266 1086 5298 ⁸⁷
1111 5265 1242 5320 ibid.
1316 5265 1364 5299 ⁸⁸
1392 5265 1522 5320 ibid.
1571 5264 1661 5320 14.
1735 5264 1781 5296 ’³
1808 5263 1940 5318 Luc.
1989 5281 2126 5329 χχιι,
2154 5265 2244 5331 21,
2267 5265 2358 5320 25.

441 5338 627 5392 Matth.
655 5336 918 5392 xnv.55.
1019 5335 1042 5368 δ
1078 5337 1097 5391 1
1135 5335 1263 5392 Cor.
1311 5335 1484 5392 ι.12.
1583 5336 1607 5367 ⁸
1640 5335 1802 5390 Prov.
1844 5350 2020 5392 xxvn.
2048 5339 2102 5392 1.

1787 5373 1802 5388 ο
1844 5373 2020 5403 “AVII,
2056 5373 2102 5392 Ι.

371 5339 392 5370 ³
434 5338 627 5392 Matth.
655 5336 918 5402 ικιν,55.
1019 5335 1042 5368 ⁵
1078 5337 1097 5391 |
1135 5335 1263 5392 Cor.
1311 5335 1484 5400 ι,12.

445 5471 556 5540 (79)
592 5467 723 5536 Τοῖς
743 5467 1056 5540 οἰομένοις.
1085 5467 1506 5524 Valentinianis.

445 5538 557 5610 (ὃν)
583 5541 765 5596 Codex
821 5538 1146 5610 Bodleianns
1185 5549 1332 5595 recte
1382 5540 1544 5595 habet
1575 5538 1816 5608 ὑπενόει,
1850 5553 1950 5609 pro

377 5609 494 5682 quo
515 5609 736 5682 tantum
768 5610 970 5680 legitur
982 5611 1060 5682 _in
1089 5609 1280 5682 Regio,
1305 5609 1438 5666 νόει.

451 5679 738 5754 (ﬁumen:
763 5677 933 5754 codex
980 5677 1335 5754 Bodleianus,
1363 5683 1593 5753 optime,
1637 5677 1720 5748 οἷς
1751 5701 1791 5737 π
1805 5681 1956 5754 ρότε..

376 5750 471 5828 ρον
499 5765 511 5779 ·
544 5749 768 5818 Regius,
802 5751 961 5816 male,
987 5753 1064 5816 εἰς
1094 5753 1377 5816 πρότερον.

2055 4570 2124 4623 τὰ
2159 4571 2238 4633 εἰς
2273 4567 2463 4642 αὑριον
2485 4587 2501 4602 ο
2529 4569 2592 4622 οὑ
2616 4567 2724 4640 γὰρ
2765 4563 2914 4630 οἶδας
2942 4567 2994 4618 τί
3018 4565 3231 4632 τέξεται
3262 4565 3296 4635 ή
3323 4561 3572 4616 ἐπιοῦσα.
3621 4579 3638 4609 ι

2055 4663 2210 4732 Τάχα
2231 4662 2289 4715 δὲ
2317 4663 2412 4716 καὶ
2437 4662 2516 4715 τόο
2542 4659 2843 4713 «Ἵύϐλεπον
2867 4661 2947 4722 εἰς
2964 4657 3227 4730 ἀλλήλους
3252 4657 3302 4710 οἱ
3330 4655 3588 4727 μαθηταὶ,
3623 4673 3638 4704 ι

2056 4753 2192 4824 πρὸς
2219 4751 2297 4824 τῷ
2325 4753 2691 4822 ἁπλούστερον
2717 4749 2990 4822 νοουμένῳ
3012 4750 3106 4804 καὶ
3133 4748 3371 4802 τοιοῦτόν
3391 4765 3444 4801 τι
3475 4747 3644 4818 δηλοῖ,

2055 4845 2137 4897 ὅτι
2163 4845 2396 4908 ἕκαστος
2413 4842 2552 4898 κατά
2573 4845 2632 4897 τὸ
2656 4842 2882 4898 δυνατὸν
2905 4840 3220 4912 ἀνθρωπίνῃ
3253 4840 3414 4909 φύσει
3442 4838 3649 4909 ἐνεώρα

2058 4939 2136 5000 εἰς
2169 4937 2268 5007 τήν
2305 4935 2623 5006 προαίρεσιν
2649 4934 2744 4988 τοῦ
2783 4935 2994 5004 ἑτέρου,
3019 4931 3314 5003 ὲπαπορῶν
3345 4933 3395 4984 εἰ
3424 4931 3648 4984 δύναται

2059 5031 2092 5100 ή
2122 5029 2344 5083 τοιαῦτα
2375 5027 2628 5098 πράξασα
2654 5027 2820 5098 ψυχὴ,
2857 5028 2950 5081 καὶ
2971 5025 3115 5080 οὑτω
3139 5024 3277 5098 πρὸς
3313 5023 3406 5078 τὸν
3439 5023 3647 5093 ἀψευδῆ

2059 5120 2390 5176 Διδάσκαλον
2421 5120 2729 5176 διατεθεῖσα
2764 5118 2980 5189 ἀληθῶς
3017 5117 3446 5190 μαρτυρήσαντα
3481 5117 3541 5168 ἐν
3571 5113 3652 5184 τῷ

2468 5263 2705 5318 'Matth.
2758 5277 2908 5329 τινι,
2940 5260 3032 5316 22.
3141 5259 3162 5290 ⁸
3209 5260 3497 5323 Marcdttv,
3558 5257 3645 5321 l9,

2128 5468 2242 5538 (82)
2283 5468 2426 5534 Ὅτι,
2465 5485 2486 5520 ι
2530 5463 2808 5520 Ὀ-δοκῶν
2837 5459 3383 5538 ἑστάναιηθιᾳηδίο
3423 5459 3648 5538 sanitati

2061 5528 2380 5595 restituitur
2413 5528 2502 5594 hic
2534 5539 2687 5592 locus
2723 5553 2823 5605 0pc
2855 5534 3218 5605 manuscripti
3253 5531 3550 5605 Bodleiani.
3589 5528 3648 5605 l_u

2065 5610 2238 5680 Regio
2265 5610 2528 5681 mendose
2580 5599 2798 5681 legitur,
2831 5608 2860 5660 6
2895 5609 3114 5681 στήκων
3140 5599 3397 5674 βλεπέτω
3428 5602 3506 5678 μή
3555 5599 3652 5655 πέρ

2074 5679 2167 5755 σῃ,
2197 5680 2292 5735 καὶ
2330 5679 2404 5752 μὴ
2438 5680 2498 5732 οὑ
2531 5679 2662 5752 γάρ,
2688 5689 2795 5733 etc.
