4182 6418
443 352 546 408 797

1493 346 1852 402 COMMENT.
1890 346 1955 400 IN
1982 344 2180 402 JOAN.
2216 342 2457 402 TOMUS
2495 345 2708 401 XXXII.

3608 347 3713 402 793

451 463 721 535 εξρηκέναι
744 479 758 495 ’
786 482 805 516 ι
842 463 1036 536 Ἀμὴν,
1068 462 1213 534 ἀμὴν
1236 460 1380 531 λέγω
1410 461 1561 530 ὑμῖν,
1583 463 1665 514 ὅτι
1687 455 1766 525 εἷς
1790 461 1850 525 ἐξ
1879 461 2030 532 ὑμῶν

2135 460 2278 528 quod
2306 459 2625 527 simpliciter
2650 457 2990 527 intelligitur,
3027 456 3138 512 tale
3168 456 3422 526 quiddam
3446 457 3710 515 declarat.

452 553 753 623 παραδώσει
806 571 896 626 με,
934 574 953 605 ι
983 556 1078 607 ἐπὶ
1131 551 1382 607 τοσοῦτον
1442 555 1719 625 τραπῆναι
1770 555 1863 606 καὶ
1911 555 2028 605 ὲπι-

442 645 701 701 λαθέσθαι
736 646 846 700 τῶν
872 646 969 699 τοῦ
1019 647 1350 701 Διδασκάλου
1403 647 1773 719 μαθημάτων,
1812 645 1887 708 ὡς
1934 646 2028 699 καὶ

450 740 538 792 ἐπὶ
582 739 682 810 τὴν
706 738 990 809 προδοσίαν
1031 738 1195 791 αὑτοῦ
1239 739 1441 808 φθάσαι
1468 757 1481 769 ·
1518 737 1826 808 ὲμφαντικὴ
1858 737 1966 807 γὰρ
1993 740 2026 808 ἡ

449 831 572 901 περὶ
597 830 704 884 τῶν
730 829 986 902 μαθητῶν
1005 829 1148 895 λέξις
1179 831 1234 900 ἡ,
1262 848 1281 883 ι
1306 828 1695 900 Ἀπορούμενοι
1730 827 1858 896 περ).
1885 826 2029 890 τίνος

442 921 623 991 λέγει·
667 942 685 973 ι
735 921 797 974 οὐ
838 921 947 992 γὰρ
989 921 1252 990 εὐπόρουν
1294 920 1545 990 ἐννοῆσαι
1598 918 1728 988 περὶ
1776 915 1919 979 τίνος
1970 917 2031 969 τὸ

450 1013 839 1084 προειρημένον
874 1009 972 1084 ἦν’
1011 1012 1126 1066 ἀλλ’
1172 1006 1312 1082 ἦσαν
1340 1012 1470 1082 περὶ
1495 1009 1687 1063 τούτου
1712 1008 2030 1081 ἀπορούμε-

445 1119 558 1165 xot,
592 1101 687 1155 καὶ
739 1101 889 1154 οὐδὲν
933 1100 1057 1154 οὔτε
1091 1102 1229 1153 νοεῖν
1250 1139 1265 1165 ,
1296 1097 1422 1152 οὔτε
1456 1099 1638 1168 λέγειν
1676 1092 1845 1168 σαφὲς
1877 1096 2030 1168 εὑρί-

451 1209 689 1256 σκοντες.

2139 550 2284 619 quod
2318 550 2685 617 unusquisque
2727 549 2880 616 juxta
2931 547 3077 602 vires
3120 548 3371 601 humanae
3411 556 3619 601 natura:
3655 552 3710 602 in

2133 641 2472 710 propositum
2501 641 2726 695 alterius
2751 642 3074 705 intueretur,
3107 638 3431 693 addubitans
3450 654 3517 692 an
3541 642 3714 708 possit

2137 735 2319 788 anima
2356 749 2474 801 qua:
2509 733 2635 787 talia
2669 734 2959 804 peregerit,
2996 742 3050 787 et
3080 732 3160 786 sic
3184 730 3384 786 affecta
3439 747 3564 802 erga
3621 749 3713 787 ve-

2135 839 2316 879 racetn
2342 823 2680 894 Magistrum,
2716 825 2809 893 qui
2836 839 2966 879 vere
2991 833 3220 878 testatus
3250 823 3413 877 fuerit
3438 824 3669 878 dicendo
3693 842 3708 878 :

2145 934 2162 966 ι
2203 917 2399 979 Amen,
2429 930 2586 969 amen
2612 915 2736 973 dico
2766 916 2940 977 vobis,
2970 914 3117 983 quod
3150 930 3293 968 unus
3316 929 3387 967 ex
3418 915 3575 969 vobis
3625 930 3712 968 me

2131 1006 2449 1076 proditurus
2474 1017 2579 1069 est,
2611 1024 2631 1057 ι
2661 1021 2711 1058 ιιι
2744 1014 2954 1059 ιιιιιιιιιιι
3005 1007 3307 1068 immutari,
3356 1017 3409 1059 et
3464 1006 3708 1060 oblivisci

2132 1098 2500 1153 doctrinarum
2528 1097 2794 1169 Magistri,
2830 1107 2887 1152 ut
2919 1096 2988 1151 ad
3025 1113 3147 1152 eum
3206 1097 3528 1151 tradendum
3580 1111 3708 1166 per-

2130 1190 2437 1245 venirent:
2487 1192 2769 1259 emphasin
2835 1192 2978 1246 enim
3037 1192 3201 1246 habet
3256 1190 3422 1245 dictio
3476 1190 3590 1244 haec
3641 1190 3711 1242 de

448 1287 747 1357 discipulis,
805 1306 825 1340 ι
883 1287 1196 1343 dubitantes
1248 1285 1316 1340 de
1368 1299 1477 1354 quo
1530 1284 1766 1348 diceret,
1815 1304 1835 1336 ι
1899 1298 2004 1338 non
2056 1283 2200 1336 enim
2291 1284 2569 1339 habebant
2620 1286 2828 1352 copiam
2896 1286 3166 1355 cogitandi
3218 1285 3303 1339 cui
3380 1293 3714 1353 competeret

450 1380 590 1452 quod
627 1379 941 1448 praedictum
1013 1378 1219 1441 fuerat,
1247 1379 1341 1431 sed
1381 1378 1447 1431 de
1481 1378 1582 1431 hoc
1627 1375 1966 1438 dubitabant,
2007 1374 2145 1429 nihil
2190 1386 2436 1441 apertum
2493 1376 2577 1428 vel
2614 1377 2855 1444 cogitare
2907 1377 2991 1430 vel
3033 1376 3215 1430 dicere
3249 1377 3603 1430 invenientes.

518 1473 601 1527 15.
637 1464 776 1525 ιτΗν
804 1471 1164 1538 ἀνακείμενος
1200 1464 1281 1532 εἷς
1314 1471 1379 1523 ἐκ
1423 1468 1531 1522 τῶν
1577 1466 1834 1540 μαθητῶν
1865 1466 2028 1520 αὐτοῦ

2212 1468 2299 1521 15.
2334 1486 2353 1519 ι
2385 1467 2516 1521 Erat
2543 1478 2724 1521 autem
2756 1483 2896 1522 unus
2928 1482 2994 1522 ex
3026 1468 3307 1538 discipulis
3337 1467 3463 1522 Jesu
3498 1484 3708 1523 recum-

437 1565 505 1618 έν
529 1559 609 1633 τῷ
639 1560 822 1631 κόλπῳ
847 1560 942 1613 τοῦ
981 1558 1156 1630 Ἰησοῦ
1176 1600 1191 1622 ,
1225 1559 1284 1612 ὃν
1307 1559 1500 1629 ἠγάπα
1527 1560 1557 1611 6
1606 1557 1831 1628 Ἰησοῦς.
1866 1554 2030 1608 Νεύει

2136 1558 2351 1613 bensin
2380 1558 2502 1613 sinu
2554 1559 2745 1627 ipsius,
2789 1573 2949 1627 quem
2999 1558 3257 1628 diligebat
3303 1558 3482 1614 Jesus.
3530 1560 3712 1613 lnnuit

438 1650 536 1709 οὖν
565 1632 739 1724 τούτῳ
771 1654 952 1724 Σίμων
980 1653 1187 1723 Πέτρος
1210 1695 1225 1718 ,
1255 1654 1349 1707 καὶ
1380 1652 1527 1721 λέγει
1569 1651 1751 1722 αὐτῷ’
1783 1651 1919 1704 Εἰπὲ
1944 1651 2029 1715 τίς

2131 1663 2262 1718 ergo
2295 1650 2421 1703 huic
2454 1649 2640 1704 Simon
2672 1648 2891 1714 Petrus,
2914 1659 2966 1702 et
2988 1649 3128 1702 dixit
3154 1650 3226 1715 ei,
3253 1660 3311 1703 ut
3338 1650 3715 1705 sciscitaretur

440 1751 558 1802 ἐστι
590 1746 719 1817 περὶ
745 1741 806 1800 οῦ
834 1745 1003 1814 λέγει.
1045 1744 1357 1798 Ἀναπεσὼν
1387 1746 1594 1808 ἐκεῖνος
1618 1744 1712 1797 ἐπὶ
1745 1743 1806 1797 τὸ
1837 1742 2031 1814 στῆθος

438 1838 534 1892 τοῦ
578 1837 772 1909 Ἰησοῦ,
803 1837 950 1907 λέγει
980 1838 1128 1909 αὐτῷ
1147 1854 1161 1867 ·
1197 1837 1401 1909 Κύριε,
1427 1836 1511 1900 τίς
1542 1839 1691 1890 ἐστιν
1718 1853 1732 1901 ;
1772 1836 2030 1907 Ἀποκρί-

439 1946 589 1984 νεται
614 1925 706 1984 οὖν
733 1932 762 1983 ό
804 1929 1013 2001 Ἰησοῦς
1036 1948 1049 1960 ·
1102 1930 1341 1994 Ἐκεῖνός
1378 1931 1524 1983 ἐστιν
1569 1924 1615 1998 ᾧ
1644 1927 1755 1998 ἐγὼ
1786 1928 1943 1999 βάψω
1971 1928 2031 1981 τὸ

436 2018 668 2098 ψωμίον.
707 2018 894 2088 Βάψας
918 2017 1011 2073 οῦν
1042 2020 1103 2072 τὸ
1131 2018 1344 2090 ψωμίον
1377 2018 1665 2090 λαμϐάνει,
1693 2018 1789 2071 καὶ
1814 2018 2030 2071 δίδωσιν

450 2107 622 2178 Ἰούδᾳ
647 2107 850 2178 Σίμωνι
890 2107 1215 2180 Ἰσκαριώτῃ
1245 2107 1354 2179 (85)
1379 2125 1393 2139 ·
1426 2109 1521 2162 καὶ
1562 2107 1700 2179 μετά
1729 2107 1792 2160 τὸ
1812 2106 2027 2177 ψωμίον

438 2196 561 2251 τότε
590 2196 841 2267 εἰσῆλθεν
868 2199 947 2260 εἰς
986 2199 1193 2251 ἐκεῖνον
1224 2200 1253 2251 6
1279 2198 1542 2262 Σατανᾶς.
1574 2198 1738 2266 Λέγει
1763 2193 1855 2251 οὖν
1882 2196 2031 2268 αὐτῷ

447 2290 480 2344 ὁ
502 2288 709 2361 Ἰησοῦς
732 2307 746 2321 ο
776 2290 842 2342 Ὃ
865 2292 1057 2355 ποιεῖς,
1083 2290 1311 2361 ποίησον
1339 2291 1544 2361 τάχιον.
1572 2291 1744 2344 Τοῦτο
1769 2291 1827 2343 δὲ
1857 2291 2031 2354 οὐδεὶς

442 2388 583 2449 ἔγνω
600 2382 712 2437 τῶν
737 2383 1111 2455 ἀνακειμένων
1135 2384 1271 2455 πρὸς
1301 2384 1352 2438 τί
1376 2381 1527 2438 εἶπεν
1550 2384 1727 2455 αὐτῷ·
1752 2382 1898 2446 τινὲς
1922 2384 2030 2455 γὰρ

442 2468 683 2537 ἐδόκουν,
702 2475 824 2527 ἐπεὶ
852 2473 914 2527 τὸ
941 2474 1326 2546 γλωσσόκομον
1354 2471 1498 2545 εἶχεν
1531 2474 1751 2539 Ἰούδας,
1776 2475 1858 2527 ὄτι
1881 2473 2030 2541 λέγει

442 2562 590 2635 αὐτῷ
634 2565 870 2636 Ἰησοῦς·
917 2566 1209 2637 Ἀγόρασον
1252 2559 1327 2620 ὧν
1360 2567 1551 2638 χρείαν
1597 2566 1792 2637 ἔχομεν
1820 2567 1901 2629 εἰς
1931 2565 2031 2636 τὴν

440 2652 632 2725 ἑορτήν
651 2670 664 2684 ⁸
696 2654 730 2724 ἢ
762 2657 876 2718 τοῖς
900 2658 1133 2727 πτωχοῖς
1172 2656 1259 2709 ἵνα
1283 2674 1335 2710 τι
1376 2657 1472 2728 δῷ.
1508 2677 1527 2708 ι
1567 2658 1627 2710 '0
1653 2659 1711 2710 ὲν
1738 2657 1817 2726 τῷ
1845 2655 2030 2727 κόλπῳ

436 2744 535 2798 τοῦ
580 2744 755 2816 Ἰησοῦ
785 2747 1144 2819 ἀνακείμενος
1175 2742 1257 2813 εἷς
1292 2749 1401 2803 τῶν
1446 2749 1722 2822 μαθητῶν,
1750 2749 1809 2804 ὃν
1838 2750 2030 2820 ἠγάπα

443 2839 470 2892 6
503 2836 730 2910 Ἰησοῦς,
754 2837 927 2893 ἔοικεν
951 2841 980 2892 6
1001 2838 1219 2911 γράψας
1240 2840 1299 2893 τὸ
1325 2842 1655 2911 Εὐαῃέλιον
1674 2840 1813 2897 εἶναι
1845 2842 2029 2897 Ἰωάν-

446 2950 541 3004 νης
559 2950 573 2963 ·
608 2933 701 2986 ἐπὶ
721 2933 830 3004 γὰρ
866 2933 944 3004 τῷ
971 2933 1113 2987 τέλει
1137 2934 1230 2988 τοῦ
1262 2935 1593 3005 Εὐαγγελίου
1620 2935 1930 3007 γέγραπται
1954 2934 2031 3000 ῶς

448 3046 467 3076 ι
490 3025 876 3097 Ἐπιστραφεὶς
898 3028 926 3079 6
945 3026 1149 3099 Πέτρος
1172 3026 1359 3097 βλέπει
1381 3028 1471 3081 τὸν
1496 3028 1742 3100 μαθητὴν
1756 3027 1817 3081 ὃν
1838 3028 2029 3097 ἠγάπα

444 3112 475 3164 6
502 3113 707 3184 Ἰησοῦς
721 3114 1209 3180 άκολουθοῦντα,ὃς
1235 3118 1329 3170 καὶ
1359 3117 1621 3170 ἀνέπεσεν
1646 3120 1704 3171 ὲν
1726 3116 1806 3188 τῷ
1830 3117 2031 3188 δείπνῳ

443 3205 534 3258 ἐπὶ
565 3205 624 3257 τὸ
669 3205 865 3276 στῆθος
895 3205 1092 3271 αὐτοῦ,
1128 3206 1223 3261 καὶ
1269 3204 1423 3261 εἴπεο
1462 3209 1636 3280 Κύριε
1656 3249 1670 3273 ,
1715 3210 1801 3274 τίς
1826 3212 1974 3264 ἐστιν
2004 3214 2033 3265 6

444 3295 769 3367 παραδιδούς
800 3313 860 3349 σε
885 3314 899 3363 ;
928 3298 1128 3351 Τοῦτον
1163 3293 1258 3353 οὖν
1283 3298 1406 3355 ἰδὼν
1436 3302 1465 3352 6
1495 3301 1700 3371 Πέτρος
1718 3344 1733 3368 ,
1766 3301 1914 3370 λέγει
1954 3302 2032 3374 τῷ

453 3388 630 3459 Ἰησοῦ
650 3407 663 3420 ·
700 3388 900 3461 Κύριε,
936 3384 1087 3455 οὗτος
1113 3390 1173 3443 δὲ
1198 3392 1251 3444 τί
1278 3409 1292 3457 ;
1327 3393 1490 3462 Λέγει
1541 3393 1690 3464 αὐτῷ
1716 3394 1744 3446 6
1787 3395 2027 3466 Ἰησοῦς·

455 3482 582 3537 Ἐὰν
605 3482 768 3536 αὐτὸν
798 3483 934 3537 Θέλω
965 3484 1144 3554 μένειν
1175 3484 1280 3548 ἕως
1304 3484 1554 3556 ἔρχομαι,
1582 3486 1636 3539 τί
1664 3485 1799 3557 πρὸς
1829 3488 1926 3553 σέ;
1957 3486 2029 3540 Σύ

451 3591 539 3644 μοι
565 3574 865 3629 ἀκολούθει.
902 3575 1152 3647 Ἐξῆλθεν
1171 3571 1263 3629 οὖν
1284 3578 1313 3630 6
1334 3577 1491 3647 λόγος
1503 3580 1583 3641 εἰς
1603 3578 1730 3642 τοὺς
1749 3577 2030 3647 ἀδελφοὺς,

444 3665 528 3718 ὅτι
556 3668 585 3718 6
614 3666 863 3738 μαθητὴς
908 3668 1113 3730 ἐκεῖνος
1143 3667 1245 3720 οὐκ
1281 3667 1611 3739 ἀποθνήσκει
1631 3686 1643 3698 ·
1669 3669 1772 3721 οὐκ
1806 3664 1929 3722 εἷπε
1974 3670 2032 3722 δὲ

441 3756 592 3827 αὐτῷ
619 3759 649 3810 6
684 3757 912 3829 Ἰησοῦς,
939 3757 1160 3812 ὃτιὍὺκ
1188 3758 1540 3829 ἀποθνήσκει,
1564 3758 1837 3812 ἁλλ’·Ἐὰν
1868 3758 2030 3812 αὑτὸν

443 3849 581 3902 θέλω
615 3849 796 3920 μένειν
821 3848 928 3911 ἕως
956 3848 1206 3921 ἔρχομαι,
1225 3849 1278 3902 τί
1300 3850 1437 3921 πρὸς
1466 3851 1565 3916 σέ;
1597 3871 1616 3901 ι
1646 3852 1767 3905 Ὅτι
1792 3851 1851 3905 δὲ
1878 3854 1907 3906 6
1935 3869 2033 3921 μα-

443 3940 614 4013 θητὴς
641 3935 796 4004 οὗτος
821 3943 851 3994 6
871 3941 1091 4012 γράψας
1111 3941 1173 3993 τὸ
1213 3941 1541 4009 Εὐαγγέλιον
1583 3943 1836 4013 Ἰωάννης
1861 3944 2027 4007 ἐστὶν,

439 4032 597 4105 δῆλον
618 4035 683 4086 ὲκ
702 4031 814 4085 τῶν
836 4033 1266 4104 ἐπιφερομένων,
1291 4032 1464 4099 οὕτως
1486 4033 1718 4105 ἐχόντων
1732 4050 1747 4067 ο
1777 4035 1859 4088 ὅτι
1889 4052 1908 4085 ι
1935 4025 2032 4087 Οὗ-

439 4126 533 4190 ιιός
569 4129 717 4181 ἐστιν
757 4127 787 4180 6
833 4125 1080 4197 μαθητὴς
1106 4128 1136 4179 6
1177 4127 1472 4199 μαρτυρῶν
1496 4129 1625 4200 περὶ
1659 4128 1867 4181 τούτων
1889 4168 1903 4194 ,
1937 4128 2031 4180 καὶ

440 4217 660 4290 γράψας
699 4217 892 4272 ταῦτα.
934 4237 955 4270 ι
1000 4219 1315 4291 Παρατήρει
1359 4220 1418 4273 δὲ
1457 4222 1515 4274 ὲν
1547 4221 1878 4292 ἀμφοτέροις
1915 4223 2030 4284 τοῖς

2134 1742 2257 1808 quis
2296 1753 2443 1795 esset
2490 1741 2557 1795 de
2601 1755 2711 1811 quo
2768 1741 3102 1809 loqueretur.
3142 1739 3329 1810 Itaque
3371 1757 3494 1796 eum
3554 1758 3712 1797 recuA

2134 1831 2339 1886 buisset
2379 1831 2468 1885 ille
2522 1846 2687 1901 super
2728 1839 2919 1900 pectus
2961 1827 3112 1897 Jesu,
3161 1831 3292 1885 dicit
3319 1831 3411 1886 ei:
3458 1832 3708 1897 Domine,

2132 1924 2256 1991 quis
2277 1924 2399 1978 est?
2420 1924 2715 1993 Respondit
2748 1921 2943 1977 Jesus:
2973 1922 3067 1977 Ille
3083 1932 3164 1978 est
3184 1925 3268 1979 cui
3293 1938 3395 1994 ego
3423 1926 3706 1980 intinctam

2131 2016 2349 2072 offulam
2379 2032 2696 2088 porrexero.
2732 2016 2797 2069 Et
2826 2031 2950 2071 cum
2999 2017 3308 2072 intinxisset
3336 2016 3574 2083 ollulam,
3610 2018 3707 2072 de-

2133 2110 2385 2164 ditallam
2426 2108 2578 2163 Indae
2611 2107 2819 2163 Simoni
2868 2108 3175 2165 lscariotae:
3226 2119 3281 2165 et
3323 2121 3446 2180 post
3492 2110 3709 2165 offulam

2134 2201 2412 2269 ingressus
2436 2212 2521 2257 est
2556 2203 2607 2256 in
2640 2219 2765 2256 eum
2801 2203 3049 2258 Satanas.
3079 2204 3217 2258 Dicit
3248 2205 3412 2274 igitur
3441 2207 3488 2259 ei
3514 2203 3707 2259 Jesus:

2133 2292 2284 2358 Quod
2320 2291 2474 2357 facis,
2502 2293 2587 2348 lac
2616 2295 2789 2348 ocius.
2824 2293 2940 2348 Hoc
2965 2296 3147 2348 autem
3181 2311 3341 2350 nemo
3364 2296 3711 2350 discumben-

2134 2386 2269 2438 tiunt
2302 2384 2641 2453 intelligebat
2672 2388 2738 2440 ad
2772 2386 2905 2455 quid
2935 2385 2983 2439 ei
3015 2386 3283 2441 dixisset:
3314 2385 3536 2456 quidam
3565 2388 3710 2440 enim

2131 2477 2398 2546 putabant
2423 2478 2547 2545 quia
2579 2477 2787 2553 loculos
2817 2478 3055 2533 habebat
3082 2476 3272 2544 Iudas,
3306 2479 3510 2533 dixisse
3535 2480 3583 2532 ei
3621 2477 3712 2532 Je-

2131 2583 2250 2622 sum
2273 2587 2286 2622 :
2307 2569 2439 2623 Eme
2458 2583 2520 2623 ea
2551 2583 2672 2638 quae
2699 2586 2840 2639 opus
2871 2581 3000 2626 sunt
3027 2571 3184 2625 nobis
3218 2572 3283 2623 ad
3321 2571 3463 2624 diem
3489 2570 3711 2635 festum,

2132 2670 2227 2714 aut
2268 2662 2455 2731 egenis
2485 2670 2544 2715 ut
2576 2662 2779 2731 aliquid
2806 2665 2964 2717 daret
2993 2664 3034 2735 ⁸.
3067 2682 3086 2714 ι
3121 2661 3213 2716 Ille
3235 2662 3327 2732 qui
3358 2663 3410 2716 in
3441 2662 3560 2716 sinu
3584 2662 3711 2718 Jesu

2131 2764 2249 2807 erat
2274 2753 2618 2820 recumbens,
2651 2771 2790 2809 unus
2829 2770 2896 2809 ex
2929 2754 3235 2823 discipulis,
3264 2769 3424 2822 quem
3456 2754 3713 2824 diligebat

2131 2843 2311 2912 Jesus,
2359 2847 2571 2901 videtur
2618 2862 2741 2902 esse
2776 2846 3015 2902 Joannes
3046 2848 3135 2917 qui
3172 2846 3527 2914 Evangelium
3574 2848 3711 2899 scri-

2058 2971 2100 3031 C
2133 2937 2272 3005 psit,
2318 2937 2465 3006 quod
2509 2937 2561 2990 in
2606 2938 2712 2992 ﬁne
2742 2938 3021 3007 Evangelii
3064 2938 3324 3006 scriptum
3375 2938 3445 2992 sit
3477 2937 3621 2991 hunc
3659 2938 3711 2990 in

2132 3028 2351 3082 modum
2369 3029 2424 3081 τε
2458 3046 2478 3079 ι
2500 3029 2809 3083 Conversus
2833 3026 3025 3083 Petrus
3046 3030 3190 3083 videt
3216 3029 3367 3082 illum
3388 3029 3711 3097 discipulum

2131 3134 2293 3187 quem
2342 3119 2602 3188 diligebat
2637 3118 2817 3184 Jesus,
2840 3128 3179 3189 sequentem,
3228 3121 3318 3189 qui
3364 3129 3423 3173 et
3463 3121 3715 3175 recubuit

2134 3210 2188 3265 in
2227 3224 2380 3265 creua
2412 3226 2577 3281 super
2606 3222 2796 3279 pectus
2825 3210 2965 3279 ejus,
3001 3220 3056 3265 et
3091 3212 3267 3265 dixit:
3307 3212 3552 3278 Demine,
3592 3214 3714 3281 quis

2132 3302 2324 3358 estille
2347 3301 2421 3354 tui
2451 3302 2734 3370 proditor?
2762 3301 2916 3356 Hunc
2940 3317 3072 3370 ergo
3101 3318 3223 3356 cum
3243 3303 3466 3357 vidisset
3495 3303 3712 3368 Petrus,

2132 3390 2449 3449 dicitJesu:
2478 3391 2647 3463 438
2698 3392 2952 3457 Domine,
3002 3393 3091 3447 hic
3130 3401 3317 3447 autem
3365 3394 3541 3462 quid?
3573 3394 3714 3449 Dicit

2131 3485 2182 3539 ei
2213 3483 2369 3538 Jesus
2395 3499 2408 3537 :
2440 3482 2496 3538 Si
2519 3499 2643 3538 eum
2668 3483 2826 3536 velim
2852 3499 3096 3550 manere,
3130 3487 3301 3538 donec
3330 3484 3712 3553 veniam,quid

2133 3576 2201 3630 ad
2241 3575 2333 3629 te?
2361 3574 2441 3629 Tu
2473 3590 2559 3628 me
2591 3590 2840 3644 sequere.
2868 3574 3018 3629 Exiit
3050 3589 3182 3643 ergo
3210 3590 3391 3629 sermo
3433 3576 3523 3628 ille
3567 3577 3713 3631 inter

2133 3667 2350 3729 fratres,
2382 3667 2524 3735 quod
2558 3666 2859 3736 discipulus
2886 3667 2974 3721 ille
3001 3683 3107 3721 non
3147 3678 3483 3730 moreretur,
3520 3674 3707 3719 etnon
3766 3668 3773 3681 '

2132 3760 2341 3814 dixerat
2370 3759 2418 3812 ei
2469 3757 2662 3813 Jesus:
2700 3758 2817 3812 Non
2865 3759 3125 3823 moritur,
3170 3758 3262 3812 sed
3305 3758 3351 3811 si
3392 3757 3551 3812 velim
3587 3771 3710 3810 cum

2132 3865 2378 3914 manere,
2412 3851 2585 3905 donec
2621 3851 2860 3916 veniam,
2891 3850 3018 3919 quid
3055 3853 3120 3903 ad
3150 3849 3241 3904 te?
3269 3867 3289 3900 ι
3327 3849 3482 3916 Quod
3530 3860 3709 3902 autem

2132 3942 2430 4011 discipulus
2457 3941 2560 3997 iste
2584 3943 2674 4012 qui
2704 3942 2928 4011 scripsit
2954 3942 3328 4011 Evangelium,
3353 3943 3426 3995 sit
3448 3940 3710 4002 Joannes,

2132 4034 2308 4104 liquet
2345 4049 2412 4089 ex
2442 4034 2530 4089 his
2560 4049 2682 4104 qua:
2710 4034 3118 4103 subjunguntur
3138 4035 3193 4085 δε
3251 4051 3269 4082 ι
3306 4032 3404 4086 l-lic
3433 4043 3518 4087 est
3549 4032 3712 4087 disci-

2132 4126 2297 4194 pulus
2325 4125 2414 4179 ille
2439 4127 2531 4196 qui
2563 4125 2934 4179 testimonium
2954 4125 3200 4193 perhibet
3225 4125 3291 4178 de
3317 4124 3402 4178 his
3419 4132 3473 4177 et
3493 4124 3715 4193 scripsit

2135 4220 2305 4273 hate.)
2357 4217 2598 4274 Observa
2632 4230 2813 4272 autem
2860 4218 2913 4271 in
2968 4218 3212 4286 utrisque
3247 4216 3521 4286 Evangelii
3554 4216 3711 4283 locis,

440 4310 625 4375 τόποις
650 4309 746 4364 τοῦ
788 4311 1123 4379 Εὐαγγελίου
1155 4311 1278 4365 τίνα
1309 4312 1511 4384 τρόπον
1553 4313 1582 4364 6
1608 4312 1814 4383 Πέτρος
1838 4313 1912 4375 ὡς
1937 4313 2030 4365 ἐπὶ

2132 4324 2366 4381 quonam
2392 4321 2550 4377 pacto
2573 4310 2771 4365 Petrus
2789 4309 2932 4363 velut
2949 4309 3402 4378 quamplurimum"
3423 4308 3496 4361 illi
3520 4308 3710 4374 ﬁdens,

441 4401 624 4455 πλεῖον
666 4400 818 4471 αὐτῷ
856 4399 1076 4473 θαρρῶν
1096 4441 1112 4467 ,
1149 4402 1242 4455 καὶ
1293 4400 1719 4472 ἁνακεκλιμένος
1749 4399 1858 4472 (84)
1896 4401 2029 4454 ὅπου

445 4493 546 4563 μὲν
567 4493 712 4546 νεύει
742 4492 927 4565 αὐτῷ,
963 4494 1058 4547 καὶ
1098 4493 1283 4562 λέγει·
1327 4512 1347 4545 ι
1381 4493 1479 4557 Τίς
1519 4495 1635 4547 ἐστι
1661 4493 1772 4564 (85)
1805 4493 1933 4564 περὶ
1968 4488 2028 4548 οῦ

439 4585 470 4637 ό
506 4583 710 4655 Ἰησοῦς
744 4583 1115 4655 προδώσοντός
1152 4602 1358 4656 φησιν;
1396 4604 1416 4637 ι
1446 4586 1580 4639 ὅπου
1605 4585 1663 4638 δὲ
1707 4583 1830 4638 ἰδὼν
1865 4585 2028 4638 αὐτὸν

440 4676 858 4745 ἀκολουθοῦντα,
875 4678 952 4743 ὼς
977 4680 1277 4750 φροντίζων
1300 4679 1465 4733 αὐτοῦ
1498 4679 1695 4750 μᾶλλον
1719 4680 1870 4751 παρά
1902 4681 2028 4745 τοὺς

442 4768 684 4833 λοιποὺς,
714 4769 862 4839 λέγει
889 4770 970 4842 τῷ
1010 4770 1185 4843 Ἰησοῦ
1213 4773 1340 4844 περὶ
1362 4772 1531 4828 αὐτοῦ
1553 4789 1567 4804 ’
1612 4791 1632 4825 ι
1659 4771 1853 4842 Κύριε,
1877 4765 2034 4837 οὗτος

441 4860 499 4912 δὲ
524 4860 618 4925 τί;
657 4880 676 4914 ι
712 4862 1033 4933 βουλόμενος
1066 4864 1258 4935 μαθεῖν
1301 4867 1397 4919 καὶ
1436 4866 1500 4919 τὸ
1544 4864 1687 4919 κατὰ
1717 4864 1810 4917 τὸν
1850 4864 2033 4918 Ἰωάν-

442 4968 542 5022 νην
568 4951 722 5017 τέλος
744 4994 759 5019 ,
789 4956 992 5025 ὁμοίοις
1015 4955 1094 5026 τῷ
1122 4957 1507 5025 ἐγνωκέναιτά
1537 4957 1668 5028 περὶ
1706 4956 1898 5021 αὐτοῦ,
1922 4957 2026 5021 ὅτι,

443 5042 573 5096 ὅταν
602 5044 844 5117 γηράσῃ,
873 5046 1083 5099 ὲκτενεῖ
1106 5045 1218 5118 (86)
1251 5047 1349 5112 τὰς
1376 5050 1565 5119 χεῖρας
1592 5046 1782 5110 αὐτοῦ,
1812 5049 1906 5099 καὶ
1936 5046 2030 5101 ἄλ-

443 5134 537 5197 λος
568 5135 728 5189 αὑτὸν
753 5135 938 5201 ζώσει,
972 5137 1066 5190 καὶ
1095 5137 1232 5192 οἴσει
1260 5139 1394 5192 ὅπου
1420 5141 1482 5193 οὐ
1513 5138 1675 5192 θέλει.
1706 5139 1880 5210 Εῐπερ
1909 5137 1967 5190 δὲ
1996 5136 2032 5191 ἃ

446 5226 625 5282 ἐλάλει
652 5229 876 5300 ῥήματα
901 5231 932 5282 6
965 5229 1195 5301 Ἰησοῦς,
1222 5233 1441 5303 πνεῦμά
1471 5235 1609 5297 ἐστι,
1644 5234 1739 5288 καὶ
1758 5234 1821 5286 οὐ
1855 5232 2034 5303 γράμ-

451 5332 551 5386 μα,
577 5316 809 5374 δι’όλων
835 5317 946 5393 ζωή
973 5321 1113 5387 ἐστι,
1137 5322 1231 5376 καὶ
1261 5322 1513 5393 οὐδαμῶς
1543 5323 1793 5388 θάνατος,
1816 5321 1913 5375 καὶ
1943 5338 2033 5391 μι-

2135 4415 2190 4456 et
2217 4408 2573 4468 accumbens,
2598 4403 2896 4473 aliquando
2929 4403 3143 4471 quidem
3182 4402 3369 4455 innuat
3400 4399 3594 4455 Joanni
3634 4403 3716 4454 di-

2134 4508 2305 4548 cens:
2336 4511 2354 4544 ι
2380 4492 2515 4558 Quis
2530 4501 2635 4558 est,
2656 4494 2721 4546 de
2742 4505 2849 4560 quo
2865 4490 3151 4558 prodituro
3172 4486 3328 4543 Itasus
3357 4488 3598 4556 loquitur
3616 4488 3636 4519 ⁹
3656 4488 3711 4540 ἳι

2133 4583 2430 4652 aliquando
2461 4597 2594 4636 vero
2622 4596 2747 4636 eum
2783 4580 3011 4634 intuitus
3045 4589 3386 4648 sequentem,
3434 4578 3599 4633 veluti
3653 4578 3715 4630 il—

2134 4677 2238 4730 lius
2272 4675 2560 4745 plusquam
2592 4682 2912 4726 cancrorum
2949 4686 3136 4726 curam
3168 4671 3391 4735 habens,
3418 4671 3560 4724 dicat
3585 4667 3715 4723 Jesu

2135 4769 2201 4820 de
2231 4779 2337 4819 eo:
2394 4783 2413 4815 ι
2445 4764 2697 4828 Domine,
2738 4764 2826 4817 hic
2869 4773 3051 4816 autem
3097 4762 3227 4831 quid
3253 4761 3340 4813 ‘°?
3370 4780 3388 4812 ι
3428 4760 3587 4814 ﬁnem
3620 4760 3712 4814 Jo-

2131 4857 2292 4912 annis
2319 4856 2533 4912 discere
2572 4855 2780 4922 volens,
2824 4856 3054 4925 perinde
3089 4865 3253 4922 atque
3280 4866 3439 4905 suum
3480 4865 3713 4920 agnove-

2131 4960 2254 5016 rat,
2292 4964 2488 5018 nempe
2517 4949 2665 5018 quod
2690 4964 2813 5003 cum
2868 4947 3157 5009 senuisset,
3212 4945 3453 4998 futurum
3500 4951 3622 4998 erat
3654 4950 3718 4996 ut

2137 5056 2333 5096 manus
2385 5055 2515 5095 suas
2558 5039 2902 5104 extenderet,
2932 5047 2988 5092 et
3026 5037 3165 5091 alius
3196 5050 3318 5090 eum
3367 5036 3629 5104 cingeret,
3662 5040 3716 5087 et

2143 5136 2367 5189 duceret
2398 5148 2507 5202 quo
2541 5146 2650 5186 non
2683 5131 2844 5186 vellet
2868 5131 2932 5186 ¹¹.
2967 5131 3121 5197 Quod
3151 5131 3196 5183 si
3238 5143 3367 5183 vero
3401 5127 3566 5181 verba
3592 5142 3719 5195 quae

2143 5226 2354 5281 locutus
2377 5235 2463 5279 est
2487 5223 2667 5289 Jesus,
2692 5223 2918 5294 spiritus
2947 5231 3075 5277 sunt
3096 5223 3169 5286 ¹²,
3195 5230 3250 5274 et
3282 5235 3387 5275 non
3423 5219 3623 5283 littera,
3664 5219 3720 5271 in

2141 5319 2338 5390 quibus
2365 5307 2620 5374 omnibus
2646 5316 2755 5370 vita
2799 5328 2904 5381 est,
2932 5324 2989 5369 et
3041 5329 3308 5383 nusquam
3343 5325 3522 5378 mors,
3554 5320 3609 5363 et
3637 5310 3718 5364 di-

523 5481 721 5558 °_.Ioan.
745 5484 976 5558 χιιιηὲδ
1011 5502 1128 5558 seq.
1204 5489 1225 5519 ⁷
1255 5485 1414 5543 Joan.
1455 5504 1572 5555 xu,
1605 5489 1697 5555 20,
1731 5501 1847 5557 seq.
1924 5484 1947 5517 ⁸
1982 5484 2030 5542 ib

2140 5482 2232 5537 24.
2310 5484 2331 5515 ⁸
2356 5481 2514 5538 Joan.
2551 5494 2673 5545 xm,
2695 5477 2788 5534 9.6.
2867 5475 3083 5532 “Joan.
3106 5473 3312 5539 “1.2!.
3389 5470 3434 5505 “
3459 5470 3591 5530 ibid.
3624 5474 3710 5543 18,,

449 5553 494 5583 υ
534 5552 693 5609 Joan.
720 5569 799 5621 Vl,
826 5554 916 5610 64.

525 5683 639 5826 (833
662 5683 839 5739 Codex
872 5686 1095 5757 Regius,
1129 5687 1371 5757 Σίμωνος
1412 5688 1777 5757 Ἰσκαριώτου.

526 5753 617 5823 (ᾃρ
640 5818 644 5823 _
667 5755 856 5826 Codex
881 5757 1102 5826 Regius,
1133 5760 1615 5825 προσκεκλιμένος.

526 5753 644 5839 (βό)
667 5755 856 5827 Codex~
881 5753 1102 5837 Regius,
1133 5753 1615 5839 προσκεκλιμένός.

2212 5687 2327 5756 (85)
2362 5682 2515 5742 Idem
2550 5685 2974 5756 codexﬂchius,
2998 5660 3126 5756 sine
3151 5680 3233 5744 τίς
3263 5684 3404 5737 ἐστι.

2211 5751 2327 5839 (86)
2360 5762 2504 5817 Idem
2531 5757 2705 5813 codex
2728 5751 2947 5825 Regius,
2983 5751 3234 5807 ἐκτείνει.
