4182 6418
421 321 527 380 799

1881 320 2206 382 ORIGENIS

3585 319 3692 373 800

424 439 666 510 scipulus
683 451 844 508 quem
873 436 1130 508 diligebat
1153 435 1336 505 Jesus,
1362 437 1542 509 ipsum
1569 437 1814 507 imitans,
1837 439 1994 508 spiri-

2124 439 2383 508 λούμενος
2418 436 2581 490 αὐτὸν
2619 436 2648 490 ό
2694 435 2941 508 μαθητὴς
2969 433 3028 489 ὃν
3073 435 3263 506 ἠγάπα
3286 475 3302 500 ,
3343 432 3560 506 πνεῦμα
3599 439 3692 490 καὶ

427 543 542 588 tum
563 541 618 586 et
646 531 814 585 vitam
835 530 1075 600 scripsit,
1102 530 1507 602 intelligendum
1533 540 1619 586 est
1639 531 1768 586 iHud
1793 549 1808 585 :
1843 530 2004 586 «Erat

428 622 750 680 recumbens
773 638 914 678 unus
941 637 1011 678 ex
1035 623 1313 693 discipulis
1327 623 1446 693 ejus
1469 621 1526 676 in
1549 623 1668 676 sinu
1697 620 1880 687 Jesu,»
1908 638 2005 690 pro

428 717 692 787 dignitate
742 716 989 781 honoris,
1043 731 1206 786 quem
1251 717 1586 771 conveniens
1614 723 1698 772 est
1733 714 1872 770 Filio
1906 715 2004 769 Dei

428 807 581 871 dare,
616 806 738 860 etei
762 821 922 874 quem
945 805 1061 875 ipse
1091 807 1364 873 dilexerit,
1384 807 1654 876 accipere,
1678 814 1733 862 et
1752 807 2006 862 existimo

429 897 576 964 quod
604 895 858 965 quamvis
887 896 1188 967 symbolice
1227 897 1570 954 recumberet
1611 909 1721 952 tum
1749 898 2008 968 temporis

427 988 667 1044 Joannes
719 989 774 1042 in
824 989 946 1042 sinu
996 986 1148 1053 Jesu,
1202 987 1306 1043 hoc
1343 1005 1572 1044 munere
1606 990 1858 1060 dignatus
1907 1004 2007 1044 ceu

432 1080 704 1150 przecipuo
731 1094 919 1135 amore
945 1078 1192 1149 Magistri
1221 1079 1442 1135 habitus
1485 1073 1704 1151 dignus,
1733 1081 1835 1135 hoc
1861 1095 2011 1151 sym-

431 1172 666 1228 bolicum
691 1171 952 1228 denotare
973 1170 1265 1240 Joannem,
1297 1173 1569 1229 addictum
1601 1175 1653 1228 in
1687 1173 2011 1230 Sermonem

432 1265 629 1320 Filium
657 1263 774 1329 Dei,
805 1278 1156 1333 propensum,
1184 1274 1240 1318 et
1270 1262 1346 1318 illi
1381 1263 1606 1318 multum
1636 1263 1930 1328 faventem,
1960 1265 2013 1320 in

436 1357 708 1426 rebusque
736 1356 1130 1410 secretioribus
1173 1356 1642 1425 acquiesccntem,
1695 1358 2016 1414 recubuisse

435 1448 490 1500 in
523 1447 736 1502 sinibus
760 1445 1053 1503 Sermonis
1083 1445 1230 1519 [Filii
1262 1446 1407 1518 Dei],
1438 1449 1666 1518 perinde
1697 1457 1862 1519 atque
1894 1450 2016 1518 ipse

437 1539 533 1594 Dei
565 1539 756 1594 Sermo
797 1541 956 1595 estin
986 1540 1196 1596 sinibus
1219 1538 1418 1604 Patris,
1446 1541 1602 1610 juxta
1633 1541 1800 1597 illud:
1833 1559 1852 1594 ι
1886 1541 2020 1598 Uni-

437 1630 657 1701 genitus
687 1631 854 1697 Deus,
885 1631 978 1700 qui
1016 1641 1104 1686 est
1133 1630 1188 1685 in
1217 1631 1339 1686 sinu
1380 1630 1584 1698 Patris,
1631 1634 1750 1702 ipse
1794 1649 2020 1689 enarra-

437 1722 516 1776 vit
538 1723 635 1776 ³³.»
665 1721 805 1790 Quin
835 1721 940 1776 nisi
963 1721 1228 1792 abjectius
1261 1721 1632 1793 intelligamus
1656 1726 1758 1781 hoc
1781 1725 2016 1781 dictum:

2107 525 2252 598 ζωὴν
2283 525 2622 596 ἀναγράφει·
2655 524 2949 579 ἀκουστέον
2991 521 3085 576 τοῦ
3104 540 3116 553 ’
3155 540 3174 573 ι
3197 519 3304 576 Ἦν
3335 523 3689 592 ἀνακείμενος

2105 614 2186 681 εἷς
2214 619 2280 670 ἐκ
2307 615 2414 671 τῶν
2447 617 2702 689 μαθητῶν
2729 616 2894 670 αὐτοῦ
2922 618 2980 669 ἐν
3006 613 3084 686 τῷ
3111 615 3294 684 κόλπῳ
3326 613 3420 667 τοῦ
3457 613 3687 684 ’1ησοῦ,›

2107 709 2272 776 ἀξίως
2298 710 2397 781 τῆς
2431 709 2592 780 τιμῆς
2615 709 2684 780 ἢν
2711 707 2911 780 πρέπει
2945 706 3056 775 (87)
3085 704 3282 758 διδόναι
3312 703 3404 757 τὸν
3438 703 3566 757 Υίδν
3596 703 3692 756 τοῦ

2107 802 2264 865 Θεοῦ,
2293 801 2384 856 καὶ
2411 801 2706 873 λαμϐάνειν
2730 799 2821 852 τὸν
2849 797 3211 869 ἀγαπώμενον
3238 797 3329 850 ὑπ’
3353 795 3518 850 αὑτοῦ
3544 813 3558 825 ·
3595 794 3693 848 καὶ

2108 891 2354 964 νομίζω,
2389 894 2502 958 ὅτι,
2544 895 2594 947 εί
2637 892 2731 947 καὶ
2776 889 3118 962 συμϐολικῶς
3167 889 3290 942 τότε
3332 887 3694 957 ἀνακείμενος

2123 985 2377 1056 Ἰωάννης
2422 981 2490 1056 ἦν
2525 988 2582 1040 ἐν
2621 985 2701 1056 τῷ
2743 985 2930 1055 κόλπῳ
2969 983 3062 1037 τοῦ
3113 981 3323 1052 Ἰησοῦ,
3375 981 3472 1034 τοῦ
3515 981 3694 1051 γέρως

2111 1077 2298 1131 τούτου
2331 1077 2582 1142 ἀξιωθεὶς
2613 1077 2688 1143 ὡς
2727 1078 3003 1149 ὲξαιρέτου
3043 1077 3265 1147 ἀγάπης
3293 1073 3504 1146 κριθεὶς
3547 1072 3695 1138 ἄξιος

2111 1169 2211 1241 τῆς
2235 1169 2344 1224 ἀπὸ
2372 1169 2464 1223 τοῦ
2493 1169 2825 1223 Διδασκάλου
2845 1208 2862 1232 ,
2902 1168 2963 1222 τὸ
2999 1165 3324 1238 συμϐολικὸν
3351 1163 3508 1218 τοῦτο
3554 1179 3694 1235 παρ-

2118 1263 2350 1335 ίστησιν,
2380 1263 2462 1316 ὅτι
2497 1263 2747 1334 Ἰωάννης
2770 1261 3126 1333 ἀνακείμενος
3151 1257 3232 1330 τῷ
3259 1257 3437 1329 Λόγῳ,
3469 1257 3562 1311 καὶ
3584 1258 3698 1320 τοῖς

2120 1357 2544 1428 μυστικωτέροις
2577 1354 2978 1426 ὲναπαυόμενος
3001 1392 3016 1419 ,
3053 1351 3299 1406 ἀνέκειτο
3345 1351 3403 1403 ὲν
3433 1351 3548 1412 τοῖς
3577 1346 3700 1402 κόλ-

2120 1467 2241 1514 ποις
2266 1447 2362 1503 τοῦ
2395 1449 2591 1517 Λόγου,
2613 1447 2872 1516 ἀνάλογον
2905 1445 2984 1516 τῷ
3012 1444 3109 1498 καὶ
3138 1443 3302 1497 αὐτὸν
3333 1437 3472 1496 εἷναι
3496 1442 3556 1494 ὲν
3585 1441 3699 1504 τοῖς

2119 1543 2341 1604 κόλποις
2366 1539 2459 1594 τοῦ
2493 1538 2727 1611 Πατρός,
2759 1537 2903 1592 κατά
2928 1536 2990 1590 τό
3015 1553 3028 1568 ·
3069 1555 3088 1587 ι
3127 1535 3186 1588 '0
3219 1532 3514 1606 μονογενὴς
3541 1529 3696 1594 Θεὸς,

2120 1641 2151 1692 6
2175 1637 2250 1692 ὣν
2269 1639 2348 1701 είς
2378 1637 2472 1690 τὸν
2498 1636 2698 1690 κόλπον
2717 1632 2809 1688 τοῦ
2838 1631 3073 1703 Πατρός,
3094 1631 3302 1692 ἐκεῖνος
3320 1627 3644 1698 ἐξηγήσατο.
3675 1642 3693 1674 ι

2124 1733 2188 1785 Ei
2220 1731 2294 1802 μὴ
2331 1727 2715 1798 ταπεινότερον
2733 1725 2792 1779 δὲ
2815 1723 3088 1794 ἀκούομεν
3114 1722 3210 1776 καὶ
3250 1718 3346 1773 τοῦ
3365 1735 3379 1748 ·
3414 1737 3433 1770 ι
3455 1717 3701 1785 Ἐγένετο

443 1830 464 1863 ι
497 1811 692 1868 Evenit
721 1819 904 1866 autem
938 1819 1000 1866 ut
1029 1820 1341 1867 moreretur
1369 1814 1673 1879 mendicus,
1703 1825 1760 1870 et
1788 1815 2019 1872 deduce-

2124 1822 2176 1875 δὲ
2199 1796 2492 1875 ἀποθανεῖν
2513 1818 2606 1871 τὸν
2627 1796 2862 1887 πτωχὸν,
2885 1816 2981 1869 καὶ
3012 1811 3374 1883 ἀπενεχθῆναι
3404 1809 3565 1864 αὑτὸν
3591 1806 3700 1860 ἀπὸ

438 1917 590 1963 retur
613 1908 682 1961 ab
705 1906 912 1978 angelis
941 1909 996 1962 in
1025 1907 1204 1963 sinum
1234 1906 1712 1972 Abrahae",itale
1755 1910 2015 1980 quiddam

438 1997 507 2052 de
537 1998 658 2052 sinu
683 1997 917 2052 Abrahae
945 1997 1108 2052 etiam
1139 1995 1638 2062 considerabimus,
1699 2001 1847 2070 quod
1875 2001 2018 2057 hunc

440 2085 495 2139 iu
549 2085 766 2140 modum
823 2085 1230 2148 enarrabimus,
1282 2098 1381 2141 nos
1435 2083 1789 2144 defendentes
1827 2098 2018 2144 contra

438 2177 834 2232 dubitationem
853 2193 919 2232 ex
939 2177 1248 2248 ignorantia
1277 2177 1580 2248 Scriptura:
1611 2179 1831 2236 ductam
1863 2181 1931 2235 ab
1954 2195 2020 2236 eo

439 2267 1408 2339 quispernerevolqitenarrationem
1429 2269 1498 2324 de
1513 2268 1680 2324 divite
1692 2277 1746 2324 et
1760 2285 2018 2339 paupere.

447 2377 465 2411 ι
491 2359 620 2412 Nam
635 2359 680 2414 si
701 2359 1066 2426 recumbebat,
1085 2359 1283 2428 inquit,
1301 2358 1606 2414 Lazarusin
1622 2360 1744 2414 sinu
1763 2361 2020 2428 Abraltze,

437 2447 606 2519 439
655 2448 796 2504 alter
823 2459 1116 2520 antequam
1161 2449 1250 2505 hic
1295 2466 1365 2505 ex
1407 2451 1508 2506 hac
1538 2451 1647 2506 vita
1702 2455 2018 2518 excederet,

441 2549 560 2594 erat
582 2541 636 2595 in
661 2542 893 2597 Abrahae
910 2543 1056 2612 sinu,
1079 2551 1134 2599 et
1165 2553 1293 2598 ante
1317 2543 1472 2600 illum
1494 2545 1634 2600 alius
1659 2562 1676 2600 :
1697 2547 1830 2616 quin
1853 2547 2020 2602 etiam

441 2631 573 2700 alio,
626 2631 844 2703 inquit,
877 2632 1028 2702 justo
1072 2648 1139 2689 ex
1193 2635 1304 2690 vita
1341 2635 1638 2691 decedente
1667 2677 1684 2702 ,
1739 2638 2023 2694 mendicus

443 2734 718 2794 assurget.
757 2743 776 2778 ι
811 2723 918 2780 Sed
954 2723 1048 2795 qui
1081 2725 1328 2783 dehisce
1359 2729 1596 2794 dubitat,
1634 2747 1744 2786 non
1778 2732 1913 2786 vidit
1943 2732 2024 2787 si-

443 2829 573 2868 num
601 2815 872 2882 Abrahae;
909 2831 1012 2871 nec
1056 2817 1220 2874 facile
1266 2818 1414 2874 factu
1436 2835 1559 2876 esse
1586 2821 1742 2891 vidit,
1775 2832 1836 2876 ut
1863 2823 2024 2876 innu-

446 2907 580 2961 meri
613 2907 667 2962 iu
715 2907 836 2962 sinu
867 2909 1102 2964 Abrahae
1132 2926 1240 2964 una
1273 2911 1691 2981 conquiescant,
1732 2913 2025 2983 participes

2119 1912 2228 1967 τῶν
2259 1911 2504 1981 ἀγγέλων
2541 1913 2622 1974 εἰς
2647 1909 2738 1963 τὸν
2771 1907 2969 1962 κόλπον
3009 1904 3295 1976 ’Δϐραάμ,
3330 1921 3349 1955 ι
3382 1899 3622 1954 τοιοῦτόν
3649 1915 3703 1952 τι

2115 2007 2215 2064 καὶ
2242 2007 2370 2078 περὶ
2400 2003 2494 2059 τοῦ
2525 2005 2726 2058 κόλπου
2767 2001 3020 2074 Ἀϐραάμ
3048 2001 3312 2072 νοήσομεν
3352 1995 3497 2070 (88)·
3542 1997 3702 2064 ὅπερ,

2121 2098 2216 2151 ἐὰν
2248 2096 2419 2160 οὕτως
2447 2092 2836 2167 διηγησώμεθα
2859 2135 2874 2158 ,
2905 2091 3377 2162 ἀπολογησόμενοι
3423 2087 3561 2159 πρὸς
3604 2085 3704 2154 τὴν

2122 2192 2242 2244 κατ’
2286 2189 2508 2258 ἄγνοιαν
2542 2189 2670 2260 περὶ
2697 2187 2799 2257 τῆς
2829 2185 3050 2258 Γραφῆς
3083 2183 3423 2256 ὲπαπόρησιν
3441 2220 3456 2244 ,
3485 2178 3706 2250 λεχθείη

2124 2279 2190 2333 ἂν
2218 2279 2324 2332 ὑπὸ
2350 2278 2445 2332 τοῦ
2480 2277 2830 2348 βουληθέντος
2861 2275 3122 2346 ἀθετῆσαι
3149 2273 3249 2345 τὴν
3277 2275 3407 2344 περὶ
3427 2271 3520 2325 τὸν
3545 2268 3708 2324 πλούο

2125 2387 2238 2424 σιον
2275 2368 2370 2423 καὶ
2421 2369 2513 2422 τὸν
2545 2367 2754 2438 πένητα
2784 2367 3036 2437 διήγησιν
3059 2381 3073 2395 ο
3132 2383 3151 2414 ι
3191 2363 3255 2416 Εἰ
3288 2362 3398 2433 γάρ
3436 2360 3705 2424 ἀνέκειτο,

2125 2461 2289 2531 φησὶν
2313 2499 2328 2516 .
2389 2461 2469 2522 είς
2514 2458 2605 2512 τὸν
2671 2457 2868 2512 κόλπον
2924 2455 3018 2509 τοῦ
3059 2455 3311 2527 Ἀϐραὰμ
3354 2455 3384 2506 ό
3429 2451 3704 2524 Λάζαρος,

2124 2555 2312 2625 ἕτερος
2343 2553 2452 2625 πρὸ
2487 2551 2583 2605 τοῦ
2616 2551 2804 2604 τοῦτον
2845 2549 3080 2617 ἐξελθεῖν
3121 2547 3217 2601 τοῦ
3251 2547 3391 2618 βίου,
3427 2541 3496 2617 ἦν
3536 2547 3592 2598 ὲν
3628 2543 3709 2615 τῷ

2125 2645 2311 2717 κόλπῳ
2351 2643 2445 2698 τοῦ
2474 2641 2729 2716 Ἀϐραὰμ
2747 2683 2762 2709 ,
2815 2643 2910 2696 καὶ
2965 2643 3072 2714 πρὸ
3104 2641 3310 2695 ἐκείνου
3345 2639 3520 2702 ἄλλος·
3574 2636 3710 2690 ἀλλά

2126 2739 2220 2793 καὶ
2249 2738 2598 2810 ἀλλου,φησὶ,
2620 2735 2828 2792 δικαίου
2859 2734 3186 2802 ἐξελθόντος,
3208 2736 3238 2788 ό
3254 2733 3466 2804 πτωχὸς
3500 2733 3708 2786 ὑπανα-

2128 2833 2414 2903 στήσεται⁵
2459 2851 2478 2882 ι
2532 2830 2594 2883 οὐ
2627 2829 2737 2901 γὰρ
2788 2827 2936 2898 ἑώρα
2981 2827 3072 2881 τὸν
3103 2827 3300 2881 κόλπον
3328 2824 3422 2878 τοῦ
3455 2823 3708 2894 Ἀϐραὰμ

2125 2923 2156 2976 ό
2189 2919 2549 2994 περὶτούτων
2577 2917 2901 2990 ὲπαπορῶν,
2949 2918 3045 2971 καὶ
3086 2918 3169 2972 ὃτι
3203 2915 3427 2970 δυνατόν
3459 2917 3576 2968 ἐστι
3617 2931 3709 2983 μυ·

447 3013 628 3053 rerum
661 2999 742 3052 illi
773 3009 1124 3059 retectarum.
1174 2999 1270 3056 Sin
1301 3017 1434 3058 vero
1478 3003 1657 3060 locum
1709 3005 1876 3060 alium
1924 3021 2020 3076 pro

2132 3011 2280 3084 ρίους
2311 3014 2370 3065 ὲν
2395 3011 2475 3083 τῷ
2503 3011 2690 3082 κόλπῳ
2713 3009 2809 3063 τοῦ
2837 3008 3092 3082 ’Δϐραάμ
3138 3008 3256 3078 ἅμα
3298 3003 3710 3061 ἀναπαύσεσθαι

446 3094 596 3149 sinus
619 3093 1029 3149 nomenclatura
1064 3095 1118 3150 in
1158 3095 1397 3151 medium
1429 3096 1678 3166 proferre
1697 3114 1832 3170 opus
1858 3098 2020 3157 fuerit

2130 3100 2523 3165 κοινωνοῦντας
2563 3101 2672 3153 τῶν
2699 3097 3194 3167 ἀποκαλυφθέντων
3231 3095 3402 3166 αὐτῷ.
3439 3096 3505 3149 Ei
3531 3095 3588 3149 δὲ
3616 3097 3710 3148 καὶ

444 3200 512 3240 ex
543 3185 848 3256 Scriptura,
880 3202 980 3258 age
1003 3188 1386 3244 examinemus
1415 3204 1652 3259 quonam
1687 3200 1844 3260 pacto
1875 3191 2020 3248 dixe-

2127 3194 2285 3250 ἄλλον
2305 3193 2468 3248 τόπον
2515 3193 2642 3264 περὶ
2672 3191 2774 3262 τῆς
2810 3191 2906 3245 τοῦ
2939 3190 3140 3244 κόλπου
3191 3187 3484 3260 ὀνομασίας
3531 3186 3710 3258 δεήσει

451 3279 520 3332 rit
554 3279 812 3334 Dominus
865 3279 1076 3352 Moysi:
1119 3298 1138 3332 ι
1175 3278 1388 3336 Rursus
1434 3280 1579 3337 infer
1625 3297 1844 3338 manum
1877 3297 2020 3339 tuam

2127 3287 2468 3360 παραθέσθαι
2527 3285 2636 3340 ἀπὸ
2682 3285 2784 3356 τῆς
2851 3283 3118 3358 Γραφῆς,
3175 3282 3310 3354 φέρε
3367 3281 3710 3352 ἐξετάσωμεν

451 3369 504 3422 in
557 3369 734 3424 sinum
773 3379 956 3438 tuum;
1017 3381 1072 3426 et
1097 3370 1282 3426 intulit
1311 3386 1533 3429 manum
1577 3387 1732 3428 suam
1764 3373 1816 3428 in
1848 3377 2020 3429 sinum

2124 3379 2248 3433 τίνα
2293 3379 2493 3451 τρόπον
2523 3373 2647 3431 εἶπε
2673 3377 2880 3450 Κύριος
2917 3375 2997 3448 τῷ
3037 3377 3246 3448 Μωῦσῇ
3273 3393 3288 3406 ο
3331 3394 3350 3427 ι
3391 3374 3562 3429 Πάλιν
3597 3376 3714 3428 εἰσ-

447 3477 642 3528 suum;
693 3477 930 3527 cumque
981 3465 1293 3520 exeruisset
1337 3479 1459 3520 eam
1509 3481 1540 3519 e
1586 3465 1707 3520 sinu
1757 3481 1876 3532 suo,
1911 3478 2030 3522 erat

453 3569 640 3610 manus
669 3553 787 3622 ejus
813 3554 1052 3625 leprosa,
1082 3555 1228 3612 velut
1250 3557 1365 3610 uix.
1396 3555 1464 3610 Et
1492 3555 1632 3610 dixit
1659 3573 1674 3610 :
1703 3555 1888 3612 lusere
1913 3574 2028 3611 ma-

451 3661 578 3700 num
610 3654 752 3700 tuam
779 3645 833 3700 in
871 3647 1050 3702 sinum
1081 3656 1254 3717 tuum,
1285 3657 1342 3703 et
1371 3648 1602 3704 inseruit
1630 3663 1848 3702 manum
1875 3665 2027 3704 suam

453 3743 506 3797 iu
540 3741 718 3796 sinum
746 3758 927 3811 suum,
963 3752 1019 3799 et
1047 3758 1169 3799 cum
1193 3747 1500 3803 exemisset
1539 3763 1662 3804 eam
1696 3763 1728 3804 e
1761 3747 1882 3804 sinu
1906 3763 2026 3811 suo,

453 3852 666 3892 rursum
704 3838 956 3892 restituta
1001 3849 1086 3894 est
1130 3840 1183 3893 in
1237 3840 1474 3898 colorem
1525 3843 1710 3898 carnis
1744 3858 1856 3897 suae
1889 3841 1955 3896 ".
2005 3862 2024 3890 ι

451 3935 632 4002 Atque
653 3930 872 3988 difﬁcile
891 3932 1112 4002 quidem
1141 3943 1328 4000 est,ac
1353 3951 1514 4005 supra
1541 3945 1759 4004 captum
1785 3947 2029 3992 nostrum

451 4023 660 4091 videre,
689 4023 846 4093 cujus
873 4026 948 4080 rei
973 4033 1101 4080 nota
1132 4027 1304 4096 possit
1331 4042 1452 4082 esse
1485 4027 1588 4082 hoc
1614 4029 1852 4098 signum.
1883 4028 2033 4094 Quo—

451 4117 599 4170 niam
655 4131 786 4172 vero
835 4131 944 4172 non
993 4127 1210 4188 oportet
1239 4127 1294 4172 et
1337 4134 1436 4174 nos
1463 4135 1492 4174 a
1524 4119 1820 4189 quaerendo
1845 4121 2032 4174 dolere

450 4210 595 4276 quod
647 4207 804 4262 nobis
830 4210 1104 4264 succurrit
1155 4211 1432 4265 tradentes
1467 4210 1532 4264 ad
1567 4210 1922 4279 judicandum
1949 4211 2032 4265 le-

449 4307 630 4364 cturo,
663 4299 904 4354 dicemus
935 4315 1153 4354 manum
1181 4299 1502 4370 plerumque
1531 4303 1909 4368 operationum
1936 4317 2036 4356 no-

451 4399 562 4442 tam
596 4403 746 4451 esse;
779 4389 960 4442 sinum
989 4403 1121 4443 vero
1159 4392 1359 4461 Moysis
1393 4393 1526 4446 duas
1556 4393 1829 4462 pOIentias
1859 4392 2032 4447 babe-

2125 3471 2348 3539 ένεγκον
2381 3469 2480 3542 τὴν
2535 3470 2695 3541 χεῖρά
2727 3487 2821 3522 σου
2852 3469 2932 3532 είς
2961 3467 3052 3521 τὸν
3087 3467 3287 3522 κόλπον
3315 3483 3441 3520 σου·
3469 3466 3566 3520 καὶ.
3595 3468 3711 3518 εισ-

2127 3564 2328 3635 ήνεγκε
2379 3563 2480 3634 τὴν
2519 3565 2678 3634 χεῖρα
2703 3563 2869 3616 αὐτοῦ
2905 3564 2984 3624 εἰς
3020 3561 3112 3615 τὸν
3138 3561 3340 3616 κόλπον
3379 3559 3546 3614 αὐτοῦ
3566 3577 3580 3591 ’
3617 3561 3714 3614 καὶ

2127 3656 2420 3726 ἐξήνεγκεν
2447 3654 2616 3726 αὐτὴν
2649 3657 2715 3708 ὲκ
2743 3653 2836 3708 τοῦ
2858 3653 3060 3708 κόλπου
3086 3653 3275 3708 αὑτοῦ·
3308 3654 3404 3707 καὶ
3433 3653 3651 3722 ἐγένετο
3677 3655 3712 3724 ὴ

2128 3748 2248 3820 χεὶρ
2301 3746 2466 3800 αὑτοῦ
2507 3745 2766 3816 λεπρῶσα
2817 3745 2928 3818 (89)
2969 3745 3103 3798 ὡσεὶ
3156 3745 3306 3817 χιών.
3359 3745 3474 3798 Καὶ
3517 3739 3670 3798 εἶπεν
3695 3760 3710 3776 ο

2129 3838 2418 3908 Είσένεγκε
2446 3839 2546 3910 τὴν
2581 3839 2738 3911 χεῖρά
2768 3855 2860 3892 σου
2883 3839 2964 3903 εἰς
2983 3838 3075 3892 τὸν
3107 3839 3306 3892 κόλπον
3335 3853 3448 3891 σου·
3469 3836 3564 3890 καὶ
3597 3838 3711 3890 είσ-

2127 3931 2326 4002 ήνεγκε
2363 3931 2462 4003 τὴν
2511 3933 2669 4003 χεῖρα
2721 3929 2885 3984 αὑτοῦ
2929 3933 3008 3994 είς
3041 3930 3131 3984 τὸν
3160 3929 3360 3984 κόλπον
3393 3929 3580 3984 αὐτοῦ·
3614 3931 3711 3983 καὶ

2128 4022 2418 4094 ἐξήνεγκεν
2466 4023 2637 4094 αὐτὴν
2692 4023 2758 4075 ὲκ
2804 4021 2898 4076 τοῦ
2933 4023 3136 4075 κόλπου
3170 4021 3358 4087 αὐτοῦ,
3409 4023 3506 4074 καὶ
3551 4019 3713 4073 πάλιν

2129 4113 2546 4185 ἀπεκατεστάθη
2618 4115 2698 4178 είς
2760 4114 2860 4186 τὴν
2931 4115 3099 4185 χρόαν
3162 4113 3265 4184 τῆς
3337 4112 3536 4184 σαρκὸς
3615 4111 3713 4165 αύ-

2129 4205 2245 4260 τοῦ.
2273 4225 2292 4258 ι
2345 4205 2598 4259 Χαλεπὸν
2634 4206 2732 4276 μὲν
2760 4201 2854 4259 οὖν
2903 4205 3030 4258 ἰδεῖν
3082 4206 3177 4258 καὶ
3205 4205 3346 4276 ὑπὲρ
3379 4205 3528 4276 ἡμᾶς
3568 4203 3713 4263 τίνος

2131 4299 2400 4372 σύμϐολον
2432 4295 2572 4353 εἶναι
2605 4299 2831 4353 δύναται
2875 4297 2938 4351 1:6
2982 4299 3206 4369 σημεῖον
3262 4296 3440 4350 τοῦτο.
3489 4295 3710 4366 Ἐπειδὴ

2130 4393 2237 4463 χρὴ
2293 4393 2388 4445 καὶ
2435 4392 2586 4462 ἡμᾶς
2629 4389 2707 4462 μὴ
2733 4389 2920 4458 ἀλγεῖν
2946 4389 3058 4442 ἀπὸ
3109 4387 3204 4442 τοῦ
3254 4387 3436 4459 ζητεῖν
3479 4387 3539 4439 1:6
3577 4387 3712 4442 ὑπο·-

453 4494 513 4532 re
528 4495 559 4566 ,ι
588 4480 823 4547 priorem
851 4478 1072 4550 quidem
1117 4479 1410 4535 facientem
1451 4481 1606 4550 juxta
1641 4483 1837 4537 littera:
1868 4497 2020 4536 sensa

2133 4486 2332 4539 πίπτον
2365 4487 2444 4549 εἰς
2481 4484 2660 4556 κρίσιν
2699 4481 3030 4555 παραδοῦναι
3069 4481 3148 4552 τῷ
3194 4479 3586 4550 ὲντευξομένῳ,
3613 4481 3714 4550 φή-

451 4570 730 4640 opcrantis
761 4570 1055 4634 actionem,
1101 4569 1376 4638 leprosam
1418 4573 1586 4628 veluti
1615 4574 1730 4639 nix,
1761 4583 2026 4642 quantum

452 4663 520 4716 ad
553 4660 900 4716 Hebraeorum
927 4675 1152 4729 vocem;
1186 4663 1540 4731 posteriorem
1576 4679 1704 4720 vero
1735 4665 2027 4720 ostenden-

453 4764 559 4808 tem
586 4753 896 4809 institutum
923 4755 1048 4808 vita:
1068 4754 1366 4820 sincerum,
1386 4755 1543 4825 juxta
1571 4757 1910 4826 spiritualem
1941 4758 2025 4812 le-

448 4861 596 4915 gem,
628 4845 934 4900 restitutum
962 4845 1029 4900 ad
1075 4845 1406 4902 voluntatem
1457 4857 1666 4902 naturae
1693 4855 1747 4903 et
1775 4847 2026 4902 rationis.

455 4938 521 4991 Et
561 4939 790 4993 observa
825 4938 970 5008 quod
1001 4939 1089 4994 liis
1117 4939 1482 5010 subjungatur
1511 4957 1526 4996 :
1564 4959 1584 4992 ι
1617 4941 1672 4995 Si
1709 4957 1814 4996 non
1852 4941 2029 4995 credi-

453 5028 633 5084 derint
661 5029 782 5093 tibi,
829 5043 1006 5099 neque
1043 5031 1392 5086 exaudierint
1423 5045 1616 5086 vocem
1649 5030 1814 5100 primi
1859 5029 2022 5100 signi,

449 5121 674 5178 credent
701 5131 880 5177 tamen
913 5122 1033 5178 voci
1065 5123 1386 5191 posterioris
1415 5123 1557 5193 signi
1585 5124 1672 5190 ¹⁶;
1704 5143 1724 5177 ι
1763 5139 1890 5178 nam
1928 5123 2026 5194 qui

453 5229 560 5272 non
605 5213 904 5270 crediderit
949 5214 1390 5286 interpretationi
1422 5216 1640 5283 litterae,
1677 5217 1724 5272 is
1748 5217 1819 5272 ob
1853 5217 2019 5271 animi

2135 4594 2300 4648 σομεν
2332 4576 2465 4647 (90),
2505 4577 2587 4630 ὅτι
2625 4577 2660 4648 ἡ
2701 4577 2824 4647 χεὶρ
2853 4573 3106 4646 πράξεων
3131 4571 3402 4644 πολλαχοῦ
3445 4571 3713 4642 σύμϐολόν

2133 4668 2279 4721 ἐστιν
2299 4683 2312 4696 ·
2348 4669 2377 4720 ό
2405 4666 2462 4720 δὲ
2494 4665 2692 4729 κόλπος
2731 4665 3006 4727 Μωῦσέως
3035 4664 3130 4718 δύο
3160 4663 3418 4731 δυνάμεις
3447 4662 3581 4732 ἔχει,
3615 4661 3714 4732 τὴν

2138 4759 2238 4831 μὲν
2291 4759 2562 4830 προτέραν
2615 4757 2710 4812 καὶ
2745 4756 2886 4811 κατά
2933 4755 3002 4810 τά
3056 4755 3150 4809 τοῦ
3211 4756 3539 4826 γράμματος
3592 4757 3714 4824 νοή-

2140 4867 2286 4922 ματα
2339 4849 2600 4904 ποιοῦσαν
2659 4847 2757 4919 τὴν
2821 4848 3024 4920 πρᾶξιν
3060 4845 3155 4900 τοῦ
3194 4845 3526 4916 πράττοντος
3580 4843 3714 4896 ὡσεὶ

2135 4941 2268 5014 χιὼν
2293 4979 2310 5006 ,
2359 4941 2482 4994 ὅσον
2537 4938 2632 4992 ἐπὶ
2661 4941 2729 5010 τῇ
2769 4937 3037 5010 Ἐϐραίων
3069 4939 3220 5008 φωνῇ
3240 4975 3255 5000 ,
3282 4936 3316 5008 ἢ
3350 4935 3445 4988 καὶ
3498 4931 3712 5003 λεπρῶ-

2137 5049 2236 5088 σαν
2254 5049 2268 5064 ’
2303 5031 2403 5104 τὴν
2435 5030 2693 5100 δευτέραν
2723 5029 2818 5082 καὶ
2849 5028 2993 5082 κατά
3021 5027 3114 5080 τὸν
3141 5024 3510 5096 πνευματικὸν
3549 5022 3713 5093 νόμον

2130 5125 2398 5195 καθαρὰν,
2427 5120 2824 5176 ἀποδεικνῦσαν
2869 5119 2968 5192 τὴν
2998 5117 3305 5182 πολιτείαν,
3340 5115 3434 5170 καὶ
3467 5115 3712 5169 ἀποκαθ-

2131 5213 2484 5286 ιστανομένην
2540 5215 2620 5277 είς
2667 5213 2728 5266 1:6
2773 5211 3022 5284 βούλημα
3083 5210 3184 5282 τῆς
3217 5207 3434 5278 φύσεως
3479 5205 3575 5260 τοῦ
3626 5205 3714 5258 λό-

527 5357 568 5390 ³³
594 5355 909 5422 Joan.t,l8.
981 5356 1028 5390 “
1052 5355 1184 5412 Luc.
1228 5373 1340 5424 xvr,
1367 5357 1458 5412 22.
1537 5357 1581 5391 ⁸⁸
1621 5357 1794 5416 Exod.
1830 5375 1904 5428 tv,
1955 5360 2008 5426 6,

2185 5363 2230 5394 “
2268 5359 2396 5415 ibid.
2419 5357 2472 5413 8.

525 5471 635 5544 (87)
666 5469 813 5527 Idem
859 5469 1030 5526 codex
1091 5469 1312 5543 Regius,
1355 5471 1522 5538 ἀξίως
1566 5472 1734 5545 τιμῆς
1773 5467 1843 5544 ἧς
1891 5473 2026 5544 πρέ-

453 5561 854 5686 ῗτεξέῇεοςίθκ-
893 5611 1114 5686 Regius,
1165 5612 1482 5684 νοήσωμενο
1539 5614 1678 5686 ὅπερ
1721 5613 1816 5669 ὲάν
1855 5613 2026 5679 οὕτως

452 5681 712 5754 “desis;
733 5681 1224 5754 ἀπολεγησάμενοι-

527 5751 640 5820 (89)
674 5751 854 5807 Codex
882 5751 1105 5825 Regius,
1127 5753 1426 5827 λεπρωσία.

2203 5472 2314 5542 (90)
2331 5470 2448 5552 ~Kal.
2483 5469 2634 5538 ὑπὲρ
2667 5465 2826 5592 ήὲλᾶς
2867 5468 3032 5534 τίνος
3060 5468 3148 5532 εις
3172 5465 3374 5548 κρίσιν
3416 5459 3713 5530 παραδοῦ-

2203 5561 2232 5592 ιι
2283 5560 2364 5592 τω
2403 5541 2694 5592 Mevi-'01:
2729 5554 2816 5592 νω
2843 5539 3139 5592 φήσομεν.
3169 5536 3261 5590 Sic
3313 5536 3456 5589 hunc
3505 5535 3708 5588 locum.

2132 5535 2232 5599 ναι
2283 5535 2364 5609 τῷ
2403 5535 2816 5612 ἐντευξομὲκῳ
2841 5539 3139 5612 φήσομεν.
3169 5536 3261 5590 Sic
3313 5536 3456 5589 hunc
3505 5535 3708 5612 locum,

2135 5617 2227 5682 qui
2286 5614 2338 5666 in
2392 5613 2580 5667 codice
2617 5610 2804 5682 Altegio
2843 5610 3066 5664 onmiuo
3095 5621 3322 5662 mancus
3353 5612 3460 5668 est,
3491 5610 3712 5656 sanitati

2143 5679 2380 5740 restituit
2409 5683 2584 5739 codex
2613 5679 2965 5736 Bodleianus.
