4182 6380
427 348 523 401 801
1459 344 1817 402 COMMENT.
1862 345 1928 401 IN
1967 344 2161 404 JOAN.
2202 344 2444 403 TOMUS
2483 345 2701 402 XXXII.
3584 341 3692 397 802

426 484 543 535 γου.
564 466 674 520 Καὶ
698 467 857 538 τήρει
886 482 973 536 γε,
1004 467 1086 521 ὅτι
1109 466 1427 539 ἐπιφέρεται
1455 468 1667 531 τούτοις
1694 469 1774 520 τό·
1818 487 1837 518 ι
1875 466 2003 519 Ἐὰν

2109 470 2475 538 praestantiam
2542 467 2730 523 credet
2788 462 3061 533 spirituali
3122 461 3257 531 legis
3327 458 3686 513 enarratioui.

429 559 504 629 μὴ
527 558 860 612 πιστεύσωσί
892 577 996 625 σοι,
1027 560 1159 631 μηδὲ
1184 561 1544 615 είσακούσωσι
1575 563 1674 632 τῆς
1697 562 1880 632 φωνῆς
1911 561 2004 613 τοῦ

429 649 656 719 σημείου
683 649 779 702 τοῦ
817 649 1054 722 πρώτου,
1084 651 1433 705 πιστεύσουσί
1461 669 1542 706 σοι
1576 653 1674 723 τῆς
1702 653 1889 723 φωνῆς
1910 652 2006 706 τοῦ

429 740 658 811 σημείου
690 740 784 794 τοῦ
813 741 1086 814 δευτέρου·
1118 762 1137 794 ι
1170 746 1198 797 6
1228 743 1337 815 γάρ
1370 743 1447 816 μὴ
1486 744 1782 809 πιστεύσας
1810 749 1876 816 τῇ
1912 748 2007 800 ἐκ·

426 832 552 903 δοχῇ
582 830 676 885 τοῦ
711 833 1060 903 γράμματος,
1099 833 1188 887 διά
1218 834 1571 905 μεγαλόνοιαν
1607 835 1887 889 πιστεύσει
1938 839 2005 908 τῇ

428 930 772 998 πνευματικῇ
825 926 919 980 τοῦ
976 928 1142 998 νόμου
1196 927 1465 998 διηγήσει.
1515 927 1641 982 Ἐὰν
1683 928 1739 981 δέ
1798 946 1883 993 τις
1932 929 2007 1001 μὴ

429 1018 691 1089 πιστεύσῃ
736 1021 847 1081 τοῖς
883 1018 1003 1072 δυσὶ
1053 1018 1297 1089 σημείοις
1343 1019 1586 1084 τούτοις,
1614 1019 1691 1091 τῷ
1731 1020 1829 1091 μὲν
1877 1036 2009 1092 προ-

426 1109 590 1179 τέρῳ,
632 1110 714 1162 ὅτι
746 1110 952 1181 λεπράν
982 1113 1127 1163 ποιεῖ
1154 1110 1253 1183 τὴν
1285 1110 1507 1182 πρᾶξιν,
1537 1110 1617 1182 τῷ
1647 1111 1705 1164 δὲ
1732 1112 1970 1184 δευτέρῳ
1990 1152 2006 1176 ,

426 1203 510 1254 ὃτι
542 1202 971 1274 ἀποκαθίστησιν
992 1202 1159 1274 αὐτὴν
1192 1204 1272 1267 είς
1302 1203 1365 1256 τὸ
1391 1204 1533 1257 κατὰ
1560 1204 1742 1273 φύσιν,
1775 1204 1835 1257 τὸ
1864 1204 2009 1277 ὕδωρ

426 1291 600 1362 τούτῳ
646 1287 787 1363 αἷμα
836 1293 1077 1360 γίνεται·
1111 1294 1420 1365 γέγραπται
1454 1296 1593 1367 γάρ·
1639 1314 1658 1347 ‹
1699 1297 1810 1349 Καὶ⁸
1856 1295 2008 1349 ἔσται

428 1384 522 1436 ὲάν
555 1383 629 1455 μὴ
661 1384 991 1437 πιστεύσωσί
1048 1402 1131 1437 σοι
1161 1387 1274 1448 τοῖς
1309 1385 1429 1438 δυσὶ
1461 1388 1707 1458 σημείοις
1752 1387 1961 1451 τούτοις
1990 1429 2006 1453 ,

431 1477 565 1546 μηδὲ
622 1476 982 1531 είσακούσωσι
1029 1479 1129 1548 τῆς
1175 1477 1361 1547 φωνῆς
1409 1495 1527 1542 σου,
1578 1478 1738 1550 λήψει
1771 1480 1880 1534 ἀπὸ
1915 1480 2008 1534 τοῦ

429 1566 620 1632 ὕδατος
663 1566 757 1621 τοῦ
806 1568 1082 1640 ποταμοῦ,
1115 1572 1209 1624 καὶ¹
1257 1572 1436 1641 ἐκχεϊς
1478 1572 1571 1624 ἐπὶ
1606 1570 1669 1624 τὸ
1698 1570 1882 1643 ξηρόν·
1916 1573 2010 1624 καὶ

429 1660 578 1716 ἔσται
611 1662 675 1715 τὸ
701 1661 848 1734 ὕδωρ
886 1662 915 1716 ὃ
957 1662 1051 1716 ἐὰν
1102 1662 1273 1735 λάϐῃς
1306 1664 1415 1717 ἀπὸ
1453 1663 1547 1717 τοῦ
1591 1663 1839 1735 ποταμοῦ
1869 1658 2009 1735 αἷμα

430 1756 521 1807 ἐπὶ
541 1752 635 1807 τοῦ
664 1753 852 1824 ξηροῦ.
889 1772 908 1805 ι
934 1754 1045 1807 Καὶ
1088 1753 1324 1824 πρόσχες
1349 1754 1404 1807 δὲ
1423 1795 1437 1820 ,
1466 1755 1547 1807 ὅτι
1571 1754 1663 1806 ἐπὶ
1693 1753 1884 1806 τούτου
1912 1755 2008 1807 τοῦ

430 1847 657 1918 σημείου
713 1846 814 1898 οὐκ
857 1844 937 1899 ἔτι
984 1845 1203 1915 λέγεται
1244 1846 1323 1910 τὸ,
1358 1846 1413 1917 ἢ,
1445 1844 1783 1899 Πιστεύσωσί
1817 1863 1921 1909 σοι,
1947 1846 2004 1917 ἢ,
2040 1825 2082 1878 Β

429 1939 504 1991 Ού
560 1937 892 1992 πιστεύσωσι
913 1956 928 1972 ·
960 1938 1213 2010 δηλοῦται
1261 1938 1390 2009 γὰρ,
1425 1939 1506 1991 ὅτι
1541 1937 1620 2009 τῷ
1654 1938 1729 2008 μὴ
1781 1937 2006 1991 πιστεύ-

430 2047 583 2084 σαντι
609 2032 722 2093 τοῖς
758 2029 879 2083 δυσὶ
928 2029 1177 2101 σημείοις
1226 2028 1291 2082 τὸ
1329 2027 1740 2099 λαμϐανόμενον
1766 2028 1875 2082 ἀπὸ
1911 2027 2006 2081 τοῦ

429 2124 676 2196 ποταμοῦ
713 2123 859 2198 ὕδωρ
887 2119 1026 2197 αἷμα
1059 2126 1306 2194 γίνεται,
1356 2125 1424 2178 δι’
1466 2124 1722 2177 ἀπιστίαν
1775 2124 2005 2194 ποτίμου

429 2217 721 2271 ἀπολαύειν
760 2217 821 2270 ού
850 2216 1130 2289 δυναμένῳ
1168 2216 1347 2285 λόγου.
1377 2215 1539 2269 Ἀλλά
1564 2215 1674 2288 γὰρ
1698 2214 2006 2269 ἐπανέλθω-

433 2328 552 2379 μεν,
587 2309 806 2363 πλείονα
859 2308 954 2362 τοῦ
990 2309 1199 2374 δέοντος
1230 2308 1318 2362 διά
1345 2309 1436 2363 τὸν
1465 2308 1664 2362 κόλπον
1692 2307 1789 2362 τοῦ
1828 2307 2006 2379 Ἰησοῦ

430 2403 837 2474 παραλαϐόντες
861 2405 940 2467 εἰς
964 2402 1054 2456 τὸν
1079 2403 1244 2457 τόπον
1272 2402 1365 2455 ἐπὶ
1409 2402 1470 2455 τὸ
1503 2403 1882 2474 προκείμενον,
1909 2402 2006 2455 καὶ

432 2495 713 2565 μαθόντες,
757 2496 839 2548 ὅτι
878 2494 937 2547 δν
988 2495 1178 2564 ἠγάπα
1202 2496 1231 2549 6
1268 2493 1497 2564 Ἰησοῦς,
1538 2490 1607 2564 ἦν
1647 2494 2008 2566 ἀνακείμενος

429 2588 488 2639 ἐν
518 2586 597 2658 τῷ
629 2586 815 2658 κόλπῳ
852 2587 946 2640 τοῦ
1007 2586 1211 2658 Ἰησοῦ,
1260 2586 1438 2640 πάντα
1490 2585 1820 2658 πράττωμεν
1870 2587 2008 2659 πρὸς

425 2677 488 2730 τὸ
515 2678 836 2750 ὲγκριθῆναι
869 2680 934 2749 τῇ
970 2677 1235 2749 ἐξαιρέτῳ
1262 2675 1427 2731 αὐτοῦ
1457 2677 1681 2751 ἀγάπῃ·
1716 2677 1859 2732 οὕτω
1897 2678 2007 2751 γὰρ

427 2770 523 2824 καὶ
550 2770 703 2823 αὐτοὶ
735 2769 1137 2841 άνακεισόμεθα
1188 2771 1247 2823 ὲν
1301 2768 1381 2840 τῷ
1421 2769 1609 2841 κόλπῳ
1661 2769 1756 2822 τοῦ
1803 2770 2003 2841 Ἰησοῦ.

426 2859 590 2911 Νεύει
619 2858 677 2912 δὲ
702 2857 779 2930 τῷ
801 2859 1149 2929 ἀγαπωμένῳ
1174 2858 1389 2931 μαθητῇ
1434 2859 1619 2932 Σίμων
1652 2860 1879 2932 Πέτρος,
1912 2861 2008 2914 καὶ

432 2953 506 3024 μὴ
557 2951 894 3024 ἀρκούμενος
943 2951 1290 3024 τῷνεύματί
1330 2971 1462 3025 φησι
1482 2952 1661 3024 αὐτῷ·
1690 2970 1709 3004 t
1740 2954 1878 3008 Εἰπὲ
1921 2954 2008 3020 τίς

427 3045 544 3096 ἐστι
597 3043 727 3113 περὶ
780 3037 841 3097 οῦ
896 3043 1066 3113 λέγει.
1109 3063 1127 3095 ι
1180 3043 1334 3096 Ἐπεὶ
1362 3038 1455 3096 οὖν
1479 3043 1539 3097 τὸ
1573 3045 1776 3099 νεύειν
1803 3047 1861 3099 έν
1887 3048 2007 3110 ταῖς

428 3134 754 3205 Παροιμίαις
786 3134 865 3198 είς
904 3133 1155 3206 διαϐολὴν
1186 3133 1539 3206 λαμϐάνεται·
1579 3136 1609 3188 6
1644 3135 1755 3208 γὰρ
1800 3137 2004 3206 φαῦλος
2031 3163 2075 3222 C

432 3243 451 3276 ε
483 3223 687 3278 ἐννεύει
718 3225 816 3295 μὲν
855 3224 1118 3297 ὀφθαλμῷ
1142 3267 1157 3292 ,
1207 3226 1463 3297 σημαίνει
1492 3226 1551 3279 δὲ
1582 3227 1735 3290 ποδὶ,
1764 3227 2004 3282 διδάσκει

425 3317 482 3370 δὲ
542 3316 773 3389 νεύμασι
828 3316 1146 3385 δακτύλων,
1203 3320 1299 3372 καὶ
1348 3317 1759 3394 διεστραμμένη
1809 3320 2008 3393 καρδίᾳ

425 3407 767 3462 τεκταίνεται
823 3405 932 3479 (91)
973 3409 1152 3462 κακά·
1193 3427 1212 3460 ι
1246 3408 1360 3463 καί·
1403 3427 1423 3460 ι
1464 3410 1523 3463 '0
1552 3409 1784 3463 ὲννεύων
1809 3410 2009 3480 ὀφθαλ-

431 3503 552 3571 μοῖς
585 3500 723 3572 μετὰ
760 3499 914 3554 δόλου
960 3502 1182 3572 συνάγει
1207 3502 1433 3575 ἀνδράσι
1460 3502 1659 3567 λύπας·
1694 3521 1715 3555 ι
1749 3503 2004 3569 λεκτέον,

426 3589 508 3644 ὅτι
528 3592 729 3661 φαῦλον
757 3592 819 3646 οὺ
850 3592 912 3648 τὸ
938 3592 1114 3647 νεύειν
1142 3594 1307 3657 ἐστὶν,
1339 3594 1474 3648 ἀλλά
1506 3594 1568 3648 τὺ
1606 3594 1781 3649 νεύειν
1806 3594 2006 3664 ὀφθαλ-

431 3685 516 3756 μῷ
540 3727 555 3752 ,
589 3686 835 3740 τουτέστι
863 3725 879 3751 ,
919 3685 1238 3754 πλαγιάζειν
1291 3686 1383 3738 τὸν
1430 3685 1745 3756 ὀφθαλμὸν,
1797 3688 1893 3740 καὶ
1931 3686 2005 3759 μὴ

427 3776 564 3850 ὀρθὰ
620 3777 873 3849 βλέπειν,
926 3779 1022 3832 καὶ
1063 3776 1124 3830 τὸ
1162 3778 1338 3832 νεύειν
1388 3778 1527 3849 μετά
1572 3778 1722 3832 δόλου
1774 3779 1889 3832 ἐστὶ
1945 3780 2007 3832 τὸ

425 3870 623 3940 ψεκτόν
642 3887 658 3902 ·
689 3869 864 3925 νεύειν
906 3869 964 3923 δὲ
996 3869 1312 3941 φιλομαθῶς
1352 3870 1561 3942 Πέτρου
1584 3870 1745 3943 ἔργον
1769 3865 1839 3942 ἦν
1860 3910 1876 3936 ,
1913 3870 2007 3924 καὶ

426 3963 736 4029 ἀκολούθως
778 3962 857 4034 τῷ
904 3962 1127 4034 τοιούτῳ
1174 3962 1405 4034 νεύματι
1450 3962 1629 4032 λέγειν
1660 3962 1739 4033 τῷ
1773 3980 2004 4034 συμφοιο

426 4061 599 4129 τητῇ,
643 4058 720 4121 ὡς
766 4057 1081 4128 παρρησίαν
1128 4054 1350 4109 πλείονα
1379 4054 1557 4126 ἔχοντι
1591 4056 1728 4127 πρὸς
1777 4054 1869 4108 τὸν
1913 4057 2005 4107 Δι-

425 4149 722 4205 δάσκαλον·
777 4168 795 4200 t
824 4149 960 4203 Εἰπὲ
1006 4148 1090 4212 τίς
1121 4150 1238 4201 ὲστι
1273 4147 1399 4218 περὶ
1451 4142 1512 4203 οῦ
1556 4148 1724 4217 λέγει.
1761 4167 1779 4199 ι
1824 4147 2007 4201 Ἐϐού-

426 4241 548 4294 λετο
585 4239 696 4311 γάρ
730 4238 860 4304 ἴσως
889 4238 948 4294 τὺ
980 4236 1120 4291 κατά
1162 4237 1262 4309 τὴν
1300 4237 1590 4309 προδοσίαν
1630 4238 1697 4309 ἢν
1746 4238 2007 4310 προδίδω-

429 4347 512 4385 σιν
530 4330 733 4394 Ἰούδας
748 4330 839 4384 τὸν
854 4328 1062 4401 Ἰησοῦν
1086 4331 1385 4401 μυστήριον
1412 4330 1557 4383 ἰδεῖν·
1579 4330 1715 4400 ὅπερ
1741 4330 1827 4383 ἵνα
1860 4330 2007 4403 μάθῃ

424 4425 454 4476 6
506 4425 731 4499 Πέτρος,
778 4423 1032 4494 Ἰωάννης
1084 4422 1350 4494 πρότερον
1405 4421 1764 4493 ἀνακείμενος
1815 4422 1873 4475 έν
1928 4421 2005 4493 τῷ

2112 561 2267 628 Quod
2299 562 2342 617 si
2371 563 2495 632 quis
2518 560 2768 636 vero-his
2794 558 3005 612 duobus
3035 555 3206 626 signis
3232 568 3338 607 non
3362 551 3687 613 crediderit,

2112 653 2276 722 priori
2324 654 2565 722 quidem,
2602 652 2730 722 quia
2767 650 3036 720 leprosam
3067 645 3201 700 facit
3241 646 3547 706 actionem;
3603 658 3691 696 se-

2110 749 2287 801 cundo
2316 757 2517 811 autem,
2543 747 2671 816 quia
2700 759 2821 799 eam
2862 741 3105 796 restituit
3142 739 3198 793 in
3235 746 3482 792 naturam
3507 750 3689 797 suam,

2114 856 2252 910 aqua
2290 840 2415 894 huic
2441 839 2671 895 efﬁcitur
2705 837 2968 906 sanguis;
2999 833 3263 902 scriptum
3304 838 3389 885 est
3417 830 3562 883 enim
3598 828 3640 860 "
3671 841 3689 881 :

2118 953 2136 986 ι
2170 932 2236 986 Ει
2261 934 2390 994 erit,
2417 932 2461 987 si
2492 947 2598 985 non
2630 930 2843 984 duobus
2891 926 2976 981 his
3001 924 3174 995 signis
3206 921 3557 985 crediderint,
3595 921 3691 974 ne;

2112 1042 2219 1097 que
2269 1025 2544 1080 audierint
2571 1037 2756 1078 vocem
2797 1012 2985 1084 tuam;
3022 1017 3261 1084 accipies
3291 1014 3358 1069 de
3388 1014 3545 1082 aquis
3588 1012 3690 1065 ﬂu-

2111 1119 2296 1183 minis,
2335 1128 2391 1172 et
2411 1114 2658 1171 elfundes
2684 1114 2735 1167 in
2769 1112 2970 1167 siccam
3000 1113 3267 1174 humum;
3307 1106 3520 1175 eritque
3551 1119 3689 1173 aqua

2112 1209 2221 1273 illa,
2252 1223 2418 1278 quam
2461 1206 2530 1262 de
2576 1205 2799 1260 ﬂumine
2828 1200 3126 1269 acceperis,
3153 1199 3321 1272 M0
3363 1199 3587 1268 sanguis
3634 1197 3689 1250 in

2110 1301 2314 1356 siccam
2347 1300 2589 1353 humum.
2623 1317 2642 1350 ι
2678 1298 2747 1351 Et
2772 1307 3008 1352 mentem
3038 1294 3254 1354 adhibe,
3296 1291 3440 1361 quod
3482 1288 3535 1342 in
3589 1288 3692 1341 hoc

2109 1394 2267 1462 signo
2298 1405 2403 1444 non
2446 1389 2680 1456 amplius
2703 1389 2917 1443 dicatur
2948 1385 3246 1446 :Credent,
3275 1381 3386 1445 vel,
3421 1378 3540 1434 Non
3571 1392 3692 1431 cre-

2111 1487 2238 1541 dent
2285 1483 2404 1538 tibi.
2432 1481 2685 1536 lnnuitur
2719 1482 2887 1544 enim,
2934 1478 3079 1548 quod
3117 1491 3223 1531 non
3262 1471 3514 1529 credenti
3559 1473 3694 1525 dun-

2109 1577 2216 1632 bus
2246 1574 2437 1645 signis,
2469 1588 2609 1644 aqua
2660 1574 2726 1627 de
2761 1572 2985 1626 ﬂumine
3028 1577 3244 1636 sumpta
3295 1564 3389 1619 ﬁat
3442 1561 3688 1633 sanguis,

2113 1667 2405 1738 nequeunti
2456 1674 2681 1736 propter
2711 1663 3092 1718 inﬁdelitatem
3124 1660 3233 1714 frui
3263 1658 3479 1712 ratione
3530 1663 3693 1722 pota-

2113 1762 2232 1817 bili.
2256 1760 2364 1815 Sed
2392 1759 2680 1814 redeamus
2701 1756 2848 1811 unde
2863 1754 3145 1809 aberrarat
3171 1751 3371 1813 oratio,
3390 1763 3513 1803 cum
3534 1746 3689 1817 plura

2109 1869 2271 1925 quam
2289 1867 2527 1923 praesens
2552 1851 2702 1906 locus
2726 1848 2983 1918 postulet,
3002 1830 3071 1900 de
3088 1844 3207 1900 sinu
3229 1841 3357 1897 Jesu
3381 1852 3692 1904 assumpse-

2109 1948 2311 2012 rimus;
2351 1959 2586 2013 cumque
2623 1941 2978 1995 didicerimus
3005 1951 3127 1992 eum
3158 1948 3320 2005 quem
3351 1939 3501 1986 amat
3530 1928 3689 1984 Jesus

2108 2042 2425 2098 recumbere
2445 2040 2498 2093 in
2515 2039 2637 2093 sinu
2658 2034 2806 2099 Jesu,
2826 2032 2959 2088 nihil
2985 2047 3090 2086 non
3107 2040 3474 2098 agamns,quo
3495 2024 3688 2094 praeci—

2108 2133 2403 2206 puoipsius
2423 2144 2611 2185 amore
2628 2128 2773 2196 digni
2797 2125 3136 2196 iudicemur:
3165 2122 3311 2175 hunc
3337 2118 3483 2172 enim
3502 2116 3553 2169 in
3574 2129 3690 2168 mo-

2109 2204 2234 2282 dum
2258 2204 2636 2280 recumbemus
2658 2220 2825 2275 etiam
2854 2218 2955 2285 ipsi
2993 2215 3044 2269 iu
3074 2212 3193 2267 sinu
3224 2209 3371 2264 Jesu.
3401 2208 3473 2261 At
3500 2204 3692 2259 annuit

2109 2318 2306 2373 dilecto
2341 2314 2609 2384 discipulo
2638 2310 2826 2366 Simon
2858 2308 3075 2371 Petrus,
3122 2317 3222 2359 nec
3254 2300 3513 2355 annuisse
3557 2313 3690 2350 con-

2110 2417 2292 2465 tentus
2325 2407 2501 2476 inquit
2530 2404 2605 2459 illi
2639 2421 2655 2456 :
2694 2420 2714 2453 ι
2747 2399 3071 2461 Sciscitare,
3105 2394 3357 2463 quisnam
3394 2389 3466 2446 sit
3504 2388 3592 2442 ille
3624 2390 3691 2442 de

2107 2516 2217 2572 quo
2240 2501 2483 2570 loquitur
2517 2497 2581 2551 ⁸⁸.
2619 2515 2638 2548 ›
2673 2492 3035 2562 Quamobrem
3066 2486 3326 2557 quoniam
3357 2496 3592 2536 annuere
3634 2479 3687 2532 in

2109 2590 2423 2647 Proverbiis
2439 2589 2737 2643 assumitur
2755 2586 2807 2638 in
2832 2580 3187 2643 calumniam,
3208 2590 3329 2630 nam
3351 2573 3525 2628 malus
3551 2589 3571 2621 ι
3592 2586 3689 2622 an-

2110 2684 2225 2738 nuit
2257 2681 2436 2746 oculo,
2479 2679 2674 2733 annuit
2707 2685 2761 2731 et
2794 2673 2956 2745 pede,
2987 2673 3255 2738 docetque
3290 2664 3512 2718 nutibus
3545 2662 3686 2731 digi-

2111 2785 2313 2838 torum,
2352 2772 2514 2828 corde
2560 2781 2822 2840 perverso
2854 2763 2996 2820 mala
3045 2759 3367 2816 machinans
3399 2756 3486 2820 1’;
3530 2772 3550 2805 ι
3587 2764 3641 2808 et
3672 2771 3685 2807 :

2112 2882 2132 2916 ι
2179 2863 2281 2930 Qui
2312 2861 2504 2916 annuit
2535 2858 2711 2914 oculis
2753 2870 2876 2912 cum
2921 2854 3064 2915 dolo,
3092 2856 3352 2920 aggregat
3378 2844 3514 2900 viris
3555 2857 3689 2897 mm-

2109 2970 2266 3011 rores
2292 2953 2365 3019 ",
2400 2971 2418 3004 ι
2450 2950 2737 3007 dicendum
2768 2956 2854 3002 est
2884 2943 3083 2998 malum
3116 2955 3222 2994 non
3265 2951 3388 2992 esse
3421 2947 3687 2999 annuere,

2109 3047 2204 3103 sed
2237 3046 2398 3100 oculo
2421 3041 2783 3108 aunuere,hoc
2802 3045 2907 3105 est,
2931 3034 3090 3089 oculo
3107 3041 3417 3086 transversa
3443 3025 3607 3091 tueri,
3633 3034 3689 3078 et

2108 3153 2214 3193 non
2249 3146 2399 3191 recte
2424 3133 2633 3195 videre,
2660 3140 2717 3184 et
2737 3140 2982 3182 annuere
3004 3138 3128 3180 cum
3154 3120 3299 3187 dolo,
3326 3116 3689 3186 vituperabile

2109 3242 2264 3294 esse;
2289 3234 2343 3280 at
2360 3232 2612 3279 amanter
2630 3233 2891 3282 annuere,
2908 3216 2999 3271 Pet
3013 3216 3054 3268 ri
3070 3211 3304 3267 cilicium
3327 3225 3468 3273 esse,
3487 3216 3542 3262 et
3560 3208 3687 3262 huic

2108 3328 2505 3388 consequenter
2552 3313 2706 3367 nutui
2752 3311 2939 3365 dicere
2982 3303 3392 3374 condiscipulo,
3428 3312 3688 3371 tanquam

2110 3410 2368 3478 majorem
2401 3421 2527 3478 erga
2561 3403 2878 3475 Magistrum
2899 3400 3210 3455 libertatem
3232 3394 3451 3450 habenti
3478 3410 3492 3446 :
3527 3411 3546 3442 ι
3571 3390 3690 3446 Sci-

2107 3503 2327 3565 scitare,
2353 3500 2603 3568 quisnam
2635 3498 2704 3551 sit
2726 3495 2836 3559 ille,
2866 3496 2934 3549 de
2960 3507 3068 3563 quo
3098 3492 3356 3560 loquitur.
3401 3507 3421 3541 ι
3456 3486 3689 3542 Volebat

2108 3596 2252 3650 enim
2284 3592 2536 3648 fortassis
2574 3589 2921 3660 mysterium,
2951 3586 3094 3655 quod
3125 3593 3245 3639 erat
3290 3582 3344 3637 in
3377 3580 3693 3647 proditione

2108 3703 2216 3759 qua
2247 3686 2433 3743 Jesum
2458 3682 2629 3738 Judas
2650 3681 2854 3750 prodit,
2891 3696 3051 3735 nosse
3075 3675 3098 3745 ;’
3126 3676 3270 3747 quod
3299 3685 3358 3729 ut
3386 3675 3561 3730 discat
3584 3673 3692 3727 Pe-

2107 3788 2251 3845 trus,
2303 3779 2546 3833 Joannes
2576 3777 2671 3846 qui
2707 3776 2860 3844 prius
2912 3775 3243 3830 recubuerat
3274 3772 3331 3840 in
3365 3769 3487 3824 sinu
3533 3767 3687 3833 Jesu,

2107 3871 2518 3943 superascendit
2559 3880 2616 3925 et
2662 3868 2911 3924 recubuit
2942 3881 3107 3936 super
3147 3873 3358 3936 pectus.
3391 3862 3458 3917 Et
3479 3861 3685 3916 fortas-

2107 3964 2185 4019 sis
2223 3977 2331 4019 non
2370 3960 2709 4017 recumbenti
2751 3974 2919 4028 super
2944 3969 3158 4028 pectus,
3189 3956 3283 4011 sed
3314 3954 3688 4023 perseveranti

2107 4056 2162 4110 in
2185 4053 2305 4109 sinu
2341 4052 2658 4107 recumbere
2692 4050 3114 4118 haudquaquam
3141 4046 3465 4103 reddidisset
3500 4044 3686 4111 Jesus,

2106 4159 2266 4216 quem
2302 4142 2499 4197 Petrus
2526 4151 2582 4196 et
2624 4140 2866 4197 Joannes
2909 4141 3318 4205 desiderabant,
3351 4153 3685 4194 sermonem.

2107 4236 2366 4304 Quamvis
2424 4236 2588 4307 igitur
2640 4243 2805 4289 antea
2840 4234 3184 4291 recumberet
3240 4233 3292 4285 in
3348 4233 3470 4285 sinu
3525 4229 3682 4293 Jesu,

2108 4329 2302 4385 deinde
2324 4343 2453 4384 vero
2508 4329 2821 4384 recubuerit
2870 4342 3031 4397 supra
3065 4336 3259 4397 pectus
3309 4322 3461 4388 Jesu,
3500 4332 3685 4378 tamen

2108 4436 2208 4490 per
2233 4422 2531 4478 secundum
2562 4422 2694 4477 illud
2721 4462 2738 4484 ,
2785 4430 2971 4490 utpote
3000 4419 3174 4488 majus
3202 4429 3259 4474 et
3303 4417 3684 4483 excellentius,

426 4514 612 4586 κόλπῳ
647 4516 742 4569 τοῦ
787 4514 965 4587 Ἰησοῦ
998 4514 1379 4586 ὲπαναϐέὸηκε
1402 4554 1418 4581 ,
1466 4514 1561 4568 καὶ
1601 4513 1864 4567 ἀνέπεσεν
1911 4514 2005 4568 ἐπὶ

2109 4528 2398 4585 germanus
2441 4513 2569 4571 Jesu
2621 4515 2922 4584 discipulus
2975 4515 3028 4568 in
3061 4512 3352 4584 postremis
3400 4510 3686 4581 Evangelii

426 4607 488 4661 τὸ
533 4606 747 4678 στῆθος.
778 4609 889 4661 Καὶ
919 4608 1061 4679 τάχα
1097 4606 1172 4679 μὴ
1201 4606 1526 4660 ἀναπεσόντι
1556 4605 1650 4659 ἐπὶ
1677 4606 1738 4659 τὸ
1763 4603 1960 4675 στῆθος
1984 4644 2000 4670 ,

2109 4607 2444 4678 designatur;
2470 4610 2733 4678 scriptum
2758 4617 2842 4662 est
2873 4606 3018 4661 enim
3046 4622 3063 4661 :
3095 4623 3114 4655 ι
3134 4605 3442 4659 Conversus
3465 4603 3687 4666 Petrus,

426 4700 559 4754 ἀλλά
596 4701 838 4772 μείναντι
896 4702 990 4755 ἐπὶ
1045 4699 1140 4755 τοῦ
1197 4699 1513 4755 ἀνακεῖσθαι
1548 4700 1606 4753 ὲν
1651 4697 1728 4770 τῷ
1769 4698 1954 4769 κόλπῳ
1984 4736 2000 4762 ,

2109 4698 2254 4754 videt
2280 4699 2628 4769 discipulum,
2657 4714 2818 4770 quem
2849 4698 3108 4769 diligebat
3132 4696 3308 4762 Iesus,
3341 4704 3684 4765 sequentem,

426 4794 526 4847 οὐκ
559 4792 625 4846 ἂν
657 4793 970 4864 παρέδωκεν
1014 4792 1072 4845 ὃν
1121 4792 1304 4846 ἐπόθει
1342 4790 1632 4864 μανθάνειν
1676 4791 1932 4861 Ἰωάννης
1966 4792 1997 4863 ἦ

2109 4789 2198 4859 qui
2225 4797 2281 4844 et
2310 4788 2567 4844 recubuit
2590 4790 2643 4842 in
2675 4801 2830 4844 coma
2863 4801 3029 4855 super
3050 4796 3244 4856 pectus
3268 4782 3407 4851 ejus,
3430 4791 3485 4835 et
3515 4781 3682 4835 dixit:

426 4885 631 4957 Πέτρος
650 4884 825 4953 λόγον.
844 4886 906 4937 Ei
930 4885 1025 4938 καὶ
1046 4884 1402 4956 ἀνακείμενος
1421 4880 1515 4938 οῦν
1533 4884 1797 4955 πρότερον
1817 4883 1917 4954 μὲν
1932 4879 2001 4956 ἦν

2109 4882 2353 4949 Domine,
2378 4882 2502 4952 quis
2539 4892 2622 4937 est
2646 4883 2735 4951 qui
2761 4880 2937 4936 tradet
2968 4888 3020 4933 te
3045 4880 3089 4912 ²¹
3118 4878 3142 4931 ?
3180 4897 3198 4930 ο
3235 4891 3345 4931 non
3373 4875 3517 4930 enim
3548 4873 3690 4929 scri-

425 4979 484 5030 ὲν
512 4978 592 5049 τῷ
622 4977 808 5047 κόλπῳ
834 4976 928 5031 τοῦ
958 4974 1157 5047 Ἰησοῦ,
1193 4975 1419 5049 ὕστερον
1443 4976 1501 5029 δὲ
1530 4976 1795 5030 ἀνέπεσεν
1823 4974 1917 5028 ἐπὶ
1939 4974 2003 5029 τὸ

2109 4985 2260 5046 ptum
2291 4984 2399 5041 est,
2429 4994 2448 5027 ι
2480 4976 2582 5044 Qui
2612 4974 2862 5029 recubuit
2886 4974 2939 5027 in
2966 4972 3086 5027 sinu
3118 4968 3271 5025 Jesu.
3305 4988 3324 5022 ι

426 5074 624 5145 στῆθος
655 5073 749 5127 τοῦ
776 5073 989 5145 Ἰησοῦ,
1025 5073 1113 5128 διά
1145 5073 1240 5127 τοῦ
1309 5073 1566 5145 δευτέρου
1600 5074 1659 5127 ὲν
1703 5075 1814 5136 τοῖς
1860 5071 2192 5136 τελευταίοις
2248 5072 2581 5141 Εὐαγγελίου
2637 5067 3118 5141 χαρακτηρίζεται,
3188 5064 3262 5128 ὼς
3307 5058 3550 5134 μείζονος
3586 5059 3683 5113 καὶ

420 5165 802 5237 διαφέροντος,
849 5166 879 5218 6
922 5165 1015 5217 τοῦ
1076 5163 1252 5235 Ἰησοῦ
1301 5166 1523 5237 γνήσιος
1593 5163 1877 5235 μαθητής·
1928 5163 2238 5236 γέγραπται
2299 5164 2408 5237 γὰρ
2434 5208 2449 5229 ,
2501 5164 2583 5218 ὅτι
2634 5181 2654 5214 ι
2718 5160 3102 5232 Ἐπιστραφεὶς
3142 5160 3170 5211 6
3229 5157 3434 5227 Πέτρος
3497 5152 3682 5224 βλέπει

416 5259 509 5314 τὸν
572 5255 818 5326 μαθητὴν
862 5255 920 5308 ὃν
960 5256 1148 5324 ἠγάπα
1202 5257 1232 5308 6
1288 5253 1499 5327 Ἰησοῦς
1560 5253 1955 5308 ἀκολουθοῦντα
1981 5293 1998 5320 ,
2040 5254 2100 5318 ὃς
2138 5256 2234 5309 καὶ
2287 5257 2575 5310 ἀνέπεσεν
2603 5255 2661 5308 ὲν
2713 5254 2791 5325 τῷ
2847 5253 3046 5323 δείπνῳ
3089 5250 3180 5304 ἐπὶ
3225 5247 3286 5302 τὸ
3335 5245 3529 5316 στῆθος
3585 5246 3683 5298 αύ-

316 5410 326 5421 _
415 5354 530 5423 τοῦ,
571 5353 667 5406 καὶ
696 5348 844 5405 εἷπε·
879 5351 1072 5424 Κύριε,
1095 5350 1179 5415 τίς
1208 5352 1355 5405 ἐστιν
1384 5353 1414 5405 6
1440 5349 1764 5422 παραδιδούς
1792 5367 1893 5419 σε;
1939 5369 1961 5403 ›
1985 5350 2048 5404 οὐ
2103 5350 2213 5421 γὰρ
2256 5352 2587 5423 γέγραπται·
2626 5368 2646 5402 ι
2689 5352 2786 5412 Ὃς
2836 5343 2905 5418 ἦν
2934 5346 3287 5416 ἀνακείμενος
3337 5341 3395 5394 ὲν
3432 5339 3513 5411 τῷ
3554 5337 3680 5392 κὸλ*

418 5466 503 5520 πῳ
535 5446 701 5503 αὑτοῦ
734 5448 865 5519 (92).
898 5467 917 5500 ι

529 5589 570 5621 ⁸⁷
617 5589 747 5644 ibid.
786 5589 840 5644 9.
918 5588 961 5620 ¹⁸
984 5588 1141 5644 Joan.
1168 5603 1290 5648 xm,
1330 5587 1421 5642 24.
1519 5587 1563 5623 ¹⁸
1600 5586 1762 5645 Prov.
1794 5585 1992 5654 Vt,15,
2025 5582 2116 5643 14.

494 5711 607 5783 (ill)
632 5713 812 5783 Codex
848 5712 1072 5779 Regius.
1119 5711 1278 5783 male,
1314 5709 1708 5783 csxrsusdseat.
1766 5779 1781 5783 Α
1948 5777 1974 5783 _
2007 5778 2012 5783 η

2208 5774 2219 5783 ι
2339 5771 2354 5783 ι
2457 5771 2474 5783 ο
2535 5778 2546 5783 -
2593 5768 2630 5783 κ
2737 5763 2764 5783 ⁸9

494 5768 607 5853 {99.3
640 5782 749 5839 Pro
787 5768 974 5849 αὐτοῦ,
1008 5783 1174 5840 codex
1208 5768 1407 5854 Regius
1442 5791 1652 5838 tantum
1695 5779 1859 5839 habet
1883 5777 2012 5838 τοῦ.1

2114 5774 2291 5833 rarius
2339 5771 2553 5844 legebat
2593 5768 2791 5839 Ἰησοῦ,

2215 5583 2262 5617 ὀ
2296 5581 2460 5637 Prov.
2490 5577 2658 5646 x,lD.
2733 5578 2777 5609 “
2800 5574 2955 5632 Joan.
2981 5589 3097 5641 ut,
3123 5572 3216 5628 20.
