4182 6366
467 299 574 357 303

1916 297 2082 356 DRIG
2091 295 2244 354 ENlS

3635 303 3740 359 804

539 422 699 496 441
733 421 822 477 Η.
866 418 1004 488 Quid
1056 435 1186 475 vero
1220 421 1382 476 etiam
1419 421 1753 488 respondens
1787 421 2048 476 Dominus

2223 422 2310 476 Μ.
2343 421 2408 474 Τί
2443 421 2500 474 δὲ
2533 422 2627 474 καὶ
2652 419 3082 493 ἀποκρινόμενος
3111 417 3263 476 εἶπεν
3293 422 3322 475 6
3347 420 3574 493 Κύριος,
3607 423 3742 477 θεω-

469 517 692 578 dixerit,
722 515 1025 569 videamus.
1061 531 1080 564 ι
1122 513 1232 576 Ille,
1281 513 1478 580 inquit,
1525 522 1631 576 est,
1663 513 1748 567 cui
1780 529 1878 583 ego
1911 513 2052 568 offu-

469 609 574 662 lam
615 608 902 676 intingam,
951 614 1008 659 et
1058 619 1355 674 porrexero
1383 607 1450 658 ”.
1498 625 1517 657 ι
1553 606 1697 659 Dixit
1751 605 1918 676 igitur
1949 606 2054 660 hoc

465 699 662 762 Iesus;
710 717 729 749 ι
772 711 1005 763 cumque
1030 698 1344 750 intinxisset
1381 697 1626 760 ollulam,
1664 717 1682 750 ι
1715 712 1834 751 eam
1859 698 2049 760 sumit,

467 797 523 842 et
547 808 566 840 ι
601 788 834 858 porrigit
858 787 1008 842 Judze
1044 786 1256 840 Simoni
1288 785 1566 842 lscariotre
1593 827 1610 852 ,
1636 797 1692 841 et
1716 789 1902 842 statim
1932 797 2053 857 post

467 877 688 932 offulam
740 877 966 930 intravit
1008 876 1061 928 in
1115 875 1266 929 illum
1315 874 1550 931 Satanas
1575 878 1642 942 ’³,
1681 897 1699 928 ι
1737 878 1829 946 (ιιιί
1875 893 2052 946 neque

469 979 631 1024 antea
665 967 909 1021 valuerat
936 969 1163 1030 intrare,
1199 981 1375 1036 neque
1422 969 1587 1021 etiam
1616 983 1740 1022 mox
1788 984 1912 1022 cum
1949 969 2053 1022 mi-

471 1063 632 1117 sisset
665 1061 716 1115 in
741 1061 885 1115 illius
917 1075 1013 1116 cor
1047 1068 1107 1114 ut
1134 1075 1254 1114 eum
1287 1063 1542 1130 proderet
1567 1062 1634 1115 “.
1659 1061 2048 1117 Necesseenim

466 1163 608 1216 erat,
635 1153 852 1222 opinor,
899 1154 970 1208 ob
1025 1151 1301 1206 dationem
1335 1153 1531 1218 oﬂ'ulze,
1562 1163 1621 1208 ut
1646 1152 1806 1209 Jesus
1845 1156 2052 1210 reacci-

469 1255 625 1314 peret
646 1248 714 1300 ab
759 1244 980 1314 indigno
1019 1244 1151 1298 illud
1187 1244 1535 1312 praestantius
1558 1247 1698 1312 quod
1726 1247 1933 1301 habere
1971 1246 2052 1299 vi-

469 1340 720 1402 debatur,
765 1338 1206 1407 quandoquidem
1259 1355 1279 1388 ι
1317 1339 1386 1394 ab
1410 1355 1476 1393 eo
1504 1339 1596 1408 qui
1635 1355 1742 1393 non
1777 1341 1962 1400 habet,
1996 1348 2052 1394 et

470 1430 524 1484 id
553 1429 696 1498 quod
724 1430 938 1483 videtur
965 1431 1188 1493 habere,
1211 1429 1493 1484 auferetur
1522 1431 1591 1484 ab
1614 1445 1678 1486 eo
1701 1431 1770 1485 ”.
1808 1449 1826 1481 I
1865 1429 2050 1484 Priva-

473 1531 559 1576 tus
605 1536 736 1590 ergo
789 1519 976 1584 Judas,
1011 1519 1178 1574 veluti
1233 1522 1506 1591 indignus,
1541 1523 1610 1575 ab
1659 1521 2047 1576 excellentiori

469 1614 558 1683 qni
600 1625 854 1682 precatus
893 1614 1073 1667 fuerat
1104 1629 1315 1684 pacem,
1349 1615 1554 1684 recepit
1606 1613 1912 1684 ingressum
1945 1615 2050 1667 Sa-

471 1715 612 1760 tana:
659 1705 712 1758 in
759 1720 837 1759 se.
867 1705 1113 1773 Exempli
1145 1713 1324 1758 autem
1355 1705 1558 1775 gratia,
1609 1714 1667 1758 ut
1714 1705 2048 1773 intelligatur

469 1799 740 1868 quomodo
765 1797 917 1854 Judae
949 1799 1168 1866 quidem
1223 1796 1435 1850 dederit
1486 1797 1748 1852 Dominus
1779 1796 2004 1852 offulam
2031 1837 2047 1860 ,

476 1894 566 1947 ille
590 1903 767 1947 autem
803 1901 930 1946 tunc
974 1891 1105 1945 illud
1135 1907 1164 1943 a
1194 1906 1254 1946 se
1285 1891 1551 1960 repulerit
1587 1891 1732 1960 quod
1763 1891 1817 1945 in
1842 1904 1904 1945 se
1935 1892 2053 1945 exi-

472 1987 638 2042 mium
659 1987 912 2051 habebat,
937 1995 993 2039 et
1023 1985 1257 2041 fortasse
1285 2001 1475 2054 pacem
1512 1994 1872 2040 revertentem
1895 1985 1965 2039 ab
1985 2001 2051 2041 eo

471 2082 564 2150 qui
618 2079 861 2142 audivit,
909 2087 964 2133 et
1015 2092 1121 2131 non
1155 2077 1396 2144 admisit,
1449 2077 1516 2130 ad
1568 2077 1842 2131 dicentem
1873 2091 1888 2130 :
1921 2097 1939 2128 ι
1993 2078 2049 2132 Si

471 2171 738 2223 manserit
786 2167 896 2222 illic
949 2167 1092 2222 filius
1125 2167 1292 2236 pacis,
1337 2183 1442 2237 pax
1485 2177 1668 2222 vestra
1702 2183 1866 2236 super
1900 2169 2050 2223 illum

471 2260 809 2328 requiescet;
841 2261 924 2313 sin
973 2259 1172 2324 minus,
1201 2273 1305 2326 pax
1356 2269 1538 2314 vestra
1588 2259 1654 2311 ad
1691 2274 1786 2313 vos
1813 2270 2053 2314 reverte-

473 2361 560 2404 lttr
590 2351 660 2413 ",
711 2367 731 2400 ι
759 2351 811 2403 in
843 2350 1082 2403 medium
1115 2350 1449 2404 adducemus
1478 2365 1600 2418 qua:
1637 2351 1689 2404 in
1719 2353 1957 2406 secunda
1983 2353 2050 2406 ad

470 2441 785 2496 Corinthios
815 2440 1057 2507 Epistola
1102 2443 1249 2495 hunc
1297 2442 1352 2495 in
1401 2443 1617 2494 modum
1641 2451 1774 2497 sunt
1803 2444 2046 2514 scripta:

478 2548 500 2582 ι
539 2531 730 2586 Vestra
765 2530 924 2599 copia
961 2530 1174 2584 illorum
1207 2532 1404 2600 inopia:
1423 2543 1732 2597 succurrat,
1765 2543 1903 2590 utet
1937 2535 2051 2590 illo-

477 2637 598 2676 rum
649 2623 805 2691 copia
851 2631 1046 2678 vestra:
1092 2622 1288 2692 inopiae
1315 2623 1381 2678 ⁸⁷.
1425 2641 1446 2676 ι
1477 2623 1535 2678 Si
1566 2624 1712 2680 enim
1741 2627 2053 2681 considera-

475 2715 623 2768 veris
652 2715 1064 2768 retributionem
1104 2715 1158 2768 in
1195 2715 1347 2770 hisce
1377 2717 1541 2772 rebus
1593 2733 1773 2772 rerum
1807 2728 2052 2774 terrena-

472 2821 593 2859 rum
624 2805 690 2859 ad
725 2805 1054 2874 spiritualia,
1106 2806 1254 2861 scire
1300 2807 1506 2876 poteris
1548 2809 1822 2876 quomodo
1855 2810 1906 2864 ei
1955 2812 2048 2879 qui

471 2897 726 2967 indignus
771 2907 892 2950 erat
947 2911 1123 2965 pane,
1166 2897 1507 2952 distribuerit
1545 2899 1785 2966 offulam,
1837 2909 1898 2953 ut
1954 2916 2052 2971 per

469 3002 594 3042 eam
627 3004 657 3042 a
697 2986 834 3042 Juda
865 2989 1105 3043 auferret
1155 3003 1368 3057 pacem,
1400 3000 1659 3060 tanquam
1695 2991 1916 3061 indigno
1956 2993 2049 3060 qui

2159 517 2433 586 ρήσωμεν.
2471 531 2490 564 ι
2541 515 2798 578 Ἐκεῖνος,
2863 514 3028 585 φησὶν
3056 554 3072 578 ,
3127 516 3274 568 ἐστὶν
3324 507 3369 582 ᾧ
3417 513 3528 584 ἐγὼ
3589 514 3743 584 βάψω

2152 607 2217 660 τὸ
2260 607 2472 678 ψωμίον
2499 647 2513 670 ,
2572 607 2667 660 καὶ
2715 605 2874 658 δώσω
2905 603 3072 674 αὐτῷ.
3117 623 3134 655 ι
3173 601 3342 658 Εἶπεν
3372 599 3466 658 οὖν
3510 603 3669 657 τοῦτο
3711 607 3742 658 6

2168 695 2406 768 Ἰησοῦς·
2445 714 2464 746 ι
2504 697 2598 750 καὶ
2643 695 2822 766 βάψας
2866 694 2930 748 τὺ
2959 695 3194 766 ψωμίον,
3225 715 3244 744 ι
3281 694 3590 765 λαμϐάνει,
3641 694 3735 748 καὶ

2159 805 2176 837 ι
2201 786 2411 840 δίδωσιν
2440 788 2612 859 Ἰούδα
2645 788 2847 857 Σίμωνι
2877 785 3200 857 Ἰσκαριὼτῃ
3230 786 3365 856 (95),
3395 785 3489 839 καὶ
3512 786 3649 856 μετὰ
3679 787 3742 839 τὸ

2152 875 2363 946 ψωμίον
2389 878 2511 931 τότε
2539 879 2785 949 εἰσῆλθεν
2812 881 2890 942 εἰς
2920 881 3126 932 ἐκεῖνον
3153 880 3182 931 6
3211 879 3478 941 Σατανᾶς,
3504 897 3522 929 ι
3559 878 3620 930 οὐ
3647 877 3740 931 δυε-

2153 967 2337 1039 νηθεὶς
2369 969 2634 1042 πρότερον
2656 969 2940 1032 εἰσελθεῖν,
2987 969 3096 1022 οὐδ’
3147 968 3350 1030 εὐθέως
3375 969 3492 1037 ἅμα
3529 966 3608 1038 τῷ
3647 968 3736 1038 βε-

2153 1060 2416 1132 ϐληκέναι
2442 1063 2522 1124 εἰς
2554 1060 2652 1130 τήν
2691 1061 2942 1133 καρδίαν,
2975 1060 3063 1113 ἵνα
3097 1059 3322 1130 παραδῴ
3350 1061 3536 1114 αὐτόν.
3583 1061 3738 1131 Χρῆν

2152 1153 2281 1223 γάρ,
2314 1147 2488 1222 οἶμαι,
2521 1152 2610 1207 διὰ
2640 1153 2740 1222 τῆς
2771 1152 2968 1216 δόσεως
3011 1152 3120 1222 (94)
3153 1152 3245 1205 τοῦ
3278 1151 3492 1222 ψωμίου
3523 1153 3739 1206 ἀντιλα-

2152 1245 2266 1298 ϐεῖν
2293 1245 2426 1299 αὐτὸ
2459 1243 2572 1298 ἀπὸ
2598 1244 2692 1297 τοῦ
2715 1244 2931 1308 ἀναξίου
2965 1243 3109 1314 ἔχειν
3140 1245 3204 1297 τὸ
3241 1248 3486 1315 κρεῖττον
3515 1245 3544 1298 ὃ
3565 1245 3738 1299 ἐδόκει

2152 1335 2314 1406 ἔχειν·
2351 1353 2369 1386 ι
2408 1336 2516 1390 ἀπὸ
2565 1335 2673 1405 γὰρ
2725 1335 2819 1388 τοῦ
2860 1335 2935 1406 μὴ
2963 1335 3197 1405 ἔχοντος,
3229 1336 3325 1390 καὶ
3355 1336 3550 1405 ὃδοκεῖ
3593 1337 3737 1406 ἔχειν

2151 1426 2452 1498 ἀρθήσεται
2480 1426 2576 1477 ἀπ’
2601 1423 2790 1478 αὐτοῦ·
2823 1444 2842 1477 ι
2881 1426 3198 1498 ἀφαιρεθεὶς
3229 1421 3323 1478 οὖν
3350 1429 3378 1478 6
3408 1425 3629 1490 Ἰούδας,
3660 1425 3736 1490 ὡς

2151 1516 2367 1582 ἀνάξιος
2394 1516 2488 1570 τοῦ
2539 1517 2847 1589 κρείττονος
2889 1517 2984 1570 τοῦ
3015 1518 3258 1581 εἰπόντος
3293 1517 3428 1586 (95‘)
3453 1517 3734 1590 κεχώρηκε

2149 1610 2250 1682 τὴν
2285 1611 2366 1673 εἰς
2391 1607 2554 1662 αὐτὸν
2571 1605 2666 1661 τοῦ
2699 1609 2916 1662 Σατανᾶ
2935 1609 3160 1662 εἴσοδον.
3204 1607 3654 1680 Παραδείγματος
3679 1607 3737 1660 δὲ

2151 1701 2360 1764 ἕνεκεν,
2382 1701 2478 1766 ,ἵνα
2513 1699 2678 1770 νοηθῇ
2709 1699 2826 1762 πῶς
2851 1699 3062 1770 ψωμίον
3107 1699 3204 1770 μὲν
3233 1699 3433 1753 ἔδωκεν
3465 1700 3494 1751 6
3534 1699 3736 1770 Κύριος

2152 1796 2231 1866 τῷ
2259 1794 2453 1865 Ἰούδα,
2483 1795 2690 1857 ἐκεῖνος
2714 1793 2772 1846 δὲ
2801 1793 2920 1845 τότε
2955 1792 3189 1846 ἀπέθετο
3219 1793 3467 1864 κρεῖττόν
3496 1811 3550 1847 τι
3573 1795 3736 1847 ἐνυπ-

2153 1889 2322 1959 άρχον
2372 1887 2430 1939 ὲν
2469 1885 2637 1956 αὐτῷ,
2692 1884 2787 1938 καὶ
2835 1885 2975 1955 τάχα
3028 1883 3128 1955 τήν
3172 1887 3419 1957 εἰρήνην,
3468 1887 3737 1958 ὑποστρέ-

2153 1995 2361 2049 φουσαν
2403 1977 2510 2032 ἀπὸ
2558 1977 2652 2032 τοῦ
2685 1975 3038 2043 ἀκούσαντος,
3093 1979 3188 2032 καὶ
3242 1979 3316 2050 μὴ
3354 1978 3738 2050 παραδεξαμέ-

2153 2090 2246 2125 νου
2294 2073 2386 2125 ἑ.πί
2421 2071 2514 2124 τὸν
2556 2071 2800 2132 εἰπόντα,
2832 2071 2976 2124 κατὰ
3008 2070 3071 2124 τὸ
3111 2069 3402 2140 λεγόμενον
3449 2071 3582 2141 (95),
3631 2072 3733 2133 ὅτι,

2159 2184 2178 2217 ι
2229 2165 2354 2218 Ἐὰν
2391 2164 2490 2235 μὲν
2581 2164 2697 2216 ἐκεῖ
2725 2162 2840 2224 υίὸς
2881 2163 3106 2235 εἰρήνης
3133 2201 3148 2224 ,
3182 2164 3216 2234 ή
3249 2163 3438 2234 εἰρήνη
3468 2163 3622 2234 ὑμῶν
3650 2165 3738 2216 ἐπ’

2152 2257 2315 2311 αὐτὸν
2341 2256 2733 2311 ἀναπαύσεται·
2768 2256 2862 2310 ἐὰν
2893 2256 2952 2309 δὲ
3007 2259 3082 2328 μὴ
3193 2257 3309 2308 ἐκεῖ
3340 2251 3453 2318 υίὸς
3486 2256 3734 2326 εἰρήνης,

2151 2349 2185 2419 ή
2214 2348 2402 2418 εἰρήνη
2437 2347 2591 2418 ὑμῶν
2623 2347 2708 2416 ἐφ’
2740 2346 3240 2418 ὑμᾶςτὰνακάμψει·
3259 2365 3276 2397 ›
3306 2345 3738 2418 παραθησόμεθα

2155 2440 2246 2491 καὶ
2259 2437 2367 2490 άπδ
2381 2437 2480 2508 τῆς
2502 2437 2636 2509 πρὸς
2657 2437 2976 2508 Κορινθίους
2987 2437 3242 2508 δευτέρας
3267 2437 3584 2509 Ἐπιστολῆς
3604 2438 3737 2492 ταῦ-

2152 2547 2220 2583 τα
2251 2529 2424 2593 οὕτως
2457 2530 2839 2601 γεγραμμένα·
2874 2549 2892 2581 ι
2917 2531 2992 2583 T6
3020 2529 3172 2602 ὑμῶν
3202 2529 3546 2602 περίσσευμα
3571 2533 3650 2594 είς
3678 2529 3740 2585 τὸ

2155 2624 2379 2678 ἐκείνων
2407 2625 2713 2696 ὑστέρημα,
2747 2625 2834 2677 ἴνα
2889 2625 2986 2678 καὶ
3040 2625 3101 2679 τὸ
3147 2625 3358 2678 ἐκείνου
3393 2626 3735 2696 περίσσευμα

2152 2719 2376 2790 γένηται
2405 2719 2484 2781 εἰς
2509 2717 2570 2770 τὸ
2595 2708 2746 2788 ὑμῶν
2770 2717 3072 2788 ὑστέρημα·
3088 2736 3106 2768 ι
3129 2719 3471 2788 κατανοήσας
3497 2717 3608 2787 γὰρ
3640 2719 3739 2790 τὴν

2153 2811 2212 2864 ὲν
2238 2813 2449 2874 τούτοις
2475 2809 2741 2863 ἀντίδοσιν
2765 2808 2962 2878 χοῖκῶν
2984 2808 3121 2881 πρὸς
3141 2825 3273 2861 πνευ
3283 2808 3506 2879 ματικὰ,
3534 2807 3737 2882 δυνήσῃ

2156 2900 2286 2956 ἰδεῖν
2327 2899 2446 2964 πῶς
2489 2899 2568 2971 τῷ
2601 2899 2676 2970 μὴ
2711 2899 2848 2970 ἀξίῳ
2895 2901 3060 2971 ἄρτου
3106 2898 3319 2970 ψωμίον
3367 2899 3694 2953 ἐπιδέδωκεν
3719 2940 3736 2964 ,

2155 2995 2243 3048 ἵνα
2272 2991 2362 3048 διὰ
2385 2994 2478 3046 τοῦ
2506 2993 2723 3064 ψωμίου
2764 2993 2940 3067 ἀφέλῃ
2969 2991 3156 3058 αὑτοῦ,
3189 3025 3258 3034 -
3281 2991 3356 3057 ὡς
3405 2991 3628 3058 ἀναξίου
3657 2992 3738 3046 ἔτι

473 3081 704 3150 amplius
727 3080 943 3135 audiret
973 3094 989 3132 :
1022 3099 1042 3132 ι
1077 3079 1290 3135 Etenim
1337 3083 1498 3135 homo
1557 3082 1704 3151 pacis
1735 3097 1869 3136 meae
1899 3083 1986 3150 ²⁹;
2025 3103 2042 3135 ι

2153 3084 2390 3139 ἀκούειν·
2417 3086 2554 3138 «Καὶ
2592 3085 2701 3159 γάρ
2729 3086 2758 3139 6
2790 3084 3074 3156 ἄνθρωπος
3100 3083 3199 3154 τῆς
3228 3085 3452 3156 εἰρήνης
3489 3101 3644 3156 μου,›
3670 3115 3738 3124 --

474 3189 599 3228 nam
633 3193 653 3227 ι
683 3171 947 3230 Sordidus
973 3175 1258 3227 sordescat
1289 3173 1468 3228 adhuc
1495 3174 1576 3238 ἐς
1623 3192 1643 3224 ι
1689 3188 1796 3242 qua
1842 3173 2044 3236 ablata,

473 3265 564 3322 ille
592 3267 684 3336 qui
721 3264 1049 3320 observabat
1084 3265 1430 3320 occasionem
1473 3265 1810 3336 ingrediendi
1845 3266 1898 3320 in
1930 3266 2046 3320 ani-

473 3379 616 3418 mam
670 3361 840 3424 illius.
868 3369 924 3414 et
965 3359 1020 3414 in
1058 3361 1278 3414 dantem
1312 3360 1416 3414 sibi
1457 3359 1794 3427 ingrediendi
1844 3359 2046 3426 locum,

473 3455 530 3509 in
571 3453 766 3511 ludam
810 3455 1090 3524 ingressus
1129 3463 1238 3508 est.
1274 3451 1494 3508 Pariter
1519 3455 1750 3507 observa
1786 3451 2049 3507 Satanam

473 3557 636 3602 antea
667 3561 776 3600 non
803 3546 1105 3614 ingressum
1156 3544 1328 3600 fuisse
1367 3546 1420 3598 in
1467 3542 1688 3607 ludam,
1713 3545 1808 3599 sed
1838 3553 2048 3600 tantum

473 3639 688 3694 misisse
712 3639 764 3692 in
788 3653 882 3693 cor
906 3637 1024 3706 ejus
1055 3648 1114 3692 ut
1155 3637 1474 3708 Magistrum
1501 3635 1761 3706 proderet
1785 3633 1864 3700 ³⁸;
1893 3638 2050 3706 juxta

475 3745 539 3786 ea
571 3745 699 3785 vero
723 3745 845 3800 qua:
875 3745 1034 3785 nutic
1059 3741 1316 3784 accurate
1361 3729 1772 3798 exquisivimus,
1811 3739 1931 3795 post
1961 3727 2050 3784 of-

476 3823 640 3876 fulam
668 3822 942 3877 introiisse
976 3822 1028 3875 in
1056 3837 1202 3878 eum.
1253 3821 1614 3889 Quamobrem
1659 3835 1952 3876 caveamus
1983 3829 2049 3876 et

474 3927 577 3968 nos
609 3927 674 3967 ne
708 3913 922 3980 quando
959 3911 1207 3966 diabolus
1234 3911 1288 3964 in
1317 3925 1412 3964 cor
1443 3920 1687 3966 nostrum
1712 3909 1890 3980 jaciat
1911 3924 2051 3979 qua-

479 4004 797 4072 lemcunque
827 4003 1078 4072 sagittam
1104 4001 1186 4056 sui
1231 4001 1400 4070 ipsius
1429 4001 1656 4070 ignitam
1684 4017 1700 4064 ;
1738 4017 1862 4056 nam
1898 4003 1944 4055 si
1966 4001 2053 4071 je-

477 4093 638 4158 cerit,
672 4107 794 4146 mox
820 4094 985 4146 etiam
1013 4092 1270 4146 observat
1298 4099 1511 4160 tempus
1549 4089 1916 4160 ingrediendi.
1944 4089 2054 4144 Sed

477 4193 684 4254 quaerat
715 4183 914 4254 aliquis
938 4198 1108 4254 quare
1138 4181 1400 4252 scriptum
1429 4196 1536 4237 non
1561 4181 1748 4248 fuerit,
1786 4199 1804 4233 ι
1835 4179 1928 4235 llle
1945 4190 2051 4246 est,

475 4277 562 4330 cui
645 4288 748 4346 ego
794 4274 1010 4330 oﬂ‘ulam
1051 4275 1244 4328 dedero
1271 4275 1338 4341 ⁸¹,
1374 4293 1394 4326 ι
1430 4273 1526 4328 sed
1572 4288 1697 4328 cum
1749 4273 2056 4340 adjectione

479 4369 600 4434 hac,
635 4369 895 4440 intingam
919 4383 938 4420 :
967 4387 988 4420 ι
1023 4369 1120 4423 Cui
1165 4383 1263 4440 ego
1304 4387 1324 4420 ι
1359 4369 1528 4433 enim,
1573 4369 1770 4438 inquit,
1823 4385 1842 4418 ι
1884 4367 2052 4422 intin-

2153 3176 2250 3248 τὴν
2295 3177 2539 3248 εἰρήνην·
2579 3196 2598 3228 ι
2651 3177 2710 3230 Ὀ
2761 3176 3006 3248 ῥυπαρὸς
3057 3174 3166 3246 γάρ
3221 3175 3550 3246 ῥυπανθήτω
3583 3175 3684 3229 ἔτι·
3711 3195 3731 3228 ι

2150 3263 2220 3340 ἦς
2253 3267 2666 3338 ἀψαιρεθείσης,
2685 3269 2715 3320 6
2733 3266 3009 3338 ἐπιτηρῶν
3034 3267 3227 3338 καιρὸν
3245 3267 3344 3337 τῆς
3375 3267 3459 3330 εἰς
3497 3267 3598 3338 τὴν
3625 3266 3736 3334 (96)

2150 3357 2330 3429 ψυχὴν
2379 3357 2588 3413 εἰσόδου
2636 3359 2826 3422 αὐτοῦ,
2863 3359 2957 3412 καὶ
2995 3359 3088 3412 τὸν
3131 3358 3343 3412 διδόντα
3389 3357 3537 3428 αὐτῷ
3571 3359 3734 3412 τόπον

2153 3448 2436 3513 εἰσελθεῖν,
2483 3451 2564 3512 εἰς
2605 3448 2698 3503 τὸν
2743 3447 2946 3501 Ἰούδαν
2990 3447 3238 3518 εἰσῆλθεν
3289 3447 3423 3518 (97).
3469 3449 3623 3519 ’Ἅμα
3677 3448 3736 3503 δὲ

2153 3541 2496 3612 παρατήρει,
2536 3541 2618 3594 ὅτι
2654 3541 2918 3611 πρότερον
2951 3539 3049 3610 μὲν
3079 3541 3184 3595 οὐκ
3201 3539 3452 3610 εἰσῆλθεν
3491 3543 3522 3594 ὁ
3567 3542 3739 3594 Σατα-

2151 3635 2248 3697 νᾶς
2269 3635 2349 3696 εἰς
2367 3632 2460 3686 τὸν
2487 3631 2711 3698 Ἰούδαν,
2735 3633 2870 3687 ἀλλὰ
2885 3631 3170 3704 ἐϐεϐλήκει
3195 3632 3354 3703 μόνον
3373 3635 3454 3696 εἰς
3473 3633 3574 3705 τὴν
3598 3650 3738 3706 καρ-

2152 3723 2272 3780 δίαν
2324 3723 2492 3778 αύτοῦ
2528 3723 2640 3796 (98)
2678 3724 2766 3780 ἴνα
2815 3722 3042 3796 παραδῷ
3081 3719 3174 3776 τδν
3216 3721 3570 3788 Διδάσκαλον,
3596 3722 3738 3776 κατά

2151 3817 2210 3870 δὲ
2236 3816 2306 3870 τά
2330 3815 2427 3872 νῦν
2449 3802 2816 3888 ἐξεταζόμενα
2850 3816 2991 3888 μετὰ
3024 3815 3084 3868 τὸ
3108 3813 3324 3887 ψωμίον
3367 3813 3628 3868 εἰσελθεῖν
3659 3817 3739 3878 εἰς

2155 3910 2382 3962 ἐκεῖνον.
2430 3907 2632 3978 Διόπερ
2677 3907 2771 3961 καὶ
2811 3910 2974 3978 ἡμεῖς
3006 3893 3404 3980 φυλαττώμεθα
3433 3909 3508 3978 μή
3536 3922 3667 3960 ποτε
3709 3908 3738 3962 ὁ

2153 3999 2398 4064 διάϐολος
2434 3987 2568 4071 βάλῃ
2603 4001 2682 4062 εἰς
2713 3999 2814 4070 τὴν
2865 3999 3090 4071 καρδίαν
3122 3999 3280 4070 ήμῶν
3311 3998 3596 4053 ὁτιποτοῦν
3627 3997 3737 4052 τῶν

2154 4092 2571 4165 πεπυρωμένων
2608 4091 2772 4144 αὑτοῦ
2811 4090 3014 4162 βελῶν·
3045 4093 3140 4146 ἐὰν
3171 4093 3284 4164 γὰρ
3335 4091 3494 4164 βάλῃ,
3547 4091 3739 4160 ἐπιτη-

2160 4189 2242 4258 ρεῖ
2273 4185 2412 4256 μετὰ
2439 4185 2601 4239 τοῦτο
2625 4183 2720 4240 καὶ
2747 4184 2911 4248 αὐτὸς
2953 4183 3234 4242 εἰσελθεῖν.
3271 4184 3513 4254 Ζητήσαι
3569 4182 3614 4235 δ’
3668 4184 3734 4238 ἄν

2154 4294 2238 4341 τις
2276 4275 2366 4330 διὰ
2405 4275 2458 4330 τί
2492 4277 2554 4330 ού
2591 4275 2928 4347 γέγραπται·
2973 4293 2991 4326 ι
3060 4275 3296 4339 Ἐκεῖνός
3348 4276 3498 4328 ἐστιν
3543 4267 3588 4342 ᾧ
3628 4268 3738 4342 ἐγὼ

2156 4361 2330 4424 δώσω
2387 4368 2448 4422 τὸ
2503 4368 2734 4439 ψωμίον,
2780 4387 2798 4418 ι
2859 4367 2996 4422 ἀλλὰ
3054 4366 3195 4438 μετὰ
3249 4367 3569 4440 προσθήκης
3615 4367 3735 4438 τῆς,

477 4475 598 4532 gam
647 4459 868 4514 ollulam
895 4471 948 4514 et
975 4474 1264 4528 porrexero
1288 4476 1304 4528 ;
1327 4469 1383 4515 et
1412 4473 1533 4514 cum
1569 4459 1878 4513 intinxisset
1916 4458 2050 4512 buc-

2161 4459 2364 4530 βάψω·
2393 4479 2411 4510 ι
2450 4460 2614 4531 Βάψω
2642 4479 2660 4512 ι
2690 4461 2820 4548 γάρ,
2854 4461 3008 4532 φησὶ,
3045 4477 3063 4510 ι
3087 4459 3149 4512 τὸ
3173 4457 3406 4529 ψωμίον,
3439 4459 3532 4514 καὶ
3559 4457 3735 4511 δώσω·

477 4549 694 4614 cellam,
739 4569 759 4602 ι
809 4551 972 4605 sumit
1002 4565 1121 4604 eam
1149 4591 1166 4616 ,
1214 4559 1270 4607 et
1317 4569 1336 4603 ι
1379 4551 1609 4620 porrigit
1641 4547 1795 4604 Iudae
1841 4548 2052 4603 Simoni

477 4640 767 4696 lscariotae.
802 4659 822 4692 ι
856 4639 912 4693 In
939 4641 1207 4697 similibus
1237 4651 1418 4697 autem
1449 4640 1613 4714 442
1646 4641 1783 4696 locis
1811 4649 2052 4694 mentem

2151 4553 2246 4606 καὶ
2303 4551 2480 4622 βάψας
2509 4552 2571 4606 τὸ
2609 4551 2844 4623 ψωμίον,
2897 4569 2915 4602 ι
2973 4551 3276 4623 λαμϐάνει,
3331 4551 3427 4605 καὶ
3465 4570 3484 4602 ι
3523 4549 3738 4604 δίδωσιν

2164 4645 2336 4718 Ἰούδᾳ
2387 4645 2591 4716 Σίμωνι
2641 4643 2990 4718 Ἰσκαριώτῃ.
3030 4663 3048 4696 ι
3098 4644 3189 4708 Ὠς
3247 4647 3306 4700 ὲν
3356 4644 3624 4708 τοιούτοις
3673 4643 3738 4715 δὴ

477 4733 696 4798 adhibe,
725 4749 792 4788 an
824 4735 997 4804 possis
1037 4735 1218 4790 dicere
1258 4734 1533 4790 sincerum
1571 4747 1767 4803 panem
1795 4747 1902 4786 non
1931 4745 2050 4786 esse

2153 4717 2340 4799 τόποις
2378 4736 2616 4808 πρόσχες
2648 4737 2698 4788 εἰ
2731 4717 2952 4790 δύνασαι
2986 4735 3077 4789 τὸν
3115 4735 3384 4808 εἰλικρινῆ
3415 4737 3578 4808 άρτον
3605 4735 3739 4789 ἀϐα-

480 4827 728 4891 tinctum,
771 4827 865 4880 sed
908 4840 974 4880 ex
1025 4841 1086 4881 se
1133 4841 1255 4882 esse
1324 4827 1612 4899 τρόφιμον,
1655 4824 1782 4897 [hoc
1839 4834 1925 4878 est
1953 4839 2054 4877 nu-

478 4915 705 4990 m'ens];
733 4917 864 4972 illud
906 4933 1036 4972 vero
1069 4919 1212 4988 quod
1240 4917 1392 4974 Iuda:
1425 4920 1682 4982 dabatur,
1723 4931 1832 4970 non
1880 4915 2050 4970 fuisse

478 5025 670 5080 panem
697 5051 714 5079 ,
761 5011 859 5066 sed
904 5009 1160 5077 oﬂ‘ulam;
1210 5021 1266 5066 et
1311 5026 1419 5068 non
1456 5009 1676 5064 offulam
1713 5011 1920 5078 absque
1950 5007 2052 5061 im-

571 5198 616 5230 "
641 5195 799 5252 Joan.
824 5213 945 5259 xm,
981 5199 1074 5254 26.
1151 5199 1197 5230 ’³
1224 5198 1357 5252 ibid.
1384 5198 1477 5252 27.
1565 5197 1613 5229 “
1651 5196 1781 5250 ibid.
1804 5195 1859 5250 9.

1965 5197 2009 5228 “
2033 5194 2221 5250 Matth.
2249 5209 2376 5256 xxv,
2397 5191 2469 5247 20
2493 5208 2507 5254 ;
2556 5191 2719 5246 Marc.
2748 5189 2935 5254 tv,23.

2151 4827 2228 4898 φῆ
2261 4827 2491 4896 φάσκειν
2529 4821 2671 4880 εἶναι
2693 4865 2710 4890 ,
2758 4827 2854 4880 καὶ
2891 4828 3012 4882 καθ’
3066 4827 3228 4882 αὐτὸν
3267 4826 3564 4898 τρόφιμον·
3594 4825 3654 4879 τὸ
3681 4826 3739 4879 δὲ

2156 4917 2235 4988 τῷ
2277 4916 2449 4988 Ἰούδᾳ
2479 4914 2842 4987 ὲπιδιδόμενον
2875 4917 2970 4970 καὶ
2993 4917 3093 4970 οὐκ
3127 4917 3292 4988 ἄρτος
3317 4913 3386 4988 ἦν
3411 4917 3472 4969 τὸ
3501 4915 3735 4986 ψωμίον,

2159 5011 2254 5063 καὶ
2281 5009 2342 5062 ού
2370 5007 2581 5080 ψωμίον
2611 5006 2838 5078 ἁϐαφὲς,
2882 5007 3018 5062 ἀλλὰ
3065 5005 3410 5080 βεϐαμμένον
3455 5007 3536 5079 τῷ
3577 5007 3738 5062 δυνα-

3009 5187 3058 5220 ¹⁸
3081 5189 3214 5246 Luc.
3239 5206 3294 5255 ι,
3325 5187 3379 5244 6.
3475 5188 3518 5221 ³⁸⁸
3543 5182 3737 5244 “Cor.

479 5281 596 5332 vut,
626 5267 713 5320 M.
788 5268 847 5337 ,³⁸
871 5267 1018 5326 Psal.
1049 5285 1136 5335 ιιι,
1163 5268 1248 5323 10.
1325 5267 1370 5300 ²⁹
1399 5269 1566 5337 Apoc.
1591 5283 1724 5332 ιλιι,
1752 5266 1840 5320 ll.
1927 5267 1972 5298 ³⁰
1995 5265 2050 5320 ,ιω

2179 5280 2300 5332 χιιι,
2333 5264 2390 5318 2.
2486 5263 2526 5294 ³⁸
2563 5261 2692 5316 ibid.
2728 5260 2821 5316 26.

549 5407 666 5479 (9'5)
687 5405 871 5479 Codex
898 5407 1120 5479 Regius,
1153 5407 1395 5479 Σίμωνος
1432 5406 1798 5479 Ἰσκαριώτου.

548 5473 836 5560 ςξξῇιιίξειιι
867 5473 1033 5534 code:
1053 5473 1292 5548 Regius;
1319 5476 1501 5560 δόσης,
1531 5473 1694 5560 male.

546 5547 688 5618 (θάμ’)
722 5545 1021 5612 Lacunam,
1069 5545 1230 5618 quam
1278 5545 1549 5602 asterisco
1585 5547 1796 5618 notavit
1826 5547 2047 5612 Russus,

481 5616 698 5670 obvium
737 5629 842 5679 est,
898 5616 1244 5686 sequentium
1306 5619 1520 5672 rati0ne
1571 5617 1778 5683 habita,
1842 5619 2050 5673 sarcire

481 5686 780 5760 suppleuile
805 5688 1052 5760 εἰρήνην.
1090 5688 1250 5743 Ευιτ.
1284 5689 1526 5743 ΡΔτῐιοι..

553 5755 667 5816 (95)
700 5755 958 5810 Κατὰτό
987 5755 1112 5817 λεν.
1149 5760 1308 5815 Deest
1360 5759 1413 5814 in
1462 5758 1586 5816 cod.
1629 5757 1939 5813 Bodleiano.

2220 5404 2331 5474 (9(5)
2351 5400 2965 5474 Cod.ﬁeg.,lcorrnpte,
2997 5399 3099 5474 xui.
3129 5397 3359 5474 ῥευστῆς
3385 5400 3464 5460 εἰς
3483 5397 3603 5474 τήν,
3625 5404 3732 5474 etc.

2155 5545 2168 5558 .
2221 5467 2686 5558 (27)__I§§07710'er.
2721 5471 2883 5527 Deest
2905 5471 2958 5524 in
2982 5471 3169 5525 codice
3198 5467 3392 5540 Regio,
3425 5469 3519 5521 sed
3545 5467 3738 5536 legitur

2153 5545 2208 5600 in
2238 5545 2558 5597 Bodleiano.

2153 5685 2163 5696 .
2221 5615 2334 5696 (98)
2365 5613 2582 5696 Απέῖοῦ·
2633 5613 2794 5696 υθθέε
2833 5612 2890 5696 ίιι
2924 5608 3337 5696 ςριιίεεέιθείρτ
3384 5607 3732 5696 ΞΡἘῩῘἾΙὟΞἾ

2150 5674 2347 5754 legitur
2377 5701 2390 5735 :
2425 5685 2542 5754 Ἵνα
2575 5681 2805 5752 παρωδῷ
2847 5681 3047 5744 Ἰούδας
3097 5674 3338 5749 Σίμωνος
3384 5674 3739 5748 Ἰσκαριώτης

2147 5753 2240 5809 τὸν
2269 5753 2618 5810 Διδάσκαλον.
