4182 6352
442 322 548 380 8υεί

1460 311 1819 371 COMMENT.
1865 311 1929 366 IN
1967 309 2162 366 JOAN.
2203 311 2444 366 τοιιυδ
2482 309 2710 368 XXXII.

3581 307 3690 364 806

446 437 592 510 μένῳ
615 434 932 489 ἀποσπᾶσαι
967 433 1064 504 τῆς
1096 433 1275 504 ψυχῆς
1327 433 1492 486 αὐτοῦ
1533 431 1630 504 τὴν
1669 433 1776 485 ἀπὸ
1812 431 1907 484 τοῦ
1943 429 2027 483 λό-

2133 433 2424 493 mersionc,
2461 432 2554 487 sed
2585 432 2832 494 tinctam,
2867 442 2920 486 et
2952 433 3262 488 immersam
3291 432 3358 487 ab
3389 447 3452 487 eo
3485 432 3576 502 qui
3600 450 3708 509 po-

441 546 540 598 του
571 527 666 581 ἐπὶ
692 526 857 581 ποσὸν
886 526 1244 596 ἐγγινομένην
1276 524 1473 595 βαφὴν,
1511 523 1600 577 ἵνα
1632 523 1768 594 μετὰ
1804 523 1866 576 τὸ
1907 522 2025 591 ψω-

445 623 566 689 μίον
599 619 816 692 εἰσέλθῃ
867 621 1074 672 ἐκεῖνον
1107 621 1135 671 ό
1163 619 1429 680 Σατανᾶς.
1471 615 1614 684 Ἐγὼ
1643 615 1701 668 δὲ
1729 613 2026 685 ζητήσαιμ’

441 715 508 770 ἂν
540 714 616 778 ὡς
642 713 817 784 τούτῳ
849 712 960 783 (99)
1019 711 1282 781 συγγενὲς
1315 711 1379 763 τὸ
1417 711 1526 764 ἀπὸ
1555 708 1650 764 τοῦ
1683 707 1825 761 κατὰ
1875 707 2029 760 Ματ-

445 803 626 858 θαῖον·
653 821 672 854 ι
715 803 773 856 '0
814 801 1070 872 ἐμϐάψας
1109 799 1209 872 τὴν
1257 801 1418 871 χεῖρα
1473 800 1588 870 μετ’
1640 797 1776 869 ἐμοῦ
1837 798 1896 850 ἐν
1950 795 2028 866 τῷ

441 895 703 966 τρυϐλίῳ,
735 885 888 957 οὗτός
917 909 985 964 με
1015 890 1378 963 παραδώσειοι
1415 891 1511 944 καὶ
1539 889 1602 942 τὸ
1629 889 1737 943 ἀπὸ
1761 887 1855 941 τοῦ
1887 887 2028 942 κατὰ

444 989 670 1060 Μάρκον
695 1004 709 1018 °
749 1005 768 1038 ι
809 987 869 1040 '0
893 985 1304 1057 ἐμϐαπτόμενος
1339 985 1457 1054 μετ’
1488 982 1625 1054 ἐμοῦ
1675 983 1754 1044 είς
1799 980 1858 1033 τὸ
1898 997 2028 1050 τρυ-

444 1081 611 1134 6λίονο
646 1099 665 1132 ι
697 1079 792 1134 καὶ
820 1079 882 1132 τὸ
919 1077 1029 1131 ἀπὸ
1051 1077 1145 1130 τοῦ
1173 1075 1316 1130 κατὰ
1349 1076 1563 1129 Λουκᾶν
1593 1073 1672 1136 δὲ,
1723 1074 1770 1126 εἰ
1803 1071 1898 1125 καὶ
1953 1069 2027 1141 μὴ

442 1172 698 1244 ὀνομάζει
732 1173 812 1225 τόο
851 1191 870 1223 ι
905 1170 1182 1243 ἐμϐάψας,
1223 1189 1242 1221 ι
1283 1168 1398 1222 ἀλλ’
1497 1167 1631 1238 φησι
1683 1183 1748 1234 γε
1773 1181 1786 1195 ·
1826 1183 1845 1216 ι
1882 1162 2028 1234 Πλὴν

447 1264 556 1318 ίδοὺ
596 1266 630 1334 ἡ
671 1265 796 1335 χεὶρ
829 1261 920 1318 τοῦ
953 1261 1336 1334 παραδιδόντος
1367 1277 1434 1331 με
1477 1260 1594 1330 μετ’
1625 1255 1760 1328 ἐμοῦ
1793 1257 1886 1308 ἐπὶ
1928 1257 2028 1327 τῆς

440 1353 740 1431 τραπέζης.
776 1375 794 1407 ι
844 1354 902 1408 Ὁ
957 1352 1056 1424 μὲν
1079 1346 1172 1404 οὖν
1204 1351 1332 1421 περὶ
1383 1346 1574 1401 τούτου
1616 1342 1820 1416 ἀληθὴς
1871 1341 2028 1411 λόγος

441 1449 596 1522 παρά
647 1451 761 1512 τοῖς
815 1445 952 1514 ἐμοῦ
1010 1443 1260 1516 εὑρεθείη
1318 1441 1385 1496 ἂν
1432 1438 1612 1510 πολλῷ
1657 1435 1985 1506 σοφωτέροις
2012 1448 2026 1463 °

441 1543 553 1613 ἐγὼ
585 1543 642 1596 δὲ
672 1539 1002 1612 στοχάζομαι
1034 1539 1242 1609 μήποτε
1273 1534 1368 1588 καὶ
1399 1533 1460 1586 τὸ
1491 1532 1706 1593 ἀναιδὲς
1726 1527 1820 1582 τοῦ
1856 1525 2027 1580 Ἰούδα

443 1637 537 1690 καὶ
565 1638 624 1689 ἐν
653 1631 1182 1704 τούτῳέμφαίνεται
1219 1629 1294 1701 μὴ
1319 1626 1589 1698 τιμῶντος
1641 1624 1734 1676 τὸν
1760 1620 2026 1674 Διδάσκα-

441 1728 532 1781 λον
562 1770 575 1792 ,
623 1729 682 1782 ἐν
731 1725 809 1798 τῷ
861 1722 1186 1787 συνεσθίειν,
1223 1721 1362 1793 μηδέ
1395 1712 1849 1791 παραχωροῦντος
1879 1711 2028 1783 αὐτῷ

562 1776 674 1883 ἐξξ
697 1776 1045 1888 τδῖτρυίῖὶλον
1078 1776 1370 1886 ἐμέάίίιεως
1393 1852 1406 1877 ,
1451 1776 1528 1874 ως
1548 1776 1927 1880 ’,παρεχώρουν
1978 1776 2027 1858 οἱ
2063 1776 2103 1831 Β

442 1915 638 1968 λοιποί.
695 1911 896 1980 Διόπερ
947 1907 1171 1962 ἐκείνων
1225 1904 1322 1976 μὲν
1371 1902 1548 1966 οὐδεὶς
1603 1901 1872 1956 ἐνέϐαπτε
1928 1898 2028 1968 τὴν

442 2009 600 2078 χεῖρα
641 2007 720 2068 εἰς
758 2003 820 2056 τὸ
871 1999 1124 2073 τρυϐλίον
1180 1999 1296 2066 μετ’
1352 1994 1540 2049 αὐτοῦ·
1588 1988 1742 2056 οὗτος
1785 1991 1878 2055 δὲ,
1927 1991 2030 2042 οὐκ

443 2098 608 2163 ἀξιῶν
644 2097 759 2168 μετ’
786 2092 965 2148 αὐτῶν
999 2089 1320 2164 ἐμϐάπτειν,
1371 2089 1490 2160 μετ’
1521 2083 1688 2142 αὑτοῦ
1741 2083 2028 2144 ἐνέϐαπτε,

445 2192 544 2262 τὴν
581 2191 799 2261 Ξσότητα
836 2187 1004 2242 θέλων
1036 2185 1182 2256 ἔχειν
1211 2184 1348 2254 πρὸς
1380 2183 1566 2244 αὐτὸν,
1595 2181 1713 2234 δέον
1738 2178 1888 2250 αὐτῷ
1921 2195 2028 2230 πα-

449 2285 714 2355 ραχωρεῖν
759 2280 862 2350 τῆς
911 2278 1206 2350 ὑπεροχῆς.
1243 2277 1394 2346 Τάχα
1424 2270 1518 2328 οὖν
1567 2271 1663 2326 τοῦ
1703 2269 1865 2324 αὐτοῦ
1915 2269 2032 2342 ἕχε-

443 2391 534 2428 ται
565 2374 658 2428 κα)⁴
689 2372 778 2426 τό·
817 2391 836 2424 ι
878 2369 1022 2441 Πλὴν
1057 2369 1166 2422 ἰδοὺ
1195 2369 1229 2439 ἡ
1261 2367 1380 2439 χεὶρ
1413 2364 1508 2418 τοῦ
1547 2362 1932 2434 παραδιδόντος
1963 2378 2031 2431 με

449 2468 565 2534 μετ’
599 2464 732 2535 ἐμοῦ
761 2464 853 2516 ἐπὶ
881 2463 982 2532 τῆς
1005 2459 1306 2532 τραπέζης.
1343 2476 1361 2510 ι
1403 2457 1512 2510 Καὶ
1557 2451 2033 2526 χαριεντιζόμενος

445 2558 502 2611 δέ
546 2574 677 2610 ποτε
725 2557 807 2620 εἰς
852 2551 1166 2626 προτροπὴν
1210 2551 1350 2612 νέοις
1399 2547 1529 2620 περὶ
1563 2546 1665 2616 τῆς
1699 2547 1758 2598 ἐν
1789 2543 2030 2600 ἑστιάσει

447 2651 614 2722 τιμῆς
645 2647 754 2702 τῶν
785 2644 1172 2718 πρεσϐυτέρων
1198 2681 1214 2706 ,
1266 2640 1552 2712 συγχρήσῃ
1587 2637 1662 2710 (1)
1709 2635 1789 2706 τῷ
1833 2635 1984 2708 ῥητῷ
2017 2674 2032 2699 ,

451 2745 539 2798 ἵνα
569 2741 644 2813 μὴ
677 2736 1001 2793 συνθλίϐωσι
1028 2737 1129 2806 τὴν
1159 2735 1317 2820 χεῖρα
1347 2732 1457 2785 τῶν
1497 2729 1904 2802 πρεσϐυτέρων.
1933 2728 2034 2780 Γέ-

450 2851 695 2908 γραπται
723 2832 832 2901 γάρ
855 2831 949 2884 καὶ
977 2827 1156 2882 τοῦτο·
1195 2845 1212 2878 ι
1243 2818 1336 2896 Μὴ
1387 2821 1675 2876 συνθλίϐου
1713 2821 1830 2892 μετ’
1865 2818 2033 2874 αὐτοῦ

450 2930 508 2981 ἐν
532 2927 610 2998 τῷ
632 2923 888 3000 τρυϐλίῳ.
921 2941 940 2974 ι
975 2921 1090 2974 Οὐκ
1113 2915 1438 2988 ἀγνοοῦντες
1465 2914 1524 2968 δέ
1547 2912 1704 2978 δόξαν
1738 2911 2033 2985 περιέργου

449 3016 729 3090 ζητήσεως
751 3055 766 3079 ,
802 3013 897 3067 καὶ
931 3009 1139 3066 πείθειν
1171 3007 1246 3079 μὴ
1287 3003 1592 3076 δυναμένης
1623 3003 1716 3056 τὸν
1758 3001 2035 3074 ἀκροατὴν

449 3109 746 3177 ἀπολογίας
771 3102 1143 3176 ἀποφέρεσθαι
1183 3101 1258 3170 (Ξ)
1289 3098 1441 3172 παρά
1471 3099 1584 3160 τοῖς
1625 3095 1830 3149 τούτων
1868 3093 2028 3149 ἀκού-

447 3219 588 3267 ουσι,
624 3199 798 3254 ταῦτα
827 3197 1231 3268 ἐτολμήσαμεν,
1266 3194 1514 3264 κρεῖττον
1547 3184 1690 3243 εἷναι
1719 3186 2030 3258 νομίζοντες

446 3297 508 3350 τὸ
539 3295 717 3348 πάντα
756 3286 1064 3362 βασανίζειν
1092 3285 1186 3342 τοῦ
1235 3283 1526 3356 παρελθεῖν
1571 3299 1627 3336 τι
1665 3280 2029 3334 ἀϐασάνιστον

446 3389 558 3442 τῶν
580 3403 680 3456 γεγ
689 3381 1002 3456 ραμμένων.

521 3476 608 3531 15.
639 3473 985 3536 Εἰσελθόντος
1021 3469 1200 3541 μέντοι
1220 3464 1315 3520 τοῦ
1340 3465 1554 3520 Σατανᾶ
1584 3464 1665 3527 είς
1690 3463 1782 3517 τὸν
1805 3461 2028 3524 Ἰούδαν,

456 3587 476 3621 t
510 3567 675 3638 φησὶν
721 3563 869 3634 αὐτῷ
903 3561 978 3634 (5)
1019 3563 1048 3614 ὁ
1081 3557 1326 3630 Ἰησοῦς·
1377 3559 1443 3609 Ὃ
1492 3558 1695 3618 ποιεῖς,
1748 3553 1890 3606 ποίει
1937 3553 2033 3607 τά-

451 3675 586 3730 χιον·
625 3676 644 3709 θ
674 3656 780 3709 τίνι
815 3655 902 3718 δὲ,
929 3651 1099 3722 αὐτῷ,
1127 3647 1449 3722 ἀμφίϐολονο
1487 3640 1610 3700 ἐπεὶ
1635 3645 1858 3699 δύναται
1885 3643 2033 3716 αὐτῷ

450 3750 528 3822 τῷ
565 3749 738 3820 Ἰούδα
766 3748 864 3818 (4),
915 3747 951 3818 ἦ
996 3746 1077 3816 τῷ
1130 3744 1344 3814 Σατανᾷ
1391 3741 1670 3812 εἰρηκέναι
1715 3743 1744 3792 ὁ
1782 3737 1986 3809 Κύριος
2015 3753 2028 3766 ·

456 3861 475 3894 ι
513 3843 577 3895 Ὃ
613 3840 815 3902 ποιεῖς,
863 3837 1089 3908 ποίησον
1119 3835 1327 3905 τάχιον,
1361 3852 1380 3884 ›
1438 3829 1883 3903 προκαλούμενος
1939 3827 2032 3882 τὸν

452 3929 856 4002 ἀνταγωνιστὴν
901 3927 993 3982 ἐπὶ
1037 3927 1135 3998 τὴν
1187 3925 1368 3996 πάλην
1401 3923 1518 3995 (5),
1556 3922 1589 3994 ἢ
1636 3921 1729 3976 τὸν
1767 3921 2033 3992 προδότην

452 4027 546 4081 ἐπὶ
613 4025 676 4078 τὸ
729 4021 1046 4092 διακονῆσαι
1105 4021 1172 4090 τῇ
1232 4015 1488 4088 σωτηρίῳ
1553 4014 1743 4085 κόσμῳ
1803 4011 2032 4084 ἐσομένη

451 4115 763 4188 οἰκονομίαν
813 4113 880 4185 ἥν
922 4113 1023 4165 οὐκ
1075 4110 1157 4164 ἐτι
1215 4108 1472 4181 μέλλειν,
1525 4105 1649 4160 ούδέ
1705 4103 2031 4176 βραδύνειν,

451 4211 564 4266 ἀλλ’
609 4211 708 4282 ὅση
749 4205 980 4279 δύναμις
1017 4202 1271 4274 ταχύνειν
1320 4199 1510 4272 ἢθελεν
1551 4197 1649 4272 (6)·
1683 4198 1744 4251 οὐ
1777 4196 1988 4250 δειλιῶν
2014 4237 2030 4262 ,

451 4303 528 4366 ὡς
566 4297 767 4355 οἴονταί
815 4312 959 4359 τινες
999 4292 1110 4347 τῶν
1166 4289 1242 4364 μὴ
1306 4290 1618 4361 νοησάντων
1667 4287 1789 4340 τίνα
1834 4287 2033 4359 τρόπον

454 4391 604 4447 εἶπεν
644 4411 664 4445 ι
698 4391 882 4460 Πάτερ
905 4428 920 4453 ,
957 4388 1007 4440 εί
1033 4383 1291 4448 δυνατὸν,
1343 4378 1658 4453 παρελθέτω
1688 4379 1750 4432 τὺ
1776 4379 2032 4450 ποτήριον

455 4483 630 4546 τοῦτο,
671 4501 690 4534 ι
726 4479 860 4534 ἀλλὰ
891 4472 1312 4548 θαῤῥαλεώτατα
1355 4471 1450 4525 ἐπὶ
1475 4471 1573 4524 τὸν
1601 4470 1808 4538 ἀγῶνα,
1839 4469 1906 4522 ἵν’
1937 4467 2031 4521 οὓ-

454 4589 562 4641 τως
585 4575 725 4630 εἴπω
751 4572 826 4652 (ἶ)
849 4613 864 4637 ,
891 4565 1274 4641 άποδυόμενοςζ
1323 4562 1547 4634 Νομίζω
1591 4563 1648 4616 δὲ
1680 4563 1776 4616 καὶ
1817 4561 1908 4652 τον
1939 4565 2032 4652 σις’

452 4665 664 4738 ψαλμὸν
704 4648 790 4718 ἐιιι⁷
816 4657 1108 4733 προσώπου
1145 4653 1238 4710 τοῦ
1281 4653 1532 4723 Σωτῆρος
1594 4648 2034 4723 προφητεύεσοαι

454 4759 606 4832 παρὰ
636 4759 727 4810 τὸν
749 4753 938 4824 καιρὸν
967 4748 1060 4804 τοῦ
1091 4746 1298 4808 πάθους
1317 4783 1331 4807 ,
1371 4744 1466 4796 ml.
1493 4741 1588 4795 τοῦ
1630 4739 1867 4832 πονηροῦ
1895 4756 2036 4832 παν-

457 4829 678 4918 στρατεὶ
693 4840 1095 4913 ἀγωνιζομένου
1107 4837 1226 4892 κατ’
1244 4835 1430 4890 αὐτοῦ·
1462 4833 1714 4892 οὕστινας
1732 4829 1854 4884 ἰδὼν
1883 4829 2038 4883 ὁπλι-

455 4937 714 5008 ζομένους
744 4933 867 4990 καθ’
891 4931 1054 4986 αὐτοῦ
1075 4969 1090 4994 ,
1122 4929 1218 4984 καὶ
1271 4925 1642 4998 κινουμένους,
1665 4923 1854 4994 ἡνίκα(
1869 4921 2038 4994 παρέο

459 5011 664 5100 στησαν
687 5029 737 5080 οἱ
767 5025 1007 5097 βασιλεῖς
1027 5021 1126 5093 τῆς
1145 5021 1268 5092 γῆς,
1288 5021 1382 5074 καὶ
1407 5020 1457 5072 οἱ
1483 5017 1742 5090 ἄρχοντες
1767 5011 2038 5086 συνήχθη·

2133 532 2274 577 terat
2306 526 2374 576 ab
2409 525 2588 578 anima
2621 523 2792 590 ipsius
2821 524 3056 580 avellere
3104 540 3322 580 omnem
3355 526 3646 579 tincturam
3677 541 3707 576 a

2131 616 2344 670 ratione
2376 615 2771 685 aliquantulum
2803 617 3064 680 infusam,
3117 625 3178 669 ut
3219 625 3342 684 post
3371 615 3590 671 offulam
3623 616 3708 670 iu-

2128 707 2448 774 grederetur
2492 709 2543 761 in
2578 707 2729 760 illum
2765 707 3025 762 Satanas.
3061 709 3133 762 At
3164 721 3268 778 ego
3293 707 3472 760 adhuc
3505 723 3708 776 quaere-

2131 813 2245 852 rem
2271 800 2414 868 quod
2447 799 2500 853 in
2533 799 2791 855 Matthteo
2827 800 3088 854 scribitur
3115 799 3241 854 huic
3275 799 3396 854 loco
3418 797 3597 860 afﬁne,
3628 801 3710 855 sic

2130 887 2338 942 habens
2370 906 2386 944 :
2420 907 2438 940 ι
2479 889 2580 954 Qui
2616 889 2846 944 intinxit
2880 904 3091 945 mecum
3132 904 3350 942 manum
3401 889 3454 942 in
3506 890 3706 950 catino,

2132 979 2220 1033 hic
2249 993 2335 1033 me
2363 981 2678 1048 proditurus
2711 991 2798 1035 est
2827 981 2914 1046 ³²;
2951 999 2970 1032 ι
3001 981 3131 1035 item
3166 981 3294 1034 illud
3335 981 3478 1050 quod
3512 980 3711 1034 scribit

2130 1069 2346 1124 Marcus
2369 1071 2456 1124 ἐς
2495 1089 2514 1122 ι
2556 1059 2830 1141 Intingens
2863 1087 3075 1126 mecum
3125 1072 3176 1125 in
3207 1073 3427 1134 catino;
3467 1089 3486 1123 ι
3523 1086 3713 1125 rursus

2131 1159 2295 1212 etiam
2343 1160 2488 1228 quod
2535 1159 2714 1216 Lucas
2754 1160 2822 1225 ³⁵,
2869 1161 3087 1216 etiamsi
3125 1177 3228 1216 non
3262 1163 3447 1227 dicat,
3481 1180 3499 1212 ι
3543 1161 3713 1214 intin-

2131 1249 2231 1314 xit,
2280 1268 2300 1302 ›
2335 1250 2430 1304 Sed
2477 1260 2734 1305 tantum:
2771 1271 2791 1303 ‹
2844 1253 3224 1307 Verumtamen
3272 1268 3340 1306 en
3386 1268 3580 1306 manus
3625 1267 3714 1306 me

2129 1344 2407 1412 prodentis
2431 1353 2514 1398 est
2545 1359 2755 1398 meeum
2801 1345 2852 1398 in
2886 1361 3094 1400 mensa.
3149 1365 3168 1397 ι
3203 1346 3381 1415 Atque
3410 1360 3574 1399 verus
3595 1345 3715 1414 qui-

2128 1429 2251 1484 dem
2291 1431 2443 1486 hisce
2475 1434 2544 1486 de
2576 1433 2739 1487 rebus
2767 1448 2951 1488 sermo
2976 1435 3284 1490 inveniatur
3314 1435 3454 1504 apud
3491 1448 3586 1488 eos
3616 1435 3711 1504 qui

2131 1537 2218 1578 me
2263 1521 2422 1592 longe
2465 1524 2733 1592 sapientia
2766 1533 3052 1592 praestant,
3085 1540 3186 1594 ego
3217 1535 3397 1580 autem
3434 1525 3715 1595 conjector

2130 1625 2200 1666 ne
2231 1611 2373 1667 forte
2415 1613 2748 1682 impudentia
2777 1613 2930 1669 Iuda:
2977 1626 3240 1686 appareat
3272 1617 3374 1670 hac
3406 1629 3626 1686 quoque
3654 1617 3710 1670 in

2133 1718 2216 1767 re,
2247 1718 2353 1758 non
2387 1703 2706 1758 houorantis
2733 1703 3052 1774 Magistrum
3079 1706 3130 1758 in
3155 1704 3428 1768 convivio,
3451 1707 3580 1760 dum
3603 1720 3713 1758 una

2131 1795 2484 1862 comederet;
2537 1809 2714 1864 neque
2759 1795 3057 1850 deferentis
3106 1795 3203 1862 illi,
3251 1797 3378 1851 dum
3427 1797 3482 1850 in
3532 1797 3715 1852 catino

2133 1886 2505 1954 innuergeret,
2533 1894 2592 1938 ut
2625 1886 2805 1940 caeteri
2835 1885 3172 1941 deferebant.
3208 1885 3360 1939 Hanc
3399 1887 3469 1941 ob
3491 1901 3712 1940 causam

2131 1992 2256 2030 cum
2290 1990 2448 2030 nemo
2474 1975 2686 2030 illorum
2723 1976 3068 2047 immergeret
3098 1993 3221 2032 cum
3258 1976 3412 2039 Jesu,
3461 1980 3578 2048 ipse
3621 1980 3713 2048 qui

2135 2085 2238 2122 non
2266 2069 2596 2138 dignabatur
2639 2085 2762 2122 cum
2812 2069 2916 2124 illis
2961 2070 3305 2140 immergere,
3341 2071 3713 2140 aaqualitatem

2133 2162 2320 2215 volens
2339 2176 2465 2216 cum
2499 2161 2593 2214 illo
2636 2161 2861 2228 habere,
2886 2177 3009 2216 cum
3041 2161 3158 2232 ipso
3183 2163 3566 2233 immergebat,
3590 2180 3714 2219 cum

2133 2253 2327 2306 cedere
2380 2253 2658 2307 debuisset
2717 2253 3055 2308 excellentiae
3112 2254 3302 2323 ipsius.
3345 2254 3714 2322 Quamobrem

2138 2344 2265 2398 huic
2309 2343 2545 2398 fortasse
2591 2345 2904 2413 proximum
2945 2353 3029 2398 est
3066 2344 3196 2399 illud
3229 2363 3244 2398 :
3273 2363 3293 2396 ι
3324 2342 3714 2399 Verumtamen

2135 2453 2202 2492 eu
2237 2451 2428 2490 manus
2453 2451 2538 2489 me
2563 2436 2862 2502 prudentis,
2897 2451 3112 2490 mecum
3152 2445 3239 2490 est
3263 2435 3317 2490 in
3345 2451 3550 2491 mensa.
3585 2455 3604 2488 ι
3637 2437 3719 2492 Ae

2135 2530 2381 2602 profecto
2407 2531 2660 2600 quisquis
2703 2531 2912 2584 urbane
2943 2529 3238 2598 aliquando
3262 2529 3498 2598 juvenes
3523 2529 3718 2583 admo-

2136 2624 2342 2686 nuerit,
2371 2632 2430 2676 ut
2463 2623 2776 2678 senioribus
2805 2622 2858 2676 in
2903 2619 3170 2676 conviviis
3203 2619 3474 2684 deferant,
3508 2621 3610 2674 hoc
3641 2619 3722 2674 di-

2137 2724 2224 2769 cto
2247 2724 2456 2778 utetur,
2484 2729 2556 2769 ne
2607 2729 2827 2768 manum
2857 2713 3228 2782 comprimant
3268 2726 3490 2766 suorum
3535 2712 3721 2766 senio-

2138 2821 2280 2860 rum.
2305 2806 2580 2876 Scriptum
2605 2815 2689 2862 est
2723 2805 2867 2860 enim
2897 2805 3080 2858 ethoc
3117 2818 3372 2874 quoque:
3411 2821 3430 2856 ι
3463 2803 3541 2858 Ne
3570 2819 3724 2858 ceu;-

2139 2899 2396 2967 primaris
2427 2916 2548 2954 cum
2577 2914 2645 2954 eo
2669 2901 2722 2952 in
2753 2897 2938 2953 catino
2962 2898 3028 2953 ³⁵.
3067 2916 3086 2948 ι
3139 2897 3410 2952 Caeterum
3441 2912 3548 2952 non
3569 2897 3724 2968 igno-

2139 2998 2324 3043 rantes
2373 2990 2440 3044 de
2466 2990 2679 3043 curiosa
2705 2987 3024 3057 quaestione,
3051 2997 3108 3042 et
3133 2987 3200 3042 de
3232 2987 3553 3042 defensione
3605 3001 3724 3056 per-

2139 3081 2368 3131 suadere
2397 3078 2630 3130 auditori
2657 3093 2764 3130 non
2792 3077 3012 3140 valenti,
3038 3076 3266 3146 gloriam
3295 3091 3400 3130 non
3435 3077 3712 3146 reportari

2056 3144 2100 3201 θ
2141 3171 2282 3239 apud
2309 3185 2404 3225 eos
2433 3171 2524 3238 qui
2573 3170 2688 3224 haec
2717 3171 2964 3231 audiunt,
2992 3168 3107 3222 haec
3136 3167 3254 3222 ausi
3277 3182 3485 3230 sumus,
3529 3167 3725 3222 melius

2137 3277 2261 3317 esse
2284 3263 2385 3316 rati
2424 3264 2606 3317 omnia
2633 3263 2918 3332 explorare
2944 3276 3109 3332 quam
3140 3261 3346 3332 aliquid
3383 3261 3528 3332 quod
3579 3263 3722 3316 scri-

2139 3361 2288 3420 ptum
2317 3353 2388 3408 sit
2416 3353 2702 3422 praaterire
2725 3353 3017 3407 intactum.

2211 3443 2300 3498 15.
2333 3445 2468 3498 Cum
2493 3458 2626 3498 vero
2646 3443 2926 3511 ingressus
2951 3442 3144 3498 fuisset
3167 3442 3402 3498 Satanas
3422 3443 3474 3496 in
3495 3441 3722 3508 ludam,

2145 3553 2163 3585 ε
2197 3535 2330 3588 dicit
2371 3534 2446 3587 illi
2482 3532 2682 3588 Jesus:
2714 3533 2869 3599 Quod
2912 3533 3072 3601 facis,
3111 3535 3196 3588 fac
3245 3535 3400 3590 ociu’s
3425 3533 3512 3599 ³⁶;
3568 3553 3588 3586 ι
3627 3537 3721 3590 sed

2139 3627 2226 3680 cui
2259 3625 2405 3680 dicat
2449 3625 2671 3679 dubium
2703 3633 2823 3690 est;
2877 3639 3002 3678 nam
3049 3624 3132 3678 vel
3170 3623 3324 3679 Judte
3377 3624 3458 3678 vel
3506 3625 3723 3679 Satanae

2139 3729 2321 3789 potest
2353 3717 2556 3773 dixisse
2581 3715 2843 3770 Dominus
2869 3733 2885 3770 :
2951 3733 2971 3766 ι
2995 3715 3147 3782 Quod
3177 3715 3342 3781 facis,
3370 3714 3457 3770 fac
3497 3715 3670 3780 ocius,
3695 3734 3719 3768 ι

2072 3839 2080 3847 -
2143 3811 2385 3866 iuvitans
2408 3810 2489 3864 vel
2522 3809 2924 3877 antagonistam
2953 3807 3022 3863 ad
3054 3823 3288 3878 pugnam
3315 3822 3332 3872 ;
3381 3807 3462 3862 vel
3490 3808 3724 3877 prodito-

2142 3919 2256 3958 rem
2307 3904 2375 3956 ad
2419 3900 2946 3956 subministrandum
2999 3898 3426 3970 dispensationi,
3475 3913 3595 3968 quas
3641 3909 3724 3952 to-

2145 4004 2197 4047 to
2251 3993 2372 4048 orbi
2428 3989 2710 4046 salutifera
2777 3989 2959 4044 futura
2983 3997 3155 4053 erat;
3221 4003 3383 4059 quam
3450 4002 3556 4042 non
3607 4002 3724 4040 am-

2139 4085 2282 4156 plius
2360 4083 2646 4138 retardare
2682 4119 2701 4148 ,
2765 4083 2862 4136 sed
2939 4095 3040 4150 pro
3114 4077 3326 4134 viribus
3411 4077 3724 4132 accelerare

2141 4178 2422 4242 volebat;
2499 4189 2606 4229 non
2695 4183 2996 4238 metuens,
3066 4179 3128 4226 ttt
3203 4170 3422 4240 quidam
3517 4169 3724 4224 existi-

2142 4279 2333 4335 mant,
2393 4285 2498 4325 non
2572 4267 2940 4338 intelligentes
3003 4265 3275 4334 quomodo
3338 4262 3504 4336 443
3569 4263 3722 4316 dixe-

2142 4366 2214 4420 rit
2261 4383 2274 4418 :
2333 4381 2352 4414 ι
2407 4361 2604 4427 Pater,
2665 4359 2710 4414 si
2767 4357 2883 4412 fieri
2939 4364 3162 4425 potest,
3233 4363 3476 4408 transeat
3551 4367 3580 4404 a
3637 4364 3724 4405 me

2145 4457 2288 4512 c‘alix
2334 4455 2437 4510 iste
2473 4453 2539 4518 ³⁷,
2586 4471 2606 4505 ι
2659 4449 2756 4506 sed
2805 4447 3267 4506 confidentissime
3309 4445 3376 4500 ad
3422 4453 3721 4507 certamen,

2140 4563 2200 4608 ut
2231 4550 2307 4606 ita
2336 4549 2548 4618 loquar,
2593 4553 2810 4605 exutus.
2849 4540 3088 4598 Proinde
3119 4539 3361 4595 arbitror
3406 4535 3721 4591 vicesimum

2139 4655 2351 4701 sextum
2380 4643 2546 4697 etiam
2581 4638 2846 4710 psalmum
2886 4650 2956 4690 ex
2995 4647 3227 4704 persona
3263 4627 3570 4685 Servatoris
3591 4640 3722 4694 pro-

2137 4736 2414 4806 phetatum
2464 4729 2633 4784 fuisse
2684 4734 2904 4796 propter
2935 4733 3148 4792 tempus
3187 4717 3478 4790 passionis,
3509 4711 3722 4806 diabole

2143 4804 2270 4881 totis
2302 4825 2506 4879 viribus
2535 4823 2800 4876 adversus
2839 4833 2962 4873 eum
2986 4813 3380 4877 contendente;
3401 4822 3537 4879 quos
3559 4804 3719 4860 intui-

2139 4926 2229 4972 tus
2261 4918 2549 4970 adversum
2574 4927 2634 4968 se
2665 4918 2925 4973 armatos,
2951 4917 3116 4976 atque
3140 4905 3209 4960 ad
3231 4915 3462 4972 pugnam
3480 4908 3720 4970 paratos,

2143 5009 2362 5078 quando
2395 5025 2414 5059 ι
2452 5005 2747 5060 astiterunt
2795 5014 2950 5071 reges
2981 5005 3162 5062 terrze,
3203 5003 3260 5050 et
3289 4990 3565 5068 principes
3614 5003 3720 5042 una

514 5219 560 5253 ³³
601 5211 792 5266 Matth.
817 5225 964 5274 xxvn,
986 5207 1078 5266 25.
1173 5207 1218 5239 ³³
1244 5205 1409 5261 Marc.
1432 5220 1541 5268 xlv,
1571 5202 1662 5260 20.
1727 5185 1784 5234 ’⁸⁸⁵
1808 5200 1939 5257 Luc.
1961 5217 2032 5256 xx

2133 5201 2222 5256 2|.
2299 5198 2345 5231 ³⁸
2363 5194 2529 5252 Eceli.
2555 5209 2706 5260 xm,
2737 5191 2827 5258 t7,
2851 5189 2990 5244 alias
3012 5198 3201 5249 ηυγ,
3225 5179 3316 5248 ll,
3343 5179 3427 5234 Π.
3503 5173 3720 5230 "Joan.

448 5305 573 5354 ιηι,
616 5282 711 5341 27.
818 5281 864 5319 ³⁸³
893 5278 1087 5334 Matth.
1117 5293 1274 5342 τινι,
1305 5275 1392 5335 19.

541 5417 633 5490 99)
649 5409 1098 5490 podexltegius,
1139 5407 1299 5490 male,
1326 5405 1427 5490 την
1449 5403 1542 5490 et};
1563 5418 1661 5490 pre
1691 5401 1885 5472 τούτῳ.

541 5419 633 5490 99)
667 5419 850 5468 Codex
876 5419 1098 5481 Regius,
1139 5419 1299 5473 male,
1326 5419 1427 5488 την
1449 5421 1528 5475 τῳ
1563 5419 1660 5486 [ιι-ρ
1691 5424 1694 5438 ι

517 5419 599 5554 il)
640 5478 1174 5554 Evrxpﬁo'n.Dce_st
1198 5479 1251 5531 in
1287 5475 1694 5554 c_odtce_f_iegto.

521 5490 569 5554 (l
640 5490 986 5553 Συγχρησῃ.
1015 5490 1174 5533 Deest
1198 5493 1251 5531 m
1287 5490 1477 5532 coutce
1504 5490 1694 5544 ltegto.

517 5490 599 5629 (ἓξ
643 5550 1084 5621 Ἀποφέρεσθαι.
1113 5547 1421 5618 Legendum
1451 5547 1665 5602 videtur
1697 5543 1798 5597 οὐκ
1831 5540 2035 5612 ἀποφέ-

451 5629 638 5700 ρεσθαι
658 5661 672 5675 .

495 5699 598 5782 λδ)
655 5691 851 5760 φησιν
909 5687 1088 5754 αὐτῷ.
1139 5685 1320 5745 Codex
1379 5685 1602 5756 Regius,
1658 5683 1826 5754 λέγει,
1870 5683 2036 5756 φησὶν

450 5785 613 5840 αυτ-ῳ.

2217 5401 2294 5474 (4.)
2329 5397 2478 5474 Idem
2510 5392 2936 5474 coeamus.
2965 5391 3192 5474 δύνεται
3217 5385 3294 5458 τῷ
3316 5381 3625 5474 ,Ἰῖἕδῆιηε

2331 5451 2936 5542 'Codexﬂlledleia'nds,
2983 5464 3213 5532 Optime,
3263 5451 3458 5525 πάλην.
3476 5451 3720 5522 Regius,

2142 5538 2306 5604 male,
2331 5538 2508 5593 πόλιν.
3635 5591 3646 5603 ·

2215 5613 2294 5685 (6)
2343 5612 2434 5665 Sic
2461 5605 2867 5685 optimehabet
2903 5601 3072 5685 codex
3107 5596 3473 5685 Betlleianusi
3509 5591 3719 5685 Aegina

2143 5661 2630 5750 autemipessime,
2657 5675 2776 5750 ἀλλ’
2808 5670 2876 5746 ἦς
2909 5675 2946 5750 η
2971 5671 3200 5750 δύναμις
3237 5661 3474 5737 ίσχύνειν
3507 5661 3718 5735 ἢθελεν.

2215 5755 2291 5824 (7)
2338 5741 2520 5805 Εἴπω.
2549 5748 2708 5802 Deest
2747 5748 2800 5801 in
2829 5741 3020 5800 codice
3051 5741 3244 5810 Regio.
