4182 6418
487 348 594 404 807

1939 333 2267 392 OBlGENlS

3643 343 3749 395 808

477 467 851 518 convenerunt
881 459 1142 514 adversus
1185 459 1495 521 Dominum.
1523 467 1580 514 et
1617 458 1879 514 adversus
1903 455 2048 512 Chri-

2165 468 2265 505 σαν
2288 450 2381 505 ἐπὶ
2410 451 2471 505 τὺ
2501 451 2634 506 αὐτὸ
2663 453 2805 506 κατὰ
2837 451 2930 510 τοῦ
2966 454 3192 526 Κυρίου,
3211 454 3304 507 καὶ
3328 452 3470 507 κατὰ
3491 453 3584 508 τοῦ
3617 459 3752 530 Χρι-

475 560 619 607 stum
649 550 766 616 eius
784 550 850 616 ³⁸,
890 570 910 604 ο
941 551 1118 620 inquit
1143 550 1190 584 ³⁸
1216 566 1230 602 :
1252 569 1271 602 ι
1311 551 1572 606 Dominus
1605 549 1696 604 lux
1725 564 1868 612 mea,
1893 558 1945 603 et
1971 563 2060 603 sa-

2169 543 2295 597 στοῦ
2323 544 2510 611 αὐτοῦ,
2548 565 2567 597 ι
2601 547 2735 616 φησί
2769 547 2842 616 (8)
2867 563 2881 577 ο
2917 567 2934 597 ι
2967 547 3170 619 Κύριος
3195 547 3472 616 φωτισμός
3505 564 3629 618 μου,
3661 551 3752 603 καὶ

476 643 562 697 lus
609 657 730 697 mea
755 681 770 704 ,
797 658 826 695 a
859 657 1097 712 quonam
1140 652 1376 696 metuam
1415 643 1439 694 l
1472 642 1734 698 Dominus
1785 651 2048 712 protecta:

2166 639 2350 710 σωτήρ
2382 655 2483 708 μου
2512 638 2736 710 Κύριος,
2763 640 2884 693 τίνα
2919 640 3318 711 φοϐηθήσομαι;
3353 640 3556 712 Κύριος
3581 642 3726 714 ὑπερ

475 737 600 791 vita:
643 750 796 798 meae,
819 749 986 802 a-quo
1027 750 1385 805 expavescam
1409 736 1433 790 2
1461 737 1595 789 Dum
1624 738 2048 806 appropinquant

2164 728 2437 798 ασπιστὴς
2477 727 2576 798 τῆς
2623 729 2768 799 ζωῆς
2822 747 2946 801 μου,
2991 730 3098 783 ἀπὸ
3141 730 3285 794 τίνος
3324 730 3616 796 δειλιάσως
3661 733 3751 785 Ἐν

472 842 638 895 super
661 841 747 882 me
778 837 1054 890 nocentes,
1087 837 1147 882 ut
1173 829 1436 884 devorent
1463 843 1657 883 carnes
1683 843 1850 888 meas,
1884 829 2054 883 tribu-

473 919 647 975 lantes
680 934 788 986 me,
813 927 867 974 et
888 919 1088 974 inimici
1121 921 1248 983 mei,
1273 920 1371 988 ipsi
1405 919 1668 975 inﬁrmati
1702 931 1848 984 sunt,
1882 929 1940 975 et
1962 936 2054 975 ce-

471 1007 740 1065 ciderunt.
761 1011 817 1064 Si
854 1011 1022 1070 aciem
1046 1019 1260 1066 struant
1287 1012 1574 1066 adversum
1616 1026 1701 1065 me
1721 1021 1923 1076 castra,
1945 1027 2052 1066 non

473 1103 685 1158 timebit
720 1115 820 1156 cor
858 1116 1082 1167 meum;
1117 1104 1161 1156 si
1204 1101 1452 1172 insurgat
1476 1104 1761 1158 adversum
1795 1119 1882 1158 me
1914 1119 2054 1174 prte-

468 1194 622 1258 lium,
651 1195 702 1250 in
729 1194 836 1250 hoc
870 1210 973 1266 ego
1017 1198 1270 1264 sperabo.
1309 1214 1328 1248 ι
1363 1194 1748 1252 Verumtamen
1779 1198 1922 1266 quod
1965 1197 2054 1252 di-

468 1287 550 1340 xit
575 1285 752 1348 Jesus.
779 1288 895 1342 sive
920 1285 1075 1342 luds:
1097 1328 1114 1354 ,
1155 1289 1273 1344 sive
1319 1287 1540 1344 Satanae
1571 1308 1586 1344 :
1619 1309 1638 1340 ι
1671 1290 1825 1358 Quod
1876 1289 2011 1345 facis
2031 1330 2048 1354 ,

466 1376 558 1433 fac
583 1379 788 1445 ocius,»
807 1395 968 1435 nemo
993 1384 1212 1453 agnovit
1241 1383 1694 1439 discumbentimn
1726 1385 1792 1437 ad
1816 1384 1943 1454 quid
1965 1384 2050 1437 di-

465 1471 645 1536 xerit;
676 1471 895 1542 quidam
919 1473 1063 1527 enim
1091 1475 1530 1543 putabant,quod
1556 1475 1786 1528 instaret
1803 1471 2046 1529 Pascha-

470 1561 538 1615 tis
571 1562 689 1616 dies
742 1562 936 1626 festus,
965 1561 1151 1618 Jesum
1197 1565 1400 1620 dixisse
1448 1565 1667 1619 habenti
1715 1565 2044 1634 marsupium

465 1669 847 1726 expensarum,
877 1667 932 1713 et
963 1672 1150 1712 eorum
1181 1675 1302 1725 quze
1324 1659 1594 1714 dabantur
1624 1659 1677 1713 in
1726 1674 1880 1714 usum
1913 1674 2048 1728 pau-

465 1766 680 1819 perum,
709 1759 770 1804 ut
805 1759 1013 1805 emeret
1043 1765 1108 1805 ea
1137 1749 1333 1820 quibus
1355 1766 1489 1821 opus
1516 1751 1778 1806 haberent
1801 1751 1869 1807 ad
1899 1752 2041 1806 diem

465 1815 706 1906 lestum;
739 1841 823 1896 vel
854 1849 914 1896 ut
959 1855 1025 1896 ex
1071 1815 1299 1912 his'qua
1339 1815 1564 1898 collecta
1607 1841 1839 1908 fuerant,
1889 1843 2047 1898 daret
2079 1815 2118 1871 Β

463 1933 810 2002 pauperibus.
831 1935 902 1989 At
929 1933 1087 1990 Jesus
1112 1950 1218 1989 non
1253 1936 1354 1990 hoc
1382 1935 1633 2002 dixerat;
1657 1936 1751 1990 sed
1780 1935 1968 1991 videns
1992 1943 2048 1990 et

465 2023 724 2079 Satanam
781 2026 1114 2096 ingressum,
1145 2035 1202 2082 et
1238 2025 1430 2081 Judam
1479 2027 1858 2082 admittentem
1895 2042 2042 2093 eum,

459 2131 760 2186 omnesque
798 2119 1059 2172 adversus
1085 2132 1143 2174 se
1171 2119 1418 2183 insidias,
1449 2119 1516 2174 ad
1569 2129 1844 2174 certamen
1877 2119 2044 2174 veluti

459 2215 680 2270 exutus,
705 2216 761 2260 et
786 2205 854 2260 ad
881 2215 1102 2262 strenue
1136 2222 1196 2263 se
1219 2208 1514 2276 gerendum
1551 2222 1650 2276 pro
1675 2208 1849 2262 salute
1871 2207 2047 2262 homi-

463 2310 590 2349 num
622 2296 910 2350 adversum
938 2297 1162 2363 malum,
1187 2297 1240 2352 id
1279 2307 1365 2353 est
1389 2297 1687 2364 diabolum,
1721 2297 1826 2354 hoc
1858 2297 1996 2353 dixit
2027 2320 2042 2355 :

464 2402 488 2438 ι
516 2385 670 2453 Quod
699 2387 860 2454 facis,
883 2385 972 2444 {ac
997 2387 1172 2444 ocius.
1205 2406 1226 2441 ι

526 2571 618 2628 16.
655 2589 676 2623 ι
699 2569 834 2628 Cum
857 2571 1160 2643 accepisset
1185 2585 1318 2641 ergo
1339 2569 1430 2626 ille
1457 2567 1698 2636 oﬂ‘ulam,
1723 2569 1890 2626 exivit
1912 2583 2043 2625 con-

459 2664 644 2716 tinuo:
683 2671 804 2719 erat
833 2673 1016 2718 autem
1049 2679 1160 2718 nox
1187 2664 1255 2717 ⁸⁸.
1298 2683 1318 2717 ι
1352 2663 1574 2718 Dixerat
1595 2662 1811 2733 quidem
1841 2661 2041 2718 Serva-

459 2765 544 2808 tor
566 2753 717 2810 .luda:
753 2771 770 2812 :
803 2772 824 2807 ι
876 2753 1030 2822 Quod
1064 2755 1220 2820 facis,
1268 2755 1358 2810 fac
1405 2755 1598 2820 ocius;
1637 2772 1658 2807 ι
1707 2763 1764 2808 at
1798 2753 2041 2824 proditor

453 2845 558 2901 hac
594 2859 699 2900 una
731 2846 784 2900 in
829 2861 889 2901 re
927 2844 1183 2914 Magistro
1218 2861 1361 2901 nunc
1396 2855 1586 2915 paret;
1619 2855 1832 2916 sumpta
1879 2860 2036 2899 nam-

453 2952 561 3006 que
587 2934 748 2992 ofl'ula
773 2951 881 2992 non
915 2948 1182 3003 moratur,
1215 2939 1333 3003 sed,
1364 2946 1424 2990 ut
1449 2938 1710 3006 scriptum
1733 2947 1838 3001 est,
1865 2955 1884 2988 ι
1916 2937 2038 2990 exi-

2161 816 2240 888 τῷ
2270 816 2507 886 ἐγγίζειν
2539 820 2624 871 ἐπ’
2656 819 2757 890 ἐμέ
2788 820 3112 884 κακοῦντας,
3140 819 3234 873 τοῦ
3270 824 3464 890 φαγεῖν
3493 821 3592 886 τὰς
3621 822 3752 892 σάρ-

2160 925 2265 972 κας
2294 925 2396 978 μου
2423 950 2440 976 ,
2473 911 2523 964 οἱ
2571 909 2845 976 θλίϐοντες
2888 929 2954 983 με
2974 929 2987 942 ·
3021 913 3116 966 καὶ
3144 915 3192 966 οί
3223 913 3404 985 ἐχθροί
3443 931 3566 984 μου,
3597 915 3750 968 αὐτοὶ

2159 1002 2466 1073 ἡσθένησαν
2512 1003 2607 1056 καὶ
2655 1003 2878 1057 ἔπεσαν.
2931 1004 3057 1057 Ἐὰν
3092 1005 3472 1077 παρατάξηται
3520 1007 3606 1059 ἐπ’
3646 1007 3746 1078 ἐμὲ

2159 1095 2499 1168 παρεμϐολὴ,
2522 1097 2582 1149 ού
2612 1097 2980 1168 φοϐηθήσεται
3016 1101 3048 1168 ἡ
3097 1099 3292 1170 καρδία
3327 1117 3428 1171 μου
3451 1116 3464 1131 ·
3515 1100 3612 1155 ἐὰν
3649 1103 3747 1155 ἐπ-

2157 1192 2360 1260 αναστῇ
2379 1189 2465 1243 ἐπ’
2487 1189 2588 1260 ἐμὲ
2618 1189 2874 1261 πόλεμος,
2893 1193 2950 1244 ἐν
2967 1191 3140 1264 ταύτῃ
3165 1191 3287 1262 ἐγὼ
3301 1193 3524 1258 ἐλπίζω.
3557 1213 3576 1245 ι
3598 1194 3744 1266 Πλὴν

2154 1281 2216 1334 τὸ
2247 1281 2544 1353 λεγόμενον
2565 1283 2674 1337 εῖτε
2704 1283 2782 1354 τῷ
2808 1285 3022 1356 Σατανᾷ
3054 1285 3164 1338 εἴτε
3195 1285 3274 1356 τῷ
3319 1285 3489 1358 Ἰούδᾳ
3521 1286 3628 1340 ὑπὸ
3647 1286 3742 1340 τοῦ

2169 1371 2341 1443 Ἰησοῦ
2365 1415 2380 1438 ,
2414 1376 2504 1428 τόι
2547 1393 2566 1426 ι
2596 1377 2662 1429 Ὃ
2708 1380 2918 1441 ποιεῖς,
2969 1379 3194 1450 ποίησον
3237 1381 3426 1450 τάχιον
3453 1420 3468 1446 ,
3510 1401 3530 1433 ι
3569 1381 3744 1444 οὐδεὶς

2154 1462 2296 1530 ἔγνω
2327 1462 2435 1517 τῶν
2459 1465 2833 1536 ἀνακειμένων
2861 1466 2999 1538 πρὸς
3027 1469 3080 1521 τί
3119 1467 3336 1540 εἴρηται
3361 1486 3374 1500 ο
3404 1470 3454 1522 οἱ
3483 1471 3581 1540 μὲν
3609 1471 3739 1542 γὰρ,

2151 1551 2239 1605 διὰ
2281 1552 2344 1606 τὸ
2369 1554 2677 1609 ἐπικεῖσθαι
2704 1557 2802 1629 τὴν
2832 1558 2926 1610 τοῦ
2961 1559 3152 1630 Πάσχα
3183 1561 3376 1632 ἑορτὴν
3397 1603 3410 1626 ,
3443 1561 3611 1632 ᾤοντο
3654 1562 3741 1616 λέ-

2152 1662 2268 1714 γειν
2292 1647 2453 1701 αὑτὸν
2483 1647 2562 1719 τῷ
2600 1649 2776 1720 ἔχοντι
2801 1651 2862 1704 τὸ
2896 1652 3281 1724 γλωσσόκομον
3309 1655 3418 1708 τῶν
3449 1656 3738 1727 ἀναλωμά-

2150 1754 2280 1803 των,
2308 1739 2403 1792 καὶ
2426 1739 2534 1793 τῶν
2560 1743 2641 1804 εἰς
2671 1743 2773 1814 τὴν
2802 1743 2990 1813 χρείαν
3019 1745 3128 1800 τῶν
3160 1747 3390 1818 πτωχῶν
3421 1748 3732 1820 διδομένων,

2145 1829 2248 1883 δτι·
2294 1830 2507 1901 Ὠνήσει
2539 1831 2612 1903 (9)
2643 1826 2798 1898 οὗτος
2838 1828 2914 1888 ὧν
2945 1835 3218 1909 χρῄζομεν
3249 1839 3328 1903 είς
3365 1839 3462 1911 τὴν
3504 1841 3730 1912 ἑορτήν

2147 1919 2218 1990 ἢ,
2259 1920 2352 1974 Ἐκ
2383 1919 2492 1974 τῶν
2544 1924 2916 1994 συναχθέντων
2944 1927 3032 1992 δὸς
3060 1931 3172 1994 τοῖς
3220 1934 3476 2001 πτωχοῖς.
3520 1933 3580 1985 '0
3624 1932 3735 2006 γάρ

2161 2011 2366 2082 Ἰησοῦς
2394 2014 2456 2066 ού
2481 2013 2641 2069 τοῦτο
2667 2015 2851 2086 ἔλεγεν
2875 2035 2891 2048 ο
2922 2019 3058 2074 ἀλλὰ
3087 2020 3298 2090 βλέπων
3329 2023 3423 2076 καὶ
3449 2023 3540 2079 τὸν
3565 2025 3735 2079 εἰσελ-

2147 2101 2330 2164 θόντα,
2361 2105 2570 2160 καὶτὸν
2614 2109 3057 2181 παραδεξάμενον
3089 2113 3272 2177 αὐτὸν,
3297 2114 3392 2168 καὶ
3424 2116 3605 2170 πᾶσαν
3636 2117 3734 2190 τὴν

2147 2192 2270 2246 καθ’
2320 2194 2486 2249 αὑτοῦ
2532 2196 2856 2270 ἐπιϐουλὴν,
2902 2201 2995 2253 ἐπὶ
3055 2203 3149 2256 τὸν
3205 2203 3392 2272 άγῶνα
3432 2206 3733 2279 ἀποδυόμε-

2145 2297 2271 2348 νος,
2308 2284 2402 2336 xui.
2451 2285 2544 2338 ἐπὶ
2571 2286 2634 2340 τὸ
2680 2288 3004 2359 ἀριστεῦσαι
3035 2291 3176 2364 ὑπὲρ
3217 2296 3494 2368 σωτηρίας
3530 2297 3732 2371 ἀνθρώ-

2146 2390 2262 2427 πων
2285 2375 2427 2430 κατὰ
2453 2377 2546 2432 τοῦ
2579 2380 2838 2453 πονηροῦ,
2868 2379 2988 2437 εἷπε
3020 2386 3082 2438 τό
3103 2401 3117 2416 ο
3155 2404 3174 2438 ι
3191 2387 3257 2440 Ὃ
3279 2391 3474 2454 ποιεῖς,
3506 2392 3730 2464 ποίησον

2143 2467 2352 2540 τάχιον.
2404 2489 2424 2522 ι

2226 2555 2312 2610 16.
2346 2576 2365 2609 ι
2399 2559 2594 2614 Λαϐὼν
2627 2558 2720 2617 οὖν
2751 2564 2813 2618 τὸ
2850 2563 3059 2636 ψωμίον
3097 2569 3332 2633 ἐκεῖνος,
3369 2571 3588 2641 ἐξῆλθεν
3631 2577 3719 2630 εύ-

2155 2643 2269 2710 θύς·
2295 2643 2361 2718 ἦν
2389 2648 2447 2702 δὲ
2477 2649 2593 2716 νύξ.
2629 2671 2648 2704 ι
2689 2651 2750 2707 Ὅ
2781 2656 2877 2724 μὲν
2908 2655 3096 2728 Σωτὴρ
3124 2657 3338 2727 ἔλεγεν·
3373 2679 3392 2711 ι
3433 2665 3498 2715 '0
3525 2668 3714 2730 ποιεῖς,

2151 2737 2373 2806 ποίησον
2406 2739 2588 2811 τάχιον
2605 2781 2623 2810 ,
2662 2760 2683 2794 ι
2715 2743 2792 2814 τῷ
2817 2744 3016 2817 Ἰούδᾳο
3045 2749 3074 2800 6
3097 2747 3154 2801 δὲ
3180 2749 3440 2822 προδότης
3464 2754 3521 2805 ἐν
3547 2755 3716 2827 τούτῳ

2143 2835 2291 2906 μόνῳ
2320 2837 2414 2889 ἐπὶ
2437 2835 2515 2907 τῷ
2539 2837 2855 2910 Διδασκάλῳ
2878 2839 3142 2894 πείθεται·
3178 2841 3358 2896 λαϐὼν
3390 2843 3500 2915 γάρ
3527 2844 3589 2898 τὸ
3613 2845 3726 2915 ψω-

2143 2929 2266 2999 μίον
2298 2930 2400 2984 οὐκ
2438 2930 2734 3002 ἐμέλλησεν
2752 2973 2767 2997 ,
2793 2932 2903 2987 οὐδ’
2931 2933 3242 3006 ἐϐράδυνεν,
3275 2936 3390 2990 ἀλλ’
3419 2937 3495 3001 ὡς
3515 2937 3723 3010 γέγρα-

455 3031 536 3085 vit
554 3031 836 3096 continuo,
857 3051 878 3084 ι
900 3040 960 3086 ut
983 3031 1186 3086 laceret
1201 3032 1358 3087 ocius
1383 3030 1705 3100 proditionis
1729 3044 1865 3100 opus
1880 3030 2034 3098 juxta

2151 3039 2294 3086 πται,
2319 3023 2540 3096 ἐξῆλθεν
2565 3024 2726 3088 εὐθὺς
2746 3025 2971 3096 ποιῆσαι
2997 3027 3182 3098 τάχιον
3203 3028 3346 3082 κατὰ
3367 3029 3466 3100 τὴν
3489 3029 3725 3102 πρόστα-

449 3122 746 3193 ιιιεείοηεηι
785 3121 915 3179 Jesu
941 3139 958 3189 ;
989 3131 1042 3177 et
1081 3136 1208 3176 vere
1257 3123 1468 3186 exivit;
1501 3137 1602 3178 nec
1639 3123 1784 3177 enim
1823 3131 2032 3176 tantum

2151 3111 2220 3178 Ξιν
2247 3115 2340 3168 τοῦ
2375 3114 2550 3186 Ἰησοῦ
2578 3116 2639 3168 τὸ
2669 3115 2770 3185 τῆς
2813 3117 3103 3188 προδοσίας
3137 3119 3326 3190 ἔργονσ
3373 3122 3470 3174 καὶ
3509 3121 3723 3193 άληθῶς

449 3216 602 3286 juxta
643 3216 1029 3286 simpliciorem
1085 3231 1304 3272 sensum
1338 3216 1510 3270 exivit
1546 3231 1612 3270 ex
1651 3215 1812 3270 domo
1847 3216 2030 3285 inqua

2151 3205 2361 3277 ἐξῆλθεν
2382 3225 2395 3236 ·
2425 3209 2487 3260 οὐ
2531 3207 2642 3279 γὰρ
2673 3207 2832 3278 μόνον
2859 3208 3001 3262 κατὰ
3031 3208 3093 3263 τὸ
3124 3210 3495 3284 ἁπλούστερον
3529 3211 3720 3282 ἐξῆλθε

451 3323 606 3364 caena
639 3308 824 3372 fiebat,
848 3308 945 3364 sed
988 3309 1153 3363 etiam
1194 3310 1417 3364 omnino
1446 3307 1618 3362 exivit
1647 3323 1676 3361 a
1715 3305 1884 3372 Jesu;
1920 3321 2029 3362 non

2151 3299 2228 3352 τοῦ
2253 3299 2422 3364 οἴκου,
2453 3301 2511 3353 ἐν
2552 3294 2599 3370 ᾦ
2627 3301 2689 3354 τὸ
2736 3301 2952 3354 δεῖπνον
2979 3302 3208 3371 ἐγίνετο,
3251 3303 3386 3358 ἀλλὰ
3425 3306 3519 3359 καὶ
3541 3305 3724 3362 τέλεον

2134 3391 2353 3462 ἐξῆλθεν
2389 3393 2498 3447 άπὸ
2521 3393 2616 3446 τοῦ
2661 3392 2859 3465 Ἰησοῦ,
2890 3394 3151 3463 ἀνάλογον
3179 3395 3256 3467 τῷ
3279 3413 3294 3426 ο
3321 3416 3340 3447 ι
3383 3397 3634 3468 Ἐξῆλθον
3662 3398 3722 3466 ἐξ

2133 3485 2308 3558 ἡμῶν.
2344 3506 2362 3538 ι
2410 3485 2552 3556 Ἐγὼ
2583 3488 2630 3540 δ’
2671 3483 2847 3559 οἶμαι,
2877 3489 2958 3542 ὅτι
2985 3489 3108 3543 οὐδὲ
3149 3491 3178 3542 6
3206 3489 3464 3546 εἰσελθὼν
3491 3492 3630 3563 μετὰ
3660 3493 3723 3546 τὸ

451 3581 600 3638 ferre
630 3597 735 3638 non
761 3583 1006 3652 potuisse
1027 3593 1086 3636 ut
1112 3591 1257 3637 esset
1279 3583 1333 3636 in
1359 3584 1550 3638 eodem
1572 3582 1692 3638 loco
1720 3596 1842 3637 cum
1863 3580 2026 3644 Jesn;

2151 3577 2347 3649 knpiov
2372 3579 2452 3642 εἰς
2477 3579 2570 3632 τὸν
2608 3579 2810 3633 Ἰούδαν
2840 3581 3084 3644 Σατανᾶς
3117 3580 3312 3652 ἐχώρει
3338 3583 3524 3654 φέρειν
3549 3584 3611 3637 τὸ
3641 3579 3722 3637 εἷ-

448 3690 626 3744 neque
667 3676 812 3730 enim
855 3674 960 3728 ulla
1007 3675 1389 3730 convenientia
1438 3685 1523 3731 est
1553 3674 1774 3731 Christo
1824 3673 1891 3726 ad
1926 3672 2031 3727 Be-

2151 3687 2222 3725 ιαι
2246 3673 2302 3724 ἐν
2323 3671 2401 3742 τῷ
2443 3671 2591 3742 αύτῷ
2614 3671 2768 3742 τόπῳ
2801 3673 2937 3744 μετὰ
2972 3673 3065 3726 τοῦ
3107 3673 3280 3744 Ἰησοῦ
3308 3692 3320 3704 ’
3359 3674 3586 3746 οὐδεμία
3613 3675 3721 3748 γάρ

449 3766 637 3820 11π⁶².
671 3766 866 3833 Quer
896 3765 1136 3832 insuper,
1162 3765 1266 3820 nisi
1297 3767 1350 3822 id
1397 3766 1674 3822 curiosum
1721 3775 1826 3827 est,
1859 3777 2032 3833 quare

2151 3762 2492 3834 ςυμφώνησις
2533 3763 2772 3835 Χριστοῦ
2824 3765 2958 3836 πρὸς
3001 3765 3198 3837 Βελίαρ
3231 3766 3397 3820 ἐστίν.
3435 3769 3499 3820 Ei
3540 3767 3598 3823 δὲ
3644 3769 3719 3842 μὴ

453 3857 670 3912 tandem
698 3857 822 3912 huic
846 3857 968 3911 voci
998 3874 1014 3912 :
1053 3874 1073 3908 ι
1099 3858 1234 3912 Cum
1264 3858 1568 3927 accepisset
1602 3857 1845 3922 oll‘ulam,
1877 3876 1897 3910 ι
1923 3873 2029 3911 non

2151 3854 2442 3926 περιέργως
2466 3853 2635 3925 ζητῶ,
2666 3855 2719 3908 τί
2753 3855 2952 3926 δήποτε
2977 3857 3039 3910 ού
3064 3857 3383 3928 πρόσκειται
3406 3857 3484 3930 τῷ
3505 3876 3518 3889 ·
3551 3879 3570 3911 ι
3611 3863 3717 3915 Λα-

451 3950 704 4013 addatur,
735 3958 784 4003 et
815 3951 1162 4015 comedisset;
1193 3950 1290 4004 sed
1317 3950 1575 4018 inspicies
1610 3951 1774 4005 etiam
1799 3959 1851 4004 tu
1885 3951 2028 4019 ipse;

2151 3945 2246 3999 ἰὼν
2277 3946 2339 4000 τὸ
2370 3946 2605 4017 ψωμίον,
2637 3966 2656 3998 ι
2691 3947 2794 4001 καὶ
2821 3949 3048 4018 φαγὼν,
3072 3949 3168 4003 καὶ
3187 3950 3348 4014 αὐτὸς
3376 3953 3716 4024 ἐπιστήσειςο

452 4041 578 4097 huic
601 4043 745 4096 enim
785 4041 951 4096 verbo
978 4042 1292 4110 accipiendi,
1323 4041 1631 4096 comedendi
1669 4043 1894 4096 verbum
1930 4042 2022 4094 ad-

2151 4038 2268 4091 ίπου
2299 4037 2406 4108 γὰρ
2437 4037 2705 4107 βούλεται,
2735 4039 3060 4110 προστίθησι
3100 4041 3194 4094 καὶ
3224 4040 3287 4093 τὸ
3323 4041 3538 4111 φαγεῖν
3569 4045 3598 4096 6
3634 4041 3719 4096 λόο

447 4135 583 4187 dunt
610 4133 976 4205 evangelista,
1008 4148 1132 4188 cum
1165 4133 1388 4199 volunt;
1416 4131 1584 4186 veluti
1613 4133 1666 4186 in
1687 4130 1855 4206 ω
1877 4133 2031 4202 panis

2151 4146 2230 4199 τος
2259 4128 2337 4200 τῷ
2377 4128 2588 4183 λαϐεῖν
2611 4144 2625 4160 ·
2653 4128 2844 4202 ὥσπερ
2885 4131 2978 4184 ἐπὶ
3010 4131 3110 4201 τῆς
3144 4131 3236 4185 τοῦ
3266 4131 3431 4204 ἄρτου
3466 4133 3716 4204 εὐλογίας

452 4221 831 4274 benedictione
869 4222 1129 4290 scriptum
1157 4230 1241 4276 est
1265 4221 1466 4276 dixisse
1492 4219 1676 4276 Iesum
1717 4222 2026 4292 discipulis:

2151 4222 2474 4294 τέγραπται,
2507 4221 2589 4275 δτι
2614 4217 2737 4274 εἶπε
2780 4224 2892 4285 τοῖς
2926 4222 3195 4294 μαθηταῖς
3223 4223 3252 4276 ὁ
3289 4222 3526 4294 Ἰησοῦςο
3561 4243 3579 4274 ι
3609 4225 3714 4278 Λά-

454 4329 472 4360 σ
506 4309 773 4379 Accipite,
797 4314 1068 4367 comedite
1099 4313 1166 4365 ".
1202 4331 1222 4365 ι
1255 4315 1368 4383 Age
1409 4312 1592 4384 igitur,
1637 4326 1707 4366 an
1746 4323 2028 4384 acceptam

2151 4314 2278 4375 ῑετε,
2308 4313 2534 4383 φάγετε.
2577 4332 2596 4366 ι
2634 4309 2761 4385 'Ap‘
2791 4311 2885 4368 οὖν
2913 4313 3094 4367 λαϐὼν
3120 4314 3182 4368 τὸ
3212 4314 3428 4385 ψωμίον
3452 4315 3554 4368 οὐκ
3580 4314 3714 4383 ἑφα-

447 4402 664 4458 oll'ulam
701 4419 809 4459 non
847 4403 1146 4459 comederit
1179 4401 1348 4459 ludas
1379 4403 1629 4477 (etiamsi
1664 4405 1910 4474 quaedam
1937 4419 2023 4461 eo-

2151 4422 2225 4473 rev
2253 4407 2282 4459 6
2309 4405 2544 4470 Ἰούδας;
2577 4405 2710 4476 φέρε
2737 4399 2852 4469 οὖν,
2887 4407 2936 4458 εί
2964 4404 3057 4458 καὶ
3093 4404 3168 4477 μὴ
3199 4406 3444 4478 συνᾴδειν
3475 4405 3598 4460 τινὰ
3625 4407 3714 4460 δό-

448 4510 568 4549 rum
588 4509 708 4565 quae
724 4495 922 4549 dicturi
940 4509 1147 4562 sumus,
1167 4496 1459 4550 convenire
1476 4509 1582 4548 non
1602 4494 1884 4550 videantur
1903 4511 2026 4551 cum

2151 4499 2212 4564 ξει
2240 4497 2348 4550 τῶν
2372 4496 2784 4568 λεχθησομένων
2811 4499 2926 4559 τοῖς
2960 4497 3400 4569 προειρημένοις,
3425 4500 3712 4568 γυμνάσω-

449 4587 869 4658 superioribus),
905 4585 1316 4655 explanabimus
1344 4586 1398 4640 in
1441 4587 1691 4655 praesenti
1717 4585 1855 4650 loco,
1885 4587 2028 4655 judi-

2151 4605 2232 4641 ιεν
2261 4587 2330 4642 τὰ
2361 4587 2502 4641 κατὰ
2530 4586 2622 4640 τὸν
2655 4587 2842 4652 τόπον,
2878 4588 3188 4659 κρινοῦντος
3210 4589 3306 4642 τοῦ
3330 4590 3711 4661 ἐντευξομένου

449 4688 610 4734 caute
638 4679 846 4734 lecturo
869 4689 1052 4733 utrum
1099 4686 1348 4748 oporteat
1375 4679 1662 4734 admittere
1693 4694 1814 4748 qua:
1841 4679 2025 4734 dicen-

2151 4681 2390 4752 ιπότερον
2435 4681 2574 4753 (10)
2609 4681 2716 4753 χρὴ
2757 4681 3166 4753 παραδέξασθαι
3213 4683 3322 4736 τῶν
3377 4681 3710 4755 λεγομένων.

449 4781 554 4829 tur.
594 4791 614 4824 ε
659 4771 794 4827 Cum
827 4771 1153 4839 intinxisset,
1188 4788 1207 4821 ι
1243 4771 1434 4838 inquit,
1460 4769 1658 4826 Jesusc
1683 4769 2020 4835 oll'ulam“,n

2151 4791 2160 4824 ι
2201 4772 2407 4842 Βάψας,
2461 4773 2616 4844 φησὶ,
2688 4772 2750 4825 τὸ
2799 4773 3014 4843 ψωμίον
3061 4793 3079 4826 ι
3119 4776 3149 4827 6
3205 4773 3409 4846 Ἰησοῦς
3433 4815 3449 4839 ,
3498 4775 3593 4828 καὶ
3623 4775 3714 4847 δῆ-

447 4865 824 4920 etdimisisset
874 4877 1019 4926 eam,
1068 4863 1278 4918 scilicet
1331 4864 1384 4918 in
1418 4863 1624 4930 catino,
1678 4864 1879 4934 accipit
1923 4864 2026 4934 (sic

2151 4879 2243 4928 ιον,
2276 4863 2380 4927 δτι,
2398 4863 2564 4927 ἐάσας
2585 4861 2718 4916 αὐτὸ
2743 4863 2802 4915 ἐν
2829 4861 2908 4934 τῷ
2927 4863 3182 4935 τρυϐλίῳ,
3211 4863 3478 4936 λαμϐάνει
3497 4882 3511 4895 ·
3549 4864 3714 4937 (οὕτω

446 4955 593 5010 enim
641 4954 908 5026 intelliges
940 4953 1091 5018 illud,
1122 4972 1142 5006 ι
1171 4968 1294 5009 cum
1332 4971 1352 5005 ι
1385 4968 1516 5025 ergo
1547 4973 1568 5006 α
1611 4955 2024 5010 intinxissetof-

2151 4955 2240 5028 τὰρ
2280 4957 2495 5028 νοήσεις
2529 4955 2623 5010 τό·
2663 4975 2682 5008 ι
2724 4956 2911 5027 Edita;
2977 4953 3071 5012 οὖν
3127 4957 3190 5011 τὸ
3235 4957 3478 5030 ψωμίον,
3545 4979 3564 5012 ι
3628 4961 3714 5014 ἵνα

445 5045 635 5114 fulam,
666 5065 686 5099 ι
724 5060 790 5100 ne
827 5045 1093 5101 redundet
1121 5059 1224 5099 vox
1265 5043 1518 5116 accipit);
1552 5045 1747 5099 deimle
1785 5045 2020 5100 dicitur:

2151 5047 2210 5119 ιὴ
2238 5048 2486 5121 παρέλκῃ
2511 5048 2592 5113 τὸ,
2610 5048 2818 5106 λαϐεῖν
2835 5050 2875 5119 ⁸)
2909 5045 3030 5104 εἶτα
3053 5049 3293 5119 λέγεται,
3315 5051 3399 5104 ὅτι
3430 5069 3450 5102 ‹
3485 5051 3711 5104 Δίδωσιν

449 5155 466 5186 σ
507 5137 609 5189 Dat
643 5135 794 5191 ludas
823 5135 1032 5190 Simoni
1062 5135 1350 5198 lscariotae,
1384 5145 1438 5190 et
1470 5146 1590 5202 post
1623 5134 1865 5198 ollulam,
1895 5145 2022 5190 tunc

2151 5139 2314 5212 Ἰούδᾳ
2345 5140 2550 5212 Σίμωνι
2595 5140 2915 5214 Ἰσκαριώτῃ
2945 5142 3080 5213 (Η),
3108 5143 3204 5196 καὶ⁵
3237 5142 3376 5214 μετὰ
3406 5143 3468 5195 τὸ
3499 5141 3710 5213 ψωμίον

442 5227 723 5294 ingressus
757 5235 841 5281 est
865 5226 918 5279 in
952 5225 1102 5280 illum
1151 5225 1406 5280 Satanas.
1452 5245 1471 5276 ι
1503 5225 1632 5281 Post
1660 5226 1881 5281 ollulam
1919 5227 2020 5296 igi-

2151 5229 2251 5283 ῖὸτε
2275 5231 2523 5302 εἰσῆλθεν
2549 5232 2630 5296 είς
2661 5232 2868 5286 ἐκεῖνον
2895 5235 2924 5286 6
2953 5233 3218 5297 Σατανᾶς.
3260 5253 3281 5286 ι
3313 5233 3469 5289 Μετὰ
3501 5233 3562 5287 τὸ
3591 5233 3708 5304 ψω-

444 5327 550 5382 tur,
575 5316 809 5391 fortasse
831 5332 862 5371 a
885 5315 1022 5372 Juda
1049 5332 1154 5373 non
1191 5327 1515 5382 comestam,
1553 5319 1888 5390 autieipante
1919 5317 2020 5373 Sa-

2151 5321 2254 5376 ιίον
2281 5318 2374 5377 οὖν
2403 5323 2545 5394 τάχα
2575 5323 2650 5396 μὴ
2677 5324 2890 5396 βρωθέν
2915 5325 3023 5378 ὑπὸ
3049 5324 3146 5378 τοῦ
3187 5325 3372 5391 Ἰούδα,
3409 5325 3708 5398 προλαϐόν-

546 5459 746 5516 "Psal.
786 5459 955 5531 n,_2.
1061 5459 1106 5494 ”
1134 5457 1298 5531 Psal,
1344 5474 1495 5519 xxvn.
1524 5457 1640 5513 1-5.
1735 5458 1782 5491 ⁸⁸
1813 5457 1973 5518 Joan.
1998 5465 2212 5531 xut,30.
2307 5465 2350 5497 δ’
2389 5465 2408 5520 l
2445 5465 2600 5520 Joan.
2631 5465 2796 5531 n,l9.
2864 5465 2910 5497 δ’
2935 5465 2975 5518 ll
3007 5463 3134 5520 Cor.
3166 5464 3360 5530 v1.15.
3439 5463 3488 5497 ⁸⁸
3513 5463 3704 5520 Matth.

441 5533 706 5594 xxvn,26.
784 5530 831 5562 “
855 5527 1011 5585 Joan.
1065 5545 1166 5594 xu,
1228 5528 1325 5584 ἶ26.

449 3413 610 3454 secus
634 3408 800 3468 atque
823 3397 951 3453 illud
985 3415 1002 3454 :
1033 3417 1054 3450 ι
1094 3399 1360 3454 Exierunt
1387 3414 1418 3452 a
1447 3397 1714 3454 nobis“.o
1755 3399 2034 3453 Arbitror-

449 3503 559 3560 que
610 3489 868 3544 Satanam
910 3490 963 3544 in
998 3487 1190 3545 Judam
1238 3491 1544 3561 ingressum
1602 3499 1725 3559 post
1765 3488 1986 3544 oll'ulam
2011 3528 2028 3553 ,

2197 5653 2310 5726 (l0)
2341 5655 2521 5710 Codex
2565 5653 2788 5726 Regius.
2817 5653 3072 5726 δπότερα.

515 5650 592 5736 (_8)
641 5651 786 5706 Idem
839 5651 1009 5707 codex
1064 5650 1270 5723 Regius
1327 5666 1428 5722 pro
1477 5651 1612 5724 φησί
1673 5651 1838 5709 habet
1893 5652 2012 5721 καί,

2335 5655 2521 5736 podex
2565 5653 2788 5736 R‘cgius.
2817 5653 3072 5736 δπότερα.
3251 5722 3288 5736 η
3481 5718 3494 5736 ν

2196 5722 2309 5798 (ll)
2335 5727 2477 5782 ldem
2515 5722 2686 5781 codex
2719 5725 2942 5794 llegius,
2971 5723 3212 5792 Σίμωνος
3251 5722 3628 5792 Ἰσκαριώτου.

443 5723 754 5862 ωἲίιῒιαεω
781 5790 951 5848 codex
983 5791 1202 5863 Regius,
1235 5792 1443 5865 ὠνήσῃ.
