4182 6368
412 334 515 395 839

1407 328 1761 388 COMMENT.
1804 328 1871 384 IN
1911 324 2104 383 JOAN.
2147 325 2384 387 TOMUS
2424 329 2642 388 XXX".

3577 332 3682 399 810

400 471 495 517 τἰς
520 451 617 506 τοῦ
650 449 983 513 εἰσελθόντος
1019 450 1099 514 εἰς
1128 447 1220 503 τὸν
1264 449 1465 505 Ἰούδαν
1495 451 1711 504 Σατανᾶ
1740 448 1836 519 τὴν
1866 447 1988 517 χρῆ-

2105 457 2253 510 tana,
2288 449 2380 517 qui
2416 450 2696 519 ingressus
2727 447 2905 505 fuerat
2942 452 2995 505 in
3038 445 3254 513 ludam,
3285 449 3463 507 oﬂulze
3500 470 3681 515 usum,

398 560 485 598 σιν
508 541 606 595 τοῦ
638 539 892 610 ψωμίου,
928 541 1014 593 ἵνα
1047 540 1123 611 μὴ
1171 540 1360 611 όνηται
1410 542 1440 594 6
1485 540 1685 604 Ἰούδας
1733 541 1832 610 τῆς
1884 540 1991 592 ἀπὸ

396 632 492 688 τοῦ
531 630 711 704 Ἰησοῦ
739 632 940 695 δόσεως
981 630 1077 684 τοῦ
1123 632 1341 703 ψωμίου
1364 649 1378 662 ⁸
1404 633 1466 685 τὸ
1493 633 1590 703 μὲν
1626 631 1737 702 γάρ
1759 628 1872 703 εἶχε
1897 632 1990 685 δύ-

396 745 560 798 ναμιν
589 724 940 797 ὠφελητικὴν
964 725 1043 796 τῷ
1071 724 1396 797 χρησομένῳ
1416 742 1430 756 ’
1456 726 1485 777 6
1526 725 1603 789 δὲ,
1637 725 1783 792 ἅπαξ
1816 724 1991 796 βαλὼν

394 818 558 871 αύτοῦ
587 820 666 881 εἰς
696 818 796 888 τὴν
830 817 1060 889 καρδίαν
1083 859 1095 883 ,
1137 817 1225 870 ἵνα
1255 816 1483 887 παραδῷ
1511 818 1603 870 τὸν
1648 817 1987 882 διδάσκαλον,

394 909 727 980 φοϐούμενος
765 908 840 980 μὴ
864 909 925 961 τὸ
958 907 1290 979 βεϐλημένον
1325 908 1536 979 ἐκπέσῃ
1574 907 1665 962 τοῦ
1697 908 1991 980 βληθέντος

393 1001 484 1055 διά
516 1004 613 1073 τῆς
641 1002 736 1056 τοῦ
767 1001 983 1072 ψωμίου
1015 1004 1265 1073 χρήσεως
1283 1043 1298 1067 ,
1327 1000 1616 1073 προλαϐὼν
1651 1002 1765 1073 ἄμα
1791 1001 1868 1072 τῷ
1892 1002 1988 1056 λα-

394 1092 509 1146 ϐεῖν
537 1092 629 1145 τὸν
669 1093 869 1146 Ἰούδαν
895 1093 955 1145 τὸ
987 1092 1221 1163 ψωμίον,
1253 1092 1502 1162 εἰσῆλθεν
1543 1096 1625 1157 εἰς
1671 1093 1864 1159 αὑτὸν,
1901 1094 1991 1148 ὅτε

395 1185 492 1237 καὶ
519 1184 810 1257 εἰρημένου
838 1182 933 1237 τοῦ
956 1201 968 1214 ’
1005 1202 1023 1234 ι
1041 1185 1106 1237 Ὃ
1139 1187 1330 1247 ποιεῖς,
1360 1184 1584 1256 ποίησον
1612 1185 1820 1255 τάχιον,
1848 1205 1866 1237 ι
1902 1185 1992 1238 λαο

395 1275 506 1328 ϐὼν
538 1276 600 1330 τὸ
639 1276 851 1346 ψωμίον
896 1275 1131 1338 Ἰούδας,
1168 1274 1392 1344 ἐξῆλθεν
1435 1273 1616 1338 εὐθύς.
1665 1276 1778 1328 Καὶ
1818 1273 1991 1340 οὕτως

392 1368 439 1421 δ’
467 1369 535 1423 ἂν
561 1369 663 1422 οὐκ
695 1367 978 1431 ἀπιθάνως
1006 1370 1087 1431 εἰς
1114 1369 1207 1422 τὸν
1237 1368 1402 1422 τόπον
1449 1369 1700 1451 λέγοιτο,
1746 1368 1936 1441 ὥσπερ
1962 1373 1991 1424 6

392 1461 633 1526 ἀναξίως
657 1461 853 1515 ἐσθίων
876 1460 969 1513 τὸν
992 1461 1154 1532 ἄρτον
1182 1460 1275 1514 τοῦ
1308 1461 1534 1533 Κυρίου,
1559 1460 1592 1533 ἢ
1628 1460 1796 1516 πίνων
1823 1463 1989 1517 αὑτοῦ

394 1552 456 1607 τὸ
489 1556 770 1626 ποτήριον,
799 1554 879 1617 είς
903 1555 1077 1623 κρῖμα
1107 1552 1300 1623 ἐσθίει,
1331 1554 1428 1606 καὶ
1457 1554 1622 1619 πίνει,
1649 1555 1750 1626 τῆς
1777 1558 1905 1626 μιᾶς
1930 1558 1988 1611 ἐν

395 1645 473 1716 τῷ
500 1647 650 1717 ἄρτῳ
694 1645 1004 1715 κρείττονος
1033 1644 1347 1714 δυνάμεως,
1387 1646 1479 1700 καὶ
1510 1649 1567 1702 ἐν
1598 1649 1677 1721 τῷ
1719 1652 1985 1724 ποτηρίῳ,

394 1738 730 1810 ὑποκειμένῃ
766 1739 863 1809 μὲν
891 1737 1129 1792 διαθέσει
1161 1738 1432 1809 κρείττονι
1465 1740 1899 1816 ἐνεργαζομένης
1925 1746 1987 1798 τὸ

395 1803 640 1900 βέλτιον,
673 1803 879 1902 χείρονι
929 1830 987 1883 δὲ
1033 1803 1370 1901 ἐμποιούσης
1406 1831 1468 1885 τὸ
1515 1803 1691 1905 κρξμοὶ
1713 1803 1901 1891 -ὀιτὶρ
1926 1838 1989 1891 τὸ
2020 1803 2060 1858 Β

392 1923 504 1976 ἀπὸ
545 1923 639 1977 τοῦ
676 1924 853 1995 Ἰησοῦ
882 1924 1094 1996 ψωμίον
1134 1927 1391 1997 ὁμογενὲς
1422 1922 1489 1998 ἦν
1514 1925 1593 1998 τῷ
1639 1927 1843 1983 δοθέντι
1874 1930 1987 2003 (12)

391 2017 627 2081 καὶτοῖς
664 2017 874 2082 λοιποῖς
905 2017 1223 2081 ἀποστόλοις
1248 2057 1263 2082 ,
1298 2020 1355 2071 ἐν
1378 2021 1456 2091 τῷ
1480 2038 1493 2051 ·
1535 2041 1554 2073 ι
1597 2020 1809 2076 Λάϐετε
1833 2064 1849 2086 ,
1885 2024 1988 2093 φά-

390 2125 519 2177 γετε
544 2126 558 2140 ο
605 2128 622 2158 ι
657 2108 771 2162 ἀλλ’
800 2110 1029 2175 ἐκείνοις
1054 2109 1151 2179 μὲν
1181 2111 1262 2173 εἰς
1290 2111 1585 2183 σωτηρίαν,
1618 2111 1696 2184 τῷ
1718 2113 1775 2167 δὲ
1816 2113 1989 2188 Ἰούδα

393 2204 476 2276 εἰς
504 2204 696 2271 κρῖμα,
729 2200 804 2264 ὡς
839 2201 977 2271 μετά
1009 2202 1070 2254 τὸ
1094 2201 1308 2272 ψωμίον
1349 2203 1757 2276 εἰσεληλυθέναι
1788 2209 1868 2270 εἰς
1897 2208 1991 2261 αύ-

392 2274 486 2347 τὺν
513 2292 603 2345 τὸν
634 2292 898 2347 Σατανᾶν.
924 2292 1169 2348 Νοείσθω
1194 2295 1249 2349 δέ
1270 2298 1297 2350 6
1320 2297 1483 2367 ἄρτος
1510 2274 1603 2351 καὶ
1634 2296 1695 2350 τὸ
1729 2300 1988 2370 ποτήριον

393 2387 510 2448 τοῖς
540 2385 637 2454 μὲν
671 2382 1057 2455 ἁπλουστέροις
1081 2386 1222 2440 κατά
1256 2387 1355 2458 τὴν
1385 2387 1698 2460 κοινοτέραν
1728 2391 1856 2461 περὶ
1888 2390 1988 2461 τῆς

397 2476 765 2546 Εὖχαριστίας
796 2478 1025 2548 ἐκδοχήν
1044 2494 1057 2507 °
1087 2482 1202 2543 τοῖς
1229 2479 1284 2531 δὲ
1329 2478 1622 2550 βαθύτερον
1655 2481 1875 2535 ἀκούειν
1901 2500 1990 2551 με-

402 2569 673 2637 μαθηκόσι
703 2570 843 2623 κατά
878 2570 972 2641 τὴν
999 2570 1275 2644 θειοτέραν
1303 2573 1398 2626 καὶ
1428 2573 1556 2644 περί¹
1596 2574 1691 2627 τοῦ
1720 2575 1986 2647 τροφίμου

395 2657 496 2731 τῆς
523 2659 779 2731 ἀληθείας
805 2658 993 2729 Λόγου
1030 2662 1362 2731 ἐπαγγελίαν
1382 2683 1396 2697 ·
1427 2664 1503 2730 ὡς
1545 2666 1595 2718 εἱ
1640 2668 1697 2720 ἐν
1732 2667 1989 2739 παραδεί-

399 2765 571 2821 γματι
604 2750 713 2823 (15)
741 2751 946 2821 ἔλεγον,
979 2754 1060 2808 ὅτι.
1082 2756 1177 2808 καὶ
1203 2756 1231 2808 6
1258 2755 1400 2810 κατά
1430 2756 1491 2809 τὸ
1528 2759 1841 2829 σωματικὸν
1870 2777 1990 2833 τρο-

399 2842 714 2913 φιμώτατος
741 2845 904 2916 ἄρτος
928 2860 1162 2917 πυρετόν
1191 2846 1291 2918 μὲν
1322 2848 1680 2920 ὑποκείμενον
1701 2849 1875 2918 αὔξει,
1907 2854 1988 2916 εἰς

398 2934 588 3002 ὑγείαν
615 2935 673 2988 δὲ
697 2937 795 3005 τὴν
822 2936 1161 3007 εὐεξίανῌιί)
1190 2938 1398 3007 ἀνάγει.
1423 2940 1513 2993 Διδ
1539 2940 1800 3006 πολλάκις
1830 2941 1987 3012 λόγος

399 3024 604 3097 ἀληθὴς
641 3025 784 3097 ψυχῇ
817 3027 1066 3100 νοσούσῃ,
1097 3029 1157 3081 ού
1209 3029 1440 3103 δεομένῃ
1484 3033 1732 3103 τοιαύτης
1777 3034 1988 3107 τροφῆς

2098 555 2165 593 ne
2190 538 2359 594 Judas
2387 543 2762 612 adjumentum
2795 545 3104 612 perciperet
3124 560 3193 601 ex
3222 547 3344 600 data
3372 562 3402 600 a
3433 546 3560 602 Jesu
3594 549 3680 603 of-

2096 632 2202 686 fula
2237 634 2494 704 (habebat
2544 635 2693 689 enim
2737 636 2853 689 hinc
2879 638 3099 705 quidem
3145 640 3253 694 vim
3297 639 3586 709 adjuvandi
3615 656 3678 696 ea

2094 742 2339 791 usurum,
2376 729 2468 783 sed
2499 740 2786 799 acceperat
2816 731 2929 798 jam
2975 733 3143 787 semel
3181 735 3231 787 in
3259 750 3416 789 suum
3447 750 3542 790 cor
3586 733 3680 792 Ju-

2093 818 2191 873 das
2236 829 2294 872 ttt
2335 819 2651 889 Magistrum
2687 822 3007 894 proderet),
3047 825 3243 879 timens
3296 840 3364 881 ne
3404 827 3570 881 telum
3624 829 3680 883 in

2091 908 2284 964 Judam
2311 911 2567 965 emissum
2604 911 2905 976 aberraret,
2935 915 2977 967 si
3011 913 3179 970 ludas
3203 930 3333 971 usus
3353 914 3515 971 offula
3547 918 3684 973 fuis-

2092 1012 2195 1063 set,
2226 1002 2552 1070 anticipaus,
2588 1018 2707 1058 mox
2737 1015 2899 1073 atque
2924 1004 3094 1060 ludas
3125 1008 3292 1062 sumit
3317 1007 3561 1074 offulam,
3592 1012 3682 1064 inc

2092 1107 2314 1159 gressus
2343 1105 2429 1149 est
2456 1095 2507 1148 in
2548 1094 2720 1157 illum,
2754 1106 2869 1149 tum
2913 1097 3141 1164 scilicet,
3189 1113 3309 1153 cmn
3345 1099 3573 1156 dixisset
3601 1101 3679 1156 illi

2094 1187 2355 1241 Servatur
2383 1205 2395 1240 :
2422 1205 2440 1237 ι
2466 1186 2619 1254 Quod
2645 1186 2798 1249 facis.
2817 1192 2899 1243 t’ac
2919 1189 3090 1252 ocius,
3110 1209 3129 1241 ι
3159 1191 3568 1262 accepissetque
3592 1194 3680 1249 οἷς

2091 1275 2259 1331 l‘nlam
2294 1276 2484 1345 Judas,
2508 1294 2761 1349 egressus
2787 1290 2871 1336 est
2905 1283 3112 1336 statim.
3148 1282 3381 1339 Proinde
3413 1286 3557 1340 haud
3583 1287 3681 1341 ab-

2091 1371 2316 1424 surdum
2358 1371 2409 1424 in
2440 1373 2690 1438 praesenti
2722 1372 2843 1428 loco
2875 1373 3171 1435 diceretur.
3201 1377 3344 1446 quod
3373 1384 3428 1431 ut
3476 1378 3566 1446 qui
3595 1378 3683 1430 ind

2090 1462 2252 1532 digne
2277 1478 2466 1531 panem
2491 1462 2704 1518 Domini
2730 1466 2986 1530 comedit,
3009 1468 3090 1520 vel
3113 1467 3342 1522 calicem
3372 1469 3489 1538 ejus
3517 1469 3676 1535 bibit,

2090 1555 2143 1609 in
2170 1554 2435 1624 judicium
2475 1556 2765 1610 manducat
2788 1565 2843 1609 et
2872 1556 3070 1610 bibit‘5
3109 1575 3124 1623 ;
3159 1557 3209 1612 in
3244 1571 3384 1628 pane
3409 1568 3464 1613 et
3505 1560 3681 1616 calice

2091 1662 2197 1701 una
2243 1649 2446 1700 virtute
2479 1648 2843 1714 praestantiori
2890 1656 3150 1717 operante
3180 1650 3385 1705 bonum
3430 1651 3484 1705 iu
3538 1652 3681 1707 bono

2091 1736 2287 1795 affectu
2318 1742 2638 1802 constituto,
2680 1737 2735 1792 in
2789 1736 2986 1793 affectu
3045 1755 3172 1796 vero
3224 1743 3368 1797 malo
3415 1753 3682 1812 onerante

2089 1829 2596 1885 condemnationem
2621 1847 2637 1895 ;
2665 1830 2746 1885 sic
2765 1829 2985 1885 oﬁ‘ulam
3007 1846 3036 1883 a
3063 1829 3189 1887 Jesu
3221 1832 3401 1887 datam
3434 1833 3679 1901 ejusdem

2088 1920 2305 1990 generis
2324 1919 2491 1977 fuisse
2512 1937 2634 1976 cum
2662 1936 2727 1976 ea
2754 1937 2915 1991 quam
2945 1920 3104 1977 Jesus
3125 1923 3274 1978 dedit
3305 1925 3518 1979 caeteris
3546 1939 3679 1995 apo—

2088 2012 2267 2076 stolis,
2295 2013 2421 2066 dum
2458 2013 2665 2068 diceret
2704 2030 2716 2065 :
2751 2031 2770 2065 ι
2807 2012 3074 2083 Accipite,
3106 2014 3433 2070 comedite“
3464 2032 3479 2080 ;
3513 2035 3533 2069 ι
3577 2020 3674 2073 sed

2091 2107 2198 2161 illis
2237 2106 2458 2176 quidem
2488 2107 2556 2159 ad
2605 2103 3040 2169 salutem,Juda:
3066 2122 3197 2161 vero
3234 2109 3302 2161 ad
3334 2109 3675 2165 condemna-

2092 2201 2323 2263 tionem;
2355 2200 2427 2253 ita
2475 2208 2535 2253 ut
2582 2207 2700 2268 post
2752 2196 2971 2253 offulam
3006 2200 3386 2269 ingrederetur
3430 2203 3482 2257 in
3520 2202 3675 2258 illum

2090 2289 2341 2353 Satanas.
2368 2291 2636 2346 Caeterum
2673 2290 3048 2345 consideretur
3077 2291 3163 2345 hic
3192 2292 3347 2360 panis
3367 2302 3421 2347 et
3452 2294 3555 2349 hoc
3577 2311 3681 2364 po-

2088 2383 2267 2445 culum
2290 2397 2321 2437 a
2348 2381 2775 2452 simplicioribus
2827 2382 2977 2449 iuxta
3004 2384 3431 2439 commtmioretn
3479 2387 3681 2441 intelli-

2088 2475 2321 2545 gentiam
2339 2475 2405 2530 de
2425 2474 2790 2539 Eucharistia,
2824 2474 2877 2529 id
2899 2484 2982 2529 est
3007 2475 3072 2529 de
3101 2476 3396 2545 gratiarum
3422 2480 3635 2534 actione
3656 2497 3675 2542 ;

2089 2578 2147 2622 at
2178 2569 2268 2636 qui
2301 2567 2464 2623 altius
2498 2568 2614 2621 haec
2647 2566 2953 2637 intelligere
2980 2568 3293 2633 didicerint,
3325 2571 3679 2626 considerent

2090 2660 2198 2716 hoc
2224 2660 2426 2716 dictum
2462 2659 2634 2714 fuisse
2680 2661 2836 2730 juxta
2884 2660 3205 2731 diviniorem
3256 2662 3676 2731 promissionem

2088 2754 2255 2809 etiam
2288 2752 2355 2807 de
2380 2752 2559 2825 Λόγῳ,
2592 2762 2647 2807 et
2696 2753 2877 2808 Verbo
2907 2754 3157 2808 veritatis
3185 2753 3499 2809 alimentum
3539 2755 3677 2811 ubeo

2088 2847 2202 2902 rius
2217 2856 2545 2915 praestante;
2568 2857 2822 2916 tanquam
2852 2848 2898 2901 si
2925 2845 3177 2916 exemplo
3193 2847 3430 2901 dicerem
3457 2861 3674 2917 panem,

2088 2939 2231 3010 quod
2265 2940 2331 2994 ad
2361 2953 2559 3008 corpus
2590 2940 2803 3000 attinet,
2823 2938 3138 2993 alimentum
3171 2939 3504 2994 uberrimum
3534 2955 3678 3010 prato

2088 3042 2345 3100 stantem,
2382 3031 2577 3086 febrim
2615 3031 2914 3099 subjectam
2952 3044 3168 3101 augere,
3202 3046 3324 3085 cum
3351 3047 3537 3086 contra
3572 3034 3675 3087 ho-

397 3116 669 3187 διδόμενος
687 3156 702 3183 ,
734 3119 1002 3191 ἐπιτρίϐει
1033 3121 1203 3193 αὐτὴν
1226 3160 1240 3185 ,
1283 3122 1377 3174 καὶ
1404 3123 1681 3193 πρόφασις
1707 3125 1818 3197 (15)
1846 3127 1984 3198 αὐτῇ

2093 3142 2217 3180 nam
2269 3124 2520 3193 corporis
2574 3122 2944 3177 habitudinem
2974 3122 3041 3177 ad
3089 3122 3375 3177 sanitatem
3428 3126 3675 3179 reducat.

399 3209 658 3281 χειρόνων
709 3208 946 3279 γίνεται·
997 3212 1090 3264 καὶ
1124 3210 1298 3275 οὕτως
1348 3214 1442 3279 καί
1477 3213 1548 3267 τά
1590 3214 1765 3286 ἀληθῆ
1809 3215 1988 3286 λέγειν

399 3302 719 3368 κινδυνῶδές
766 3300 923 3355 ἐστι.
955 3301 1125 3355 Τοῦτο
1169 3301 1226 3355 δέ
1278 3320 1365 3375 μοι
1409 3303 1623 3376 εἴρηται
1662 3305 1750 3359 διὰ
1780 3305 1842 3359 τὸ
1877 3306 1991 3376 ψω-

401 3393 523 3467 μίον
549 3394 683 3465 (16),
705 3394 733 3447 ὃ
754 3393 1006 3465 ἐμϐάψας
1029 3394 1244 3449 δίδωσιν
1273 3393 1442 3465 Ἰούδα
1471 3395 1674 3467 Σίμωνι
1700 3396 1780 3468 τῷ
1814 3399 1991 3453 Ἰσκα-

403 3487 570 3559 ριὼτῃ
596 3487 743 3557 (17)·
767 3489 861 3540 καὶ
884 3489 1259 3559 κεκινήκαμεν
1291 3487 1448 3556 λόγον
1483 3489 1576 3542 τὸν
1607 3492 1688 3554 εἰς
1728 3490 1984 3563 ἑκάτερα,

401 3578 509 3630 εἴτε
535 3578 640 3649 χρὴ
666 3578 846 3647 λέγειν
878 3579 1040 3633 αὐτὸν
1075 3579 1409 3652 βεϐρωκέναι
1451 3580 1688 3636 λαϐόντα
1707 3622 1721 3647 ,
1751 3585 1860 3636 εἴτε
1890 3600 1986 3637 κε-

400 3668 676 3723 κωλύσθαι
702 3670 807 3723 ἀπὸ
826 3670 919 3723 τοῦ
942 3670 1276 3735 εἰσελθόντος
1309 3675 1390 3736 είς
1416 3671 1504 3726 τὸν
1528 3673 1728 3728 Ἰούδαν
1751 3676 1985 3729 Σατανᾶ.

400 3763 463 3825 Εἰ
487 3762 544 3816 δέ
570 3763 675 3834 χρὴ
704 3764 778 3826 ὡς
814 3762 887 3835 μὴ
916 3765 1036 3835 εἰκῆ
1072 3766 1520 3837 παρεῤῥιμμένον
1550 3766 1657 3819 ὑπὸ
1679 3766 1777 3821 τοῦ
1823 3768 1988 3838 εύαγο

398 3854 645 3923 γελιστοῦ
672 3855 781 3926 (18)
815 3855 1060 3918 ἐξετάσαι
1087 3855 1144 3909 δέ
1172 3856 1253 3920 τὸ,
1284 3853 1421 3910 «τΗν
1451 3858 1508 3911 δὲ
1534 3858 1650 3925 νὺξ,
1681 3878 1699 3911 ο
1736 3859 1983 3927 λεκτέον,

396 3946 479 3999 ὅτι
508 3945 853 4018 συμϐολικῶς
879 3949 1000 4002 τότε
1036 3950 1069 4020 ἠ
1095 3948 1329 4020 αἰσθητὴ
1362 3949 1459 4017 νὺξ
1489 3946 1579 4022 ἦν,
1603 3948 1770 4005 εἰκὼν
1789 3953 1988 4024 τυγχά-

395 4055 563 4093 νουσα
610 4040 710 4111 τῆς
761 4039 1057 4112 γενομένης
1098 4042 1157 4095 ἐν
1213 4043 1281 4112 τῇ
1329 4042 1477 4114 ψυχῇ
1540 4040 1711 4097 Ἰούδα
1756 4044 1980 4109 νυκτόςο

397 4129 558 4201 ἡνίκα
583 4130 642 4184 τὸ
670 4132 1063 4203 ἐπιφερόμενον
1098 4135 1288 4197 σκότος
1324 4134 1514 4188 ἐπάνω
1552 4135 1655 4206 τῆς
1692 4134 1931 4190 ἀϐύσσου
1955 4139 1984 4192 6

405 4223 649 4286 Σατανᾶς
691 4223 938 4295 εἰσῆλθεν
965 4226 1045 4289 είς
1077 4225 1236 4279 αὐτόν
1260 4242 1274 4257 ο
1302 4226 1530 4279 ἐκάλεσε
1570 4226 1678 4297 γάρ
1709 4230 1737 4281 6
1759 4227 1891 4293 Θεὸς
1918 4229 1984 4282 τὸ

399 4315 588 4381 σκότος
635 4316 805 4370 νύκτα
829 4334 845 4349 ο
890 4316 1030 4370 ὥστε
1071 4318 1299 4381 νυκτὸς,
1331 4319 1496 4390 φησὶν
1538 4321 1567 4373 6
1604 4320 1812 4385 Παῦλος
1837 4364 1850 4384 ,
1882 4320 1983 4375 οὐκ

395 4408 561 4479 ἐσμὲν
591 4408 774 4470 τέκνα,
812 4408 933 4462 οὐδὲ
968 4409 1212 4472 σκότους,
1244 4410 1417 4478 λέγων
1442 4427 1455 4439 ·
1497 4413 1651 4482 «Ἆρ’
1681 4408 1795 4477 οὖν,
1826 4412 1982 4466 ἀδελ-

2091 3219 2266 3286 Quam
2289 3219 2358 3273 ob
2382 3232 2599 3273 causam
2641 3216 2960 3286 plerumque
2991 3229 3172 3270 sermo
3200 3230 3360 3270 verus
3390 3217 3676 3285 aegrotanti

2090 3310 2306 3371 animm,
2332 3323 2436 3362 non
2469 3306 2732 3374 indigenti
2764 3304 2859 3359 tali
2893 3304 3016 3359 cibo
3070 3305 3250 3366 datus,
3300 3303 3443 3357 illam
3483 3314 3673 3359 conte-

2089 3412 2196 3470 ret,
2222 3402 2298 3455 illi
2331 3411 2388 3454 ut
2420 3400 2572 3469 pejus
2624 3413 2683 3453 se
2730 3397 2927 3452 habeat
2958 3411 3121 3452 causa
3164 3397 3436 3451 exsistens
3464 3412 3479 3448 :
3507 3394 3675 3468 445

2088 3507 2254 3573 atque
2299 3494 2463 3548 etiam
2499 3493 2579 3548 sic
2621 3494 2888 3563 sequitur,
2916 3502 2976 3546 ut
3008 3506 3141 3546 vera
3188 3491 3369 3544 dicere
3407 3488 3675 3557 periculo-

2087 3602 2206 3643 sum
2242 3586 2336 3640 sit.
2373 3584 2488 3639 Hoc
2531 3591 2711 3638 autem
2754 3583 2887 3637 mihi
2923 3583 3124 3636 dictum
3166 3591 3250 3636 est
3282 3589 3504 3652 pmpter
3537 3578 3671 3635 oﬁ‘u-

2086 3678 2192 3733 lam
2216 3693 2377 3747 quam
2402 3676 2685 3731 intinctam
2715 3675 2868 3731 dedit
2891 3672 3051 3729 Jesus
3089 3671 3239 3729 Juda:
3288 3673 3496 3728 Simoni
3527 3672 3672 3727 [sca-

2086 3771 2239 3824 riotw
2277 3784 2292 3821 :
2322 3768 2697 3837 movimusque
2728 3768 2993 3820 rationem
3025 3767 3076 3818 in
3106 3774 3397 3833 utramque
3426 3774 3668 3830 partem,

2085 3861 2201 3916 sive
2233 3874 2461 3915 necesse
2493 3859 2566 3914 sit
2597 3859 2779 3914 dicere
2799 3854 2992 3910 Judam
3018 3864 3298 3924 acceptam
3327 3851 3545 3909 offulam
3571 3868 3669 3908 co~

2085 3952 2356 4016 medisse,
2388 3952 2506 4006 sive
2546 3966 2577 4004 a
2619 3949 2818 4004 Satana
2848 3988 2864 4013 ,
2912 3949 3004 4016 qui
3045 3948 3097 4001 in
3126 3942 3328 4015 'ipsum
3383 3948 3663 4016 ingressus

2083 4042 2283 4110 fuerat,
2304 4042 2634 4112 prohibitum
2670 4040 2691 4095 l'
2695 4041 2857 4095 uisse.
2876 4039 2971 4094 Sin
2997 4052 3124 4094 vero
3145 4038 3482 4108 perpendere
3501 4036 3668 4092 etiam

2085 4133 2214 4188 illud
2236 4143 2476 4202 oportet,
2508 4150 2528 4183 ι
2564 4144 2680 4188 erat
2733 4140 2916 4188 autem
2964 4147 3072 4186 nox
3096 4130 3165 4194 ‘7,
3205 4149 3225 4182 ι
3253 4140 3508 4199 tanquam
3559 4143 3668 4182 non

2084 4233 2289 4279 temere
2310 4225 2644 4294 assignatum
2663 4225 2728 4279 ab
2745 4224 3094 4295 evangelista,
3117 4214 3406 4277 dicendum
3423 4228 3670 4290 estsym-

2081 4317 2257 4372 bolice
2282 4326 2409 4370 tunc
2434 4324 2647 4370 noctem
2675 4317 2840 4371 fuisse
2864 4319 2963 4371 sub
2981 4330 3198 4372 sensum
3221 4315 3524 4377 cadentem,
3545 4326 3667 4381 quae

2081 4409 2261 4478 imago
2282 4407 2570 4462 exsisteret
2588 4408 2762 4462 noctis
2779 4406 2940 4461 facta
2958 4408 3009 4460 in
3032 4405 3213 4460 anima
3239 4403 3425 4467 .lndte;
3450 4399 3670 4471 quando

399 4499 508 4569 φοὶ,
537 4501 637 4553 οὐκ
660 4501 826 4572 ἐσμὲν
847 4501 1060 4565 νυκτὸς,
1088 4500 1209 4553 οὐδὲ
1234 4501 1459 4565 σκότους
1487 4501 1652 4555 τέκνα
1681 4502 1847 4573 (19),›
1888 4505 1982 4557 καὶ

2088 4515 2207 4570 ηοω
2242 4499 2556 4555 ferebantur
2583 4514 2745 4570 super
2779 4501 3060 4569 abyssum,
3094 4498 3198 4552 illa:
3229 4495 3488 4561 tenebrae,
3516 4508 3669 4547 nem-

395 4592 483 4644 τό’
512 4609 531 4642 t
556 4592 746 4663 Ἡμεῖς
775 4593 833 4647 δὲ
862 4594 1074 4665 ἡμέρας
1109 4593 1263 4658 ὄντες
1293 4594 1574 4664 νήφωμεν.
1603 4605 1625 4646 t‘
1654 4593 1768 4647 Οὐκ
1795 4590 1863 4666 ἦν
1888 4591 1983 4651 οὖν

396 4681 495 4748 νὺξ
529 4687 642 4746 τοῖς
677 4686 1018 4756 νιπτομένοις
1070 4686 1199 4750 τοὺς
1256 4685 1422 4749 πόδας
1473 4684 1578 4738 ὑπὸ
1622 4685 1718 4739 τοῦ
1782 4687 1980 4758 Ἰησοῦ,

398 4771 513 4825 ἀλλ’
551 4774 736 4845 ἡμέρα
767 4775 1146 4848 λαμπροτάτη,
1189 4776 1640 4848 καθαιρομένοις,
1678 4778 1773 4831 καὶ
1804 4779 1980 4850 ἀπορ-

399 4865 747 4936 ῥιπτομένοις
780 4871 904 4933 τοὺς
936 4871 995 4922 ἐν
1028 4874 1140 4933 τοῖς
1181 4869 1308 4924 ποσὶ
1343 4869 1442 4940 τῆς
1475 4868 1654 4940 ψυχῆς
1688 4870 1870 4925 αὐτῶν
1894 4871 1982 4930 ὀύ-

469 4997 518 5032 ⁴³
552 4998 568 5052 l
604 4999 730 5054 Cor.
782 5016 862 5066 x1,
896 5000 989 5056 29.
1065 5002 1112 5035 “
1143 5005 1340 5057 Matth.
1383 5019 1535 5069 xxvi,
1571 5001 1662 5057 26.

472 5148 584 5225 (1‘2)
625 5147 939 5225 ’Θμοτενξς
982 5141 1063 5219 ἦν
1096 5144 1177 5225 τῷ
1203 5143 1457 5225 δοθέιςτι,
1482 5159 1601 5225 _etc.
1635 5146 1694 5201 In
1725 5161 1792 5202 eo
1818 5156 1975 5225 erant

398 5217 635 5289 utraque
688 5217 943 5289 ὁμογενῆ,
990 5217 1155 5289 quod
1187 5218 1494 5271 comedenti
1531 5233 1630 5286 pro
1683 5217 1976 5289 sanctitate

399 5310 494 5349 sua
528 5287 611 5343 vel
647 5287 923 5357 impietate
956 5288 1195 5341 salubria
1222 5301 1345 5342 esse
1388 5296 1642 5353 poterant
1671 5287 1759 5341 vel
1788 5287 1970 5340 noxia.

398 5365 453 5419 ltt
484 5362 608 5415 aliis
640 5356 1313 5429 discrepabanjt,eterant
1339 5356 1648 5429 ἑτερογενῆ,
1682 5371 1746 5410 ac
1798 5357 1853 5409 in
1906 5372 1973 5410 eo

398 5425 885 5504 praesertimun
932 5427 1096 5504 olfula
1142 5425 1293 5480 Jud:e
1326 5425 1582 5504 puri-ecta
1617 5425 1817 5481 'merus
1849 5437 1974 5481 erat

396 5496 582 5573 panis;
609 5497 787 5556 offula:
814 5497 1391 5573 vero__da_tae_apostolis
1418 5496 1601 5564 Specie
1635 5505 1843 5549 tantum
1874 5511 1972 5566 pa-
2052 5556 2055 5561 γ

397 5566 483 5625 itis
510 5580 686 5632 erant,
711 5582 895 5622 revera
918 5566 1119 5621 Christi
1151 5582 1348 5635 corpus
1372 5580 1559 5620 erant:
1587 5576 1780 5619 contra
1803 5580 1969 5632 quam

394 5658 461 5696 ex
479 5643 582 5694 hoc
600 5639 720 5693 loco
747 5638 1123 5691 ratiocinando
1156 5636 1425 5690 conclusit
1444 5636 1759 5689 Edmundus
1773 5636 1974 5690 Ather-

396 5714 545 5765 ti-ttus
574 5711 625 5762 'rn
649 5723 818 5776 Opere
845 5706 921 5760 De
937 5717 1264 5776 sacramento
1292 5704 1669 5776 Eucharislitg,
1699 5703 1793 5776 lib.
1824 5719 1889 5766 tt,
1914 5705 1970 5758 iu

408 5781 656 5836 ﬂxatnine
688 5772 1127 5833 testimoniorum
1147 5773 1423 5843 Origenis,
1460 5791 1581 5847 cap.
1606 5774 1663 5828 2.
1697 5772 1985 5842 Hunnus.
2022 5823 2030 5833 .

712 5871 986 5932 PATBOL.
1031 5868 1147 5931 Gn.
1176 5867 1349 5931 XIV.

2084 4607 2151 4662 pe
2204 4591 2453 4657 Satanas,
2514 4592 2770 4661 ingressae
2819 4600 2944 4646 sunt
2976 4593 3023 4644 it.
3073 4605 3234 4653 eum;
3263 4586 3483 4641 vocavit
3517 4583 3668 4638 enim

2087 4686 2225 4741 Deus
2270 4678 2567 4753 tenebras,
2625 4695 2838 4740 noctem
2869 4684 2958 4749 ‘3;
3001 4699 3172 4754 quare
3226 4682 3437 4746 noctis,
3488 4677 3667 4746 inquit

2084 4778 2304 4843 Paulus,
2324 4794 2430 4832 non
2470 4793 2660 4833 sumus
2693 4778 2811 4841 lilii,
2840 4792 3012 4845 neque
3044 4775 3410 4835 tenebrarum,
3439 4770 3659 4824 dicens:

2089 4893 2108 4926 t
2152 4876 2314 4943 Ergo,
2354 4873 2572 4936 fratres,
2610 4885 2714 4923 non
2759 4883 2946 4923 sumus
2975 4869 3172 4931 noctis,
3206 4878 3383 4934 neque
3411 4860 3663 4916 tenebra-

1762 5003 1807 5036 "'
1840 5002 1998 5059 Joan.
2022 5022 2144 5072 xm,
2177 5006 2267 5061 50.
2345 5004 2391 5036 ⁸⁸
2433 5002 2630 5058 Cenes.
2659 5018 2695 5067 ι,
2726 5001 2780 5056 5.

2181 5144 2269 5212 15)
2298 5143 2480 5199 Codex
2501 5139 2743 5212 Regius,
2774 5139 2851 5204 ὡς
2881 5140 2939 5190 ἐν
2983 5135 3411 5212 παραδείγματι.

2181 5147 2269 5212 15)
2298 5147 2480 5199 Codex
2516 5147 2743 5209 Regius,
2774 5147 2851 5204 ὡς
2881 5147 2939 5190 ὲν
2983 5147 3411 5209 παραδειγματι.

2304 5210 2558 5305 Ριξοῄτὴν
2598 5210 2815 5278 εὐεξίαν
2864 5212 3035 5265 codex
3089 5207 3290 5298 Regius
3346 5204 3533 5272 habet,
3568 5207 3665 5266 καὶ

2081 5284 2316 5349 εὐεξίαν,
2344 5284 2503 5338 male.
3203 5284 3243 5298 "
3313 5345 3326 5357 .
3360 5346 3371 5358 .
3605 5348 3636 5358 η

2157 5356 2269 5441 (15)
2298 5356 2488 5441 Code’tt
2525 5349 2873 5441 bodleianus,
2900 5348 3208 5418 πρόφασιςο
3241 5347 3410 5401 edttto
3455 5344 3661 5411 Huetu,

2083 5425 2406 5500 προφάσεις,
2442 5425 2607 5477 male.

2152 5495 2261 5571 (μέ)
2295 5496 2483 5571 Codex
2505 5486 2735 5571 Regius,
2767 5487 3031 5571 ταῦταῄδέ
3067 5504 3154 5557 μοι
3179 5485 3394 5571 εἰρηται
3425 5483 3662 5571 ψωμίου.
3696 5564 3699 5569 γ

2181 5558 2266 5630 17)
2295 5567 2437 5619 Idem
2464 5558 2635 5616 codei
2668 5563 2892 5630 Regius,
2924 5559 3166 5630 Σίμωνος
3212 5558 3559 5625 Ἰσκαριώτῃ.

2181 5578 2266 5707 Π)
2295 5578 2437 5652 Idem
2464 5578 2642 5642 (βουσὶ.
2668 5578 2892 5647 ἤρεψε,
2924 5578 3166 5627 ιιιμωνος

2152 5578 2266 5765 ita
2291 5628 3192 5765 (ιιιῖριβδξςέῖνεινξιπιτ,

2178 5697 2266 5777 19)
2311 5702 2515 5759 Τέκνα.
2554 5697 2715 5756 Deest
2743 5700 2800 5755 in
2833 5699 3024 5754 codice
3062 5697 3251 5766 ltegio.

3303 5854 3383 5914 516
