  <div class='ocr_page' id='page_1' title='image "/cluster/home/n/w/nwhite01/storage/ocr_20150623/14:no.4/coo.31924054872928/417.png"; bbox 0 0 4182 6416; ppageno 0'>
   <div class='ocr_carea' id='block_1_1' title="bbox 488 366 586 422">
    <p class='ocr_par' dir='ltr' id='par_1_1' title="bbox 488 366 586 422">
     <span class='ocr_line' id='line_1_1' title="bbox 488 366 586 422; baseline 0 0"><span class='ocrx_word' id='word_1_1' title='bbox 488 366 586 422; x_wconf 68' lang='lat' dir='ltr'><strong>5H</strong></span> 
     </span>
    </p>
   </div>
   <div class='ocr_carea' id='block_1_2' title="bbox 1932 360 2260 419">
    <p class='ocr_par' dir='ltr' id='par_1_2' title="bbox 1932 360 2260 419">
     <span class='ocr_line' id='line_1_2' title="bbox 1932 360 2260 419; baseline -0.012 0"><span class='ocrx_word' id='word_1_2' title='bbox 1932 360 2260 419; x_wconf 76' lang='lat' dir='ltr'><strong>ORIGENIS</strong></span> 
     </span>
    </p>
   </div>
   <div class='ocr_carea' id='block_1_3' title="bbox 3647 362 3758 416">
    <p class='ocr_par' dir='ltr' id='par_1_3' title="bbox 3647 362 3758 416">
     <span class='ocr_line' id='line_1_3' title="bbox 3647 362 3758 416; baseline 0.018 -2"><span class='ocrx_word' id='word_1_3' title='bbox 3647 362 3758 416; x_wconf 72' lang='grc'><strong>812</strong></span> 
     </span>
    </p>
   </div>
   <div class='ocr_carea' id='block_1_4' title="bbox 488 459 2065 551">
    <p class='ocr_par' dir='ltr' id='par_1_4' title="bbox 488 468 2065 551">
     <span class='ocr_line' id='line_1_4' title="bbox 488 468 2065 551; baseline 0.001 -15"><span class='ocrx_word' id='word_1_4' title='bbox 488 494 615 536; x_wconf 83' lang='lat' dir='ltr'><strong>rum</strong></span> <span class='ocrx_word' id='word_1_5' title='bbox 660 476 754 536; x_wconf 82' lang='lat' dir='ltr'><strong>ﬁlii</strong></span> <span class='ocrx_word' id='word_1_6' title='bbox 783 474 869 547; x_wconf 75' lang='lat'><strong>“;</strong></span> <span class='ocrx_word' id='word_1_7' title='bbox 911 497 930 532; x_wconf 72' lang='grc' dir='ltr'><strong>ι</strong></span> <span class='ocrx_word' id='word_1_8' title='bbox 964 488 1019 535; x_wconf 88' lang='lat' dir='ltr'><strong>et</strong></span> <span class='ocrx_word' id='word_1_9' title='bbox 1049 468 1216 538; x_wconf 86' lang='lat' dir='ltr'><strong>illud:</strong></span> <span class='ocrx_word' id='word_1_10' title='bbox 1252 498 1273 532; x_wconf 71' lang='grc' dir='ltr'><strong>ι</strong></span> <span class='ocrx_word' id='word_1_11' title='bbox 1308 478 1417 537; x_wconf 85' lang='lat' dir='ltr'><strong>Nos</strong></span> <span class='ocrx_word' id='word_1_12' title='bbox 1467 491 1651 537; x_wconf 87' lang='lat' dir='ltr'><strong>autem</strong></span> <span class='ocrx_word' id='word_1_13' title='bbox 1686 495 1777 551; x_wconf 74' lang='lat' dir='ltr'><strong>qui</strong></span> <span class='ocrx_word' id='word_1_14' title='bbox 1823 478 1929 535; x_wconf 90' lang='lat' dir='ltr'><strong>diei</strong></span> <span class='ocrx_word' id='word_1_15' title='bbox 1973 478 2065 537; x_wconf 83' lang='lat' dir='ltr'><strong>ﬁlii</strong></span> 
     </span>
    </p>
   </div>
   <div class='ocr_carea' id='block_1_5' title="bbox 2168 459 3761 551">
    <p class='ocr_par' dir='ltr' id='par_1_5' title="bbox 2173 459 3761 546">
     <span class='ocr_line' id='line_1_5' title="bbox 2173 459 3761 546; baseline -0.002 -18"><span class='ocrx_word' id='word_1_16' title='bbox 2173 491 2311 540; x_wconf 88' lang='grc' dir='ltr'>πους</span> <span class='ocrx_word' id='word_1_17' title='bbox 2331 490 2347 506; x_wconf 79' lang='grc' dir='ltr'><strong>ο</strong></span> <span class='ocrx_word' id='word_1_18' title='bbox 2388 474 2482 528; x_wconf 84' lang='grc' dir='ltr'><strong>καὶ</strong></span> <span class='ocrx_word' id='word_1_19' title='bbox 2521 473 2645 528; x_wconf 79' lang='grc' dir='ltr'>κατ’</span> <span class='ocrx_word' id='word_1_20' title='bbox 2681 471 2875 545; x_wconf 69' lang='grc' dir='ltr'>ἐξοχὴν</span> <span class='ocrx_word' id='word_1_21' title='bbox 2906 471 3008 527; x_wconf 80' lang='grc' dir='ltr'><strong>οὐκ</strong></span> <span class='ocrx_word' id='word_1_22' title='bbox 3042 466 3110 544; x_wconf 81' lang='grc' dir='ltr'>ἦν</span> <span class='ocrx_word' id='word_1_23' title='bbox 3142 459 3239 539; x_wconf 75' lang='grc' dir='ltr'>νῦξ</span> <span class='ocrx_word' id='word_1_24' title='bbox 3278 471 3358 543; x_wconf 82' lang='grc' dir='ltr'>τῷ</span> <span class='ocrx_word' id='word_1_25' title='bbox 3416 472 3761 546; x_wconf 71' lang='grc' dir='ltr'><strong>ἀνακειμένῳ</strong></span> 
     </span>
    </p>
   </div>
   <div class='ocr_carea' id='block_1_6' title="bbox 485 568 2065 639">
    <p class='ocr_par' dir='ltr' id='par_1_6' title="bbox 485 568 2065 639">
     <span class='ocr_line' id='line_1_6' title="bbox 485 568 2065 639; baseline -0.003 -14"><span class='ocrx_word' id='word_1_26' title='bbox 485 583 695 639; x_wconf 80' lang='lat' dir='ltr'><strong>sumus,</strong></span> <span class='ocrx_word' id='word_1_27' title='bbox 725 569 898 627; x_wconf 82' lang='lat' dir='ltr'><strong>sobrii</strong></span> <span class='ocrx_word' id='word_1_28' title='bbox 923 568 1096 627; x_wconf 86' lang='lat' dir='ltr'><strong>simus</strong></span> <span class='ocrx_word' id='word_1_29' title='bbox 1119 568 1190 625; x_wconf 82' lang='grc'><strong>⁸⁸.</strong></span> <span class='ocrx_word' id='word_1_30' title='bbox 1231 588 1252 624; x_wconf 71' lang='grc' dir='ltr'><strong>ι</strong></span> <span class='ocrx_word' id='word_1_31' title='bbox 1287 568 1651 638; x_wconf 83' lang='lat' dir='ltr'><strong>Quamobrem</strong></span> <span class='ocrx_word' id='word_1_32' title='bbox 1682 585 1786 626; x_wconf 79' lang='lat' dir='ltr'><strong>nox</strong></span> <span class='ocrx_word' id='word_1_33' title='bbox 1810 583 1915 625; x_wconf 92' lang='lat' dir='ltr'><strong>non</strong></span> <span class='ocrx_word' id='word_1_34' title='bbox 1945 574 2065 626; x_wconf 89' lang='lat' dir='ltr'><strong>erat</strong></span> 
     </span>
    </p>
   </div>
   <div class='ocr_carea' id='block_1_7' title="bbox 484 661 2065 734">
    <p class='ocr_par' dir='ltr' id='par_1_7' title="bbox 484 661 2065 734">
     <span class='ocr_line' id='line_1_7' title="bbox 484 661 2065 734; baseline -0.001 -16"><span class='ocrx_word' id='word_1_35' title='bbox 484 664 573 719; x_wconf 87' lang='lat' dir='ltr'><strong>his</strong></span> <span class='ocrx_word' id='word_1_36' title='bbox 615 675 854 733; x_wconf 77' lang='lat' dir='ltr'><strong>quorum</strong></span> <span class='ocrx_word' id='word_1_37' title='bbox 898 661 1066 734; x_wconf 86' lang='lat' dir='ltr'><strong>pedes</strong></span> <span class='ocrx_word' id='word_1_38' title='bbox 1108 661 1316 718; x_wconf 80' lang='lat' dir='ltr'><strong>laverat</strong></span> <span class='ocrx_word' id='word_1_39' title='bbox 1343 661 1498 719; x_wconf 86' lang='lat' dir='ltr'><strong>Jesus</strong></span> <span class='ocrx_word' id='word_1_40' title='bbox 1522 706 1537 731; x_wconf 91' lang='lat'><strong>,</strong></span> <span class='ocrx_word' id='word_1_41' title='bbox 1567 663 1660 719; x_wconf 87' lang='lat' dir='ltr'><strong>sed</strong></span> <span class='ocrx_word' id='word_1_42' title='bbox 1699 663 1856 729; x_wconf 72' lang='lat' dir='ltr'><strong>dies‘,</strong></span> <span class='ocrx_word' id='word_1_43' title='bbox 1891 676 2065 731; x_wconf 88' lang='lat' dir='ltr'><strong>caque</strong></span> 
     </span>
    </p>
   </div>
   <div class='ocr_carea' id='block_1_8' title="bbox 483 750 2065 822">
    <p class='ocr_par' dir='ltr' id='par_1_8' title="bbox 483 750 2065 822">
     <span class='ocr_line' id='line_1_8' title="bbox 483 750 2065 822; baseline 0.001 -17"><span class='ocrx_word' id='word_1_44' title='bbox 483 751 943 821; x_wconf 88' lang='lat' dir='ltr'><strong>splendidissima,</strong></span> <span class='ocrx_word' id='word_1_45' title='bbox 970 761 1029 807; x_wconf 86' lang='lat' dir='ltr'><strong>ut</strong></span> <span class='ocrx_word' id='word_1_46' title='bbox 1057 752 1149 822; x_wconf 88' lang='lat' dir='ltr'><strong>qui</strong></span> <span class='ocrx_word' id='word_1_47' title='bbox 1180 752 1293 820; x_wconf 86' lang='lat' dir='ltr'><strong>jam</strong></span> <span class='ocrx_word' id='word_1_48' title='bbox 1325 753 1568 808; x_wconf 83' lang='lat' dir='ltr'><strong>mundati</strong></span> <span class='ocrx_word' id='word_1_49' title='bbox 1598 763 1784 809; x_wconf 88' lang='lat' dir='ltr'><strong>essent</strong></span> <span class='ocrx_word' id='word_1_50' title='bbox 1831 750 2065 822; x_wconf 74' lang='lat' dir='ltr'><strong>abiecis-</strong></span> 
     </span>
    </p>
   </div>
   <div class='ocr_carea' id='block_1_9' title="bbox 482 843 2063 915">
    <p class='ocr_par' dir='ltr' id='par_1_9' title="bbox 482 843 2063 915">
     <span class='ocr_line' id='line_1_9' title="bbox 482 843 2063 915; baseline 0 -16"><span class='ocrx_word' id='word_1_51' title='bbox 482 852 713 912; x_wconf 75' lang='lat' dir='ltr'><strong>sentque</strong></span> <span class='ocrx_word' id='word_1_52' title='bbox 740 845 931 900; x_wconf 84' lang='lat' dir='ltr'><strong>sordes</strong></span> <span class='ocrx_word' id='word_1_53' title='bbox 962 858 1100 913; x_wconf 89' lang='lat' dir='ltr'><strong>quas</strong></span> <span class='ocrx_word' id='word_1_54' title='bbox 1143 843 1197 898; x_wconf 90' lang='lat' dir='ltr'><strong>in</strong></span> <span class='ocrx_word' id='word_1_55' title='bbox 1246 845 1479 915; x_wconf 85' lang='lat' dir='ltr'><strong>pedibus</strong></span> <span class='ocrx_word' id='word_1_56' title='bbox 1509 845 1703 900; x_wconf 65' lang='lat' dir='ltr'><strong>animae</strong></span> <span class='ocrx_word' id='word_1_57' title='bbox 1748 859 1859 900; x_wconf 72' lang='lat' dir='ltr'><strong>sua:</strong></span> <span class='ocrx_word' id='word_1_58' title='bbox 1892 843 2063 899; x_wconf 82' lang='lat' dir='ltr'><strong>habe-</strong></span> 
     </span>
    </p>
   </div>
   <div class='ocr_carea' id='block_1_10' title="bbox 482 933 2065 1000">
    <p class='ocr_par' dir='ltr' id='par_1_10' title="bbox 482 933 2065 1000">
     <span class='ocr_line' id='line_1_10' title="bbox 482 933 2065 1000; baseline 0.001 -10"><span class='ocrx_word' id='word_1_59' title='bbox 482 933 659 1000; x_wconf 86' lang='lat' dir='ltr'><strong>bant;</strong></span> <span class='ocrx_word' id='word_1_60' title='bbox 700 933 1075 989; x_wconf 81' lang='lat' dir='ltr'><strong>excellentiori</strong></span> <span class='ocrx_word' id='word_1_61' title='bbox 1110 935 1277 990; x_wconf 83' lang='lat' dir='ltr'><strong>etiam</strong></span> <span class='ocrx_word' id='word_1_62' title='bbox 1328 939 1488 993; x_wconf 93' lang='lat' dir='ltr'><strong>modo</strong></span> <span class='ocrx_word' id='word_1_63' title='bbox 1532 952 1637 991; x_wconf 82' lang='lat' dir='ltr'><strong>nox</strong></span> <span class='ocrx_word' id='word_1_64' title='bbox 1673 951 1781 991; x_wconf 91' lang='lat' dir='ltr'><strong>non</strong></span> <span class='ocrx_word' id='word_1_65' title='bbox 1811 944 1936 991; x_wconf 88' lang='lat' dir='ltr'><strong>erat</strong></span> <span class='ocrx_word' id='word_1_66' title='bbox 1982 951 2065 992; x_wconf 92' lang='lat' dir='ltr'><strong>re-</strong></span> 
     </span>
    </p>
   </div>
   <div class='ocr_carea' id='block_1_11' title="bbox 481 1024 2064 1101">
    <p class='ocr_par' dir='ltr' id='par_1_11' title="bbox 481 1024 2064 1101">
     <span class='ocr_line' id='line_1_11' title="bbox 481 1024 2064 1101; baseline 0.001 -19"><span class='ocrx_word' id='word_1_67' title='bbox 481 1025 760 1082; x_wconf 89' lang='lat' dir='ltr'><strong>cumbenti</strong></span> <span class='ocrx_word' id='word_1_68' title='bbox 793 1026 847 1081; x_wconf 92' lang='lat' dir='ltr'><strong>in</strong></span> <span class='ocrx_word' id='word_1_69' title='bbox 898 1027 1021 1083; x_wconf 90' lang='lat' dir='ltr'><strong>sinu</strong></span> <span class='ocrx_word' id='word_1_70' title='bbox 1047 1024 1203 1093; x_wconf 85' lang='lat' dir='ltr'><strong>Jesu,</strong></span> <span class='ocrx_word' id='word_1_71' title='bbox 1246 1029 1390 1099; x_wconf 82' lang='lat' dir='ltr'><strong>quod</strong></span> <span class='ocrx_word' id='word_1_72' title='bbox 1422 1027 1581 1084; x_wconf 83' lang='lat' dir='ltr'><strong>Jesus</strong></span> <span class='ocrx_word' id='word_1_73' title='bbox 1622 1043 1809 1085; x_wconf 91' lang='lat' dir='ltr'><strong>amore</strong></span> <span class='ocrx_word' id='word_1_74' title='bbox 1839 1043 1952 1101; x_wconf 91' lang='lat' dir='ltr'><strong>quo</strong></span> <span class='ocrx_word' id='word_1_75' title='bbox 1996 1030 2064 1084; x_wconf 83' lang='lat' dir='ltr'><strong>il-</strong></span> 
     </span>
    </p>
   </div>
   <div class='ocr_carea' id='block_1_12' title="bbox 481 1117 2061 1190">
    <p class='ocr_par' dir='ltr' id='par_1_12' title="bbox 481 1117 2061 1190">
     <span class='ocr_line' id='line_1_12' title="bbox 481 1117 2061 1190; baseline 0.004 -17"><span class='ocrx_word' id='word_1_76' title='bbox 481 1117 593 1174; x_wconf 90' lang='lat' dir='ltr'><strong>lum</strong></span> <span class='ocrx_word' id='word_1_77' title='bbox 646 1119 1081 1190; x_wconf 76' lang='lat' dir='ltr'><strong>prosequebatur</strong></span> <span class='ocrx_word' id='word_1_78' title='bbox 1124 1130 1349 1177; x_wconf 89' lang='lat' dir='ltr'><strong>cunctas</strong></span> <span class='ocrx_word' id='word_1_79' title='bbox 1380 1121 1635 1177; x_wconf 82' lang='lat' dir='ltr'><strong>solvisset</strong></span> <span class='ocrx_word' id='word_1_80' title='bbox 1676 1123 1950 1179; x_wconf 81' lang='lat' dir='ltr'><strong>tenebras.</strong></span> <span class='ocrx_word' id='word_1_81' title='bbox 1984 1123 2061 1179; x_wconf 84' lang='lat' dir='ltr'><strong>Ac</strong></span> 
     </span>
    </p>
   </div>
   <div class='ocr_carea' id='block_1_13' title="bbox 480 1209 2062 1284">
    <p class='ocr_par' dir='ltr' id='par_1_13' title="bbox 480 1209 2062 1284">
     <span class='ocr_line' id='line_1_13' title="bbox 480 1209 2062 1284; baseline 0.003 -19"><span class='ocrx_word' id='word_1_82' title='bbox 480 1224 554 1265; x_wconf 91' lang='lat' dir='ltr'><strong>ne</strong></span> <span class='ocrx_word' id='word_1_83' title='bbox 571 1209 735 1266; x_wconf 88' lang='lat' dir='ltr'><strong>Petro</strong></span> <span class='ocrx_word' id='word_1_84' title='bbox 757 1211 973 1282; x_wconf 87' lang='lat' dir='ltr'><strong>quidem</strong></span> <span class='ocrx_word' id='word_1_85' title='bbox 1005 1227 1113 1266; x_wconf 80' lang='lat' dir='ltr'><strong>nox</strong></span> <span class='ocrx_word' id='word_1_86' title='bbox 1135 1222 1253 1267; x_wconf 89' lang='lat' dir='ltr'><strong>erat</strong></span> <span class='ocrx_word' id='word_1_87' title='bbox 1276 1214 1553 1269; x_wconf 80' lang='lat' dir='ltr'><strong>conﬁtenti</strong></span> <span class='ocrx_word' id='word_1_88' title='bbox 1579 1213 1631 1269; x_wconf 91' lang='lat' dir='ltr'><strong>id</strong></span> <span class='ocrx_word' id='word_1_89' title='bbox 1655 1215 1800 1284; x_wconf 88' lang='lat' dir='ltr'><strong>quod</strong></span> <span class='ocrx_word' id='word_1_90' title='bbox 1824 1213 1926 1269; x_wconf 91' lang='lat' dir='ltr'><strong>sibi</strong></span> <span class='ocrx_word' id='word_1_91' title='bbox 1950 1228 2062 1269; x_wconf 78' lang='lat' dir='ltr'><strong>cte-</strong></span> 
     </span>
    </p>
   </div>
   <div class='ocr_carea' id='block_1_14' title="bbox 479 1297 2061 1373">
    <p class='ocr_par' dir='ltr' id='par_1_14' title="bbox 479 1297 2061 1373">
     <span class='ocr_line' id='line_1_14' title="bbox 479 1297 2061 1373; baseline 0.003 -18"><span class='ocrx_word' id='word_1_92' title='bbox 479 1297 635 1356; x_wconf 86' lang='lat' dir='ltr'><strong>lestis</strong></span> <span class='ocrx_word' id='word_1_93' title='bbox 667 1299 757 1356; x_wconf 92' lang='lat' dir='ltr'><strong>ille</strong></span> <span class='ocrx_word' id='word_1_94' title='bbox 780 1301 943 1357; x_wconf 84' lang='lat' dir='ltr'><strong>Pater</strong></span> <span class='ocrx_word' id='word_1_95' title='bbox 967 1301 1255 1371; x_wconf 82' lang='lat' dir='ltr'><strong>revelarat,</strong></span> <span class='ocrx_word' id='word_1_96' title='bbox 1286 1320 1514 1373; x_wconf 82' lang='lat' dir='ltr'><strong>nempe:</strong></span> <span class='ocrx_word' id='word_1_97' title='bbox 1548 1323 1568 1357; x_wconf 80' lang='grc' dir='ltr'><strong>ι</strong></span> <span class='ocrx_word' id='word_1_98' title='bbox 1608 1309 1676 1359; x_wconf 81' lang='lat' dir='ltr'><strong>t&#39;u</strong></span> <span class='ocrx_word' id='word_1_99' title='bbox 1704 1319 1763 1359; x_wconf 90' lang='lat' dir='ltr'><strong>es</strong></span> <span class='ocrx_word' id='word_1_100' title='bbox 1786 1307 1871 1360; x_wconf 90' lang='lat' dir='ltr'><strong>ille</strong></span> <span class='ocrx_word' id='word_1_101' title='bbox 1900 1304 2061 1361; x_wconf 88' lang='lat' dir='ltr'><strong>Chri-</strong></span> 
     </span>
    </p>
   </div>
   <div class='ocr_carea' id='block_1_15' title="bbox 479 1391 2061 1467">
    <p class='ocr_par' dir='ltr' id='par_1_15' title="bbox 479 1391 2061 1467">
     <span class='ocr_line' id='line_1_15' title="bbox 479 1391 2061 1467; baseline 0.003 -20"><span class='ocrx_word' id='word_1_102' title='bbox 479 1399 621 1461; x_wconf 86' lang='lat' dir='ltr'><strong>stus,</strong></span> <span class='ocrx_word' id='word_1_103' title='bbox 649 1392 742 1448; x_wconf 88' lang='lat' dir='ltr'><strong>llle</strong></span> <span class='ocrx_word' id='word_1_104' title='bbox 769 1391 940 1450; x_wconf 84' lang='lat' dir='ltr'><strong>Filius</strong></span> <span class='ocrx_word' id='word_1_105' title='bbox 979 1392 1076 1449; x_wconf 83' lang='lat' dir='ltr'><strong>Dei</strong></span> <span class='ocrx_word' id='word_1_106' title='bbox 1103 1394 1336 1451; x_wconf 76' lang='lat' dir='ltr'><strong>viventis</strong></span> <span class='ocrx_word' id='word_1_107' title='bbox 1364 1395 1466 1458; x_wconf 80' lang='grc'><strong>⁸¹;›</strong></span> <span class='ocrx_word' id='word_1_108' title='bbox 1503 1396 1589 1450; x_wconf 90' lang='lat' dir='ltr'><strong>cui</strong></span> <span class='ocrx_word' id='word_1_109' title='bbox 1622 1404 1805 1451; x_wconf 87' lang='lat' dir='ltr'><strong>tamen</strong></span> <span class='ocrx_word' id='word_1_110' title='bbox 1839 1398 2061 1467; x_wconf 76' lang='lat' dir='ltr'><strong>neganti</strong></span> 
     </span>
    </p>
   </div>
   <div class='ocr_carea' id='block_1_16' title="bbox 484 1482 2061 1558">
    <p class='ocr_par' dir='ltr' id='par_1_16' title="bbox 484 1482 2061 1558">
     <span class='ocr_line' id='line_1_16' title="bbox 484 1482 2061 1558; baseline 0.003 -20"><span class='ocrx_word' id='word_1_111' title='bbox 484 1497 595 1538; x_wconf 65' lang='lat' dir='ltr'><strong>nos</strong></span> <span class='ocrx_word' id='word_1_112' title='bbox 624 1482 916 1540; x_wconf 80' lang='lat' dir='ltr'><strong>confestim</strong></span> <span class='ocrx_word' id='word_1_113' title='bbox 937 1482 1057 1540; x_wconf 83' lang='lat' dir='ltr'><strong>fuit.</strong></span> <span class='ocrx_word' id='word_1_114' title='bbox 1086 1484 1264 1539; x_wconf 84' lang='lat' dir='ltr'><strong>Etiam</strong></span> <span class='ocrx_word' id='word_1_115' title='bbox 1299 1500 1442 1541; x_wconf 91' lang='lat' dir='ltr'><strong>nunc</strong></span> <span class='ocrx_word' id='word_1_116' title='bbox 1466 1485 1632 1557; x_wconf 80' lang='lat' dir='ltr'><strong>igitur</strong></span> <span class='ocrx_word' id='word_1_117' title='bbox 1654 1501 1776 1542; x_wconf 92' lang='lat' dir='ltr'><strong>cum</strong></span> <span class='ocrx_word' id='word_1_118' title='bbox 1801 1501 2061 1558; x_wconf 89' lang='lat' dir='ltr'><strong>egressus</strong></span> 
     </span>
    </p>
   </div>
   <div class='ocr_carea' id='block_1_17' title="bbox 480 1574 2059 1649">
    <p class='ocr_par' dir='ltr' id='par_1_17' title="bbox 480 1574 2059 1649">
     <span class='ocr_line' id='line_1_17' title="bbox 480 1574 2059 1649; baseline -0.001 -15"><span class='ocrx_word' id='word_1_119' title='bbox 480 1584 563 1634; x_wconf 85' lang='lat' dir='ltr'><strong>est</strong></span> <span class='ocrx_word' id='word_1_120' title='bbox 589 1574 758 1632; x_wconf 82' lang='lat' dir='ltr'><strong>Judas</strong></span> <span class='ocrx_word' id='word_1_121' title='bbox 780 1587 994 1648; x_wconf 90' lang='lat' dir='ltr'><strong>sumpta</strong></span> <span class='ocrx_word' id='word_1_122' title='bbox 1024 1575 1209 1643; x_wconf 72' lang='lat' dir='ltr'><strong>oﬂula,</strong></span> <span class='ocrx_word' id='word_1_123' title='bbox 1247 1593 1370 1634; x_wconf 80' lang='lat' dir='ltr'><strong>mox</strong></span> <span class='ocrx_word' id='word_1_124' title='bbox 1405 1579 1505 1635; x_wconf 89' lang='lat' dir='ltr'><strong>sibi</strong></span> <span class='ocrx_word' id='word_1_125' title='bbox 1538 1594 1758 1649; x_wconf 81' lang='lat' dir='ltr'><strong>egresso</strong></span> <span class='ocrx_word' id='word_1_126' title='bbox 1781 1596 1891 1635; x_wconf 79' lang='lat' dir='ltr'><strong>nox</strong></span> <span class='ocrx_word' id='word_1_127' title='bbox 1918 1579 2059 1645; x_wconf 83' lang='lat' dir='ltr'><strong>fuit;</strong></span> 
     </span>
    </p>
   </div>
   <div class='ocr_carea' id='block_1_18' title="bbox 481 1667 2057 1739">
    <p class='ocr_par' dir='ltr' id='par_1_18' title="bbox 481 1667 2057 1739">
     <span class='ocr_line' id='line_1_18' title="bbox 481 1667 2057 1739; baseline 0.002 -15"><span class='ocrx_word' id='word_1_128' title='bbox 481 1683 587 1724; x_wconf 84' lang='lat' dir='ltr'><strong>nec</strong></span> <span class='ocrx_word' id='word_1_129' title='bbox 613 1673 759 1725; x_wconf 91' lang='lat' dir='ltr'><strong>enim</strong></span> <span class='ocrx_word' id='word_1_130' title='bbox 784 1667 897 1724; x_wconf 89' lang='lat' dir='ltr'><strong>illic</strong></span> <span class='ocrx_word' id='word_1_131' title='bbox 914 1667 1003 1724; x_wconf 88' lang='lat' dir='ltr'><strong>ille</strong></span> <span class='ocrx_word' id='word_1_132' title='bbox 1024 1668 1108 1723; x_wconf 85' lang='lat' dir='ltr'><strong>vir</strong></span> <span class='ocrx_word' id='word_1_133' title='bbox 1126 1670 1338 1736; x_wconf 87' lang='lat' dir='ltr'><strong>aderat,</strong></span> <span class='ocrx_word' id='word_1_134' title='bbox 1357 1671 1441 1725; x_wconf 91' lang='lat' dir='ltr'><strong>cui</strong></span> <span class='ocrx_word' id='word_1_135' title='bbox 1466 1685 1661 1726; x_wconf 87' lang='lat' dir='ltr'><strong>nomen</strong></span> <span class='ocrx_word' id='word_1_136' title='bbox 1684 1680 1771 1726; x_wconf 90' lang='lat' dir='ltr'><strong>est</strong></span> <span class='ocrx_word' id='word_1_137' title='bbox 1796 1670 2057 1739; x_wconf 76' lang='lat' dir='ltr'><strong>Oriens&quot;;</strong></span> 
     </span>
    </p>
   </div>
   <div class='ocr_carea' id='block_1_19' title="bbox 478 1758 2061 1832">
    <p class='ocr_par' dir='ltr' id='par_1_19' title="bbox 478 1758 2061 1832">
     <span class='ocr_line' id='line_1_19' title="bbox 478 1758 2061 1832; baseline 0.003 -18"><span class='ocrx_word' id='word_1_138' title='bbox 478 1759 692 1815; x_wconf 76' lang='lat' dir='ltr'><strong>scilicet</strong></span> <span class='ocrx_word' id='word_1_139' title='bbox 720 1758 1052 1829; x_wconf 86' lang='lat' dir='ltr'><strong>reliquerat,</strong></span> <span class='ocrx_word' id='word_1_140' title='bbox 1109 1759 1238 1815; x_wconf 92' lang='lat' dir='ltr'><strong>dum</strong></span> <span class='ocrx_word' id='word_1_141' title='bbox 1289 1762 1663 1830; x_wconf 76' lang='lat' dir='ltr'><strong>egrederetur,</strong></span> <span class='ocrx_word' id='word_1_142' title='bbox 1696 1761 1924 1832; x_wconf 64' lang='lat' dir='ltr'><strong>iustitiae</strong></span> <span class='ocrx_word' id='word_1_143' title='bbox 1959 1761 2061 1819; x_wconf 55' lang='lat' dir='ltr'><strong>So.</strong></span> 
     </span>
    </p>
   </div>
   <div class='ocr_carea' id='block_1_20' title="bbox 2170 562 3752 637">
    <p class='ocr_par' dir='ltr' id='par_1_20' title="bbox 2170 562 3752 637">
     <span class='ocr_line' id='line_1_20' title="bbox 2170 562 3752 637; baseline 0.001 -19"><span class='ocrx_word' id='word_1_144' title='bbox 2170 567 2230 619; x_wconf 91' lang='grc' dir='ltr'><strong>ἐν</strong></span> <span class='ocrx_word' id='word_1_145' title='bbox 2266 565 2344 637; x_wconf 81' lang='grc' dir='ltr'>τῷ</span> <span class='ocrx_word' id='word_1_146' title='bbox 2377 564 2561 636; x_wconf 85' lang='grc' dir='ltr'>κόλπῳ</span> <span class='ocrx_word' id='word_1_147' title='bbox 2597 563 2691 618; x_wconf 90' lang='grc' dir='ltr'><strong>τοῦ</strong></span> <span class='ocrx_word' id='word_1_148' title='bbox 2741 563 2915 636; x_wconf 89' lang='grc' dir='ltr'>Ἰησοῦ</span> <span class='ocrx_word' id='word_1_149' title='bbox 2938 580 2952 595; x_wconf 74' lang='grc' dir='ltr'><strong><em>ο</em></strong></span> <span class='ocrx_word' id='word_1_150' title='bbox 2993 564 3184 633; x_wconf 81' lang='grc' dir='ltr'>ἠγάπα</span> <span class='ocrx_word' id='word_1_151' title='bbox 3221 562 3330 635; x_wconf 85' lang='grc' dir='ltr'><strong>γάρ</strong></span> <span class='ocrx_word' id='word_1_152' title='bbox 3367 563 3530 618; x_wconf 85' lang='grc' dir='ltr'>αὐτὸν</span> <span class='ocrx_word' id='word_1_153' title='bbox 3575 566 3604 618; x_wconf 99' lang='lat'><strong>6</strong></span> <span class='ocrx_word' id='word_1_154' title='bbox 3656 566 3752 635; x_wconf 79' lang='grc' dir='ltr'>Ἰη-</span> 
     </span>
    </p>
   </div>
   <div class='ocr_carea' id='block_1_21' title="bbox 2171 650 3761 730">
    <p class='ocr_par' dir='ltr' id='par_1_21' title="bbox 2171 650 3761 730">
     <span class='ocr_line' id='line_1_21' title="bbox 2171 650 3761 730; baseline 0 -18"><span class='ocrx_word' id='word_1_155' title='bbox 2171 657 2318 724; x_wconf 88' lang='grc' dir='ltr'>σοῦς,</span> <span class='ocrx_word' id='word_1_156' title='bbox 2352 660 2448 712; x_wconf 76' lang='grc' dir='ltr'>καὶ</span> <span class='ocrx_word' id='word_1_157' title='bbox 2483 661 2550 730; x_wconf 81' lang='grc' dir='ltr'>τῇ</span> <span class='ocrx_word' id='word_1_158' title='bbox 2581 657 2774 729; x_wconf 79' lang='grc' dir='ltr'>ἀγάπῃ</span> <span class='ocrx_word' id='word_1_159' title='bbox 2803 650 2925 711; x_wconf 78' lang='grc' dir='ltr'>ἔλυε</span> <span class='ocrx_word' id='word_1_160' title='bbox 2959 657 3070 710; x_wconf 80' lang='grc' dir='ltr'><strong>πᾶν</strong></span> <span class='ocrx_word' id='word_1_161' title='bbox 3102 655 3163 710; x_wconf 93' lang='grc' dir='ltr'><strong>τὸ</strong></span> <span class='ocrx_word' id='word_1_162' title='bbox 3203 656 3413 719; x_wconf 79' lang='grc' dir='ltr'>σκότος.</span> <span class='ocrx_word' id='word_1_163' title='bbox 3462 656 3603 709; x_wconf 84' lang='grc' dir='ltr'>Ἀλλ’</span> <span class='ocrx_word' id='word_1_164' title='bbox 3637 657 3761 712; x_wconf 64' lang='grc' dir='ltr'>οὐδὲ</span> 
     </span>
    </p>
   </div>
   <div class='ocr_carea' id='block_1_22' title="bbox 2170 747 3760 824">
    <p class='ocr_par' dir='ltr' id='par_1_22' title="bbox 2170 747 3760 824">
     <span class='ocr_line' id='line_1_22' title="bbox 2170 747 3760 824; baseline 0.001 -19"><span class='ocrx_word' id='word_1_165' title='bbox 2170 751 2366 824; x_wconf 80' lang='grc' dir='ltr'><strong>Πέτρῳ</strong></span> <span class='ocrx_word' id='word_1_166' title='bbox 2403 750 2751 821; x_wconf 82' lang='grc' dir='ltr'>ὁμολογοῦντι</span> <span class='ocrx_word' id='word_1_167' title='bbox 2788 751 2850 804; x_wconf 93' lang='grc' dir='ltr'><strong>τό</strong></span> <span class='ocrx_word' id='word_1_168' title='bbox 2873 768 2887 781; x_wconf 76' lang='grc' dir='ltr'><strong><em>ο</em></strong></span> <span class='ocrx_word' id='word_1_169' title='bbox 2935 769 2954 803; x_wconf 73' lang='grc' dir='ltr'><strong>ι</strong></span> <span class='ocrx_word' id='word_1_170' title='bbox 2992 751 3067 804; x_wconf 81' lang='grc' dir='ltr'><strong>Σὺ</strong></span> <span class='ocrx_word' id='word_1_171' title='bbox 3123 747 3175 803; x_wconf 81' lang='grc' dir='ltr'><strong>εῐ</strong></span> <span class='ocrx_word' id='word_1_172' title='bbox 3209 749 3238 802; x_wconf 94' lang='lat'><strong>6</strong></span> <span class='ocrx_word' id='word_1_173' title='bbox 3284 750 3519 822; x_wconf 84' lang='grc' dir='ltr'>Χριστὸς</span> <span class='ocrx_word' id='word_1_174' title='bbox 3557 755 3586 806; x_wconf 93' lang='lat'><strong>6</strong></span> <span class='ocrx_word' id='word_1_175' title='bbox 3633 753 3760 817; x_wconf 78' lang='grc' dir='ltr'>Υἱὸς</span> 
     </span>
    </p>
   </div>
   <div class='ocr_carea' id='block_1_23' title="bbox 2168 838 3759 914">
    <p class='ocr_par' dir='ltr' id='par_1_23' title="bbox 2168 838 3759 914">
     <span class='ocr_line' id='line_1_23' title="bbox 2168 838 3759 914; baseline 0.001 -19"><span class='ocrx_word' id='word_1_176' title='bbox 2168 841 2265 895; x_wconf 89' lang='grc' dir='ltr'><strong>τοῦ</strong></span> <span class='ocrx_word' id='word_1_177' title='bbox 2323 840 2459 895; x_wconf 86' lang='grc' dir='ltr'>Θεοῦ</span> <span class='ocrx_word' id='word_1_178' title='bbox 2512 841 2605 895; x_wconf 90' lang='grc' dir='ltr'><strong>τοῦ</strong></span> <span class='ocrx_word' id='word_1_179' title='bbox 2664 838 2891 906; x_wconf 81' lang='grc' dir='ltr'>ζῶντος,</span> <span class='ocrx_word' id='word_1_180' title='bbox 2938 860 2958 893; x_wconf 69' lang='grc' dir='ltr'><strong>ι</strong></span> <span class='ocrx_word' id='word_1_181' title='bbox 3000 840 3451 912; x_wconf 72' lang='grc' dir='ltr'>ἀποκαλύψαντος</span> <span class='ocrx_word' id='word_1_182' title='bbox 3486 842 3634 914; x_wconf 79' lang='grc' dir='ltr'>αὐτῷ</span> <span class='ocrx_word' id='word_1_183' title='bbox 3666 844 3759 897; x_wconf 72' lang='grc' dir='ltr'><strong>τοῦ</strong></span> 
     </span>
    </p>
   </div>
   <div class='ocr_carea' id='block_1_24' title="bbox 2168 928 3764 1009">
    <p class='ocr_par' dir='ltr' id='par_1_24' title="bbox 2168 928 3764 1009">
     <span class='ocr_line' id='line_1_24' title="bbox 2168 928 3764 1009; baseline 0.002 -23"><span class='ocrx_word' id='word_1_184' title='bbox 2168 933 2421 1005; x_wconf 80' lang='grc' dir='ltr'>οὐρανίου</span> <span class='ocrx_word' id='word_1_185' title='bbox 2448 933 2659 1003; x_wconf 90' lang='grc' dir='ltr'>Πατρὸς</span> <span class='ocrx_word' id='word_1_186' title='bbox 2682 972 2696 997; x_wconf 88' lang='grc'><strong>,</strong></span> <span class='ocrx_word' id='word_1_187' title='bbox 2725 932 2821 1001; x_wconf 83' lang='grc' dir='ltr'><strong>νὺξ</strong></span> <span class='ocrx_word' id='word_1_188' title='bbox 2854 928 2951 1005; x_wconf 78' lang='grc' dir='ltr'><strong>ἦν’</strong></span> <span class='ocrx_word' id='word_1_189' title='bbox 2990 933 3125 989; x_wconf 79' lang='grc' dir='ltr'>ἀ-λλά</span> <span class='ocrx_word' id='word_1_190' title='bbox 3167 933 3263 1001; x_wconf 80' lang='grc' dir='ltr'><strong>νὺξ</strong></span> <span class='ocrx_word' id='word_1_191' title='bbox 3300 934 3417 1005; x_wconf 83' lang='grc' dir='ltr'><strong>ἄμα</strong></span> <span class='ocrx_word' id='word_1_192' title='bbox 3463 935 3613 1007; x_wconf 81' lang='grc' dir='ltr'>αὐτῷ</span> <span class='ocrx_word' id='word_1_193' title='bbox 3647 935 3764 1009; x_wconf 81' lang='grc'><strong>(21)</strong></span> 
     </span>
    </p>
   </div>
   <div class='ocr_carea' id='block_1_25' title="bbox 2167 1022 3763 1098">
    <p class='ocr_par' dir='ltr' id='par_1_25' title="bbox 2167 1022 3763 1098">
     <span class='ocr_line' id='line_1_25' title="bbox 2167 1022 3763 1098; baseline 0.001 -17"><span class='ocrx_word' id='word_1_194' title='bbox 2167 1026 2264 1081; x_wconf 81' lang='grc' dir='ltr'><strong>καὶ</strong></span> <span class='ocrx_word' id='word_1_195' title='bbox 2295 1024 2524 1098; x_wconf 75' lang='grc' dir='ltr'>ἄρνησις</span> <span class='ocrx_word' id='word_1_196' title='bbox 2558 1022 2645 1098; x_wconf 85' lang='grc' dir='ltr'><strong>ἦν.</strong></span> <span class='ocrx_word' id='word_1_197' title='bbox 2680 1025 2791 1079; x_wconf 82' lang='lat' dir='ltr'><strong>Kal.</strong></span> <span class='ocrx_word' id='word_1_198' title='bbox 2830 1025 2926 1081; x_wconf 89' lang='grc' dir='ltr'><strong>νῦν</strong></span> <span class='ocrx_word' id='word_1_199' title='bbox 2963 1025 3144 1080; x_wconf 83' lang='grc' dir='ltr'>τοίνυν</span> <span class='ocrx_word' id='word_1_200' title='bbox 3187 1028 3277 1080; x_wconf 85' lang='grc' dir='ltr'>ὅτε</span> <span class='ocrx_word' id='word_1_201' title='bbox 3333 1026 3515 1082; x_wconf 76' lang='grc' dir='ltr'>λαϐὼν</span> <span class='ocrx_word' id='word_1_202' title='bbox 3553 1026 3618 1082; x_wconf 83' lang='grc' dir='ltr'><strong>τὸ</strong></span> <span class='ocrx_word' id='word_1_203' title='bbox 3649 1027 3763 1098; x_wconf 74' lang='grc' dir='ltr'><strong>ψω-</strong></span> 
     </span>
    </p>
   </div>
   <div class='ocr_carea' id='block_1_26' title="bbox 2173 1114 3763 1191">
    <p class='ocr_par' dir='ltr' id='par_1_26' title="bbox 2173 1114 3763 1191">
     <span class='ocr_line' id='line_1_26' title="bbox 2173 1114 3763 1191; baseline 0.001 -20"><span class='ocrx_word' id='word_1_204' title='bbox 2173 1117 2295 1189; x_wconf 90' lang='grc' dir='ltr'>μίον</span> <span class='ocrx_word' id='word_1_205' title='bbox 2322 1119 2352 1171; x_wconf 91' lang='lat'><strong>6</strong></span> <span class='ocrx_word' id='word_1_206' title='bbox 2396 1117 2598 1183; x_wconf 80' lang='grc' dir='ltr'><strong>Ἰούδας</strong></span> <span class='ocrx_word' id='word_1_207' title='bbox 2645 1116 2867 1189; x_wconf 82' lang='grc' dir='ltr'>ἐξῆλθεν</span> <span class='ocrx_word' id='word_1_208' title='bbox 2896 1116 3059 1183; x_wconf 82' lang='grc' dir='ltr'>εὐθὺς</span> <span class='ocrx_word' id='word_1_209' title='bbox 3082 1158 3097 1185; x_wconf 91' lang='grc'><strong>,</strong></span> <span class='ocrx_word' id='word_1_210' title='bbox 3143 1119 3265 1172; x_wconf 88' lang='grc' dir='ltr'>τότε</span> <span class='ocrx_word' id='word_1_211' title='bbox 3315 1117 3581 1184; x_wconf 75' lang='grc' dir='ltr'>ἐξελθόντι</span> <span class='ocrx_word' id='word_1_212' title='bbox 3611 1114 3763 1191; x_wconf 84' lang='grc' dir='ltr'>αὑτῷ</span> 
     </span>
    </p>
   </div>
   <div class='ocr_carea' id='block_1_27' title="bbox 2168 1203 3763 1284">
    <p class='ocr_par' dir='ltr' id='par_1_27' title="bbox 2168 1203 3763 1284">
     <span class='ocr_line' id='line_1_27' title="bbox 2168 1203 3763 1284; baseline -0.004 -17"><span class='ocrx_word' id='word_1_213' title='bbox 2168 1211 2266 1279; x_wconf 80' lang='grc' dir='ltr'><strong>νὺξ</strong></span> <span class='ocrx_word' id='word_1_214' title='bbox 2288 1207 2357 1283; x_wconf 81' lang='grc' dir='ltr'>ἦν</span> <span class='ocrx_word' id='word_1_215' title='bbox 2381 1227 2395 1242; x_wconf 81' lang='grc' dir='ltr'><strong><em>ο</em></strong></span> <span class='ocrx_word' id='word_1_216' title='bbox 2425 1212 2486 1265; x_wconf 83' lang='grc' dir='ltr'><strong>οὐ</strong></span> <span class='ocrx_word' id='word_1_217' title='bbox 2507 1210 2617 1284; x_wconf 82' lang='grc' dir='ltr'><strong>γάρ</strong></span> <span class='ocrx_word' id='word_1_218' title='bbox 2639 1210 2823 1281; x_wconf 80' lang='grc' dir='ltr'>παρῆν</span> <span class='ocrx_word' id='word_1_219' title='bbox 2850 1208 2999 1281; x_wconf 80' lang='grc' dir='ltr'>αὐτῷ</span> <span class='ocrx_word' id='word_1_220' title='bbox 3025 1212 3053 1264; x_wconf 98' lang='lat'><strong>6</strong></span> <span class='ocrx_word' id='word_1_221' title='bbox 3074 1210 3216 1282; x_wconf 82' lang='grc' dir='ltr'>ἀνὴρ</span> <span class='ocrx_word' id='word_1_222' title='bbox 3306 1210 3478 1281; x_wconf 79' lang='grc' dir='ltr'>ὄνομα</span> <span class='ocrx_word' id='word_1_223' title='bbox 3504 1211 3763 1284; x_wconf 82' lang='grc' dir='ltr'>ἀνατολὴ,</span> 
     </span>
    </p>
   </div>
   <div class='ocr_carea' id='block_1_28' title="bbox 2168 1301 3762 1378">
    <p class='ocr_par' dir='ltr' id='par_1_28' title="bbox 2168 1301 3762 1378">
     <span class='ocr_line' id='line_1_28' title="bbox 2168 1301 3762 1378; baseline 0 -20"><span class='ocrx_word' id='word_1_224' title='bbox 2168 1303 2524 1359; x_wconf 83' lang='grc' dir='ltr'>καταλιπόντι</span> <span class='ocrx_word' id='word_1_225' title='bbox 2551 1305 2608 1357; x_wconf 89' lang='grc' dir='ltr'><strong>ἐν</strong></span> <span class='ocrx_word' id='word_1_226' title='bbox 2646 1301 2722 1375; x_wconf 83' lang='grc' dir='ltr'>τῷ</span> <span class='ocrx_word' id='word_1_227' title='bbox 2754 1302 3129 1374; x_wconf 81' lang='grc' dir='ltr'>ἐξεληλυθέναι</span> <span class='ocrx_word' id='word_1_228' title='bbox 3154 1304 3246 1357; x_wconf 86' lang='grc' dir='ltr'><strong>τὸν</strong></span> <span class='ocrx_word' id='word_1_229' title='bbox 3285 1303 3387 1373; x_wconf 85' lang='grc' dir='ltr'><strong>τῆς</strong></span> <span class='ocrx_word' id='word_1_230' title='bbox 3415 1304 3762 1378; x_wconf 84' lang='grc' dir='ltr'>δικαιοσύνης</span> 
     </span>
    </p>
   </div>
   <div class='ocr_carea' id='block_1_29' title="bbox 2167 1393 3760 1468">
    <p class='ocr_par' dir='ltr' id='par_1_29' title="bbox 2167 1393 3760 1468">
     <span class='ocr_line' id='line_1_29' title="bbox 2167 1393 3760 1468; baseline 0 -20"><span class='ocrx_word' id='word_1_231' title='bbox 2167 1397 2336 1468; x_wconf 74' lang='grc' dir='ltr'>ἥλιον.</span> <span class='ocrx_word' id='word_1_232' title='bbox 2366 1396 2476 1449; x_wconf 62' lang='grc' dir='ltr'><strong>Καὶ¹</strong></span> <span class='ocrx_word' id='word_1_233' title='bbox 2503 1395 2693 1449; x_wconf 90' lang='grc' dir='ltr'>ἐδίωκε</span> <span class='ocrx_word' id='word_1_234' title='bbox 2723 1393 2824 1465; x_wconf 85' lang='grc' dir='ltr'><strong>μὲν</strong></span> <span class='ocrx_word' id='word_1_235' title='bbox 2844 1395 2935 1448; x_wconf 91' lang='grc' dir='ltr'><strong>τὸν</strong></span> <span class='ocrx_word' id='word_1_236' title='bbox 2972 1395 3181 1466; x_wconf 82' lang='grc' dir='ltr'>Ἰησοῦν</span> <span class='ocrx_word' id='word_1_237' title='bbox 3210 1396 3238 1448; x_wconf 90' lang='lat'><strong>6</strong></span> <span class='ocrx_word' id='word_1_238' title='bbox 3266 1395 3468 1460; x_wconf 81' lang='grc' dir='ltr'><strong>Ἰούδας</strong></span> <span class='ocrx_word' id='word_1_239' title='bbox 3499 1395 3601 1466; x_wconf 82' lang='grc' dir='ltr'>τῆς</span> <span class='ocrx_word' id='word_1_240' title='bbox 3629 1411 3760 1449; x_wconf 82' lang='grc' dir='ltr'>σκο-</span> 
     </span>
    </p>
   </div>
   <div class='ocr_carea' id='block_1_30' title="bbox 2167 1485 3760 1561">
    <p class='ocr_par' dir='ltr' id='par_1_30' title="bbox 2167 1485 3760 1561">
     <span class='ocr_line' id='line_1_30' title="bbox 2167 1485 3760 1561; baseline -0.003 -19"><span class='ocrx_word' id='word_1_241' title='bbox 2167 1488 2290 1552; x_wconf 87' lang='grc' dir='ltr'>τίας</span> <span class='ocrx_word' id='word_1_242' title='bbox 2321 1488 2776 1561; x_wconf 74' lang='grc' dir='ltr'>πεπληρωμένοςο</span> <span class='ocrx_word' id='word_1_243' title='bbox 2804 1487 2920 1543; x_wconf 74' lang='grc' dir='ltr'>ἀλλ’</span> <span class='ocrx_word' id='word_1_244' title='bbox 2952 1490 2986 1560; x_wconf 83' lang='grc' dir='ltr'><strong>ἡ</strong></span> <span class='ocrx_word' id='word_1_245' title='bbox 3018 1488 3236 1552; x_wconf 83' lang='grc' dir='ltr'>σκοτία,</span> <span class='ocrx_word' id='word_1_246' title='bbox 3264 1487 3357 1541; x_wconf 76' lang='grc' dir='ltr'><strong>καὶ</strong></span> <span class='ocrx_word' id='word_1_247' title='bbox 3393 1488 3421 1539; x_wconf 87' lang='lat'><strong>6</strong></span> <span class='ocrx_word' id='word_1_248' title='bbox 3453 1485 3760 1557; x_wconf 83' lang='grc' dir='ltr'>ἀνειληφὼς</span> 
     </span>
    </p>
   </div>
   <div class='ocr_carea' id='block_1_31' title="bbox 2168 1578 3759 1660">
    <p class='ocr_par' dir='ltr' id='par_1_31' title="bbox 2168 1578 3759 1660">
     <span class='ocr_line' id='line_1_31' title="bbox 2168 1578 3759 1660; baseline -0.003 -23"><span class='ocrx_word' id='word_1_249' title='bbox 2168 1582 2339 1655; x_wconf 77' lang='grc' dir='ltr'>αὐτὴν</span> <span class='ocrx_word' id='word_1_250' title='bbox 2368 1584 2430 1636; x_wconf 86' lang='grc' dir='ltr'><strong>οὐ</strong></span> <span class='ocrx_word' id='word_1_251' title='bbox 2462 1582 2757 1654; x_wconf 85' lang='grc' dir='ltr'>κατείληφε</span> <span class='ocrx_word' id='word_1_252' title='bbox 2781 1582 2841 1637; x_wconf 89' lang='grc' dir='ltr'><strong>τὸ</strong></span> <span class='ocrx_word' id='word_1_253' title='bbox 2867 1581 3194 1652; x_wconf 84' lang='grc' dir='ltr'>διωκόμενον</span> <span class='ocrx_word' id='word_1_254' title='bbox 3228 1579 3364 1660; x_wconf 69' lang='grc' dir='ltr'><strong>ςεῶς.</strong></span> <span class='ocrx_word' id='word_1_255' title='bbox 3411 1578 3505 1633; x_wconf 83' lang='grc' dir='ltr'>Διὸ</span> <span class='ocrx_word' id='word_1_256' title='bbox 3544 1580 3640 1633; x_wconf 77' lang='grc' dir='ltr'>καὶ</span> <span class='ocrx_word' id='word_1_257' title='bbox 3670 1580 3759 1633; x_wconf 83' lang='grc' dir='ltr'>ὅτε</span> 
     </span>
    </p>
   </div>
   <div class='ocr_carea' id='block_1_32' title="bbox 2169 1668 3760 1745">
    <p class='ocr_par' dir='ltr' id='par_1_32' title="bbox 2169 1668 3760 1745">
     <span class='ocr_line' id='line_1_32' title="bbox 2169 1668 3760 1745; baseline -0.001 -19"><span class='ocrx_word' id='word_1_258' title='bbox 2169 1668 2322 1727; x_wconf 78' lang='grc' dir='ltr'>εἶπεν</span> <span class='ocrx_word' id='word_1_259' title='bbox 2345 1672 2421 1737; x_wconf 83' lang='grc' dir='ltr'>ὡς</span> <span class='ocrx_word' id='word_1_260' title='bbox 2444 1673 2793 1745; x_wconf 85' lang='grc' dir='ltr'>δικαιοσύνης</span> <span class='ocrx_word' id='word_1_261' title='bbox 2817 1672 2974 1743; x_wconf 86' lang='grc' dir='ltr'>λόγον</span> <span class='ocrx_word' id='word_1_262' title='bbox 2998 1673 3060 1725; x_wconf 89' lang='grc' dir='ltr'><strong>τό</strong></span> <span class='ocrx_word' id='word_1_263' title='bbox 3078 1689 3092 1703; x_wconf 79' lang='grc'><em>’</em></span> <span class='ocrx_word' id='word_1_264' title='bbox 3126 1691 3145 1725; x_wconf 75' lang='grc' dir='ltr'><strong>ι</strong></span> <span class='ocrx_word' id='word_1_265' title='bbox 3162 1673 3445 1745; x_wconf 84' lang='grc' dir='ltr'>Ἥμαρτον</span> <span class='ocrx_word' id='word_1_266' title='bbox 3480 1672 3760 1745; x_wconf 77' lang='grc' dir='ltr'>παραδοὺς</span> 
     </span>
    </p>
   </div>
   <div class='ocr_carea' id='block_1_33' title="bbox 2169 1759 3762 1835">
    <p class='ocr_par' dir='ltr' id='par_1_33' title="bbox 2169 1759 3762 1835">
     <span class='ocr_line' id='line_1_33' title="bbox 2169 1759 3762 1835; baseline 0 -17"><span class='ocrx_word' id='word_1_267' title='bbox 2169 1759 2309 1835; x_wconf 72' lang='grc' dir='ltr'>αἷμα</span> <span class='ocrx_word' id='word_1_268' title='bbox 2336 1764 2562 1829; x_wconf 82' lang='grc' dir='ltr'>δίκαιον,</span> <span class='ocrx_word' id='word_1_269' title='bbox 2596 1783 2615 1817; x_wconf 75' lang='grc' dir='ltr'><strong>ι</strong></span> <span class='ocrx_word' id='word_1_270' title='bbox 2653 1762 2907 1818; x_wconf 85' lang='grc' dir='ltr'>ἀπελθὼν</span> <span class='ocrx_word' id='word_1_271' title='bbox 2935 1762 3240 1835; x_wconf 82' lang='grc' dir='ltr'><strong>ἀπήγξατο,</strong></span> <span class='ocrx_word' id='word_1_272' title='bbox 3268 1762 3365 1816; x_wconf 89' lang='grc' dir='ltr'><strong>τοῦ</strong></span> <span class='ocrx_word' id='word_1_273' title='bbox 3394 1766 3452 1817; x_wconf 89' lang='grc' dir='ltr'><strong>ἐν</strong></span> <span class='ocrx_word' id='word_1_274' title='bbox 3478 1763 3629 1835; x_wconf 82' lang='grc' dir='ltr'>αὺτῷ</span> <span class='ocrx_word' id='word_1_275' title='bbox 3656 1764 3762 1818; x_wconf 88' lang='grc' dir='ltr'><strong>Σα-</strong></span> 
     </span>
    </p>
   </div>
   <div class='ocr_carea' id='block_1_34' title="bbox 480 1849 2065 1937">
    <p class='ocr_par' dir='ltr' id='par_1_34' title="bbox 480 1849 2065 1923">
     <span class='ocr_line' id='line_1_34' title="bbox 480 1849 2065 1923; baseline 0.004 -18"><span class='ocrx_word' id='word_1_276' title='bbox 480 1849 588 1907; x_wconf 89' lang='lat' dir='ltr'><strong>lem</strong></span> <span class='ocrx_word' id='word_1_277' title='bbox 613 1850 685 1909; x_wconf 83' lang='grc'><strong>⁵⁸.</strong></span> <span class='ocrx_word' id='word_1_278' title='bbox 718 1850 799 1907; x_wconf 84' lang='lat' dir='ltr'><strong>Ac</strong></span> <span class='ocrx_word' id='word_1_279' title='bbox 825 1849 1012 1906; x_wconf 85' lang='lat' dir='ltr'><strong>Jesum</strong></span> <span class='ocrx_word' id='word_1_280' title='bbox 1046 1853 1265 1921; x_wconf 91' lang='lat' dir='ltr'><strong>quidem</strong></span> <span class='ocrx_word' id='word_1_281' title='bbox 1315 1853 1750 1923; x_wconf 90' lang='lat' dir='ltr'><strong>persequebatur</strong></span> <span class='ocrx_word' id='word_1_282' title='bbox 1782 1852 1953 1910; x_wconf 84' lang='lat' dir='ltr'><strong>Judas</strong></span> <span class='ocrx_word' id='word_1_283' title='bbox 1985 1865 2065 1911; x_wconf 90' lang='lat' dir='ltr'><strong>te-</strong></span> 
     </span>
    </p>
   </div>
   <div class='ocr_carea' id='block_1_35' title="bbox 2168 1849 3760 1937">
    <p class='ocr_par' dir='ltr' id='par_1_35' title="bbox 2168 1854 3760 1928">
     <span class='ocr_line' id='line_1_35' title="bbox 2168 1854 3760 1928; baseline -0.001 -17"><span class='ocrx_word' id='word_1_284' title='bbox 2168 1857 2303 1911; x_wconf 80' lang='grc' dir='ltr'>τανᾶ</span> <span class='ocrx_word' id='word_1_285' title='bbox 2331 1856 2493 1928; x_wconf 85' lang='grc' dir='ltr'>μέχρι</span> <span class='ocrx_word' id='word_1_286' title='bbox 2521 1856 2621 1926; x_wconf 84' lang='grc' dir='ltr'>τῆς</span> <span class='ocrx_word' id='word_1_287' title='bbox 2645 1856 2882 1928; x_wconf 85' lang='grc' dir='ltr'>ἀγχόνης</span> <span class='ocrx_word' id='word_1_288' title='bbox 2908 1856 3069 1910; x_wconf 82' lang='grc' dir='ltr'>αὐτὸν</span> <span class='ocrx_word' id='word_1_289' title='bbox 3098 1857 3633 1928; x_wconf 86' lang='grc' dir='ltr'>χειραγωγήσαντος,</span> <span class='ocrx_word' id='word_1_290' title='bbox 3663 1854 3760 1912; x_wconf 79' lang='grc' dir='ltr'>καὶ</span> 
     </span>
    </p>
   </div>
   <div class='ocr_carea' id='block_1_36' title="bbox 480 1943 2064 2016">
    <p class='ocr_par' dir='ltr' id='par_1_36' title="bbox 480 1943 2064 2016">
     <span class='ocr_line' id='line_1_36' title="bbox 480 1943 2064 2016; baseline 0.003 -17"><span class='ocrx_word' id='word_1_291' title='bbox 480 1945 776 1999; x_wconf 86' lang='lat' dir='ltr'><strong>nebrarum</strong></span> <span class='ocrx_word' id='word_1_292' title='bbox 802 1943 1039 2013; x_wconf 91' lang='lat' dir='ltr'><strong>plenus;</strong></span> <span class='ocrx_word' id='word_1_293' title='bbox 1072 1943 1167 1998; x_wconf 88' lang='lat' dir='ltr'><strong>sed</strong></span> <span class='ocrx_word' id='word_1_294' title='bbox 1205 1943 1465 2010; x_wconf 58' lang='lat' dir='ltr'><strong>tenebrae,</strong></span> <span class='ocrx_word' id='word_1_295' title='bbox 1491 1956 1547 2000; x_wconf 87' lang='lat' dir='ltr'><strong>et</strong></span> <span class='ocrx_word' id='word_1_296' title='bbox 1583 1945 1674 2015; x_wconf 89' lang='lat' dir='ltr'><strong>qui</strong></span> <span class='ocrx_word' id='word_1_297' title='bbox 1726 1945 1873 2016; x_wconf 88' lang='lat' dir='ltr'><strong>ipsas</strong></span> <span class='ocrx_word' id='word_1_298' title='bbox 1911 1959 2064 2003; x_wconf 85' lang='lat' dir='ltr'><strong>rece-</strong></span> 
     </span>
    </p>
   </div>
   <div class='ocr_carea' id='block_1_37' title="bbox 478 2035 2067 2109">
    <p class='ocr_par' dir='ltr' id='par_1_37' title="bbox 478 2035 2067 2109">
     <span class='ocr_line' id='line_1_37' title="bbox 478 2035 2067 2109; baseline 0.003 -19"><span class='ocrx_word' id='word_1_299' title='bbox 478 2043 656 2107; x_wconf 83' lang='lat' dir='ltr'><strong>perat,</strong></span> <span class='ocrx_word' id='word_1_300' title='bbox 687 2050 795 2092; x_wconf 89' lang='lat' dir='ltr'><strong>non</strong></span> <span class='ocrx_word' id='word_1_301' title='bbox 830 2036 1307 2106; x_wconf 87' lang='lat' dir='ltr'><strong>apprehendcrunt</strong></span> <span class='ocrx_word' id='word_1_302' title='bbox 1336 2035 1512 2092; x_wconf 88' lang='lat' dir='ltr'><strong>lucem</strong></span> <span class='ocrx_word' id='word_1_303' title='bbox 1529 2036 1579 2070; x_wconf 64' lang='grc' dir='ltr'><strong>ἰ</strong></span> <span class='ocrx_word' id='word_1_304' title='bbox 1596 2052 1757 2106; x_wconf 86' lang='lat' dir='ltr'><strong>quam</strong></span> <span class='ocrx_word' id='word_1_305' title='bbox 1780 2051 2067 2109; x_wconf 59' lang='lat' dir='ltr'><strong>per-seque.</strong></span> 
     </span>
    </p>
   </div>
   <div class='ocr_carea' id='block_1_38' title="bbox 478 2127 2065 2200">
    <p class='ocr_par' dir='ltr' id='par_1_38' title="bbox 478 2127 2065 2200">
     <span class='ocr_line' id='line_1_38' title="bbox 478 2127 2065 2200; baseline 0.001 -15"><span class='ocrx_word' id='word_1_306' title='bbox 478 2130 699 2185; x_wconf 89' lang='lat' dir='ltr'><strong>bantur.</strong></span> <span class='ocrx_word' id='word_1_307' title='bbox 746 2127 1014 2196; x_wconf 83' lang='lat' dir='ltr'><strong>Quocirca</strong></span> <span class='ocrx_word' id='word_1_308' title='bbox 1057 2143 1183 2185; x_wconf 91' lang='lat' dir='ltr'><strong>cum</strong></span> <span class='ocrx_word' id='word_1_309' title='bbox 1238 2127 1467 2185; x_wconf 78' lang='lat' dir='ltr'><strong>dixisset</strong></span> <span class='ocrx_word' id='word_1_310' title='bbox 1528 2139 1786 2200; x_wconf 88' lang='lat' dir='ltr'><strong>tanquam</strong></span> <span class='ocrx_word' id='word_1_311' title='bbox 1838 2127 2065 2198; x_wconf 65' lang='lat' dir='ltr'><strong>iustitiae</strong></span> 
     </span>
    </p>
   </div>
   <div class='ocr_carea' id='block_1_39' title="bbox 353 2219 2057 2292">
    <p class='ocr_par' dir='ltr' id='par_1_39' title="bbox 353 2219 2057 2292">
     <span class='ocr_line' id='line_1_39' title="bbox 353 2219 2057 2292; baseline 0 -16"><span class='ocrx_word' id='word_1_312' title='bbox 353 2253 361 2259; x_wconf 94' lang='lat'><strong><em>-</em></strong></span> <span class='ocrx_word' id='word_1_313' title='bbox 477 2234 824 2277; x_wconf 83' lang='lat' dir='ltr'><strong>sermonem:</strong></span> <span class='ocrx_word' id='word_1_314' title='bbox 845 2219 1112 2277; x_wconf 70' lang='lat' dir='ltr'><strong>«Peccavi</strong></span> <span class='ocrx_word' id='word_1_315' title='bbox 1143 2220 1365 2277; x_wconf 88' lang='lat' dir='ltr'><strong>tradens</strong></span> <span class='ocrx_word' id='word_1_316' title='bbox 1396 2222 1713 2292; x_wconf 87' lang='lat' dir='ltr'><strong>sanguinem</strong></span> <span class='ocrx_word' id='word_1_317' title='bbox 1733 2221 1937 2290; x_wconf 82' lang='lat' dir='ltr'><strong>justum</strong></span> <span class='ocrx_word' id='word_1_318' title='bbox 1954 2222 2057 2290; x_wconf 75' lang='grc' dir='ltr'>³⁸,ι</span> 
     </span>
    </p>
   </div>
   <div class='ocr_carea' id='block_1_40' title="bbox 479 2311 2060 2386">
    <p class='ocr_par' dir='ltr' id='par_1_40' title="bbox 479 2311 2060 2386">
     <span class='ocr_line' id='line_1_40' title="bbox 479 2311 2060 2386; baseline 0.001 -19"><span class='ocrx_word' id='word_1_319' title='bbox 479 2313 760 2382; x_wconf 79' lang='lat' dir='ltr'><strong>profectus</strong></span> <span class='ocrx_word' id='word_1_320' title='bbox 803 2311 1000 2386; x_wconf 87' lang='lat' dir='ltr'><strong>laqueo</strong></span> <span class='ocrx_word' id='word_1_321' title='bbox 1058 2328 1118 2369; x_wconf 87' lang='lat' dir='ltr'><strong>se</strong></span> <span class='ocrx_word' id='word_1_322' title='bbox 1176 2312 1525 2385; x_wconf 65' lang='lat' dir='ltr'><strong>praefocavit;</strong></span> <span class='ocrx_word' id='word_1_323' title='bbox 1556 2312 1758 2369; x_wconf 88' lang='lat' dir='ltr'><strong>Satana</strong></span> <span class='ocrx_word' id='word_1_324' title='bbox 1802 2314 2060 2369; x_wconf 84' lang='lat' dir='ltr'><strong>nimirum</strong></span> 
     </span>
    </p>
   </div>
   <div class='ocr_carea' id='block_1_41' title="bbox 2174 1949 3763 2023">
    <p class='ocr_par' dir='ltr' id='par_1_41' title="bbox 2174 1949 3763 2023">
     <span class='ocr_line' id='line_1_41' title="bbox 2174 1949 3763 2023; baseline 0.004 -22"><span class='ocrx_word' id='word_1_325' title='bbox 2174 1949 2267 2002; x_wconf 79' lang='grc' dir='ltr'>ἐπὶ</span> <span class='ocrx_word' id='word_1_326' title='bbox 2291 1950 2497 2021; x_wconf 85' lang='grc' dir='ltr'>ταύτην</span> <span class='ocrx_word' id='word_1_327' title='bbox 2524 1949 2686 2003; x_wconf 86' lang='grc' dir='ltr'>αὐτὸν</span> <span class='ocrx_word' id='word_1_328' title='bbox 2725 1950 3166 2021; x_wconf 84' lang='grc' dir='ltr'>ἀναρτήσαντος,</span> <span class='ocrx_word' id='word_1_329' title='bbox 3199 1950 3289 2003; x_wconf 80' lang='grc' dir='ltr'><strong>ὅτε</strong></span> <span class='ocrx_word' id='word_1_330' title='bbox 3317 1951 3411 2004; x_wconf 72' lang='grc' dir='ltr'>καὶ</span> <span class='ocrx_word' id='word_1_331' title='bbox 3441 1951 3542 2023; x_wconf 86' lang='grc' dir='ltr'>τῆς</span> <span class='ocrx_word' id='word_1_332' title='bbox 3580 1951 3763 2022; x_wconf 76' lang='grc' dir='ltr'>ψυχῆς</span> 
     </span>
    </p>
   </div>
   <div class='ocr_carea' id='block_1_42' title="bbox 2172 2037 3761 2114">
    <p class='ocr_par' dir='ltr' id='par_1_42' title="bbox 2172 2037 3761 2114">
     <span class='ocr_line' id='line_1_42' title="bbox 2172 2037 3761 2114; baseline -0.001 -18"><span class='ocrx_word' id='word_1_333' title='bbox 2172 2040 2337 2097; x_wconf 83' lang='grc' dir='ltr'>αὐτοῦ</span> <span class='ocrx_word' id='word_1_334' title='bbox 2378 2043 2406 2095; x_wconf 92' lang='lat'><strong>6</strong></span> <span class='ocrx_word' id='word_1_335' title='bbox 2444 2040 2691 2104; x_wconf 75' lang='grc' dir='ltr'>διάϐολος</span> <span class='ocrx_word' id='word_1_336' title='bbox 2721 2041 2928 2112; x_wconf 78' lang='grc' dir='ltr'>ἥψατο·</span> <span class='ocrx_word' id='word_1_337' title='bbox 2960 2042 3021 2096; x_wconf 81' lang='grc' dir='ltr'><strong>οὐ</strong></span> <span class='ocrx_word' id='word_1_338' title='bbox 3052 2041 3161 2114; x_wconf 85' lang='grc' dir='ltr'><strong>γάρ</strong></span> <span class='ocrx_word' id='word_1_339' title='bbox 3204 2037 3273 2113; x_wconf 80' lang='grc' dir='ltr'>ἦν</span> <span class='ocrx_word' id='word_1_340' title='bbox 3300 2040 3541 2107; x_wconf 90' lang='grc' dir='ltr'>τοιοῦτος</span> <span class='ocrx_word' id='word_1_341' title='bbox 3568 2043 3645 2108; x_wconf 81' lang='grc' dir='ltr'>ὡς</span> <span class='ocrx_word' id='word_1_342' title='bbox 3674 2042 3761 2096; x_wconf 85' lang='grc' dir='ltr'>λε-</span> 
     </span>
    </p>
   </div>
   <div class='ocr_carea' id='block_1_43' title="bbox 2169 2133 3759 2208">
    <p class='ocr_par' dir='ltr' id='par_1_43' title="bbox 2169 2133 3759 2208">
     <span class='ocr_line' id='line_1_43' title="bbox 2169 2133 3759 2208; baseline 0.001 -20"><span class='ocrx_word' id='word_1_343' title='bbox 2169 2133 2366 2207; x_wconf 83' lang='grc' dir='ltr'>χθῆναι</span> <span class='ocrx_word' id='word_1_344' title='bbox 2412 2136 2542 2208; x_wconf 75' lang='grc' dir='ltr'>περὶ</span> <span class='ocrx_word' id='word_1_345' title='bbox 2569 2134 2734 2190; x_wconf 83' lang='grc' dir='ltr'>αὑτοῦ</span> <span class='ocrx_word' id='word_1_346' title='bbox 2786 2133 2891 2189; x_wconf 82' lang='grc' dir='ltr'><strong>ὑπὸ</strong></span> <span class='ocrx_word' id='word_1_347' title='bbox 2916 2134 3121 2205; x_wconf 80' lang='grc' dir='ltr'>Κυρίου</span> <span class='ocrx_word' id='word_1_348' title='bbox 3149 2166 3166 2196; x_wconf 68' lang='grc' dir='ltr'><strong>ς</strong></span> <span class='ocrx_word' id='word_1_349' title='bbox 3194 2134 3333 2207; x_wconf 79' lang='grc' dir='ltr'>ὅπερ</span> <span class='ocrx_word' id='word_1_350' title='bbox 3373 2135 3590 2206; x_wconf 75' lang='grc' dir='ltr'>εἴρηται</span> <span class='ocrx_word' id='word_1_351' title='bbox 3629 2134 3759 2206; x_wconf 69' lang='grc' dir='ltr'>περὶ</span> 
     </span>
    </p>
   </div>
   <div class='ocr_carea' id='block_1_44' title="bbox 2166 2223 3760 2300">
    <p class='ocr_par' dir='ltr' id='par_1_44' title="bbox 2166 2223 3760 2300">
     <span class='ocr_line' id='line_1_44' title="bbox 2166 2223 3760 2300; baseline 0.002 -20"><span class='ocrx_word' id='word_1_352' title='bbox 2166 2223 2265 2280; x_wconf 86' lang='grc' dir='ltr'><strong>τοῦ</strong></span> <span class='ocrx_word' id='word_1_353' title='bbox 2302 2225 2422 2279; x_wconf 80' lang='grc' dir='ltr'>Ἰὼϐ</span> <span class='ocrx_word' id='word_1_354' title='bbox 2449 2228 2585 2300; x_wconf 80' lang='grc' dir='ltr'>πρὸς</span> <span class='ocrx_word' id='word_1_355' title='bbox 2614 2228 2704 2281; x_wconf 81' lang='grc' dir='ltr'><strong>τὸν</strong></span> <span class='ocrx_word' id='word_1_356' title='bbox 2724 2226 2966 2281; x_wconf 82' lang='grc' dir='ltr'>διάϐολον</span> <span class='ocrx_word' id='word_1_357' title='bbox 2990 2243 3001 2254; x_wconf 91' lang='grc'>·</span> <span class='ocrx_word' id='word_1_358' title='bbox 3045 2245 3064 2279; x_wconf 72' lang='grc' dir='ltr'>ι</span> <span class='ocrx_word' id='word_1_359' title='bbox 3089 2225 3245 2280; x_wconf 85' lang='grc' dir='ltr'>Ἀλλά</span> <span class='ocrx_word' id='word_1_360' title='bbox 3259 2227 3357 2298; x_wconf 81' lang='grc' dir='ltr'>τῆς</span> <span class='ocrx_word' id='word_1_361' title='bbox 3387 2225 3568 2298; x_wconf 79' lang='grc' dir='ltr'>ψυχῆς</span> <span class='ocrx_word' id='word_1_362' title='bbox 3591 2224 3760 2283; x_wconf 72' lang='grc' dir='ltr'>αὐτοῦ</span> 
     </span>
    </p>
   </div>
   <div class='ocr_carea' id='block_1_45' title="bbox 2172 2315 2483 2389">
    <p class='ocr_par' dir='ltr' id='par_1_45' title="bbox 2172 2315 2483 2389">
     <span class='ocr_line' id='line_1_45' title="bbox 2172 2315 2483 2389; baseline 0.003 -1"><span class='ocrx_word' id='word_1_363' title='bbox 2172 2315 2248 2388; x_wconf 80' lang='grc' dir='ltr'><strong>μὴ</strong></span> <span class='ocrx_word' id='word_1_364' title='bbox 2291 2316 2423 2389; x_wconf 66' lang='grc' dir='ltr'>διψη-</span> <span class='ocrx_word' id='word_1_365' title='bbox 2465 2336 2483 2369; x_wconf 81' lang='grc'><strong>›</strong></span> 
     </span>
    </p>
   </div>
   <div class='ocr_carea' id='block_1_46' title="bbox 480 2403 3757 2478">
    <p class='ocr_par' dir='ltr' id='par_1_46' title="bbox 480 2403 3757 2478">
     <span class='ocr_line' id='line_1_46' title="bbox 480 2403 3757 2478; baseline 0.002 -22"><span class='ocrx_word' id='word_1_366' title='bbox 480 2405 575 2475; x_wconf 83' lang='grc' dir='ltr'>(ιιιὶ</span> <span class='ocrx_word' id='word_1_367' title='bbox 600 2404 655 2459; x_wconf 93' lang='lat' dir='ltr'><strong>in</strong></span> <span class='ocrx_word' id='word_1_368' title='bbox 697 2403 813 2474; x_wconf 89' lang='lat' dir='ltr'><strong>ipso</strong></span> <span class='ocrx_word' id='word_1_369' title='bbox 842 2412 983 2471; x_wconf 90' lang='lat' dir='ltr'><strong>erat,</strong></span> <span class='ocrx_word' id='word_1_370' title='bbox 1024 2418 1147 2460; x_wconf 93' lang='lat' dir='ltr'><strong>eum</strong></span> <span class='ocrx_word' id='word_1_371' title='bbox 1179 2419 1352 2474; x_wconf 91' lang='lat' dir='ltr'><strong>usque</strong></span> <span class='ocrx_word' id='word_1_372' title='bbox 1374 2404 1442 2460; x_wconf 87' lang='lat' dir='ltr'><strong>ad</strong></span> <span class='ocrx_word' id='word_1_373' title='bbox 1480 2406 1734 2475; x_wconf 89' lang='lat' dir='ltr'><strong>laqueum</strong></span> <span class='ocrx_word' id='word_1_374' title='bbox 1799 2406 2205 2476; x_wconf 80' lang='lat' dir='ltr'><strong>adducente,’et</strong></span> <span class='ocrx_word' id='word_1_375' title='bbox 2265 2407 2317 2462; x_wconf 85' lang='lat' dir='ltr'><strong>iu</strong></span> <span class='ocrx_word' id='word_1_376' title='bbox 2348 2409 2455 2464; x_wconf 90' lang='lat' dir='ltr'><strong>hoc</strong></span> <span class='ocrx_word' id='word_1_377' title='bbox 2510 2408 2686 2478; x_wconf 84' lang='lat' dir='ltr'><strong>ipsum</strong></span> <span class='ocrx_word' id='word_1_378' title='bbox 2733 2408 3110 2478; x_wconf 76' lang='lat' dir='ltr'><strong>przel‘ocante;</strong></span> <span class='ocrx_word' id='word_1_379' title='bbox 3161 2408 3378 2477; x_wconf 87' lang='lat' dir='ltr'><strong>quando</strong></span> <span class='ocrx_word' id='word_1_380' title='bbox 3424 2420 3480 2463; x_wconf 92' lang='lat' dir='ltr'><strong>et</strong></span> <span class='ocrx_word' id='word_1_381' title='bbox 3519 2409 3757 2464; x_wconf 90' lang='lat' dir='ltr'><strong>animam</strong></span> 
     </span>
    </p>
   </div>
   <div class='ocr_carea' id='block_1_47' title="bbox 479 2494 3758 2572">
    <p class='ocr_par' dir='ltr' id='par_1_47' title="bbox 479 2494 3758 2572">
     <span class='ocr_line' id='line_1_47' title="bbox 479 2494 3758 2572; baseline 0.002 -19"><span class='ocrx_word' id='word_1_382' title='bbox 479 2495 601 2564; x_wconf 88' lang='lat' dir='ltr'><strong>ejus</strong></span> <span class='ocrx_word' id='word_1_383' title='bbox 629 2494 879 2552; x_wconf 89' lang='lat' dir='ltr'><strong>diabolus</strong></span> <span class='ocrx_word' id='word_1_384' title='bbox 918 2494 1139 2565; x_wconf 80' lang='lat' dir='ltr'><strong>attigit;</strong></span> <span class='ocrx_word' id='word_1_385' title='bbox 1171 2494 1371 2566; x_wconf 89' lang='lat' dir='ltr'><strong>quippe</strong></span> <span class='ocrx_word' id='word_1_386' title='bbox 1395 2495 1487 2565; x_wconf 88' lang='lat' dir='ltr'><strong>qui</strong></span> <span class='ocrx_word' id='word_1_387' title='bbox 1536 2495 1659 2550; x_wconf 87' lang='lat' dir='ltr'><strong>talis</strong></span> <span class='ocrx_word' id='word_1_388' title='bbox 1690 2510 1799 2551; x_wconf 87' lang='lat' dir='ltr'><strong>non</strong></span> <span class='ocrx_word' id='word_1_389' title='bbox 1836 2506 1982 2552; x_wconf 90' lang='lat' dir='ltr'><strong>esset</strong></span> <span class='ocrx_word' id='word_1_390' title='bbox 2012 2507 2072 2552; x_wconf 93' lang='lat' dir='ltr'><strong>ut</strong></span> <span class='ocrx_word' id='word_1_391' title='bbox 2106 2497 2175 2554; x_wconf 90' lang='lat' dir='ltr'><strong>de</strong></span> <span class='ocrx_word' id='word_1_392' title='bbox 2200 2512 2266 2555; x_wconf 90' lang='lat' dir='ltr'><strong>eo</strong></span> <span class='ocrx_word' id='word_1_393' title='bbox 2294 2498 2568 2555; x_wconf 85' lang='lat' dir='ltr'><strong>diceretur</strong></span> <span class='ocrx_word' id='word_1_394' title='bbox 2604 2517 2635 2555; x_wconf 88' lang='lat' dir='ltr'><strong>a</strong></span> <span class='ocrx_word' id='word_1_395' title='bbox 2679 2501 2926 2567; x_wconf 88' lang='lat' dir='ltr'><strong>Domino,</strong></span> <span class='ocrx_word' id='word_1_396' title='bbox 2958 2502 3101 2572; x_wconf 88' lang='lat' dir='ltr'><strong>quod</strong></span> <span class='ocrx_word' id='word_1_397' title='bbox 3157 2502 3223 2558; x_wconf 90' lang='lat' dir='ltr'><strong>de</strong></span> <span class='ocrx_word' id='word_1_398' title='bbox 3267 2500 3370 2558; x_wconf 86' lang='lat' dir='ltr'><strong>Job</strong></span> <span class='ocrx_word' id='word_1_399' title='bbox 3420 2511 3505 2558; x_wconf 87' lang='lat' dir='ltr'><strong>est</strong></span> <span class='ocrx_word' id='word_1_400' title='bbox 3553 2505 3758 2561; x_wconf 72' lang='lat' dir='ltr'><strong>dictum</strong></span> 
     </span>
    </p>
   </div>
   <div class='ocr_carea' id='block_1_48' title="bbox 480 2590 2063 2662">
    <p class='ocr_par' dir='ltr' id='par_1_48' title="bbox 480 2590 2063 2662">
     <span class='ocr_line' id='line_1_48' title="bbox 480 2590 2063 2662; baseline 0.001 -15"><span class='ocrx_word' id='word_1_401' title='bbox 480 2592 549 2649; x_wconf 84' lang='lat' dir='ltr'><strong>ad</strong></span> <span class='ocrx_word' id='word_1_402' title='bbox 601 2591 877 2647; x_wconf 89' lang='lat' dir='ltr'><strong>diabolum</strong></span> <span class='ocrx_word' id='word_1_403' title='bbox 913 2610 927 2647; x_wconf 88' lang='lat'><strong>:</strong></span> <span class='ocrx_word' id='word_1_404' title='bbox 959 2608 980 2644; x_wconf 75' lang='grc' dir='ltr'><strong><em>ι</em></strong></span> <span class='ocrx_word' id='word_1_405' title='bbox 1012 2591 1084 2645; x_wconf 87' lang='lat' dir='ltr'><strong>At</strong></span> <span class='ocrx_word' id='word_1_406' title='bbox 1113 2591 1262 2647; x_wconf 89' lang='lat' dir='ltr'><strong>illius</strong></span> <span class='ocrx_word' id='word_1_407' title='bbox 1294 2590 1531 2646; x_wconf 89' lang='lat' dir='ltr'><strong>animam</strong></span> <span class='ocrx_word' id='word_1_408' title='bbox 1574 2605 1644 2646; x_wconf 88' lang='lat' dir='ltr'><strong>ne</strong></span> <span class='ocrx_word' id='word_1_409' title='bbox 1673 2591 1908 2662; x_wconf 84' lang='lat' dir='ltr'><strong>attingas</strong></span> <span class='ocrx_word' id='word_1_410' title='bbox 1938 2592 2009 2650; x_wconf 83' lang='lat'><strong>&quot;.</strong></span> <span class='ocrx_word' id='word_1_411' title='bbox 2044 2613 2063 2648; x_wconf 72' lang='grc' dir='ltr'><strong>ι</strong></span> 
     </span>
    </p>
   </div>
   <div class='ocr_carea' id='block_1_49' title="bbox 552 2683 2069 2759">
    <p class='ocr_par' dir='ltr' id='par_1_49' title="bbox 552 2683 2069 2759">
     <span class='ocr_line' id='line_1_49' title="bbox 552 2683 2069 2759; baseline 0 -17"><span class='ocrx_word' id='word_1_412' title='bbox 552 2686 642 2743; x_wconf 74' lang='grc'><strong>17.</strong></span> <span class='ocrx_word' id='word_1_413' title='bbox 674 2704 694 2738; x_wconf 73' lang='grc' dir='ltr'>ι</span> <span class='ocrx_word' id='word_1_414' title='bbox 735 2684 868 2741; x_wconf 88' lang='lat' dir='ltr'><strong>Cum</strong></span> <span class='ocrx_word' id='word_1_415' title='bbox 904 2699 1037 2756; x_wconf 90' lang='lat' dir='ltr'><strong>ergo</strong></span> <span class='ocrx_word' id='word_1_416' title='bbox 1060 2685 1310 2753; x_wconf 80' lang='lat' dir='ltr'><strong>exiisset,</strong></span> <span class='ocrx_word' id='word_1_417' title='bbox 1343 2683 1506 2742; x_wconf 68' lang='lat' dir='ltr'><strong>Iesus</strong></span> <span class='ocrx_word' id='word_1_418' title='bbox 1521 2685 1694 2743; x_wconf 86' lang='lat' dir='ltr'><strong>dicit:</strong></span> <span class='ocrx_word' id='word_1_419' title='bbox 1722 2684 1876 2743; x_wconf 85' lang='lat' dir='ltr'><strong>Nunc</strong></span> <span class='ocrx_word' id='word_1_420' title='bbox 1903 2687 2069 2759; x_wconf 87' lang='lat' dir='ltr'><strong>glori-</strong></span> 
     </span>
    </p>
   </div>
   <div class='ocr_carea' id='block_1_50' title="bbox 2244 2683 3764 2759">
    <p class='ocr_par' dir='ltr' id='par_1_50' title="bbox 2244 2683 3764 2759">
     <span class='ocr_line' id='line_1_50' title="bbox 2244 2683 3764 2759; baseline 0 -16"><span class='ocrx_word' id='word_1_421' title='bbox 2244 2687 2332 2744; x_wconf 79' lang='grc'><strong>17.</strong></span> <span class='ocrx_word' id='word_1_422' title='bbox 2369 2688 2531 2742; x_wconf 75' lang='grc' dir='ltr'>«Ὅτε</span> <span class='ocrx_word' id='word_1_423' title='bbox 2552 2683 2645 2741; x_wconf 79' lang='grc' dir='ltr'><strong>οὖν</strong></span> <span class='ocrx_word' id='word_1_424' title='bbox 2673 2687 2918 2758; x_wconf 80' lang='grc' dir='ltr'>ἐξῆλθεν,</span> <span class='ocrx_word' id='word_1_425' title='bbox 2943 2690 2972 2741; x_wconf 97' lang='lat'><strong>6</strong></span> <span class='ocrx_word' id='word_1_426' title='bbox 3011 2686 3219 2759; x_wconf 87' lang='grc' dir='ltr'>Ἰησοῦς</span> <span class='ocrx_word' id='word_1_427' title='bbox 3242 2687 3415 2756; x_wconf 83' lang='grc' dir='ltr'>λέγει·</span> <span class='ocrx_word' id='word_1_428' title='bbox 3439 2686 3555 2742; x_wconf 88' lang='grc' dir='ltr'><strong>Νῦν</strong></span> <span class='ocrx_word' id='word_1_429' title='bbox 3585 2687 3764 2754; x_wconf 73' lang='grc' dir='ltr'>ἐδοξά-</span> 
     </span>
    </p>
   </div>
   <div class='ocr_carea' id='block_1_51' title="bbox 482 2774 2065 2855">
    <p class='ocr_par' dir='ltr' id='par_1_51' title="bbox 482 2774 2065 2848">
     <span class='ocr_line' id='line_1_51' title="bbox 482 2774 2065 2848; baseline -0.001 -15"><span class='ocrx_word' id='word_1_430' title='bbox 482 2776 677 2833; x_wconf 80' lang='lat' dir='ltr'><strong>ﬁcatus</strong></span> <span class='ocrx_word' id='word_1_431' title='bbox 727 2785 812 2831; x_wconf 87' lang='lat' dir='ltr'><strong>est</strong></span> <span class='ocrx_word' id='word_1_432' title='bbox 840 2774 1010 2830; x_wconf 87' lang='lat' dir='ltr'><strong>Filius</strong></span> <span class='ocrx_word' id='word_1_433' title='bbox 1061 2775 1322 2839; x_wconf 87' lang='lat' dir='ltr'><strong>hominis,</strong></span> <span class='ocrx_word' id='word_1_434' title='bbox 1345 2784 1401 2831; x_wconf 90' lang='lat' dir='ltr'><strong>et</strong></span> <span class='ocrx_word' id='word_1_435' title='bbox 1435 2775 1578 2832; x_wconf 85' lang='lat' dir='ltr'><strong>Deus</strong></span> <span class='ocrx_word' id='word_1_436' title='bbox 1613 2775 1951 2848; x_wconf 78' lang='lat' dir='ltr'><strong>glorificatus</strong></span> <span class='ocrx_word' id='word_1_437' title='bbox 1980 2786 2065 2832; x_wconf 86' lang='lat' dir='ltr'><strong>est</strong></span> 
     </span>
    </p>
   </div>
   <div class='ocr_carea' id='block_1_52' title="bbox 2168 2774 3756 2855">
    <p class='ocr_par' dir='ltr' id='par_1_52' title="bbox 2171 2779 3756 2855">
     <span class='ocr_line' id='line_1_52' title="bbox 2171 2779 3756 2855; baseline -0.003 -17"><span class='ocrx_word' id='word_1_438' title='bbox 2171 2781 2273 2855; x_wconf 83' lang='grc' dir='ltr'><strong>σθη</strong></span> <span class='ocrx_word' id='word_1_439' title='bbox 2309 2785 2339 2836; x_wconf 94' lang='lat'><strong>6</strong></span> <span class='ocrx_word' id='word_1_440' title='bbox 2369 2782 2500 2846; x_wconf 73' lang='grc' dir='ltr'>Υἱὸς</span> <span class='ocrx_word' id='word_1_441' title='bbox 2542 2780 2636 2835; x_wconf 90' lang='grc' dir='ltr'><strong>τοῦ</strong></span> <span class='ocrx_word' id='word_1_442' title='bbox 2668 2780 2958 2852; x_wconf 81' lang='grc' dir='ltr'>ἀνθρώπου</span> <span class='ocrx_word' id='word_1_443' title='bbox 2983 2819 2998 2845; x_wconf 93' lang='grc'><strong>,</strong></span> <span class='ocrx_word' id='word_1_444' title='bbox 3030 2781 3125 2833; x_wconf 77' lang='grc' dir='ltr'><strong>καὶ</strong></span> <span class='ocrx_word' id='word_1_445' title='bbox 3171 2782 3200 2834; x_wconf 91' lang='lat'><strong>6</strong></span> <span class='ocrx_word' id='word_1_446' title='bbox 3240 2779 3372 2845; x_wconf 87' lang='grc' dir='ltr'>Θεὸς</span> <span class='ocrx_word' id='word_1_447' title='bbox 3406 2779 3669 2852; x_wconf 74' lang='grc' dir='ltr'><strong>ἐδοξάσθη</strong></span> <span class='ocrx_word' id='word_1_448' title='bbox 3697 2782 3756 2834; x_wconf 89' lang='grc' dir='ltr'><strong>ἐν</strong></span> 
     </span>
    </p>
   </div>
   <div class='ocr_carea' id='block_1_53' title="bbox 486 2863 2065 2947">
    <p class='ocr_par' dir='ltr' id='par_1_53' title="bbox 486 2863 2065 2939">
     <span class='ocr_line' id='line_1_53' title="bbox 486 2863 2065 2939; baseline 0.002 -18"><span class='ocrx_word' id='word_1_449' title='bbox 486 2883 583 2939; x_wconf 84' lang='lat' dir='ltr'><strong>per</strong></span> <span class='ocrx_word' id='word_1_450' title='bbox 606 2881 751 2922; x_wconf 92' lang='lat' dir='ltr'><strong>eum.</strong></span> <span class='ocrx_word' id='word_1_451' title='bbox 781 2863 840 2922; x_wconf 91' lang='lat' dir='ltr'><strong>Si</strong></span> <span class='ocrx_word' id='word_1_452' title='bbox 868 2865 1010 2921; x_wconf 89' lang='lat' dir='ltr'><strong>Deus</strong></span> <span class='ocrx_word' id='word_1_453' title='bbox 1037 2865 1374 2936; x_wconf 80' lang='lat' dir='ltr'><strong>gloriﬁcatus</strong></span> <span class='ocrx_word' id='word_1_454' title='bbox 1401 2875 1487 2922; x_wconf 81' lang='lat' dir='ltr'><strong>est</strong></span> <span class='ocrx_word' id='word_1_455' title='bbox 1531 2881 1630 2937; x_wconf 91' lang='lat' dir='ltr'><strong>per</strong></span> <span class='ocrx_word' id='word_1_456' title='bbox 1650 2881 1799 2932; x_wconf 88' lang='lat' dir='ltr'><strong>eum,</strong></span> <span class='ocrx_word' id='word_1_457' title='bbox 1839 2876 1892 2922; x_wconf 90' lang='lat' dir='ltr'><strong>et</strong></span> <span class='ocrx_word' id='word_1_458' title='bbox 1922 2867 2065 2924; x_wconf 84' lang='lat' dir='ltr'><strong>Deus</strong></span> 
     </span>
    </p>
   </div>
   <div class='ocr_carea' id='block_1_54' title="bbox 2168 2863 3757 2947">
    <p class='ocr_par' dir='ltr' id='par_1_54' title="bbox 2168 2871 3757 2947">
     <span class='ocr_line' id='line_1_54' title="bbox 2168 2871 3757 2947; baseline -0.002 -17"><span class='ocrx_word' id='word_1_459' title='bbox 2168 2873 2318 2947; x_wconf 84' lang='grc' dir='ltr'><strong>αὺτῷ</strong></span> <span class='ocrx_word' id='word_1_460' title='bbox 2340 2892 2354 2905; x_wconf 78' lang='grc' dir='ltr'><strong>ο</strong></span> <span class='ocrx_word' id='word_1_461' title='bbox 2391 2875 2440 2927; x_wconf 82' lang='grc' dir='ltr'><strong>εί</strong></span> <span class='ocrx_word' id='word_1_462' title='bbox 2468 2874 2497 2926; x_wconf 89' lang='lat'><strong>6</strong></span> <span class='ocrx_word' id='word_1_463' title='bbox 2526 2873 2656 2937; x_wconf 85' lang='grc' dir='ltr'>Θεὸς</span> <span class='ocrx_word' id='word_1_464' title='bbox 2680 2873 2939 2945; x_wconf 78' lang='grc' dir='ltr'>ἐδοξάσθη</span> <span class='ocrx_word' id='word_1_465' title='bbox 2970 2876 3025 2927; x_wconf 81' lang='grc' dir='ltr'><strong>ἐν</strong></span> <span class='ocrx_word' id='word_1_466' title='bbox 3059 2871 3229 2943; x_wconf 84' lang='grc' dir='ltr'>αὐτῷ,</span> <span class='ocrx_word' id='word_1_467' title='bbox 3264 2873 3359 2926; x_wconf 77' lang='grc' dir='ltr'><strong>καὶ</strong></span> <span class='ocrx_word' id='word_1_468' title='bbox 3384 2873 3412 2925; x_wconf 94' lang='lat'><strong>6</strong></span> <span class='ocrx_word' id='word_1_469' title='bbox 3442 2872 3576 2936; x_wconf 91' lang='grc' dir='ltr'>Θεὸς</span> <span class='ocrx_word' id='word_1_470' title='bbox 3602 2871 3757 2937; x_wconf 87' lang='grc' dir='ltr'>δοξά-</span> 
     </span>
    </p>
   </div>
   <div class='ocr_carea' id='block_1_55' title="bbox 483 2952 2065 3037">
    <p class='ocr_par' dir='ltr' id='par_1_55' title="bbox 483 2959 2065 3033">
     <span class='ocr_line' id='line_1_55' title="bbox 483 2959 2065 3033; baseline 0.002 -19"><span class='ocrx_word' id='word_1_471' title='bbox 483 2960 814 3033; x_wconf 74' lang='lat' dir='ltr'><strong>gloriﬁcabit</strong></span> <span class='ocrx_word' id='word_1_472' title='bbox 858 2974 999 3014; x_wconf 88' lang='lat' dir='ltr'><strong>eum.</strong></span> <span class='ocrx_word' id='word_1_473' title='bbox 1027 2973 1125 3029; x_wconf 91' lang='lat' dir='ltr'><strong>per</strong></span> <span class='ocrx_word' id='word_1_474' title='bbox 1189 2974 1282 3025; x_wconf 89' lang='lat' dir='ltr'><strong>se;</strong></span> <span class='ocrx_word' id='word_1_475' title='bbox 1334 2969 1391 3013; x_wconf 89' lang='lat' dir='ltr'><strong>et</strong></span> <span class='ocrx_word' id='word_1_476' title='bbox 1426 2960 1688 3015; x_wconf 88' lang='lat' dir='ltr'><strong>continuo</strong></span> <span class='ocrx_word' id='word_1_477' title='bbox 1735 2959 2065 3030; x_wconf 74' lang='lat' dir='ltr'><strong>glorificabit</strong></span> 
     </span>
    </p>
   </div>
   <div class='ocr_carea' id='block_1_56' title="bbox 2168 2952 3756 3037">
    <p class='ocr_par' dir='ltr' id='par_1_56' title="bbox 2171 2952 3756 3037">
     <span class='ocr_line' id='line_1_56' title="bbox 2171 2952 3756 3037; baseline -0.003 -15"><span class='ocrx_word' id='word_1_478' title='bbox 2171 2984 2252 3022; x_wconf 91' lang='grc' dir='ltr'><strong>σει</strong></span> <span class='ocrx_word' id='word_1_479' title='bbox 2294 2967 2455 3021; x_wconf 81' lang='grc' dir='ltr'>αὐτὸν</span> <span class='ocrx_word' id='word_1_480' title='bbox 2483 2967 2540 3019; x_wconf 88' lang='grc' dir='ltr'><strong>ἐν</strong></span> <span class='ocrx_word' id='word_1_481' title='bbox 2568 2964 2717 3037; x_wconf 88' lang='grc' dir='ltr'>αὑτῷ</span> <span class='ocrx_word' id='word_1_482' title='bbox 2739 2983 2753 2997; x_wconf 85' lang='grc'><strong>·</strong></span> <span class='ocrx_word' id='word_1_483' title='bbox 2786 2967 2880 3020; x_wconf 74' lang='grc' dir='ltr'><strong>καὶ</strong></span> <span class='ocrx_word' id='word_1_484' title='bbox 2919 2966 3081 3031; x_wconf 87' lang='grc' dir='ltr'>εὐθὺς</span> <span class='ocrx_word' id='word_1_485' title='bbox 3102 2952 3331 3033; x_wconf 78' lang='grc' dir='ltr'><strong>⁸δοξάσει</strong></span> <span class='ocrx_word' id='word_1_486' title='bbox 3366 2964 3477 3036; x_wconf 81' lang='grc'><strong>(22)</strong></span> <span class='ocrx_word' id='word_1_487' title='bbox 3509 2965 3693 3019; x_wconf 85' lang='grc' dir='ltr'>αὐτόν.</span> <span class='ocrx_word' id='word_1_488' title='bbox 3733 2983 3756 3018; x_wconf 75' lang='grc' dir='ltr'>ι</span> 
     </span>
    </p>
   </div>
   <div class='ocr_carea' id='block_1_57' title="bbox 482 3048 2065 3128">
    <p class='ocr_par' dir='ltr' id='par_1_57' title="bbox 482 3048 2065 3121">
     <span class='ocr_line' id='line_1_57' title="bbox 482 3048 2065 3121; baseline 0.001 -14"><span class='ocrx_word' id='word_1_489' title='bbox 482 3066 611 3107; x_wconf 90' lang='lat' dir='ltr'><strong>eum</strong></span> <span class='ocrx_word' id='word_1_490' title='bbox 641 3050 709 3107; x_wconf 78' lang='lat'><strong>&quot;.</strong></span> <span class='ocrx_word' id='word_1_491' title='bbox 738 3070 759 3105; x_wconf 74' lang='grc' dir='ltr'><strong>ι</strong></span> <span class='ocrx_word' id='word_1_492' title='bbox 795 3049 948 3106; x_wconf 86' lang='lat' dir='ltr'><strong>Tunc</strong></span> <span class='ocrx_word' id='word_1_493' title='bbox 1000 3048 1223 3119; x_wconf 89' lang='lat' dir='ltr'><strong>gloriari</strong></span> <span class='ocrx_word' id='word_1_494' title='bbox 1252 3050 1421 3120; x_wconf 72' lang='lat' dir='ltr'><strong>cmpit</strong></span> <span class='ocrx_word' id='word_1_495' title='bbox 1453 3049 1623 3106; x_wconf 87' lang='lat' dir='ltr'><strong>Filius</strong></span> <span class='ocrx_word' id='word_1_496' title='bbox 1672 3050 1908 3107; x_wconf 89' lang='lat' dir='ltr'><strong>hominis</strong></span> <span class='ocrx_word' id='word_1_497' title='bbox 1941 3062 2065 3121; x_wconf 83' lang='lat' dir='ltr'><strong>post</strong></span> 
     </span>
    </p>
   </div>
   <div class='ocr_carea' id='block_1_58' title="bbox 2168 3048 3762 3128">
    <p class='ocr_par' dir='ltr' id='par_1_58' title="bbox 2181 3053 3762 3128">
     <span class='ocr_line' id='line_1_58' title="bbox 2181 3053 3762 3128; baseline -0.001 -18"><span class='ocrx_word' id='word_1_498' title='bbox 2181 3055 2349 3128; x_wconf 85' lang='grc' dir='ltr'>Ἀρχὴ</span> <span class='ocrx_word' id='word_1_499' title='bbox 2380 3054 2474 3109; x_wconf 86' lang='grc' dir='ltr'><strong>τοῦ</strong></span> <span class='ocrx_word' id='word_1_500' title='bbox 2502 3053 2815 3119; x_wconf 79' lang='grc' dir='ltr'>δεδοξάσθαι</span> <span class='ocrx_word' id='word_1_501' title='bbox 2861 3054 2952 3108; x_wconf 89' lang='grc' dir='ltr'><strong>τὸν</strong></span> <span class='ocrx_word' id='word_1_502' title='bbox 2998 3055 3127 3108; x_wconf 88' lang='grc' dir='ltr'>Υἱὸν</span> <span class='ocrx_word' id='word_1_503' title='bbox 3157 3054 3251 3109; x_wconf 91' lang='grc' dir='ltr'><strong>τοῦ</strong></span> <span class='ocrx_word' id='word_1_504' title='bbox 3295 3054 3584 3127; x_wconf 85' lang='grc' dir='ltr'>ἀνθρώπου</span> <span class='ocrx_word' id='word_1_505' title='bbox 3617 3055 3762 3128; x_wconf 85' lang='grc' dir='ltr'><strong>μετά</strong></span> 
     </span>
    </p>
   </div>
   <div class='ocr_carea' id='block_1_59' title="bbox 483 3105 2065 3218">
    <p class='ocr_par' dir='ltr' id='par_1_59' title="bbox 483 3105 2065 3217">
     <span class='ocr_line' id='line_1_59' title="bbox 483 3105 2065 3217; baseline -0.001 -16"><span class='ocrx_word' id='word_1_506' title='bbox 483 3105 717 3217; x_wconf 69' lang='lat' dir='ltr'><strong>gloriam</strong></span> <span class='ocrx_word' id='word_1_507' title='bbox 738 3160 859 3216; x_wconf 68' lang='lat' dir='ltr'><strong>qua:</strong></span> <span class='ocrx_word' id='word_1_508' title='bbox 886 3143 958 3201; x_wconf 89' lang='lat' dir='ltr'><strong>ob</strong></span> <span class='ocrx_word' id='word_1_509' title='bbox 984 3105 1139 3213; x_wconf 58' lang='lat' dir='ltr'><strong>signa</strong></span> <span class='ocrx_word' id='word_1_510' title='bbox 1171 3150 1224 3198; x_wconf 90' lang='lat' dir='ltr'><strong>et</strong></span> <span class='ocrx_word' id='word_1_511' title='bbox 1247 3105 1487 3214; x_wconf 66' lang='lat' dir='ltr'><strong>prodigia</strong></span> <span class='ocrx_word' id='word_1_512' title='bbox 1514 3145 1836 3215; x_wconf 78' lang='lat' dir='ltr'><strong>contigerat,</strong></span> <span class='ocrx_word' id='word_1_513' title='bbox 1864 3105 1923 3200; x_wconf 79' lang='lat' dir='ltr'><strong>et</strong></span> 
     </span>
    </p>
   </div>
   <div class='ocr_carea' id='block_1_60' title="bbox 2168 3105 3765 3218">
    <p class='ocr_par' dir='ltr' id='par_1_60' title="bbox 2172 3105 3765 3218">
     <span class='ocr_line' id='line_1_60' title="bbox 2172 3105 3765 3218; baseline 0.001 -17"><span class='ocrx_word' id='word_1_514' title='bbox 2172 3105 2554 3211; x_wconf 49' lang='lat' dir='ltr'><strong>galatea</strong></span> <span class='ocrx_word' id='word_1_515' title='bbox 2568 3105 2814 3218; x_wconf 53' lang='lat' dir='ltr'><strong>alga;</strong></span> <span class='ocrx_word' id='word_1_516' title='bbox 2842 3105 2940 3200; x_wconf 50' lang='grc' dir='ltr'><strong>καλ</strong></span> <span class='ocrx_word' id='word_1_517' title='bbox 2964 3105 3154 3218; x_wconf 50' lang='lat' dir='ltr'><strong>ap...</strong></span> <span class='ocrx_word' id='word_1_518' title='bbox 3170 3105 3353 3212; x_wconf 49' lang='lat' dir='ltr'><strong>ea;</strong></span> <span class='ocrx_word' id='word_1_519' title='bbox 3370 3105 3386 3211; x_wconf 65' lang='grc' dir='ltr'><strong>ζ</strong></span> <span class='ocrx_word' id='word_1_520' title='bbox 3401 3105 3765 3218; x_wconf 50' lang='grc' dir='ltr'><strong>ἷαῐῖτῆῗὲέεἶ</strong></span> 
     </span>
    </p>
   </div>
   <div class='ocr_carea' id='block_1_61' title="bbox 482 3232 2065 3308">
    <p class='ocr_par' dir='ltr' id='par_1_61' title="bbox 482 3232 2065 3308">
     <span class='ocr_line' id='line_1_61' title="bbox 482 3232 2065 3308; baseline 0.001 -18"><span class='ocrx_word' id='word_1_521' title='bbox 482 3238 711 3308; x_wconf 81' lang='lat' dir='ltr'><strong>gloriam</strong></span> <span class='ocrx_word' id='word_1_522' title='bbox 772 3234 1288 3307; x_wconf 83' lang='lat' dir='ltr'><strong>lransﬁgurationis,</strong></span> <span class='ocrx_word' id='word_1_523' title='bbox 1321 3232 1489 3307; x_wconf 61' lang='grc'><strong>446</strong></span> <span class='ocrx_word' id='word_1_524' title='bbox 1536 3249 1661 3289; x_wconf 89' lang='lat' dir='ltr'><strong>cum</strong></span> <span class='ocrx_word' id='word_1_525' title='bbox 1714 3233 1882 3291; x_wconf 84' lang='lat' dir='ltr'><strong>Judas</strong></span> <span class='ocrx_word' id='word_1_526' title='bbox 1939 3250 2065 3292; x_wconf 91' lang='lat' dir='ltr'><strong>cum</strong></span> 
     </span>
    </p>
   </div>
   <div class='ocr_carea' id='block_1_62' title="bbox 480 3323 2070 3396">
    <p class='ocr_par' dir='ltr' id='par_1_62' title="bbox 480 3323 2070 3396">
     <span class='ocr_line' id='line_1_62' title="bbox 480 3323 2070 3396; baseline -0.001 -12"><span class='ocrx_word' id='word_1_527' title='bbox 480 3330 686 3384; x_wconf 84' lang='lat' dir='ltr'><strong>Satana</strong></span> <span class='ocrx_word' id='word_1_528' title='bbox 714 3327 767 3382; x_wconf 91' lang='lat' dir='ltr'><strong>in</strong></span> <span class='ocrx_word' id='word_1_529' title='bbox 794 3326 971 3396; x_wconf 88' lang='lat' dir='ltr'><strong>ipsum</strong></span> <span class='ocrx_word' id='word_1_530' title='bbox 1005 3325 1279 3395; x_wconf 87' lang='lat' dir='ltr'><strong>ingresso,</strong></span> <span class='ocrx_word' id='word_1_531' title='bbox 1303 3340 1333 3379; x_wconf 89' lang='lat' dir='ltr'><strong>a</strong></span> <span class='ocrx_word' id='word_1_532' title='bbox 1359 3324 1477 3381; x_wconf 85' lang='lat' dir='ltr'><strong>loco</strong></span> <span class='ocrx_word' id='word_1_533' title='bbox 1504 3324 1595 3380; x_wconf 91' lang='lat' dir='ltr'><strong>ubi</strong></span> <span class='ocrx_word' id='word_1_534' title='bbox 1616 3335 1738 3381; x_wconf 89' lang='lat' dir='ltr'><strong>erat</strong></span> <span class='ocrx_word' id='word_1_535' title='bbox 1758 3323 1916 3382; x_wconf 81' lang='lat' dir='ltr'><strong>Jesus</strong></span> <span class='ocrx_word' id='word_1_536' title='bbox 1952 3328 2070 3384; x_wconf 81' lang='lat' dir='ltr'><strong>exi-</strong></span> 
     </span>
    </p>
   </div>
   <div class='ocr_carea' id='block_1_63' title="bbox 479 3413 2065 3487">
    <p class='ocr_par' dir='ltr' id='par_1_63' title="bbox 479 3413 2065 3487">
     <span class='ocr_line' id='line_1_63' title="bbox 479 3413 2065 3487; baseline -0.001 -13"><span class='ocrx_word' id='word_1_537' title='bbox 479 3420 584 3476; x_wconf 87' lang='lat' dir='ltr'><strong>vit.</strong></span> <span class='ocrx_word' id='word_1_538' title='bbox 622 3418 890 3487; x_wconf 78' lang='lat' dir='ltr'><strong>Quocirca</strong></span> <span class='ocrx_word' id='word_1_539' title='bbox 943 3416 1083 3471; x_wconf 80' lang='lat' dir='ltr'><strong>dixit</strong></span> <span class='ocrx_word' id='word_1_540' title='bbox 1112 3414 1271 3471; x_wconf 86' lang='lat' dir='ltr'><strong>Jesus</strong></span> <span class='ocrx_word' id='word_1_541' title='bbox 1306 3431 1321 3469; x_wconf 88' lang='lat'><strong>:</strong></span> <span class='ocrx_word' id='word_1_542' title='bbox 1355 3432 1375 3468; x_wconf 75' lang='grc' dir='ltr'>ι</span> <span class='ocrx_word' id='word_1_543' title='bbox 1413 3413 1569 3471; x_wconf 76' lang='lat' dir='ltr'><strong>Nunc</strong></span> <span class='ocrx_word' id='word_1_544' title='bbox 1605 3416 1936 3485; x_wconf 80' lang='lat' dir='ltr'><strong>gloriﬁcatus</strong></span> <span class='ocrx_word' id='word_1_545' title='bbox 1984 3428 2065 3473; x_wconf 87' lang='lat' dir='ltr'><strong>est</strong></span> 
     </span>
    </p>
   </div>
   <div class='ocr_carea' id='block_1_64' title="bbox 480 3506 2070 3577">
    <p class='ocr_par' dir='ltr' id='par_1_64' title="bbox 480 3506 2070 3577">
     <span class='ocr_line' id='line_1_64' title="bbox 480 3506 2070 3577; baseline -0.004 -6"><span class='ocrx_word' id='word_1_546' title='bbox 480 3512 653 3571; x_wconf 88' lang='lat' dir='ltr'><strong>Filius</strong></span> <span class='ocrx_word' id='word_1_547' title='bbox 671 3510 989 3569; x_wconf 77' lang='lat' dir='ltr'><strong>hominis&quot;.</strong></span> <span class='ocrx_word' id='word_1_548' title='bbox 1014 3529 1034 3562; x_wconf 83' lang='grc'><strong>›</strong></span> <span class='ocrx_word' id='word_1_549' title='bbox 1056 3508 1326 3566; x_wconf 62' lang='lat' dir='ltr'><strong>Praeterea</strong></span> <span class='ocrx_word' id='word_1_550' title='bbox 1348 3507 1478 3564; x_wconf 91' lang='lat' dir='ltr'><strong>illud</strong></span> <span class='ocrx_word' id='word_1_551' title='bbox 1499 3507 1665 3563; x_wconf 87' lang='lat' dir='ltr'><strong>etiam</strong></span> <span class='ocrx_word' id='word_1_552' title='bbox 1686 3525 1700 3563; x_wconf 89' lang='lat'><strong>:</strong></span> <span class='ocrx_word' id='word_1_553' title='bbox 1719 3526 1738 3561; x_wconf 78' lang='grc' dir='ltr'><strong>ι</strong></span> <span class='ocrx_word' id='word_1_554' title='bbox 1758 3506 1817 3563; x_wconf 88' lang='lat' dir='ltr'><strong>Si</strong></span> <span class='ocrx_word' id='word_1_555' title='bbox 1845 3523 1945 3577; x_wconf 86' lang='lat' dir='ltr'><strong>ego</strong></span> <span class='ocrx_word' id='word_1_556' title='bbox 1973 3525 2070 3564; x_wconf 80' lang='lat' dir='ltr'><strong>ex-</strong></span> 
     </span>
    </p>
   </div>
   <div class='ocr_carea' id='block_1_65' title="bbox 483 3600 2060 3671">
    <p class='ocr_par' dir='ltr' id='par_1_65' title="bbox 483 3600 2060 3671">
     <span class='ocr_line' id='line_1_65' title="bbox 483 3600 2060 3671; baseline -0.004 -11"><span class='ocrx_word' id='word_1_557' title='bbox 483 3601 686 3660; x_wconf 88' lang='lat' dir='ltr'><strong>altatus</strong></span> <span class='ocrx_word' id='word_1_558' title='bbox 708 3619 737 3658; x_wconf 87' lang='lat' dir='ltr'><strong>a</strong></span> <span class='ocrx_word' id='word_1_559' title='bbox 758 3612 904 3659; x_wconf 88' lang='lat' dir='ltr'><strong>terra</strong></span> <span class='ocrx_word' id='word_1_560' title='bbox 928 3602 1103 3669; x_wconf 82' lang='lat' dir='ltr'><strong>luero,</strong></span> <span class='ocrx_word' id='word_1_561' title='bbox 1131 3603 1315 3660; x_wconf 87' lang='lat' dir='ltr'><strong>omnia</strong></span> <span class='ocrx_word' id='word_1_562' title='bbox 1341 3602 1555 3657; x_wconf 88' lang='lat' dir='ltr'><strong>traham</strong></span> <span class='ocrx_word' id='word_1_563' title='bbox 1584 3602 1650 3657; x_wconf 88' lang='lat' dir='ltr'><strong>ad</strong></span> <span class='ocrx_word' id='word_1_564' title='bbox 1683 3600 2060 3671; x_wconf 64' lang='lat' dir='ltr'><strong>meipsum&quot;,s</strong></span> 
     </span>
    </p>
   </div>
   <div class='ocr_carea' id='block_1_66' title="bbox 484 3692 2067 3766">
    <p class='ocr_par' dir='ltr' id='par_1_66' title="bbox 484 3692 2067 3766">
     <span class='ocr_line' id='line_1_66' title="bbox 484 3692 2067 3766; baseline -0.004 -12"><span class='ocrx_word' id='word_1_565' title='bbox 484 3698 688 3755; x_wconf 89' lang='lat' dir='ltr'><strong>dictum</strong></span> <span class='ocrx_word' id='word_1_566' title='bbox 710 3706 797 3753; x_wconf 87' lang='lat' dir='ltr'><strong>est</strong></span> <span class='ocrx_word' id='word_1_567' title='bbox 819 3714 850 3752; x_wconf 86' lang='lat' dir='ltr'><strong>a</strong></span> <span class='ocrx_word' id='word_1_568' title='bbox 881 3695 1179 3752; x_wconf 86' lang='lat' dir='ltr'><strong>Servatore</strong></span> <span class='ocrx_word' id='word_1_569' title='bbox 1202 3695 1547 3766; x_wconf 84' lang='lat' dir='ltr'><strong>signiﬁcante</strong></span> <span class='ocrx_word' id='word_1_570' title='bbox 1573 3693 1720 3764; x_wconf 80' lang='lat' dir='ltr'><strong>quali</strong></span> <span class='ocrx_word' id='word_1_571' title='bbox 1744 3701 1918 3748; x_wconf 91' lang='lat' dir='ltr'><strong>morte</strong></span> <span class='ocrx_word' id='word_1_572' title='bbox 1949 3692 2067 3764; x_wconf 90' lang='lat' dir='ltr'><strong>glo-</strong></span> 
     </span>
    </p>
   </div>
   <div class='ocr_carea' id='block_1_67' title="bbox 487 3785 2067 3858">
    <p class='ocr_par' dir='ltr' id='par_1_67' title="bbox 487 3785 2067 3858">
     <span class='ocr_line' id='line_1_67' title="bbox 487 3785 2067 3858; baseline -0.005 -11"><span class='ocrx_word' id='word_1_573' title='bbox 487 3789 730 3847; x_wconf 82' lang='lat' dir='ltr'><strong>riﬁcatus</strong></span> <span class='ocrx_word' id='word_1_574' title='bbox 782 3797 928 3844; x_wconf 87' lang='lat' dir='ltr'><strong>esset</strong></span> <span class='ocrx_word' id='word_1_575' title='bbox 956 3788 1166 3856; x_wconf 89' lang='lat' dir='ltr'><strong>Deum;</strong></span> <span class='ocrx_word' id='word_1_576' title='bbox 1211 3787 1537 3858; x_wconf 84' lang='lat' dir='ltr'><strong>gloriﬁcavit</strong></span> <span class='ocrx_word' id='word_1_577' title='bbox 1568 3785 1711 3841; x_wconf 87' lang='lat' dir='ltr'><strong>enim</strong></span> <span class='ocrx_word' id='word_1_578' title='bbox 1750 3785 1916 3841; x_wconf 85' lang='lat' dir='ltr'><strong>etiam</strong></span> <span class='ocrx_word' id='word_1_579' title='bbox 1950 3799 2067 3839; x_wconf 90' lang='lat' dir='ltr'><strong>mo-</strong></span> 
     </span>
    </p>
   </div>
   <div class='ocr_carea' id='block_1_68' title="bbox 482 3877 2064 3949">
    <p class='ocr_par' dir='ltr' id='par_1_68' title="bbox 482 3877 2064 3949">
     <span class='ocr_line' id='line_1_68' title="bbox 482 3877 2064 3949; baseline -0.004 -11"><span class='ocrx_word' id='word_1_580' title='bbox 482 3880 675 3938; x_wconf 87' lang='lat' dir='ltr'><strong>riendo</strong></span> <span class='ocrx_word' id='word_1_581' title='bbox 730 3881 921 3938; x_wconf 89' lang='lat' dir='ltr'><strong>Deum.</strong></span> <span class='ocrx_word' id='word_1_582' title='bbox 961 3879 1113 3937; x_wconf 78' lang='lat' dir='ltr'><strong>lianc</strong></span> <span class='ocrx_word' id='word_1_583' title='bbox 1154 3880 1229 3936; x_wconf 85' lang='lat' dir='ltr'><strong>ob</strong></span> <span class='ocrx_word' id='word_1_584' title='bbox 1280 3894 1526 3944; x_wconf 88' lang='lat' dir='ltr'><strong>causam,</strong></span> <span class='ocrx_word' id='word_1_585' title='bbox 1564 3878 1821 3949; x_wconf 89' lang='lat' dir='ltr'><strong>quoniam</strong></span> <span class='ocrx_word' id='word_1_586' title='bbox 1851 3877 2064 3932; x_wconf 89' lang='lat' dir='ltr'><strong>initium</strong></span> 
     </span>
    </p>
   </div>
   <div class='ocr_carea' id='block_1_69' title="bbox 483 3970 2066 4045">
    <p class='ocr_par' dir='ltr' id='par_1_69' title="bbox 483 3970 2066 4045">
     <span class='ocr_line' id='line_1_69' title="bbox 483 3970 2066 4045; baseline -0.004 -14"><span class='ocrx_word' id='word_1_587' title='bbox 483 3975 905 4045; x_wconf 84' lang='lat' dir='ltr'><strong>dispensationis</strong></span> <span class='ocrx_word' id='word_1_588' title='bbox 953 3973 1202 4029; x_wconf 88' lang='lat' dir='ltr'><strong>morituri</strong></span> <span class='ocrx_word' id='word_1_589' title='bbox 1238 3970 1369 4028; x_wconf 81' lang='lat' dir='ltr'><strong>Jesu</strong></span> <span class='ocrx_word' id='word_1_590' title='bbox 1409 3970 1811 4042; x_wconf 83' lang='lat' dir='ltr'><strong>perﬁciebatur.</strong></span> <span class='ocrx_word' id='word_1_591' title='bbox 1844 3983 2066 4040; x_wconf 85' lang='lat' dir='ltr'><strong>egresso</strong></span> 
     </span>
    </p>
   </div>
   <div class='ocr_carea' id='block_1_70' title="bbox 482 4062 2061 4140">
    <p class='ocr_par' dir='ltr' id='par_1_70' title="bbox 482 4062 2061 4140">
     <span class='ocr_line' id='line_1_70' title="bbox 482 4062 2061 4140; baseline -0.005 -17"><span class='ocrx_word' id='word_1_592' title='bbox 482 4078 609 4140; x_wconf 90' lang='lat' dir='ltr'><strong>post</strong></span> <span class='ocrx_word' id='word_1_593' title='bbox 635 4066 854 4123; x_wconf 73' lang='lat' dir='ltr'><strong>oﬂulam</strong></span> <span class='ocrx_word' id='word_1_594' title='bbox 884 4063 1043 4132; x_wconf 85' lang='lat' dir='ltr'><strong>Juda,</strong></span> <span class='ocrx_word' id='word_1_595' title='bbox 1086 4076 1147 4122; x_wconf 87' lang='lat' dir='ltr'><strong>ut</strong></span> <span class='ocrx_word' id='word_1_596' title='bbox 1194 4075 1389 4123; x_wconf 89' lang='lat' dir='ltr'><strong>contra</strong></span> <span class='ocrx_word' id='word_1_597' title='bbox 1427 4062 1613 4120; x_wconf 81' lang='lat' dir='ltr'><strong>Jesum</strong></span> <span class='ocrx_word' id='word_1_598' title='bbox 1661 4062 2061 4133; x_wconf 89' lang='lat' dir='ltr'><strong>negotiaretur,</strong></span> 
     </span>
    </p>
   </div>
   <div class='ocr_carea' id='block_1_71' title="bbox 485 4154 2060 4231">
    <p class='ocr_par' dir='ltr' id='par_1_71' title="bbox 485 4154 2060 4231">
     <span class='ocr_line' id='line_1_71' title="bbox 485 4154 2060 4231; baseline -0.006 -13"><span class='ocrx_word' id='word_1_599' title='bbox 485 4163 692 4218; x_wconf 87' lang='lat' dir='ltr'><strong>dictum</strong></span> <span class='ocrx_word' id='word_1_600' title='bbox 723 4169 807 4217; x_wconf 87' lang='lat' dir='ltr'><strong>est</strong></span> <span class='ocrx_word' id='word_1_601' title='bbox 827 4178 841 4216; x_wconf 93' lang='lat'><strong>:</strong></span> <span class='ocrx_word' id='word_1_602' title='bbox 861 4180 881 4214; x_wconf 73' lang='grc' dir='ltr'><strong>ι</strong></span> <span class='ocrx_word' id='word_1_603' title='bbox 910 4159 1063 4216; x_wconf 84' lang='lat' dir='ltr'><strong>Nunc</strong></span> <span class='ocrx_word' id='word_1_604' title='bbox 1094 4158 1434 4231; x_wconf 82' lang='lat' dir='ltr'><strong>gloriﬁcatus</strong></span> <span class='ocrx_word' id='word_1_605' title='bbox 1453 4167 1537 4213; x_wconf 87' lang='lat' dir='ltr'><strong>est</strong></span> <span class='ocrx_word' id='word_1_606' title='bbox 1563 4154 1734 4212; x_wconf 85' lang='lat' dir='ltr'><strong>Filius</strong></span> <span class='ocrx_word' id='word_1_607' title='bbox 1758 4155 2060 4222; x_wconf 50' lang='lat' dir='ltr'><strong>hominis»</strong></span> 
     </span>
    </p>
   </div>
   <div class='ocr_carea' id='block_1_72' title="bbox 485 4249 2065 4323">
    <p class='ocr_par' dir='ltr' id='par_1_72' title="bbox 485 4249 2065 4323">
     <span class='ocr_line' id='line_1_72' title="bbox 485 4249 2065 4323; baseline -0.006 -11"><span class='ocrx_word' id='word_1_608' title='bbox 485 4256 682 4315; x_wconf 89' lang='lat' dir='ltr'><strong>deinde</strong></span> <span class='ocrx_word' id='word_1_609' title='bbox 711 4255 968 4323; x_wconf 89' lang='lat' dir='ltr'><strong>quoniam</strong></span> <span class='ocrx_word' id='word_1_610' title='bbox 997 4268 1104 4310; x_wconf 90' lang='lat' dir='ltr'><strong>non</strong></span> <span class='ocrx_word' id='word_1_611' title='bbox 1134 4252 1299 4307; x_wconf 91' lang='lat' dir='ltr'><strong>liceat</strong></span> <span class='ocrx_word' id='word_1_612' title='bbox 1322 4249 1613 4321; x_wconf 81' lang='lat' dir='ltr'><strong>gloriﬁcari</strong></span> <span class='ocrx_word' id='word_1_613' title='bbox 1637 4249 1937 4316; x_wconf 88' lang='lat' dir='ltr'><strong>Christum,</strong></span> <span class='ocrx_word' id='word_1_614' title='bbox 1958 4262 2065 4303; x_wconf 86' lang='lat' dir='ltr'><strong>non</strong></span> 
     </span>
    </p>
   </div>
   <div class='ocr_carea' id='block_1_73' title="bbox 486 4340 2061 4421">
    <p class='ocr_par' dir='ltr' id='par_1_73' title="bbox 486 4340 2061 4421">
     <span class='ocr_line' id='line_1_73' title="bbox 486 4340 2061 4421; baseline -0.006 -16"><span class='ocrx_word' id='word_1_615' title='bbox 486 4348 792 4421; x_wconf 79' lang='lat' dir='ltr'><strong>gloriﬁcato</strong></span> <span class='ocrx_word' id='word_1_616' title='bbox 830 4362 929 4419; x_wconf 92' lang='lat' dir='ltr'><strong>per</strong></span> <span class='ocrx_word' id='word_1_617' title='bbox 960 4347 1137 4418; x_wconf 91' lang='lat' dir='ltr'><strong>ipsum</strong></span> <span class='ocrx_word' id='word_1_618' title='bbox 1180 4344 1365 4407; x_wconf 81' lang='lat' dir='ltr'><strong>Patre,</strong></span> <span class='ocrx_word' id='word_1_619' title='bbox 1399 4350 1684 4413; x_wconf 85' lang='lat' dir='ltr'><strong>propterea</strong></span> <span class='ocrx_word' id='word_1_620' title='bbox 1725 4340 1811 4397; x_wconf 89' lang='lat' dir='ltr'><strong>his</strong></span> <span class='ocrx_word' id='word_1_621' title='bbox 1844 4340 2061 4396; x_wconf 87' lang='lat' dir='ltr'><strong>verbis:</strong></span> 
     </span>
    </p>
   </div>
   <div class='ocr_carea' id='block_1_74' title="bbox 489 4432 2141 4522">
    <p class='ocr_par' dir='ltr' id='par_1_74' title="bbox 489 4432 2141 4522">
     <span class='ocr_line' id='line_1_74' title="bbox 489 4432 2141 4522; baseline -0.008 -25"><span class='ocrx_word' id='word_1_622' title='bbox 489 4461 511 4496; x_wconf 72' lang='grc' dir='ltr'><strong>ι</strong></span> <span class='ocrx_word' id='word_1_623' title='bbox 550 4441 705 4497; x_wconf 82' lang='lat' dir='ltr'><strong>Nunc</strong></span> <span class='ocrx_word' id='word_1_624' title='bbox 733 4439 1069 4511; x_wconf 81' lang='lat' dir='ltr'><strong>gloriﬁcatus</strong></span> <span class='ocrx_word' id='word_1_625' title='bbox 1100 4450 1188 4494; x_wconf 90' lang='lat' dir='ltr'><strong>est</strong></span> <span class='ocrx_word' id='word_1_626' title='bbox 1234 4435 1408 4493; x_wconf 84' lang='lat' dir='ltr'><strong>Filius</strong></span> <span class='ocrx_word' id='word_1_627' title='bbox 1450 4434 1704 4497; x_wconf 91' lang='lat' dir='ltr'><strong>hominis,</strong></span> <span class='ocrx_word' id='word_1_628' title='bbox 1741 4452 1761 4486; x_wconf 78' lang='grc' dir='ltr'><strong>ι</strong></span> <span class='ocrx_word' id='word_1_629' title='bbox 1793 4432 2065 4487; x_wconf 91' lang='lat' dir='ltr'><strong>adduntur</strong></span> <span class='ocrx_word' id='word_1_630' title='bbox 2095 4464 2141 4522; x_wconf 70' lang='grc' dir='ltr'><strong>ι)</strong></span> 
     </span>
    </p>
   </div>
   <div class='ocr_carea' id='block_1_75' title="bbox 485 4522 2064 4603">
    <p class='ocr_par' dir='ltr' id='par_1_75' title="bbox 485 4522 2064 4603">
     <span class='ocr_line' id='line_1_75' title="bbox 485 4522 2064 4603; baseline -0.008 -13"><span class='ocrx_word' id='word_1_631' title='bbox 485 4535 606 4590; x_wconf 76' lang='lat' dir='ltr'><strong>haec</strong></span> <span class='ocrx_word' id='word_1_632' title='bbox 638 4548 653 4588; x_wconf 89' lang='lat'><strong>:</strong></span> <span class='ocrx_word' id='word_1_633' title='bbox 690 4551 711 4586; x_wconf 75' lang='grc' dir='ltr'><strong>ι</strong></span> <span class='ocrx_word' id='word_1_634' title='bbox 764 4532 832 4586; x_wconf 89' lang='grc' dir='ltr'>Ει</span> <span class='ocrx_word' id='word_1_635' title='bbox 864 4531 1004 4586; x_wconf 90' lang='lat' dir='ltr'><strong>Deus</strong></span> <span class='ocrx_word' id='word_1_636' title='bbox 1033 4529 1364 4603; x_wconf 78' lang='lat' dir='ltr'><strong>gloriﬁcatus</strong></span> <span class='ocrx_word' id='word_1_637' title='bbox 1400 4537 1484 4584; x_wconf 93' lang='lat' dir='ltr'><strong>est</strong></span> <span class='ocrx_word' id='word_1_638' title='bbox 1523 4541 1619 4597; x_wconf 90' lang='lat' dir='ltr'><strong>per</strong></span> <span class='ocrx_word' id='word_1_639' title='bbox 1665 4525 1864 4595; x_wconf 80' lang='lat' dir='ltr'><strong>ipsum.</strong></span> <span class='ocrx_word' id='word_1_640' title='bbox 1901 4542 1922 4577; x_wconf 71' lang='grc' dir='ltr'><strong>ο</strong></span> <span class='ocrx_word' id='word_1_641' title='bbox 1961 4522 2064 4578; x_wconf 77' lang='lat' dir='ltr'><strong>Ve.-</strong></span> 
     </span>
    </p>
   </div>
   <div class='ocr_carea' id='block_1_76' title="bbox 486 4614 2065 4695">
    <p class='ocr_par' dir='ltr' id='par_1_76' title="bbox 486 4614 2065 4695">
     <span class='ocr_line' id='line_1_76' title="bbox 486 4614 2065 4695; baseline -0.009 -13"><span class='ocrx_word' id='word_1_642' title='bbox 486 4633 798 4682; x_wconf 87' lang='lat' dir='ltr'><strong>rumtamen</strong></span> <span class='ocrx_word' id='word_1_643' title='bbox 837 4622 1007 4695; x_wconf 89' lang='lat' dir='ltr'><strong>gloria</strong></span> <span class='ocrx_word' id='word_1_644' title='bbox 1044 4621 1367 4690; x_wconf 88' lang='lat' dir='ltr'><strong>contingens</strong></span> <span class='ocrx_word' id='word_1_645' title='bbox 1398 4617 1468 4673; x_wconf 89' lang='lat' dir='ltr'><strong>ob</strong></span> <span class='ocrx_word' id='word_1_646' title='bbox 1500 4625 1727 4673; x_wconf 87' lang='lat' dir='ltr'><strong>mortem</strong></span> <span class='ocrx_word' id='word_1_647' title='bbox 1756 4629 1856 4684; x_wconf 89' lang='lat' dir='ltr'><strong>pro</strong></span> <span class='ocrx_word' id='word_1_648' title='bbox 1889 4614 2065 4670; x_wconf 90' lang='lat' dir='ltr'><strong>homi-</strong></span> 
     </span>
    </p>
   </div>
   <div class='ocr_carea' id='block_1_77' title="bbox 484 4703 2061 4785">
    <p class='ocr_par' dir='ltr' id='par_1_77' title="bbox 484 4703 2061 4785">
     <span class='ocr_line' id='line_1_77' title="bbox 484 4703 2061 4785; baseline -0.012 -11"><span class='ocrx_word' id='word_1_649' title='bbox 484 4718 648 4775; x_wconf 88' lang='lat' dir='ltr'><strong>nibus</strong></span> <span class='ocrx_word' id='word_1_650' title='bbox 699 4730 809 4771; x_wconf 88' lang='lat' dir='ltr'><strong>non</strong></span> <span class='ocrx_word' id='word_1_651' title='bbox 848 4711 1155 4785; x_wconf 86' lang='lat' dir='ltr'><strong>pertinebat</strong></span> <span class='ocrx_word' id='word_1_652' title='bbox 1210 4710 1277 4764; x_wconf 86' lang='lat' dir='ltr'><strong>ad</strong></span> <span class='ocrx_word' id='word_1_653' title='bbox 1333 4706 1670 4778; x_wconf 85' lang='lat' dir='ltr'><strong>unigenitum</strong></span> <span class='ocrx_word' id='word_1_654' title='bbox 1720 4703 1930 4773; x_wconf 83' lang='grc' dir='ltr'>Λόγον,</span> <span class='ocrx_word' id='word_1_655' title='bbox 1964 4717 2061 4757; x_wconf 87' lang='lat' dir='ltr'><strong>seu</strong></span> 
     </span>
    </p>
   </div>
   <div class='ocr_carea' id='block_1_78' title="bbox 486 4801 2062 4878">
    <p class='ocr_par' dir='ltr' id='par_1_78' title="bbox 486 4801 2062 4878">
     <span class='ocr_line' id='line_1_78' title="bbox 486 4801 2062 4878; baseline -0.009 -13"><span class='ocrx_word' id='word_1_656' title='bbox 486 4811 829 4875; x_wconf 87' lang='lat' dir='ltr'><strong>Sermonem,</strong></span> <span class='ocrx_word' id='word_1_657' title='bbox 862 4805 954 4878; x_wconf 91' lang='lat' dir='ltr'><strong>qui</strong></span> <span class='ocrx_word' id='word_1_658' title='bbox 985 4814 1177 4861; x_wconf 90' lang='lat' dir='ltr'><strong>natura</strong></span> <span class='ocrx_word' id='word_1_659' title='bbox 1205 4801 1347 4860; x_wconf 89' lang='lat' dir='ltr'><strong>mori</strong></span> <span class='ocrx_word' id='word_1_660' title='bbox 1378 4809 1534 4870; x_wconf 85' lang='lat' dir='ltr'><strong>aptus</strong></span> <span class='ocrx_word' id='word_1_661' title='bbox 1580 4813 1687 4854; x_wconf 89' lang='lat' dir='ltr'><strong>non</strong></span> <span class='ocrx_word' id='word_1_662' title='bbox 1715 4806 1858 4863; x_wconf 88' lang='lat' dir='ltr'><strong>erat,</strong></span> <span class='ocrx_word' id='word_1_663' title='bbox 1884 4810 2062 4867; x_wconf 91' lang='lat' dir='ltr'><strong>neque</strong></span> 
     </span>
    </p>
   </div>
   <div class='ocr_carea' id='block_1_79' title="bbox 486 4886 2063 4972">
    <p class='ocr_par' dir='ltr' id='par_1_79' title="bbox 486 4886 2063 4972">
     <span class='ocr_line' id='line_1_79' title="bbox 486 4886 2063 4972; baseline -0.01 -16"><span class='ocrx_word' id='word_1_664' title='bbox 486 4902 556 4957; x_wconf 83' lang='lat' dir='ltr'><strong>ad</strong></span> <span class='ocrx_word' id='word_1_665' title='bbox 577 4899 921 4972; x_wconf 82' lang='lat' dir='ltr'><strong>sapientiam,</strong></span> <span class='ocrx_word' id='word_1_666' title='bbox 953 4906 1010 4952; x_wconf 87' lang='lat' dir='ltr'><strong>et</strong></span> <span class='ocrx_word' id='word_1_667' title='bbox 1042 4897 1323 4967; x_wconf 78' lang='lat' dir='ltr'><strong>pietatem,</strong></span> <span class='ocrx_word' id='word_1_668' title='bbox 1347 4902 1405 4949; x_wconf 87' lang='lat' dir='ltr'><strong>et</strong></span> <span class='ocrx_word' id='word_1_669' title='bbox 1427 4902 1768 4962; x_wconf 62' lang='lat' dir='ltr'><strong>quaecunque</strong></span> <span class='ocrx_word' id='word_1_670' title='bbox 1811 4886 1917 4942; x_wconf 87' lang='lat' dir='ltr'><strong>alia</strong></span> <span class='ocrx_word' id='word_1_671' title='bbox 1941 4900 2063 4942; x_wconf 90' lang='lat' dir='ltr'><strong>esse</strong></span> 
     </span>
    </p>
   </div>
   <div class='ocr_carea' id='block_1_80' title="bbox 486 4978 2064 5057">
    <p class='ocr_par' dir='ltr' id='par_1_80' title="bbox 486 4978 2064 5057">
     <span class='ocr_line' id='line_1_80' title="bbox 486 4978 2064 5057; baseline -0.012 -6"><span class='ocrx_word' id='word_1_672' title='bbox 486 4995 742 5051; x_wconf 87' lang='lat' dir='ltr'><strong>dicuntur</strong></span> <span class='ocrx_word' id='word_1_673' title='bbox 791 4992 853 5046; x_wconf 87' lang='lat' dir='ltr'><strong>in</strong></span> <span class='ocrx_word' id='word_1_674' title='bbox 884 4988 1013 5045; x_wconf 86' lang='lat' dir='ltr'><strong>Jesu</strong></span> <span class='ocrx_word' id='word_1_675' title='bbox 1058 4984 1491 5057; x_wconf 76' lang='lat' dir='ltr'><strong>diviniora;sed</strong></span> <span class='ocrx_word' id='word_1_676' title='bbox 1534 4983 1602 5037; x_wconf 92' lang='lat' dir='ltr'><strong>ad</strong></span> <span class='ocrx_word' id='word_1_677' title='bbox 1642 4980 1938 5041; x_wconf 83' lang='lat' dir='ltr'><strong>hominem,</strong></span> <span class='ocrx_word' id='word_1_678' title='bbox 1972 4978 2064 5049; x_wconf 92' lang='lat' dir='ltr'><strong>qui</strong></span> 
     </span>
    </p>
   </div>
   <div class='ocr_carea' id='block_1_81' title="bbox 485 5068 2065 5148">
    <p class='ocr_par' dir='ltr' id='par_1_81' title="bbox 485 5068 2065 5148">
     <span class='ocr_line' id='line_1_81' title="bbox 485 5068 2065 5148; baseline -0.011 -6"><span class='ocrx_word' id='word_1_679' title='bbox 485 5093 607 5142; x_wconf 81' lang='lat' dir='ltr'><strong>erat</strong></span> <span class='ocrx_word' id='word_1_680' title='bbox 630 5086 795 5140; x_wconf 88' lang='lat' dir='ltr'><strong>etiam</strong></span> <span class='ocrx_word' id='word_1_681' title='bbox 815 5082 988 5140; x_wconf 86' lang='lat' dir='ltr'><strong>Filius</strong></span> <span class='ocrx_word' id='word_1_682' title='bbox 1019 5080 1276 5143; x_wconf 83' lang='lat' dir='ltr'><strong>hominis,</strong></span> <span class='ocrx_word' id='word_1_683' title='bbox 1307 5076 1521 5148; x_wconf 88' lang='lat' dir='ltr'><strong>genitus</strong></span> <span class='ocrx_word' id='word_1_684' title='bbox 1554 5088 1619 5129; x_wconf 80' lang='lat' dir='ltr'><strong>ex</strong></span> <span class='ocrx_word' id='word_1_685' title='bbox 1651 5072 1861 5128; x_wconf 91' lang='lat' dir='ltr'><strong>semine</strong></span> <span class='ocrx_word' id='word_1_686' title='bbox 1896 5068 2065 5125; x_wconf 84' lang='lat' dir='ltr'><strong>David</strong></span> 
     </span>
    </p>
   </div>
   <div class='ocr_carea' id='block_1_82' title="bbox 486 5161 2070 5236">
    <p class='ocr_par' dir='ltr' id='par_1_82' title="bbox 486 5161 2070 5236">
     <span class='ocr_line' id='line_1_82' title="bbox 486 5161 2070 5236; baseline -0.011 -3"><span class='ocrx_word' id='word_1_687' title='bbox 486 5176 785 5233; x_wconf 87' lang='lat' dir='ltr'><strong>secundum</strong></span> <span class='ocrx_word' id='word_1_688' title='bbox 817 5182 1044 5229; x_wconf 86' lang='lat' dir='ltr'><strong>carnem</strong></span> <span class='ocrx_word' id='word_1_689' title='bbox 1073 5170 1141 5226; x_wconf 79' lang='grc'><strong>⁸⁸.</strong></span> <span class='ocrx_word' id='word_1_690' title='bbox 1175 5169 1439 5236; x_wconf 87' lang='lat' dir='ltr'><strong>Quocirca</strong></span> <span class='ocrx_word' id='word_1_691' title='bbox 1468 5164 1716 5232; x_wconf 89' lang='lat' dir='ltr'><strong>superius</strong></span> <span class='ocrx_word' id='word_1_692' title='bbox 1745 5163 1961 5233; x_wconf 91' lang='lat' dir='ltr'><strong>quidem</strong></span> <span class='ocrx_word' id='word_1_693' title='bbox 1985 5161 2070 5216; x_wconf 88' lang='lat' dir='ltr'><strong>di-</strong></span> 
     </span>
    </p>
   </div>
   <div class='ocr_carea' id='block_1_83' title="bbox 486 5252 2069 5343">
    <p class='ocr_par' dir='ltr' id='par_1_83' title="bbox 486 5252 2069 5343">
     <span class='ocr_line' id='line_1_83' title="bbox 486 5252 2069 5343; baseline -0.012 -16"><span class='ocrx_word' id='word_1_694' title='bbox 486 5274 611 5327; x_wconf 82' lang='lat' dir='ltr'><strong>xit:</strong></span> <span class='ocrx_word' id='word_1_695' title='bbox 640 5267 801 5343; x_wconf 85' lang='grc'><strong>[(20)</strong></span> <span class='ocrx_word' id='word_1_696' title='bbox 832 5286 852 5321; x_wconf 80' lang='grc' dir='ltr'><strong>ι</strong></span> <span class='ocrx_word' id='word_1_697' title='bbox 879 5264 1037 5322; x_wconf 82' lang='grc' dir='ltr'>Νυυο</span> <span class='ocrx_word' id='word_1_698' title='bbox 1085 5260 1331 5334; x_wconf 65' lang='lat' dir='ltr'><strong>quaeritis</strong></span> <span class='ocrx_word' id='word_1_699' title='bbox 1383 5273 1474 5314; x_wconf 90' lang='lat' dir='ltr'><strong>me</strong></span> <span class='ocrx_word' id='word_1_700' title='bbox 1513 5255 1857 5321; x_wconf 74' lang='lat' dir='ltr'><strong>interﬁcere,</strong></span> <span class='ocrx_word' id='word_1_701' title='bbox 1892 5252 2069 5311; x_wconf 87' lang='lat' dir='ltr'><strong>homi-</strong></span> 
     </span>
    </p>
   </div>
   <div class='ocr_carea' id='block_1_84' title="bbox 487 5345 2068 5431">
    <p class='ocr_par' dir='ltr' id='par_1_84' title="bbox 487 5345 2068 5431">
     <span class='ocr_line' id='line_1_84' title="bbox 487 5345 2068 5431; baseline -0.013 -13"><span class='ocrx_word' id='word_1_702' title='bbox 487 5377 634 5427; x_wconf 86' lang='lat' dir='ltr'><strong>nem,</strong></span> <span class='ocrx_word' id='word_1_703' title='bbox 665 5361 761 5431; x_wconf 89' lang='lat' dir='ltr'><strong>qui</strong></span> <span class='ocrx_word' id='word_1_704' title='bbox 788 5356 1076 5415; x_wconf 87' lang='lat' dir='ltr'><strong>veritatem</strong></span> <span class='ocrx_word' id='word_1_705' title='bbox 1100 5353 1255 5411; x_wconf 85' lang='lat' dir='ltr'><strong>vobis</strong></span> <span class='ocrx_word' id='word_1_706' title='bbox 1294 5352 1507 5409; x_wconf 90' lang='lat' dir='ltr'><strong>locutus</strong></span> <span class='ocrx_word' id='word_1_707' title='bbox 1534 5363 1656 5406; x_wconf 86' lang='lat' dir='ltr'><strong>sum</strong></span> <span class='ocrx_word' id='word_1_708' title='bbox 1685 5365 1703 5416; x_wconf 87' lang='lat'><strong>;</strong></span> <span class='ocrx_word' id='word_1_709' title='bbox 1737 5365 1757 5400; x_wconf 71' lang='grc' dir='ltr'><strong>ι</strong></span> <span class='ocrx_word' id='word_1_710' title='bbox 1789 5346 1844 5402; x_wconf 93' lang='lat' dir='ltr'><strong>in</strong></span> <span class='ocrx_word' id='word_1_711' title='bbox 1876 5345 1943 5401; x_wconf 88' lang='lat' dir='ltr'><strong>iis</strong></span> <span class='ocrx_word' id='word_1_712' title='bbox 1970 5359 2068 5399; x_wconf 82' lang='lat' dir='ltr'><strong>au-</strong></span> 
     </span>
    </p>
   </div>
   <div class='ocr_carea' id='block_1_85' title="bbox 2172 3236 3763 3312">
    <p class='ocr_par' dir='ltr' id='par_1_85' title="bbox 2172 3236 3763 3312">
     <span class='ocr_line' id='line_1_85' title="bbox 2172 3236 3763 3312; baseline 0.001 -19"><span class='ocrx_word' id='word_1_713' title='bbox 2172 3242 2241 3312; x_wconf 82' lang='grc' dir='ltr'>τῇ</span> <span class='ocrx_word' id='word_1_714' title='bbox 2271 3238 2712 3311; x_wconf 80' lang='grc' dir='ltr'>μεταμορφώσει,</span> <span class='ocrx_word' id='word_1_715' title='bbox 2744 3238 2804 3292; x_wconf 87' lang='grc' dir='ltr'><strong>τὸ</strong></span> <span class='ocrx_word' id='word_1_716' title='bbox 2847 3237 3219 3310; x_wconf 71' lang='grc' dir='ltr'>ἐξεληλυθέναι</span> <span class='ocrx_word' id='word_1_717' title='bbox 3260 3236 3352 3293; x_wconf 88' lang='grc' dir='ltr'><strong>τὸν</strong></span> <span class='ocrx_word' id='word_1_718' title='bbox 3393 3239 3592 3293; x_wconf 83' lang='grc' dir='ltr'>Ἰούδαν</span> <span class='ocrx_word' id='word_1_719' title='bbox 3622 3240 3763 3311; x_wconf 77' lang='grc' dir='ltr'>μετὰ</span> 
     </span>
    </p>
   </div>
   <div class='ocr_carea' id='block_1_86' title="bbox 2171 3328 3761 3393">
    <p class='ocr_par' dir='ltr' id='par_1_86' title="bbox 2171 3328 3761 3393">
     <span class='ocr_line' id='line_1_86' title="bbox 2171 3328 3761 3393; baseline 0.001 -9"><span class='ocrx_word' id='word_1_720' title='bbox 2171 3328 2267 3384; x_wconf 87' lang='grc' dir='ltr'><strong>τοῦ</strong></span> <span class='ocrx_word' id='word_1_721' title='bbox 2289 3329 2620 3393; x_wconf 87' lang='grc' dir='ltr'>εἰσελθόντος</span> <span class='ocrx_word' id='word_1_722' title='bbox 2648 3329 2728 3392; x_wconf 84' lang='grc' dir='ltr'><strong>εἰς</strong></span> <span class='ocrx_word' id='word_1_723' title='bbox 2758 3328 2917 3382; x_wconf 83' lang='grc' dir='ltr'>αὑτὸν</span> <span class='ocrx_word' id='word_1_724' title='bbox 2943 3330 3154 3383; x_wconf 83' lang='grc' dir='ltr'>Σατανᾶ</span> <span class='ocrx_word' id='word_1_725' title='bbox 3180 3329 3288 3383; x_wconf 82' lang='grc' dir='ltr'><strong>ἀπὸ</strong></span> <span class='ocrx_word' id='word_1_726' title='bbox 3316 3329 3408 3382; x_wconf 87' lang='grc' dir='ltr'><strong>τοῦ</strong></span> <span class='ocrx_word' id='word_1_727' title='bbox 3439 3330 3605 3384; x_wconf 90' lang='grc' dir='ltr'>τόπου</span> <span class='ocrx_word' id='word_1_728' title='bbox 3633 3330 3761 3386; x_wconf 73' lang='grc' dir='ltr'>ἔνθα</span> 
     </span>
    </p>
   </div>
   <div class='ocr_carea' id='block_1_87' title="bbox 2170 3414 3757 3494">
    <p class='ocr_par' dir='ltr' id='par_1_87' title="bbox 2170 3414 3757 3494">
     <span class='ocr_line' id='line_1_87' title="bbox 2170 3414 3757 3494; baseline 0.003 -22"><span class='ocrx_word' id='word_1_729' title='bbox 2170 3414 2239 3491; x_wconf 84' lang='grc' dir='ltr'>ἦν</span> <span class='ocrx_word' id='word_1_730' title='bbox 2265 3421 2295 3474; x_wconf 92' lang='lat'><strong>6</strong></span> <span class='ocrx_word' id='word_1_731' title='bbox 2329 3419 2555 3492; x_wconf 89' lang='grc' dir='ltr'>Ἰησοῦς.</span> <span class='ocrx_word' id='word_1_732' title='bbox 2581 3419 2673 3472; x_wconf 88' lang='grc' dir='ltr'>Διὸ</span> <span class='ocrx_word' id='word_1_733' title='bbox 2698 3415 2850 3473; x_wconf 75' lang='grc' dir='ltr'>εἶπεν</span> <span class='ocrx_word' id='word_1_734' title='bbox 2881 3422 2910 3474; x_wconf 91' lang='lat'><strong>6</strong></span> <span class='ocrx_word' id='word_1_735' title='bbox 2943 3419 3146 3491; x_wconf 82' lang='grc' dir='ltr'>Κύριος</span> <span class='ocrx_word' id='word_1_736' title='bbox 3174 3420 3234 3474; x_wconf 90' lang='grc' dir='ltr'><strong>τό</strong></span> <span class='ocrx_word' id='word_1_737' title='bbox 3252 3437 3265 3451; x_wconf 79' lang='grc'><em>’</em></span> <span class='ocrx_word' id='word_1_738' title='bbox 3302 3440 3323 3473; x_wconf 76' lang='grc' dir='ltr'><strong>ι</strong></span> <span class='ocrx_word' id='word_1_739' title='bbox 3352 3420 3467 3475; x_wconf 88' lang='grc' dir='ltr'><strong>Νῦν</strong></span> <span class='ocrx_word' id='word_1_740' title='bbox 3498 3421 3757 3494; x_wconf 78' lang='grc' dir='ltr'>ἐδοξάσθη</span> 
     </span>
    </p>
   </div>
   <div class='ocr_carea' id='block_1_88' title="bbox 2171 3510 3761 3582">
    <p class='ocr_par' dir='ltr' id='par_1_88' title="bbox 2171 3510 3761 3582">
     <span class='ocr_line' id='line_1_88' title="bbox 2171 3510 3761 3582; baseline 0 -15"><span class='ocrx_word' id='word_1_741' title='bbox 2171 3515 2201 3568; x_wconf 89' lang='lat'><strong>6</strong></span> <span class='ocrx_word' id='word_1_742' title='bbox 2226 3513 2351 3577; x_wconf 81' lang='grc' dir='ltr'>Υἱὸς</span> <span class='ocrx_word' id='word_1_743' title='bbox 2371 3510 2466 3565; x_wconf 90' lang='grc' dir='ltr'><strong>τοῦ</strong></span> <span class='ocrx_word' id='word_1_744' title='bbox 2491 3510 2799 3582; x_wconf 85' lang='grc' dir='ltr'>ἀνθρώπου.</span> <span class='ocrx_word' id='word_1_745' title='bbox 2830 3529 2850 3561; x_wconf 81' lang='grc'>›</span> <span class='ocrx_word' id='word_1_746' title='bbox 2884 3511 3006 3564; x_wconf 82' lang='grc' dir='ltr'><strong>Ἔτι</strong></span> <span class='ocrx_word' id='word_1_747' title='bbox 3030 3511 3087 3565; x_wconf 81' lang='grc' dir='ltr'>δὲ</span> <span class='ocrx_word' id='word_1_748' title='bbox 3116 3511 3207 3564; x_wconf 71' lang='grc' dir='ltr'>καὶ</span> <span class='ocrx_word' id='word_1_749' title='bbox 3230 3511 3290 3565; x_wconf 87' lang='grc' dir='ltr'><strong>τό</strong></span> <span class='ocrx_word' id='word_1_750' title='bbox 3312 3528 3326 3542; x_wconf 87' lang='grc'><strong>·</strong></span> <span class='ocrx_word' id='word_1_751' title='bbox 3364 3531 3383 3563; x_wconf 75' lang='grc' dir='ltr'><strong>ι</strong></span> <span class='ocrx_word' id='word_1_752' title='bbox 3408 3512 3532 3567; x_wconf 85' lang='grc' dir='ltr'><strong>Ἐὰν</strong></span> <span class='ocrx_word' id='word_1_753' title='bbox 3555 3513 3761 3582; x_wconf 82' lang='grc' dir='ltr'><strong>ὑψωθῶ</strong></span> 
     </span>
    </p>
   </div>
   <div class='ocr_carea' id='block_1_89' title="bbox 2171 3600 3759 3677">
    <p class='ocr_par' dir='ltr' id='par_1_89' title="bbox 2171 3600 3759 3677">
     <span class='ocr_line' id='line_1_89' title="bbox 2171 3600 3759 3677; baseline 0.002 -20"><span class='ocrx_word' id='word_1_754' title='bbox 2171 3605 2237 3657; x_wconf 86' lang='grc' dir='ltr'><strong>ἐκ</strong></span> <span class='ocrx_word' id='word_1_755' title='bbox 2269 3604 2368 3675; x_wconf 85' lang='grc' dir='ltr'><strong>τῆς</strong></span> <span class='ocrx_word' id='word_1_756' title='bbox 2399 3602 2523 3673; x_wconf 80' lang='grc' dir='ltr'>γῆς,</span> <span class='ocrx_word' id='word_1_757' title='bbox 2547 3603 2755 3666; x_wconf 84' lang='grc' dir='ltr'>πάντας</span> <span class='ocrx_word' id='word_1_758' title='bbox 2792 3600 3003 3655; x_wconf 89' lang='grc' dir='ltr'>ἐλκύσω</span> <span class='ocrx_word' id='word_1_759' title='bbox 3034 3601 3169 3674; x_wconf 88' lang='grc' dir='ltr'>πρὸς</span> <span class='ocrx_word' id='word_1_760' title='bbox 3195 3603 3453 3673; x_wconf 86' lang='grc' dir='ltr'>ἐμαυτὸν,</span> <span class='ocrx_word' id='word_1_761' title='bbox 3488 3623 3509 3656; x_wconf 77' lang='grc' dir='ltr'><strong>ι</strong></span> <span class='ocrx_word' id='word_1_762' title='bbox 3542 3604 3759 3677; x_wconf 74' lang='grc' dir='ltr'>εἴρηται</span> 
     </span>
    </p>
   </div>
   <div class='ocr_carea' id='block_1_90' title="bbox 2175 3691 3763 3766">
    <p class='ocr_par' dir='ltr' id='par_1_90' title="bbox 2175 3691 3763 3766">
     <span class='ocr_line' id='line_1_90' title="bbox 2175 3691 3763 3766; baseline 0.002 -20"><span class='ocrx_word' id='word_1_763' title='bbox 2175 3692 2281 3747; x_wconf 86' lang='grc' dir='ltr'><strong>ὑπὸ</strong></span> <span class='ocrx_word' id='word_1_764' title='bbox 2326 3691 2421 3745; x_wconf 89' lang='grc' dir='ltr'><strong>τοῦ</strong></span> <span class='ocrx_word' id='word_1_765' title='bbox 2452 3692 2705 3764; x_wconf 84' lang='grc' dir='ltr'>Σωτῆρος</span> <span class='ocrx_word' id='word_1_766' title='bbox 2752 3691 3107 3762; x_wconf 82' lang='grc' dir='ltr'>σημαίνοντος</span> <span class='ocrx_word' id='word_1_767' title='bbox 3134 3692 3271 3763; x_wconf 86' lang='grc' dir='ltr'>ποίῳ</span> <span class='ocrx_word' id='word_1_768' title='bbox 3302 3692 3519 3766; x_wconf 89' lang='grc' dir='ltr'>θανάτῳ</span> <span class='ocrx_word' id='word_1_769' title='bbox 3544 3694 3763 3762; x_wconf 80' lang='grc' dir='ltr'>δοξάσει</span> 
     </span>
    </p>
   </div>
   <div class='ocr_carea' id='block_1_91' title="bbox 2170 3785 3761 3859">
    <p class='ocr_par' dir='ltr' id='par_1_91' title="bbox 2170 3785 3761 3859">
     <span class='ocr_line' id='line_1_91' title="bbox 2170 3785 3761 3859; baseline 0.001 -17"><span class='ocrx_word' id='word_1_770' title='bbox 2170 3787 2263 3842; x_wconf 88' lang='grc' dir='ltr'><strong>τὸν</strong></span> <span class='ocrx_word' id='word_1_771' title='bbox 2301 3786 2465 3841; x_wconf 88' lang='grc' dir='ltr'>Θεόν·</span> <span class='ocrx_word' id='word_1_772' title='bbox 2497 3785 2716 3851; x_wconf 86' lang='grc' dir='ltr'>ἐδόξασε</span> <span class='ocrx_word' id='word_1_773' title='bbox 2758 3785 2866 3857; x_wconf 86' lang='grc' dir='ltr'>γὰρ</span> <span class='ocrx_word' id='word_1_774' title='bbox 2908 3786 3003 3839; x_wconf 76' lang='grc' dir='ltr'><strong>καὶ</strong></span> <span class='ocrx_word' id='word_1_775' title='bbox 3048 3788 3106 3839; x_wconf 82' lang='grc' dir='ltr'><strong>ἐν</strong></span> <span class='ocrx_word' id='word_1_776' title='bbox 3136 3787 3216 3857; x_wconf 80' lang='grc' dir='ltr'>τῷ</span> <span class='ocrx_word' id='word_1_777' title='bbox 3260 3786 3625 3859; x_wconf 83' lang='grc' dir='ltr'>ἀποθνήσκειν</span> <span class='ocrx_word' id='word_1_778' title='bbox 3668 3788 3761 3843; x_wconf 82' lang='grc' dir='ltr'><strong>τὸν</strong></span> 
     </span>
    </p>
   </div>
   <div class='ocr_carea' id='block_1_92' title="bbox 2171 3875 3758 3948">
    <p class='ocr_par' dir='ltr' id='par_1_92' title="bbox 2171 3875 3758 3948">
     <span class='ocr_line' id='line_1_92' title="bbox 2171 3875 3758 3948; baseline -0.001 -16"><span class='ocrx_word' id='word_1_779' title='bbox 2171 3878 2324 3933; x_wconf 88' lang='grc' dir='ltr'>Θεόν.</span> <span class='ocrx_word' id='word_1_780' title='bbox 2359 3876 2459 3931; x_wconf 89' lang='grc' dir='ltr'>Διά</span> <span class='ocrx_word' id='word_1_781' title='bbox 2488 3875 2644 3931; x_wconf 88' lang='grc' dir='ltr'>τοῦτο</span> <span class='ocrx_word' id='word_1_782' title='bbox 2664 3915 2680 3940; x_wconf 90' lang='grc'><strong>,</strong></span> <span class='ocrx_word' id='word_1_783' title='bbox 2712 3876 2796 3930; x_wconf 80' lang='grc' dir='ltr'><strong>ὅτι</strong></span> <span class='ocrx_word' id='word_1_784' title='bbox 2820 3876 2932 3947; x_wconf 81' lang='grc'><strong>(25)</strong></span> <span class='ocrx_word' id='word_1_785' title='bbox 2960 3877 2993 3946; x_wconf 86' lang='grc' dir='ltr'><strong>ἡ</strong></span> <span class='ocrx_word' id='word_1_786' title='bbox 3026 3876 3170 3948; x_wconf 83' lang='grc' dir='ltr'>ἀρχὴ</span> <span class='ocrx_word' id='word_1_787' title='bbox 3200 3875 3302 3947; x_wconf 78' lang='grc' dir='ltr'>τῆς</span> <span class='ocrx_word' id='word_1_788' title='bbox 3331 3878 3642 3947; x_wconf 76' lang='grc' dir='ltr'>οἰκονομίας</span> <span class='ocrx_word' id='word_1_789' title='bbox 3664 3877 3758 3931; x_wconf 86' lang='grc' dir='ltr'><strong>τοῦ</strong></span> 
     </span>
    </p>
   </div>
   <div class='ocr_carea' id='block_1_93' title="bbox 2174 3966 3760 4042">
    <p class='ocr_par' dir='ltr' id='par_1_93' title="bbox 2174 3966 3760 4042">
     <span class='ocr_line' id='line_1_93' title="bbox 2174 3966 3760 4042; baseline -0.001 -17"><span class='ocrx_word' id='word_1_790' title='bbox 2174 3971 2394 4042; x_wconf 76' lang='grc' dir='ltr'>μέλλειν</span> <span class='ocrx_word' id='word_1_791' title='bbox 2425 3969 2790 4040; x_wconf 85' lang='grc' dir='ltr'>ἀποθνήσκειν</span> <span class='ocrx_word' id='word_1_792' title='bbox 2822 3966 2914 4023; x_wconf 86' lang='grc' dir='ltr'><strong>τὸν</strong></span> <span class='ocrx_word' id='word_1_793' title='bbox 2943 3968 3151 4039; x_wconf 88' lang='grc' dir='ltr'>Ἰησοῦν</span> <span class='ocrx_word' id='word_1_794' title='bbox 3187 3970 3488 4039; x_wconf 74' lang='grc' dir='ltr'>ἐνηργεῖτο,</span> <span class='ocrx_word' id='word_1_795' title='bbox 3521 3969 3760 4035; x_wconf 85' lang='grc' dir='ltr'>ἐξελθόν-</span> 
     </span>
    </p>
   </div>
   <div class='ocr_carea' id='block_1_94' title="bbox 2137 4059 3757 4134">
    <p class='ocr_par' dir='ltr' id='par_1_94' title="bbox 2137 4059 3757 4134">
     <span class='ocr_line' id='line_1_94' title="bbox 2137 4059 3757 4134; baseline -0.002 -17"><span class='ocrx_word' id='word_1_796' title='bbox 2137 4082 2145 4087; x_wconf 87' lang='grc'><strong>·</strong></span> <span class='ocrx_word' id='word_1_797' title='bbox 2170 4079 2264 4127; x_wconf 90' lang='grc' dir='ltr'><strong>τος</strong></span> <span class='ocrx_word' id='word_1_798' title='bbox 2299 4061 2437 4134; x_wconf 89' lang='grc' dir='ltr'><strong>μετά</strong></span> <span class='ocrx_word' id='word_1_799' title='bbox 2457 4062 2518 4115; x_wconf 89' lang='grc' dir='ltr'><strong>τὸ</strong></span> <span class='ocrx_word' id='word_1_800' title='bbox 2544 4061 2757 4132; x_wconf 77' lang='grc' dir='ltr'>ψωμίον</span> <span class='ocrx_word' id='word_1_801' title='bbox 2782 4059 2876 4114; x_wconf 89' lang='grc' dir='ltr'><strong>τοῦ</strong></span> <span class='ocrx_word' id='word_1_802' title='bbox 2918 4059 3089 4114; x_wconf 88' lang='grc' dir='ltr'>Ἰούδα</span> <span class='ocrx_word' id='word_1_803' title='bbox 3107 4101 3121 4125; x_wconf 93' lang='grc'><strong>,</strong></span> <span class='ocrx_word' id='word_1_804' title='bbox 3147 4060 3236 4114; x_wconf 81' lang='grc' dir='ltr'><strong>ἵνα</strong></span> <span class='ocrx_word' id='word_1_805' title='bbox 3265 4060 3757 4132; x_wconf 83' lang='grc' dir='ltr'>πραγματεύσηται</span> 
     </span>
    </p>
   </div>
   <div class='ocr_carea' id='block_1_95' title="bbox 2171 4148 3760 4223">
    <p class='ocr_par' dir='ltr' id='par_1_95' title="bbox 2171 4148 3760 4223">
     <span class='ocr_line' id='line_1_95' title="bbox 2171 4148 3760 4223; baseline -0.001 -16"><span class='ocrx_word' id='word_1_806' title='bbox 2171 4152 2315 4207; x_wconf 87' lang='grc' dir='ltr'><strong>κατά</strong></span> <span class='ocrx_word' id='word_1_807' title='bbox 2339 4151 2433 4206; x_wconf 89' lang='grc' dir='ltr'><strong>τοῦ</strong></span> <span class='ocrx_word' id='word_1_808' title='bbox 2474 4149 2648 4223; x_wconf 89' lang='grc' dir='ltr'>Ἰησοῦ</span> <span class='ocrx_word' id='word_1_809' title='bbox 2668 4190 2683 4215; x_wconf 93' lang='grc'><strong>,</strong></span> <span class='ocrx_word' id='word_1_810' title='bbox 2718 4150 2934 4221; x_wconf 75' lang='grc' dir='ltr'>εἴρηται</span> <span class='ocrx_word' id='word_1_811' title='bbox 2960 4149 3022 4202; x_wconf 90' lang='grc' dir='ltr'><strong>τό</strong></span> <span class='ocrx_word' id='word_1_812' title='bbox 3043 4166 3057 4180; x_wconf 89' lang='grc'><strong>·</strong></span> <span class='ocrx_word' id='word_1_813' title='bbox 3097 4168 3116 4201; x_wconf 74' lang='grc' dir='ltr'><strong>ε</strong></span> <span class='ocrx_word' id='word_1_814' title='bbox 3144 4148 3259 4202; x_wconf 84' lang='grc' dir='ltr'><strong>Νῦν</strong></span> <span class='ocrx_word' id='word_1_815' title='bbox 3289 4149 3547 4221; x_wconf 82' lang='grc' dir='ltr'>ἐδοξάσθη</span> <span class='ocrx_word' id='word_1_816' title='bbox 3574 4152 3602 4204; x_wconf 94' lang='lat'><strong>6</strong></span> <span class='ocrx_word' id='word_1_817' title='bbox 3631 4151 3760 4216; x_wconf 82' lang='grc' dir='ltr'>Υίδς</span> 
     </span>
    </p>
   </div>
   <div class='ocr_carea' id='block_1_96' title="bbox 2169 4237 3761 4315">
    <p class='ocr_par' dir='ltr' id='par_1_96' title="bbox 2169 4237 3761 4315">
     <span class='ocr_line' id='line_1_96' title="bbox 2169 4237 3761 4315; baseline -0.002 -15"><span class='ocrx_word' id='word_1_818' title='bbox 2169 4244 2265 4300; x_wconf 89' lang='grc' dir='ltr'><strong>τοῦ</strong></span> <span class='ocrx_word' id='word_1_819' title='bbox 2295 4243 2580 4315; x_wconf 82' lang='grc' dir='ltr'>ἀνθρώπου</span> <span class='ocrx_word' id='word_1_820' title='bbox 2604 4259 2619 4273; x_wconf 74' lang='grc' dir='ltr'><strong>ο</strong></span> <span class='ocrx_word' id='word_1_821' title='bbox 2658 4260 2677 4293; x_wconf 76' lang='grc' dir='ltr'><strong>ι</strong></span> <span class='ocrx_word' id='word_1_822' title='bbox 2715 4237 2812 4295; x_wconf 79' lang='grc' dir='ltr'>εἶτ’</span> <span class='ocrx_word' id='word_1_823' title='bbox 2845 4242 2966 4294; x_wconf 70' lang='grc' dir='ltr'>ἐπεὶ</span> <span class='ocrx_word' id='word_1_824' title='bbox 2985 4241 3084 4294; x_wconf 88' lang='grc' dir='ltr'><strong>οὐκ</strong></span> <span class='ocrx_word' id='word_1_825' title='bbox 3119 4240 3294 4295; x_wconf 73' lang='grc' dir='ltr'>ἔνεστι</span> <span class='ocrx_word' id='word_1_826' title='bbox 3321 4240 3761 4312; x_wconf 64' lang='grc' dir='ltr'>ὼξασθῆναιτὸν</span> 
     </span>
    </p>
   </div>
   <div class='ocr_carea' id='block_1_97' title="bbox 2170 4328 3757 4408">
    <p class='ocr_par' dir='ltr' id='par_1_97' title="bbox 2170 4328 3757 4408">
     <span class='ocr_line' id='line_1_97' title="bbox 2170 4328 3757 4408; baseline -0.004 -18"><span class='ocrx_word' id='word_1_827' title='bbox 2170 4335 2423 4408; x_wconf 84' lang='grc' dir='ltr'>Χριστὸν,</span> <span class='ocrx_word' id='word_1_828' title='bbox 2460 4333 2535 4405; x_wconf 81' lang='grc' dir='ltr'>μὴ</span> <span class='ocrx_word' id='word_1_829' title='bbox 2567 4328 2982 4402; x_wconf 78' lang='grc' dir='ltr'>ἐνδοξαζομένου</span> <span class='ocrx_word' id='word_1_830' title='bbox 3012 4329 3071 4383; x_wconf 88' lang='grc' dir='ltr'><strong>ἐν</strong></span> <span class='ocrx_word' id='word_1_831' title='bbox 3094 4329 3244 4400; x_wconf 83' lang='grc' dir='ltr'>αὐτῷ</span> <span class='ocrx_word' id='word_1_832' title='bbox 3272 4328 3363 4384; x_wconf 89' lang='grc' dir='ltr'><strong>τοῦ</strong></span> <span class='ocrx_word' id='word_1_833' title='bbox 3400 4330 3635 4403; x_wconf 88' lang='grc' dir='ltr'>Πατρὸς,</span> <span class='ocrx_word' id='word_1_834' title='bbox 3668 4329 3757 4384; x_wconf 83' lang='grc' dir='ltr'>διὰ</span> 
     </span>
    </p>
   </div>
   <div class='ocr_carea' id='block_1_98' title="bbox 2169 4418 3759 4497">
    <p class='ocr_par' dir='ltr' id='par_1_98' title="bbox 2169 4418 3759 4497">
     <span class='ocr_line' id='line_1_98' title="bbox 2169 4418 3759 4497; baseline -0.004 -17"><span class='ocrx_word' id='word_1_835' title='bbox 2169 4426 2327 4480; x_wconf 87' lang='grc' dir='ltr'>τοῦτο</span> <span class='ocrx_word' id='word_1_836' title='bbox 2354 4425 2675 4497; x_wconf 88' lang='grc' dir='ltr'>πρόσκειται</span> <span class='ocrx_word' id='word_1_837' title='bbox 2706 4420 2785 4491; x_wconf 81' lang='grc' dir='ltr'>τῷ</span> <span class='ocrx_word' id='word_1_838' title='bbox 2805 4437 2821 4451; x_wconf 91' lang='grc'><strong>·</strong></span> <span class='ocrx_word' id='word_1_839' title='bbox 2862 4439 2881 4472; x_wconf 78' lang='grc' dir='ltr'><strong>ι</strong></span> <span class='ocrx_word' id='word_1_840' title='bbox 2905 4419 3019 4473; x_wconf 89' lang='grc' dir='ltr'>Νῦν</span> <span class='ocrx_word' id='word_1_841' title='bbox 3053 4418 3309 4490; x_wconf 77' lang='grc' dir='ltr'>ἐδοξάσθη</span> <span class='ocrx_word' id='word_1_842' title='bbox 3336 4420 3364 4472; x_wconf 90' lang='lat'><strong>6</strong></span> <span class='ocrx_word' id='word_1_843' title='bbox 3391 4419 3520 4483; x_wconf 75' lang='grc' dir='ltr'>Υἱὸς</span> <span class='ocrx_word' id='word_1_844' title='bbox 3544 4419 3638 4473; x_wconf 89' lang='grc' dir='ltr'><strong>τοῦ</strong></span> <span class='ocrx_word' id='word_1_845' title='bbox 3669 4418 3759 4473; x_wconf 86' lang='grc' dir='ltr'>ἀν-</span> 
     </span>
    </p>
   </div>
   <div class='ocr_carea' id='block_1_99' title="bbox 2171 4508 3749 4590">
    <p class='ocr_par' dir='ltr' id='par_1_99' title="bbox 2171 4508 3749 4590">
     <span class='ocr_line' id='line_1_99' title="bbox 2171 4508 3749 4590; baseline -0.006 -19"><span class='ocrx_word' id='word_1_846' title='bbox 2171 4516 2395 4590; x_wconf 86' lang='grc' dir='ltr'>θρώπου</span> <span class='ocrx_word' id='word_1_847' title='bbox 2416 4554 2431 4579; x_wconf 83' lang='grc'><strong>,</strong></span> <span class='ocrx_word' id='word_1_848' title='bbox 2471 4533 2490 4566; x_wconf 70' lang='grc' dir='ltr'><strong>ι</strong></span> <span class='ocrx_word' id='word_1_849' title='bbox 2524 4513 2586 4568; x_wconf 88' lang='grc' dir='ltr'><strong>τό</strong></span> <span class='ocrx_word' id='word_1_850' title='bbox 2609 4528 2624 4543; x_wconf 88' lang='grc'><strong>·</strong></span> <span class='ocrx_word' id='word_1_851' title='bbox 2660 4531 2680 4565; x_wconf 81' lang='grc' dir='ltr'><strong>ι</strong></span> <span class='ocrx_word' id='word_1_852' title='bbox 2716 4511 2828 4565; x_wconf 78' lang='grc' dir='ltr'><strong>Καὶ</strong></span> <span class='ocrx_word' id='word_1_853' title='bbox 2877 4513 2907 4564; x_wconf 94' lang='lat'><strong>6</strong></span> <span class='ocrx_word' id='word_1_854' title='bbox 2956 4508 3088 4573; x_wconf 85' lang='grc' dir='ltr'>Θεὸς</span> <span class='ocrx_word' id='word_1_855' title='bbox 3133 4508 3394 4580; x_wconf 78' lang='grc' dir='ltr'>ἐδοξάσθη</span> <span class='ocrx_word' id='word_1_856' title='bbox 3429 4512 3488 4564; x_wconf 90' lang='grc' dir='ltr'><strong>ἐν</strong></span> <span class='ocrx_word' id='word_1_857' title='bbox 3518 4508 3687 4580; x_wconf 84' lang='grc' dir='ltr'>αὐτῷ.</span> <span class='ocrx_word' id='word_1_858' title='bbox 3726 4527 3749 4561; x_wconf 74' lang='grc' dir='ltr'><strong>ι</strong></span> 
     </span>
    </p>
   </div>
   <div class='ocr_carea' id='block_1_100' title="bbox 2128 4598 3758 4681">
    <p class='ocr_par' dir='ltr' id='par_1_100' title="bbox 2128 4598 3758 4681">
     <span class='ocr_line' id='line_1_100' title="bbox 2128 4598 3758 4681; baseline -0.007 -17"><span class='ocrx_word' id='word_1_859' title='bbox 2128 4601 2143 4621; x_wconf 73' lang='grc'><strong><em>⁸</em></strong></span> <span class='ocrx_word' id='word_1_860' title='bbox 2170 4610 2319 4681; x_wconf 80' lang='grc' dir='ltr'>Πλὴν</span> <span class='ocrx_word' id='word_1_861' title='bbox 2352 4611 2387 4681; x_wconf 80' lang='grc' dir='ltr'><strong>ἡ</strong></span> <span class='ocrx_word' id='word_1_862' title='bbox 2418 4607 2506 4662; x_wconf 82' lang='grc' dir='ltr'><strong>διὰ</strong></span> <span class='ocrx_word' id='word_1_863' title='bbox 2529 4606 2620 4661; x_wconf 88' lang='grc' dir='ltr'><strong>τὸν</strong></span> <span class='ocrx_word' id='word_1_864' title='bbox 2654 4603 2796 4675; x_wconf 81' lang='grc' dir='ltr'>ὑπὲρ</span> <span class='ocrx_word' id='word_1_865' title='bbox 2830 4601 3130 4676; x_wconf 82' lang='grc' dir='ltr'>ἀνθρώπων</span> <span class='ocrx_word' id='word_1_866' title='bbox 3160 4601 3385 4656; x_wconf 86' lang='grc' dir='ltr'>θάνατον</span> <span class='ocrx_word' id='word_1_867' title='bbox 3414 4599 3543 4666; x_wconf 79' lang='grc' dir='ltr'>δόξα</span> <span class='ocrx_word' id='word_1_868' title='bbox 3564 4600 3626 4653; x_wconf 86' lang='grc' dir='ltr'><strong>οὐ</strong></span> <span class='ocrx_word' id='word_1_869' title='bbox 3658 4598 3758 4654; x_wconf 80' lang='grc' dir='ltr'><strong>τοῦ</strong></span> 
     </span>
    </p>
   </div>
   <div class='ocr_carea' id='block_1_101' title="bbox 2174 4686 3753 4772">
    <p class='ocr_par' dir='ltr' id='par_1_101' title="bbox 2174 4686 3753 4772">
     <span class='ocr_line' id='line_1_101' title="bbox 2174 4686 3753 4772; baseline -0.008 -18"><span class='ocrx_word' id='word_1_870' title='bbox 2174 4699 2250 4772; x_wconf 84' lang='grc' dir='ltr'>μὴ</span> <span class='ocrx_word' id='word_1_871' title='bbox 2274 4697 2578 4768; x_wconf 80' lang='grc' dir='ltr'>πεφυκότος</span> <span class='ocrx_word' id='word_1_872' title='bbox 2605 4693 2968 4764; x_wconf 87' lang='grc' dir='ltr'>ἀποθνήσκειν</span> <span class='ocrx_word' id='word_1_873' title='bbox 2990 4686 3057 4763; x_wconf 76' lang='grc' dir='ltr'>ἦν</span> <span class='ocrx_word' id='word_1_874' title='bbox 3085 4690 3406 4761; x_wconf 89' lang='grc' dir='ltr'>μονογενοῦς</span> <span class='ocrx_word' id='word_1_875' title='bbox 3431 4690 3628 4759; x_wconf 82' lang='grc' dir='ltr'>Λόγου,</span> <span class='ocrx_word' id='word_1_876' title='bbox 3657 4688 3753 4744; x_wconf 81' lang='grc' dir='ltr'>καὶ</span> 
     </span>
    </p>
   </div>
   <div class='ocr_carea' id='block_1_102' title="bbox 2171 4780 3757 4861">
    <p class='ocr_par' dir='ltr' id='par_1_102' title="bbox 2171 4780 3757 4861">
     <span class='ocr_line' id='line_1_102' title="bbox 2171 4780 3757 4861; baseline -0.008 -16"><span class='ocrx_word' id='word_1_877' title='bbox 2171 4791 2383 4861; x_wconf 76' lang='grc' dir='ltr'>σοφίας,</span> <span class='ocrx_word' id='word_1_878' title='bbox 2408 4789 2500 4843; x_wconf 79' lang='grc' dir='ltr'><strong>καὶ</strong></span> <span class='ocrx_word' id='word_1_879' title='bbox 2519 4786 2797 4858; x_wconf 88' lang='grc' dir='ltr'>ἀληθείας,</span> <span class='ocrx_word' id='word_1_880' title='bbox 2829 4787 2922 4840; x_wconf 76' lang='grc' dir='ltr'><strong>καὶ</strong></span> <span class='ocrx_word' id='word_1_881' title='bbox 2945 4786 3045 4839; x_wconf 86' lang='grc' dir='ltr'>ὃσα</span> <span class='ocrx_word' id='word_1_882' title='bbox 3074 4785 3208 4840; x_wconf 86' lang='grc' dir='ltr'>ἀλλα</span> <span class='ocrx_word' id='word_1_883' title='bbox 3237 4780 3377 4837; x_wconf 80' lang='grc' dir='ltr'>εἶναι</span> <span class='ocrx_word' id='word_1_884' title='bbox 3406 4782 3622 4851; x_wconf 86' lang='grc' dir='ltr'>λέγεται</span> <span class='ocrx_word' id='word_1_885' title='bbox 3643 4780 3757 4834; x_wconf 83' lang='grc' dir='ltr'>τῶν</span> 
     </span>
    </p>
   </div>
   <div class='ocr_carea' id='block_1_103' title="bbox 2169 4866 3757 4954">
    <p class='ocr_par' dir='ltr' id='par_1_103' title="bbox 2169 4866 3757 4954">
     <span class='ocr_line' id='line_1_103' title="bbox 2169 4866 3757 4954; baseline -0.006 -19"><span class='ocrx_word' id='word_1_886' title='bbox 2169 4883 2231 4937; x_wconf 90' lang='grc' dir='ltr'><strong>ἐν</strong></span> <span class='ocrx_word' id='word_1_887' title='bbox 2260 4881 2338 4954; x_wconf 84' lang='grc' dir='ltr'>τῷ</span> <span class='ocrx_word' id='word_1_888' title='bbox 2379 4878 2558 4952; x_wconf 90' lang='grc' dir='ltr'>Ἰησοῦ</span> <span class='ocrx_word' id='word_1_889' title='bbox 2589 4877 2873 4950; x_wconf 82' lang='grc' dir='ltr'>θειοτέρων</span> <span class='ocrx_word' id='word_1_890' title='bbox 2898 4917 2914 4941; x_wconf 89' lang='lat'><strong>,</strong></span> <span class='ocrx_word' id='word_1_891' title='bbox 2958 4875 3094 4930; x_wconf 85' lang='grc' dir='ltr'>ἀλλὰ</span> <span class='ocrx_word' id='word_1_892' title='bbox 3130 4874 3228 4929; x_wconf 85' lang='grc' dir='ltr'><strong>τοῦ</strong></span> <span class='ocrx_word' id='word_1_893' title='bbox 3257 4872 3567 4945; x_wconf 83' lang='grc' dir='ltr'>ἀνθρώπου,</span> <span class='ocrx_word' id='word_1_894' title='bbox 3596 4872 3656 4937; x_wconf 81' lang='grc' dir='ltr'>ὃς</span> <span class='ocrx_word' id='word_1_895' title='bbox 3681 4866 3757 4946; x_wconf 77' lang='grc' dir='ltr'>ἦν</span> 
     </span>
    </p>
   </div>
   <div class='ocr_carea' id='block_1_104' title="bbox 2171 4964 3754 5046">
    <p class='ocr_par' dir='ltr' id='par_1_104' title="bbox 2171 4964 3754 5046">
     <span class='ocr_line' id='line_1_104' title="bbox 2171 4964 3754 5046; baseline -0.008 -16"><span class='ocrx_word' id='word_1_896' title='bbox 2171 4975 2266 5031; x_wconf 76' lang='grc' dir='ltr'><strong>καὶ</strong></span> <span class='ocrx_word' id='word_1_897' title='bbox 2310 4974 2441 5039; x_wconf 89' lang='grc' dir='ltr'>Υίὸς</span> <span class='ocrx_word' id='word_1_898' title='bbox 2483 4971 2579 5026; x_wconf 88' lang='grc' dir='ltr'><strong>τοῦ</strong></span> <span class='ocrx_word' id='word_1_899' title='bbox 2620 4969 2946 5042; x_wconf 82' lang='grc' dir='ltr'>ἀνθρώπου,</span> <span class='ocrx_word' id='word_1_900' title='bbox 2992 4968 3281 5038; x_wconf 84' lang='grc' dir='ltr'>γενόμενος</span> <span class='ocrx_word' id='word_1_901' title='bbox 3331 4968 3398 5021; x_wconf 84' lang='grc' dir='ltr'><strong>ἐκ</strong></span> <span class='ocrx_word' id='word_1_902' title='bbox 3444 4964 3754 5046; x_wconf 69' lang='grc' dir='ltr'>σπέρματος</span> 
     </span>
    </p>
   </div>
   <div class='ocr_carea' id='block_1_105' title="bbox 2171 5054 3752 5135">
    <p class='ocr_par' dir='ltr' id='par_1_105' title="bbox 2171 5054 3752 5135">
     <span class='ocr_line' id='line_1_105' title="bbox 2171 5054 3752 5135; baseline -0.007 -14"><span class='ocrx_word' id='word_1_903' title='bbox 2171 5066 2336 5121; x_wconf 80' lang='grc' dir='ltr'>Δαυῒδ</span> <span class='ocrx_word' id='word_1_904' title='bbox 2384 5066 2446 5119; x_wconf 88' lang='grc' dir='ltr'><strong>τὸ</strong></span> <span class='ocrx_word' id='word_1_905' title='bbox 2475 5064 2618 5120; x_wconf 83' lang='grc' dir='ltr'>κατὰ</span> <span class='ocrx_word' id='word_1_906' title='bbox 2668 5063 2864 5135; x_wconf 90' lang='grc' dir='ltr'>σάρκα.</span> <span class='ocrx_word' id='word_1_907' title='bbox 2892 5062 3091 5133; x_wconf 91' lang='grc' dir='ltr'>Διόπερ</span> <span class='ocrx_word' id='word_1_908' title='bbox 3140 5058 3396 5128; x_wconf 82' lang='grc' dir='ltr'>ἀνωτέρω</span> <span class='ocrx_word' id='word_1_909' title='bbox 3445 5059 3543 5129; x_wconf 86' lang='grc' dir='ltr'><strong>μὲν</strong></span> <span class='ocrx_word' id='word_1_910' title='bbox 3589 5054 3752 5111; x_wconf 73' lang='grc' dir='ltr'>εἷπε·</span> 
     </span>
    </p>
   </div>
   <div class='ocr_carea' id='block_1_106' title="bbox 2157 5146 3753 5230">
    <p class='ocr_par' dir='ltr' id='par_1_106' title="bbox 2157 5146 3753 5230">
     <span class='ocr_line' id='line_1_106' title="bbox 2157 5146 3753 5230; baseline -0.006 -19"><span class='ocrx_word' id='word_1_911' title='bbox 2157 5146 2198 5211; x_wconf 66' lang='grc' dir='ltr'><strong>ἰ</strong></span> <span class='ocrx_word' id='word_1_912' title='bbox 2229 5158 2344 5214; x_wconf 90' lang='grc' dir='ltr'><strong>Νῦν</strong></span> <span class='ocrx_word' id='word_1_913' title='bbox 2371 5158 2584 5230; x_wconf 81' lang='grc' dir='ltr'>ζητεῖτέ</span> <span class='ocrx_word' id='word_1_914' title='bbox 2619 5174 2687 5228; x_wconf 85' lang='grc' dir='ltr'><strong>με</strong></span> <span class='ocrx_word' id='word_1_915' title='bbox 2713 5158 3051 5219; x_wconf 83' lang='grc' dir='ltr'>ἀποκτεῖναι,</span> <span class='ocrx_word' id='word_1_916' title='bbox 3082 5150 3367 5223; x_wconf 80' lang='grc' dir='ltr'>ἄνθρωπον</span> <span class='ocrx_word' id='word_1_917' title='bbox 3391 5149 3451 5214; x_wconf 83' lang='grc' dir='ltr'>ὃς</span> <span class='ocrx_word' id='word_1_918' title='bbox 3481 5150 3581 5222; x_wconf 83' lang='grc' dir='ltr'><strong>τὴν</strong></span> <span class='ocrx_word' id='word_1_919' title='bbox 3620 5149 3753 5222; x_wconf 50' lang='lat' dir='ltr'><strong>aue.</strong></span> 
     </span>
    </p>
   </div>
   <div class='ocr_carea' id='block_1_107' title="bbox 2173 5237 3752 5321">
    <p class='ocr_par' dir='ltr' id='par_1_107' title="bbox 2173 5237 3752 5321">
     <span class='ocr_line' id='line_1_107' title="bbox 2173 5237 3752 5321; baseline -0.009 -17"><span class='ocrx_word' id='word_1_920' title='bbox 2173 5250 2324 5305; x_wconf 88' lang='grc' dir='ltr'>θειαν</span> <span class='ocrx_word' id='word_1_921' title='bbox 2349 5249 2478 5321; x_wconf 86' lang='grc' dir='ltr'>ὑμῖν</span> <span class='ocrx_word' id='word_1_922' title='bbox 2508 5247 2781 5318; x_wconf 87' lang='grc' dir='ltr'>λελάληκα</span> <span class='ocrx_word' id='word_1_923' title='bbox 2804 5263 2818 5277; x_wconf 87' lang='grc'><strong>·</strong></span> <span class='ocrx_word' id='word_1_924' title='bbox 2857 5264 2875 5297; x_wconf 76' lang='grc' dir='ltr'><strong>ι</strong></span> <span class='ocrx_word' id='word_1_925' title='bbox 2909 5246 2967 5298; x_wconf 84' lang='grc' dir='ltr'><strong>ἐν</strong></span> <span class='ocrx_word' id='word_1_926' title='bbox 2996 5245 3110 5306; x_wconf 87' lang='grc' dir='ltr'>τοῖς</span> <span class='ocrx_word' id='word_1_927' title='bbox 3137 5238 3547 5311; x_wconf 81' lang='grc' dir='ltr'>ἐξεταζομένοις</span> <span class='ocrx_word' id='word_1_928' title='bbox 3573 5238 3630 5292; x_wconf 79' lang='grc' dir='ltr'>δὲ</span> <span class='ocrx_word' id='word_1_929' title='bbox 3661 5237 3752 5292; x_wconf 74' lang='grc' dir='ltr'>λέ-</span> 
     </span>
    </p>
   </div>
   <div class='ocr_carea' id='block_1_108' title="bbox 2172 5328 3749 5413">
    <p class='ocr_par' dir='ltr' id='par_1_108' title="bbox 2172 5328 3749 5413">
     <span class='ocr_line' id='line_1_108' title="bbox 2172 5328 3749 5413; baseline -0.009 -16"><span class='ocrx_word' id='word_1_930' title='bbox 2172 5359 2259 5413; x_wconf 90' lang='grc' dir='ltr'><strong>γει</strong></span> <span class='ocrx_word' id='word_1_931' title='bbox 2291 5343 2354 5397; x_wconf 86' lang='grc' dir='ltr'><strong>τό</strong></span> <span class='ocrx_word' id='word_1_932' title='bbox 2371 5359 2384 5374; x_wconf 88' lang='grc'><strong>·</strong></span> <span class='ocrx_word' id='word_1_933' title='bbox 2412 5361 2433 5395; x_wconf 75' lang='grc' dir='ltr'><strong>ι</strong></span> <span class='ocrx_word' id='word_1_934' title='bbox 2459 5341 2575 5396; x_wconf 90' lang='grc' dir='ltr'><strong>Νῦν</strong></span> <span class='ocrx_word' id='word_1_935' title='bbox 2599 5338 2863 5409; x_wconf 86' lang='grc' dir='ltr'>ἐδοξάσθη</span> <span class='ocrx_word' id='word_1_936' title='bbox 2892 5339 2919 5391; x_wconf 90' lang='lat'><strong>6</strong></span> <span class='ocrx_word' id='word_1_937' title='bbox 2944 5336 3073 5400; x_wconf 80' lang='grc' dir='ltr'>Υἱὸς</span> <span class='ocrx_word' id='word_1_938' title='bbox 3096 5334 3190 5388; x_wconf 88' lang='grc' dir='ltr'><strong>τοῦ</strong></span> <span class='ocrx_word' id='word_1_939' title='bbox 3215 5330 3525 5405; x_wconf 73' lang='grc' dir='ltr'>ἀνθρώπου.</span> <span class='ocrx_word' id='word_1_940' title='bbox 3566 5350 3585 5383; x_wconf 66' lang='grc' dir='ltr'><strong>ι</strong></span> <span class='ocrx_word' id='word_1_941' title='bbox 3619 5328 3749 5384; x_wconf 83' lang='grc' dir='ltr'>Τοῦ-</span> 
     </span>
    </p>
   </div>
   <div class='ocr_carea' id='block_1_109' title="bbox 561 5460 3749 5557">
    <p class='ocr_par' dir='ltr' id='par_1_109' title="bbox 561 5460 3749 5557">
     <span class='ocr_line' id='line_1_109' title="bbox 561 5460 3749 5557; baseline -0.011 -10"><span class='ocrx_word' id='word_1_942' title='bbox 561 5493 607 5526; x_wconf 68' lang='grc' dir='ltr'><strong>υ</strong></span> <span class='ocrx_word' id='word_1_943' title='bbox 629 5492 647 5546; x_wconf 95' lang='lat' dir='ltr'><strong>l</strong></span> <span class='ocrx_word' id='word_1_944' title='bbox 668 5493 833 5548; x_wconf 86' lang='lat' dir='ltr'><strong>Thes.</strong></span> <span class='ocrx_word' id='word_1_945' title='bbox 849 5506 905 5557; x_wconf 90' lang='lat' dir='ltr'><strong>v,</strong></span> <span class='ocrx_word' id='word_1_946' title='bbox 925 5490 980 5546; x_wconf 84' lang='lat'><strong>5.</strong></span> <span class='ocrx_word' id='word_1_947' title='bbox 1052 5483 1341 5557; x_wconf 80' lang='lat' dir='ltr'><strong>_&#39;°ibid.8._</strong></span> <span class='ocrx_word' id='word_1_948' title='bbox 1397 5478 1783 5557; x_wconf 57' lang='lat' dir='ltr'><strong>“_M1_|llh.!ln,</strong></span> <span class='ocrx_word' id='word_1_949' title='bbox 1803 5476 1890 5557; x_wconf 59' lang='lat' dir='ltr'><strong>lg:</strong></span> <span class='ocrx_word' id='word_1_950' title='bbox 1952 5473 2250 5557; x_wconf 36' lang='lat' dir='ltr'><strong>glaebas.</strong></span> <span class='ocrx_word' id='word_1_951' title='bbox 2267 5469 2446 5535; x_wconf 69' lang='lat' dir='ltr'><strong>v1.12.</strong></span> <span class='ocrx_word' id='word_1_952' title='bbox 2521 5471 2569 5504; x_wconf 83' lang='grc'><strong>⁸³</strong></span> <span class='ocrx_word' id='word_1_953' title='bbox 2588 5467 3001 5557; x_wconf 50' lang='lat' dir='ltr'><strong>y-alaclh‘lv,</strong></span> <span class='ocrx_word' id='word_1_954' title='bbox 3138 5463 3295 5557; x_wconf 55' lang='lat' dir='ltr'><strong>Iggn.</strong></span> <span class='ocrx_word' id='word_1_955' title='bbox 3315 5460 3749 5557; x_wconf 38' lang='lat' dir='ltr'><strong>1;.5.DA&#39;-&#39;“Matth.</strong></span> 
     </span>
    </p>
   </div>
   <div class='ocr_carea' id='block_1_110' title="bbox 488 5545 2045 5624">
    <p class='ocr_par' dir='ltr' id='par_1_110' title="bbox 488 5545 2045 5624">
     <span class='ocr_line' id='line_1_110' title="bbox 488 5545 2045 5624; baseline -0.01 -8"><span class='ocrx_word' id='word_1_956' title='bbox 488 5545 806 5622; x_wconf 22' lang='lat' dir='ltr'><strong>nun—&#39;76.</strong></span> <span class='ocrx_word' id='word_1_957' title='bbox 833 5545 904 5618; x_wconf 44' lang='lat'><strong>5.,</strong></span> <span class='ocrx_word' id='word_1_958' title='bbox 935 5545 940 5546; x_wconf 19' lang='grc' dir='ltr'><strong>ί</strong></span> <span class='ocrx_word' id='word_1_959' title='bbox 967 5560 1015 5592; x_wconf 80' lang='grc'><strong>³⁸</strong></span> <span class='ocrx_word' id='word_1_960' title='bbox 1043 5555 1147 5615; x_wconf 86' lang='lat' dir='ltr'><strong>Job</strong></span> <span class='ocrx_word' id='word_1_961' title='bbox 1192 5570 1255 5624; x_wconf 81' lang='grc' dir='ltr'><strong>ιι,</strong></span> <span class='ocrx_word' id='word_1_962' title='bbox 1311 5554 1367 5616; x_wconf 84' lang='lat'><em>6.</em></span> <span class='ocrx_word' id='word_1_963' title='bbox 1442 5552 1487 5584; x_wconf 78' lang='grc'><strong>³⁷</strong></span> <span class='ocrx_word' id='word_1_964' title='bbox 1510 5549 1803 5615; x_wconf 79' lang='lat' dir='ltr'><strong>Joan.xm,</strong></span> <span class='ocrx_word' id='word_1_965' title='bbox 1831 5547 1922 5613; x_wconf 77' lang='lat' dir='ltr'><strong>5i,</strong></span> <span class='ocrx_word' id='word_1_966' title='bbox 1952 5545 2045 5601; x_wconf 74' lang='grc'><strong>52.</strong></span> 
     </span>
    </p>
   </div>
   <div class='ocr_carea' id='block_1_111' title="bbox 562 5661 2069 5746">
    <p class='ocr_par' dir='ltr' id='par_1_111' title="bbox 562 5661 2069 5746">
     <span class='ocr_line' id='line_1_111' title="bbox 562 5661 2069 5746; baseline -0.009 -17"><span class='ocrx_word' id='word_1_967' title='bbox 562 5672 675 5746; x_wconf 80' lang='grc'><strong>(20)</strong></span> <span class='ocrx_word' id='word_1_968' title='bbox 711 5673 837 5730; x_wconf 70' lang='lat' dir='ltr'><strong>llaec</strong></span> <span class='ocrx_word' id='word_1_969' title='bbox 867 5688 895 5728; x_wconf 90' lang='lat' dir='ltr'><strong>a</strong></span> <span class='ocrx_word' id='word_1_970' title='bbox 918 5671 1172 5728; x_wconf 84' lang='lat' dir='ltr'><strong>Ferrario</strong></span> <span class='ocrx_word' id='word_1_971' title='bbox 1188 5663 1580 5741; x_wconf 84' lang='lat' dir='ltr'><strong>praetermisso,</strong></span> <span class='ocrx_word' id='word_1_972' title='bbox 1610 5661 1921 5720; x_wconf 87' lang='lat' dir='ltr'><strong>ePerionio-</strong></span> <span class='ocrx_word' id='word_1_973' title='bbox 1940 5673 2069 5731; x_wconf 89' lang='lat' dir='ltr'><strong>sup-</strong></span> 
     </span>
    </p>
   </div>
   <div class='ocr_carea' id='block_1_112' title="bbox 491 5743 779 5812">
    <p class='ocr_par' dir='ltr' id='par_1_112' title="bbox 491 5743 779 5812">
     <span class='ocr_line' id='line_1_112' title="bbox 491 5743 779 5812; baseline 0.01 -18"><span class='ocrx_word' id='word_1_974' title='bbox 491 5743 779 5812; x_wconf 71' lang='lat' dir='ltr'><strong>plrvitittts.</strong></span> 
     </span>
    </p>
   </div>
   <div class='ocr_carea' id='block_1_113' title="bbox 567 5806 1426 5881">
    <p class='ocr_par' dir='ltr' id='par_1_113' title="bbox 567 5806 1426 5881">
     <span class='ocr_line' id='line_1_113' title="bbox 567 5806 1426 5881; baseline -0.003 -13"><span class='ocrx_word' id='word_1_975' title='bbox 567 5814 681 5881; x_wconf 76' lang='grc'><strong>(21)</strong></span> <span class='ocrx_word' id='word_1_976' title='bbox 713 5814 896 5871; x_wconf 74' lang='lat' dir='ltr'><strong>Codex</strong></span> <span class='ocrx_word' id='word_1_977' title='bbox 924 5810 1148 5880; x_wconf 75' lang='lat' dir='ltr'><strong>Regius,</strong></span> <span class='ocrx_word' id='word_1_978' title='bbox 1181 5808 1298 5875; x_wconf 66' lang='grc' dir='ltr'>ἅμα</span> <span class='ocrx_word' id='word_1_979' title='bbox 1320 5806 1426 5875; x_wconf 71' lang='grc' dir='ltr'><strong>τῷ.</strong></span> 
     </span>
    </p>
   </div>
   <div class='ocr_carea' id='block_1_114' title="bbox 2144 5540 2681 5608">
    <p class='ocr_par' dir='ltr' id='par_1_114' title="bbox 2144 5540 2681 5608">
     <span class='ocr_line' id='line_1_114' title="bbox 2144 5540 2681 5608; baseline -0.006 -11"><span class='ocrx_word' id='word_1_980' title='bbox 2144 5543 2193 5576; x_wconf 83' lang='grc'><strong>⁸⁸</strong></span> <span class='ocrx_word' id='word_1_981' title='bbox 2219 5540 2381 5597; x_wconf 83' lang='lat' dir='ltr'><strong>Joan.</strong></span> <span class='ocrx_word' id='word_1_982' title='bbox 2419 5557 2539 5608; x_wconf 62' lang='grc' dir='ltr'>ειη,</span> <span class='ocrx_word' id='word_1_983' title='bbox 2588 5541 2681 5597; x_wconf 78' lang='grc'><strong>51.</strong></span> 
     </span>
    </p>
   </div>
   <div class='ocr_carea' id='block_1_115' title="bbox 2780 5529 3749 5601">
    <p class='ocr_par' dir='ltr' id='par_1_115' title="bbox 2780 5529 3749 5601">
     <span class='ocr_line' id='line_1_115' title="bbox 2780 5529 3749 5601; baseline -0.012 -6"><span class='ocrx_word' id='word_1_984' title='bbox 2780 5529 2991 5595; x_wconf 81' lang='lat' dir='ltr'><strong>&quot;Joan.</strong></span> <span class='ocrx_word' id='word_1_985' title='bbox 3048 5535 3265 5601; x_wconf 66' lang='lat'><strong>311,32.</strong></span> <span class='ocrx_word' id='word_1_986' title='bbox 3328 5534 3373 5566; x_wconf 83' lang='lat'><strong><em>°°</em></strong></span> <span class='ocrx_word' id='word_1_987' title='bbox 3422 5531 3583 5589; x_wconf 84' lang='lat' dir='ltr'><strong>Rom.</strong></span> <span class='ocrx_word' id='word_1_988' title='bbox 3619 5545 3659 5598; x_wconf 83' lang='grc' dir='ltr'><strong>ι,</strong></span> <span class='ocrx_word' id='word_1_989' title='bbox 3688 5529 3749 5588; x_wconf 73' lang='lat'><strong>3.</strong></span> 
     </span>
    </p>
   </div>
   <div class='ocr_carea' id='block_1_116' title="bbox 2246 5648 3655 5724">
    <p class='ocr_par' dir='ltr' id='par_1_116' title="bbox 2246 5648 3655 5724">
     <span class='ocr_line' id='line_1_116' title="bbox 2246 5648 3655 5724; baseline -0.007 -12"><span class='ocrx_word' id='word_1_990' title='bbox 2246 5656 2361 5722; x_wconf 72' lang='lat'><strong>(22)</strong></span> <span class='ocrx_word' id='word_1_991' title='bbox 2392 5656 2541 5712; x_wconf 89' lang='lat' dir='ltr'><strong>Idem</strong></span> <span class='ocrx_word' id='word_1_992' title='bbox 2571 5656 2746 5710; x_wconf 77' lang='lat' dir='ltr'><strong>codex</strong></span> <span class='ocrx_word' id='word_1_993' title='bbox 2774 5654 2997 5722; x_wconf 77' lang='lat' dir='ltr'><strong>Regius.</strong></span> <span class='ocrx_word' id='word_1_994' title='bbox 3027 5648 3276 5724; x_wconf 45' lang='grc' dir='ltr'>δοξάζειη</span> <span class='ocrx_word' id='word_1_995' title='bbox 3523 5715 3560 5724; x_wconf 84' lang='lat'><strong>__</strong></span> <span class='ocrx_word' id='word_1_996' title='bbox 3590 5705 3655 5724; x_wconf 42' lang='grc' dir='ltr'><strong>Μ</strong></span> 
     </span>
    </p>
   </div>
   <div class='ocr_carea' id='block_1_117' title="bbox 2248 5705 3735 5810">
    <p class='ocr_par' dir='ltr' id='par_1_117' title="bbox 2248 5705 3735 5810">
     <span class='ocr_line' id='line_1_117' title="bbox 2248 5705 3735 5810; baseline -0.01 -28"><span class='ocrx_word' id='word_1_997' title='bbox 2381 5705 3117 5803; x_wconf 36' lang='lat' dir='ltr'><strong>“arvo-.‘S-ic‘lcgit‘F&#39;crrarius</strong></span> <span class='ocrx_word' id='word_1_998' title='bbox 3132 5738 3147 5787; x_wconf 89' lang='lat'><strong>;</strong></span> <span class='ocrx_word' id='word_1_999' title='bbox 3165 5705 3347 5776; x_wconf 58' lang='grc' dir='ltr'><strong>’τούς-ι</strong></span> <span class='ocrx_word' id='word_1_1000' title='bbox 3377 5730 3506 5773; x_wconf 80' lang='lat' dir='ltr'><strong>vero</strong></span> <span class='ocrx_word' id='word_1_1001' title='bbox 3523 5715 3567 5771; x_wconf 72' lang='lat' dir='ltr'><strong>li</strong></span> <span class='ocrx_word' id='word_1_1002' title='bbox 3590 5705 3735 5779; x_wconf 53' lang='lat' dir='ltr'><strong>tius</strong></span> 
     </span>
    </p>
   </div>
   <div class='ocr_carea' id='block_1_118' title="bbox 2173 5801 2286 5857">
    <p class='ocr_par' dir='ltr' id='par_1_118' title="bbox 2173 5801 2286 5857">
     <span class='ocr_line' id='line_1_118' title="bbox 2173 5801 2286 5857; baseline 0.009 -1"><span class='ocrx_word' id='word_1_1003' title='bbox 2173 5801 2286 5857; x_wconf 80' lang='grc' dir='ltr'>ὅτε.</span> 
     </span>
    </p>
   </div>
  </div>
