4182 6346
289 415 401 473 8ίό

1296 404 1654 463 ΟΟΜΜΕΝΤ.
1700 402 1766 459 lN
1804 393 1998 459 ισΑΝ.
2039 401 2278 457 TOMUS
2323 402 2540 454 λλλιι.

3483 401 3582 451 διαί

245 587 250 595 ι
289 544 383 582 τον
411 523 457 581 δ’
489 519 644 596 οἶμαι
688 523 782 576 καὶ
813 523 844 577 6
873 520 1005 586 Θεὸς
1038 519 1389 592 ὑπερύψωσε,
1423 521 1714 591 γενόμενον
1742 516 1881 586 ὑπή-

1992 526 2097 572 lem
2127 533 2248 587 quae
2273 531 2420 572 nunc
2442 515 2855 572 consideramus
2872 523 2927 570 et
2949 511 3406 576 traetamus,‘h:ee
3441 511 3521 565 ait
3541 506 3580 582 εἰ

291 633 414 673 κοον
455 615 620 689 μέχρι
652 615 882 669 θανάτου
906 654 920 677 ,
951 612 1184 666 θανάτου
1205 612 1260 665 66
1285 611 1517 683 σταυροῦ
1535 629 1547 641 ·
1575 614 1604 665 6
1633 609 1745 682 γὰρ
1780 609 1883 664 A6-

291 725 388 778 γος
431 709 489 762 ἐν
536 707 678 778 ἀρχῇ
712 705 848 778 πρὸς
873 705 964 759 τὸν
985 705 1117 758 Θεὸν
1140 704 1273 768 Θεὸς
1308 703 1417 775 (24)
1445 704 1546 756 οὐκ
1567 702 1882 772 ἐπιδέχεται

289 801 352 855 τὸ
406 798 850 871 ὑπερυψωθῆναι.
918 797 985 851 Ἦ
1025 797 1081 850 δέ
1120 795 1470 868 ύπερύψωσις
1493 794 1585 848 τοῦ
1614 793 1744 847 Υἱοῦ
1791 795 1886 847 τοῦ

293 889 581 962 ἀνθρώπου
625 889 892 960 γενομένη
928 887 1076 958 αὐτῷ
1114 889 1396 953 δοξάσαντι
1427 886 1517 940 τὸν
1557 886 1687 940 Θεὸν
1726 887 1783 938 ἐν
1809 885 1887 956 τῷ

294 983 488 1039 ἑαυτοῦ
519 981 756 1050 θανάτῳ,
801 979 938 1051 αὕτη
966 975 1034 1050 ἦν
1066 978 1262 1049 μηκέτι
1308 977 1494 1047 ἕτερον
1543 975 1706 1030 αὐτὸν
1747 962 1886 1028 εἶναι

291 1071 388 1128 τιῦ
420 1073 615 1148 Λόγου,
653 1070 789 1125 ἀλλά
818 1069 910 1122 τὸν
932 1069 1094 1122 αὑτὸν
1125 1067 1273 1138 αὐτῷ
1297 1083 1310 1098 ·
1352 1069 1399 1120 εἰ
1432 1066 1540 1137 γὰρ
1575 1084 1592 1116 t
1632 1063 1887 1119 ὁκολλὼ-

295 1179 455 1235 μενος
482 1163 560 1234 τῷ
579 1161 771 1232 Κυρίῳ
796 1160 853 1215 ἓν
878 1159 1098 1230 πνεῦμά
1131 1161 1272 1221 ἐστι,
1304 1177 1322 1209 ι
1353 1157 1430 1220 ὡς
1457 1157 1552 1210 καὶ
1579 1156 1672 1208 ἐπὶ
1697 1155 1886 1209 τούτου

293 1257 387 1310 καὶ
415 1255 509 1309 τοῦ
541 1253 850 1324 πνεύματος
883 1251 1081 1323 μηκέτι
1115 1250 1181 1304 ἂν
1214 1249 1473 1319 λέγεσθαι
1502 1248 1594 1301 16°
1624 1247 1727 1301 Δύο
1758 1247 1886 1312 εἰσὶ,

293 1349 409 1413 πῶς
434 1349 554 1420 οὐχὶ
597 1347 799 1419 μᾶλλον
823 1345 884 1398 τὸ
911 1342 1252 1422 ἀνθρώπινον
1286 1341 1380 1395 τοῦ
1417 1340 1590 1411 Ἰησοῦ
1624 1339 1762 1412 μετὰ
1794 1338 1887 1392 τοῦ

291 1441 462 1512 Λόγου
492 1441 743 1511 λέγοιμεν
766 1437 1051 1508 γεγονέναι
1079 1436 1158 1500 ἓν,
1186 1434 1620 1507 ὑπερυψωμένου
1657 1433 1758 1504 μὲν
1790 1431 1886 1485 τοῦ

1995 627 2015 660 ι
2055 607 2207 662 Nune
2229 607 2563 678 gloriﬁcatus
2593 606 2860 662 estFiiius
2882 601 3174 662 hominis.»
3207 604 3362 660 llunc
3402 603 3586 667 etiam,

1989 699 2366 769 opinor,Deus
2395 700 2678 766 exaltavit,
2704 698 2912 754 factum
2941 699 3287 755 obedientem
3314 713 3417 770 usq
3432 713 3500 753 ue
3523 698 3592 750 ad

1989 802 2243 860 mortem,
2264 802 2495 847 mortem
2527 803 2709 846 autem
2736 791 3145 847 crucis“.Nam
3181 791 3314 846 illud
3342 789 3588 845 Verbum

1987 885 2129 954 quod
2155 895 2276 939 erat
2302 885 2355 939 in
2390 884 2665 954 principio
2713 883 2855 953 apud
2881 883 3052 937 Deum
3088 884 3230 938 Deus
3257 884 3321 948 “,
3357 897 3464 938 non
3503 897 3592 937 re-

1989 979 2118 1046 cipit
2144 977 2394 1032 exaltari.
2441 977 2718 1046 Caeterum
2749 977 3016 1033 exaltatio
3047 976 3168 1031 Filii
3199 977 3438 1032 hominis
3485 976 3588 1030 sibi

1989 1064 2128 1122 facta
2163 1066 2484 1137 gloriﬁcanti
2526 1067 2691 1120 Deum
2740 1081 2838 1137 per
2877 1082 3033 1121 suam
3089 1068 3264 1138 ipsius
3320 1077 3577 1133 mortem,

1991 1162 2109 1216 haec
2131 1161 2251 1226 fuit,
2283 1169 2342 1214 ut
2370 1174 2476 1214 non
2527 1159 2764 1229 amplius
2801 1159 2916 1229 ipse
2961 1160 3104 1215 aliud
3148 1168 3344 1215 esseta
3376 1160 3578 1224 Verbo,

1989 1253 2084 1308 sed
2113 1253 2257 1307 idem
2283 1267 2406 1306 cum
2443 1252 2581 1322 ipso.
2617 1250 2751 1306 Nam
2781 1254 2824 1309 si
2861 1272 2880 1304 ί
2920 1253 3013 1322 qui
3055 1251 3293 1307 adhaeret
3327 1251 3578 1318 Domino,

1988 1360 2130 1399 unus
2172 1355 2262 1399 est
2294 1345 2520 1414 spiritus
2541 1345 2610 1410 ⁸³,
2657 1364 2675 1397 ι
2710 1357 2768 1399 ιιι
2795 1346 2861 1400 de
2900 1347 3004 1401 hoc
3042 1355 3098 1401 et
3145 1345 3212 1400 de
3248 1346 3440 1415 spiritu
3467 1361 3576 1401 non

1991 1435 2224 1507 amplius
2249 1436 2465 1490 dicatur
2496 1436 2639 1506 quod
2683 1439 2791 1491 duo
2831 1438 2942 1491 sint
2969 1454 2984 1504 ;
3015 1438 3286 1507 quomodo
3328 1453 3433 1493 non
3466 1454 3578 1492 ma-

297 1533 371 1602 μὴ
404 1529 701 1602 ἁρπαγμὸν
731 1526 1082 1600 ἡγησαμένου
1104 1526 1166 1578 τὸ
1190 1521 1331 1580 εἶναι
1358 1525 1448 1578 ἴσα
1468 1523 1608 1595 Θεῷ,
1634 1523 1889 1594 μένοντος

1992 1529 2074 1599 gis
2128 1528 2433 1583 diceremus
2465 1528 2517 1581 id
2549 1527 2692 1598 quod
2725 1528 2794 1582 de
2843 1527 2972 1584 Jesu
3020 1539 3104 1584 est
3135 1531 3454 1593 lmmauum,
3489 1529 3574 1583 l'a-

292 1624 350 1676 66
377 1625 434 1675 6v
467 1621 545 1692 τῷ
576 1621 690 1691 ἰδίῳ
723 1619 849 1689 ὕψει
875 1658 888 1678 ,
921 1619 954 1690 ἢ
993 1617 1087 1671 καὶ⁹
1121 1616 1231 1688 (25)
1257 1615 1770 1686 ἀποκαθισταμένου
1803 1613 1889 1665 ἐπ’

290 1713 424 1767 αὐτὸ
463 1711 554 1765 τοῦ
593 1709 770 1780 Λόγου
799 1749 814 1773 ,
841 1710 930 1762 ὅτε
961 1707 1126 1762 πάλιν
1159 1702 1228 1779 ἦν
1255 1708 1392 1780 πρὸς
1418 1706 1510 1760 τὸν
1551 1706 1684 1760 Θεὸν
1710 1745 1724 1770 ,
1754 1705 1886 1770 Θεὸς

292 1803 464 1870 Λόγος
484 1801 557 1852 ὢν
589 1800 681 1853 καὶ
715 1798 825 1869 (26)
858 1797 1146 1871 ἄνθρωπος
1170 1813 1182 1825 ·
1219 1798 1278 1850 ἐν
1327 1796 1385 1849 66
1415 1795 1494 1868 τῷ
1523 1794 1742 1865 Θανάτῳ
1793 1795 1885 1848 τοῦ

1991 1629 2137 1675 ctum
2160 1619 2330 1675 fuisse
2369 1635 2538 1674 unum
2573 1634 2696 1673 cum
2729 1619 2935 1686 Verbo,
2958 1621 3194 1676 exaltato
3221 1623 3436 1689 quidem
3480 1621 3578 1678 illo

1992 1710 2084 1778 qui
2118 1728 2137 1762 ‹
2167 1724 2274 1764 non
2305 1711 2549 1780 rapinam
2581 1711 2876 1766 arbitratus
2917 1720 3003 1766 est
3054 1726 3114 1766 se
3153 1726 3274 1766 esse
3307 1711 3572 1781 aqualem

1995 1803 2104 1857 Deo
2137 1802 2204 1868 “,
2243 1822 2260 1854 ι
2291 1803 2386 1856 sed
2420 1801 2598 1857 Verbo
2627 1811 2882 1858 manente
2923 1802 2978 1856 in
3012 1818 3108 1858 sua
3144 1802 3464 1870 altitudine,
3492 1803 3581 1859 vel

302 1893 475 1966 Ἰησοῦ
517 1892 840 1958 δοξάσαντος
876 1891 970 1944 τὸν
1013 1890 1182 1954 Θεὸν,
1213 1891 1334 1943 τότε
1387 1908 1406 1941 ‹
1442 1888 1889 1959 ἀπεκδυσάμενος

1995 1894 2161 1947 etiam
2203 1893 2462 1949 restituto
2497 1895 2568 1948 ad
2621 1894 2674 1947 id
2717 1893 2807 1949 ubi
2852 1905 2971 1949 erat
3005 1894 3176 1964 prius,
3213 1897 3354 1964 apud
3386 1894 3576 1959 Deum,

289 1987 392 2050 τὰς
425 1985 620 2057 ἀρχὰς,
645 1985 739 2037 καὶ
762 1983 862 2047 τὰς
891 1982 1141 2047 ἐξουσίας
1181 1982 1561 2052 ἐδειγμάτισεν
1587 1983 1644 2033 ἐν
1678 1983 1891 2052 παρρη-

293 2078 386 2150 σίᾳ
413 2076 786 2150 θριαμϐεύσας
824 2076 882 2129 ὲν
919 2074 998 2146 τῷ
1045 2073 1186 2144 ξύλῳ
1211 2115 1225 2138 ,
1260 2093 1278 2124 ι
1328 2074 1424 2126 καὶ
1458 2073 1554 2125 16°
1599 2091 1617 2123 ι
1659 2073 1889 2144 Εἰρηνο-

291 2170 527 2240 ποιήσας
551 2167 640 2222 διὰ
665 2167 759 2220 τοῦ
788 2167 1021 2238 αἵματος
1052 2166 1148 2219 τοῦ
1189 2166 1422 2236 σταυροῦ
1457 2165 1643 2231 αὑτοῦ,
1675 2165 1784 2218 εἴτε
1819 2164 1891 2218 τά

293 2262 386 2315 ἐπὶ
413 2261 512 2330 τῆς
552 2261 690 2328 γῆς,
721 2259 831 2312 εἴτε
871 2259 939 2312 τά
973 2260 1030 2312 ἐν
1066 2262 1179 2322 τοῖς
1207 2261 1489 2329 οὐρανοῖς·
1525 2277 1543 2308 ι
1581 2258 1638 2311 ἐν
1679 2255 1891 2320 τούτοις

291 2354 400 2424 γὰρ
422 2354 586 2405 πᾶσιν
603 2351 859 2422 ἐδοξάσθη
883 2353 910 2404 6
927 2352 1053 2414 Υἱὸς
1081 2350 1173 2404 τοῦ
1195 2350 1506 2423 ἀνθρώπου,
1527 2349 1732 2403 καὶτοῦ
1754 2347 1890 2401 Θεοῦ

291 2443 637 2508 δοξασθέντος
683 2444 740 2496 ἐν
781 2442 949 2513 αὐτῷ.
1010 2444 1164 2497 Ἐπεὶ
1209 2443 1263 2496 δὲ
1317 2443 1345 2494 6
1384 2441 1739 2512 δοξαζόμενος
1785 2439 1890 2492 ὑπό

291 2549 436 2596 τινος
454 2531 752 2597 δοξάζεται,
784 2533 1040 2604 ζητήσεις
1088 2534 1146 2586 ἐν
1177 2531 1255 2603 τῷ
1279 2549 1292 2564 ο
1337 2551 1355 2584 ι
1379 2531 1670 2603 Ἐδοξάσθη
1699 2532 1728 2583 6
1763 2529 1890 2594 Υἱὸς

291 2623 385 2676 τοῦ
415 2622 724 2694 ἀνθρώπου,
757 2641 774 2673 ι
799 2621 879 2686 τὸ,
905 2621 1009 2674 ὑπὸ
1032 2620 1178 2685 τινος
1199 2637 1214 2652 ⁸
1244 2621 1445 2692 ὁμοίως
1472 2621 1531 2675 δὲ
1557 2621 1653 2675 καὶ
1685 2621 1744 2674 ἐν
1773 2621 1852 2692 τῷ
1870 2639 1885 2652 '
1921 2673 1924 2677 .

301 2728 318 2758 ε
341 2706 400 2762 '0
416 2709 550 2772 Θεὸς
566 2709 821 2777 ἐδοξάσθη
837 2712 895 2764 ἐν
919 2711 1085 2782 αὐτῷ.
1114 2730 1132 2763 ι
1168 2712 1341 2784 ’Υπὲρ
1360 2712 1417 2765 66
1448 2713 1549 2783 τῆς
1571 2711 1682 2765 τῶν
1710 2711 1890 2784 ῥητῶν

293 2803 592 2875 σαφηνείας
617 2802 894 2874 ἐπιμελῶς
921 2803 1244 2875 προσχῶμεν
1274 2803 1476 2875 πρώτῳ
1514 2803 1611 2874 μὲν
1663 2803 1890 2874 λεγομέ-

206 2876 217 2886 ’
293 2911 370 2965 νῳ
393 2894 505 2963 τῷο
539 2912 557 2945 t
581 2893 697 2948 Νῦν
726 2893 989 2965 ἐδοξάσθη
1031 2895 1060 2946 6
1092 2895 1217 2958 Υἱὸς
1248 2895 1342 2948 τοῦ
1370 2893 1680 2966 ἀνθρώπου,
1707 2914 1726 2948 ι
1762 2895 1886 2948 δευ-

292 2988 438 3058 τέρῳ
463 2986 520 3039 δέ
549 2985 662 3057 τῷο
705 3005 723 3038 t
747 2987 858 3040 Καὶ
887 2988 916 3040 6
947 2987 1079 3051 Θεὸς
1110 2987 1372 3058 ἐδοξάσθη
1420 2989 1479 3041 ἐν
1501 2987 1674 3058 αὐτῷ,
1706 3007 1725 3040 ι
1770 2987 1888 3060 τρί-

291 3093 372 3146 τῳ
397 3075 455 3128 66
498 3076 725 3148 τοιούτῳ
752 3077 1087 3149 συνημμένῳ
1109 3094 1122 3106 ·
1183 3095 1201 3127 t
1224 3077 1288 3130 Εἰ
1317 3079 1345 3129 6
1371 3077 1505 3141 Θεὸς
1538 3077 1798 3149 ἐδοξάσθη
1829 3081 1888 3132 ἐν

1993 1986 2133 2042 Deus
2165 1985 2405 2041 Verbum
2436 1987 2732 2048 exsistens.
2764 1997 2821 2042 et
2846 1986 3055 2041 homo?
3087 1986 3271 2042 Altera
3307 2000 3435 2042 vero
3467 1987 3581 2057 glo-

1993 2080 2224 2134 riﬁcatio
2255 2079 2407 2144 Iesu,
2449 2080 2616 2134 Deum
2647 2094 2746 2148 per
2798 2088 3030 2133 mortem
3077 2093 3233 2133 suam
3269 2078 3581 2149 gloriﬁcan-

1993 2169 2086 2232 tis,
2135 2178 2260 2223 tunc
2311 2168 2437 2234 fuit,
2469 2184 2594 2223 cum
2636 2185 2656 2220 ι
2717 2168 3054 2237 exspoliatos
3108 2169 3482 2239 principatus,
3514 2184 3579 2224 ac

1991 2268 2288 2327 potestates
2316 2258 2610 2314 ostentavit
2650 2258 2826 2328 palam
2858 2259 3200 2328 triumphans
3247 2259 3314 2313 de
3350 2259 3458 2314 illis
3483 2275 3581 2332 per

1991 2349 2198 2419 lignum
2231 2349 2313 2413 “,
2353 2367 2375 2401 ι
2412 2358 2468 2402 et
2515 2363 2639 2402 cutn
2690 2365 2710 2399 ε
2763 2347 3070 2416 paciﬁcavit
3119 2363 3219 2418 per
3259 2350 3578 2420 sanguinem

1991 2439 2170 2495 crucis
2209 2439 2362 2508 ejus,
2399 2439 2513 2495 sive
2564 2455 2684 2509 qua:
2723 2439 2777 2493 in
2829 2448 2973 2493 terra
3009 2446 3167 2501 sunt,
3211 2439 3326 2495 sive
3369 2456 3490 2510 quae
3526 2441 3581 2497 in

1990 2530 2144 2586 etelis
2165 2531 2230 2584 ‘°.
2273 2549 2291 2582 ι
2331 2530 2385 2585 In
2435 2531 2522 2586 his
2545 2532 2689 2586 enim
2722 2530 2978 2586 omnibus
3012 2529 3346 2598 gloriﬁcatus
3372 2541 3458 2585 est
3486 2531 3581 2586 Fi-

1990 2621 2094 2676 lius
2114 2620 2373 2687 hominis,
2398 2622 2508 2675 Deo
2522 2621 2684 2676 etiam
2705 2620 3010 2691 gloriﬁcato
3033 2635 3128 2689 per
3149 2618 3580 2675 eum.Ca:terum

1990 2712 2246 2784 quoniam
2266 2715 2356 2785 qui
2380 2714 2738 2785 gloriﬁcatur,
2761 2714 2828 2767 ah
2854 2713 3036 2782 aliquo
3066 2712 3583 2788 gloriﬁcatur,quze-

1991 2820 2080 2859 res
2113 2807 2164 2860 in
2193 2806 2278 2860 his
2309 2805 2492 2860 verbis
2517 2822 2530 2856 :
2564 2823 2583 2857 ι
2607 2803 2958 2860 Gloriilcatus
2979 2803 3254 2859 estFilius
3280 2803 3577 2871 hominis,»

1989 2914 2019 2950 a
2046 2912 2154 2965 quo
2171 2897 2511 2968 gloriﬁcatus
2529 2896 2723 2952 fuerit:
2743 2896 2998 2951 similiter
3009 2896 3176 2952 etiam
3196 2897 3250 2950 in
3272 2896 3359 2951 his
3373 2895 3578 2952 facies:

1991 2987 2156 3060 447
2191 3008 2210 3040 ι
2246 2989 2387 3042 Deus
2415 2987 2752 3058 gloriﬁcatus
2778 2998 2866 3042 est
2899 3002 2999 3058 per
3042 3003 3189 3043 eum.
3219 3007 3238 3040 ι
3289 2987 3398 3043 Pro
3439 3003 3580 3059 quo-

1991 3096 2109 3135 rum
2158 3083 2450 3135 verborum
2488 3079 2877 3150 explanatione
2906 3080 3194 3151 diligenter
3223 3081 3582 3138 adhibeamus

294 3167 466 3239 αύτῷ,
498 3169 593 3221 καὶ
635 3171 664 3222 6
690 3168 823 3234 Θεὸς
868 3169 1082 3236 δοξάσει
1109 3168 1222 3240 (27)
1251 3169 1415 3222 αὐτὸν
1462 3170 1520 3223 ἐν
1549 3167 1717 3239 αὐτῷ,
1743 3188 1762 3222 ι
1799 3185 1889 3222 τε-

1992 3172 2232 3224 animum
2271 3171 2339 3224 ad
2384 3171 2616 3240 primum
2652 3172 2880 3238 dictum,
2925 3173 3168 3228 scilicet:
3207 3192 3227 3225 ι
3256 3173 3411 3229 Nunc
3454 3174 3574 3244 glo-

293 3262 481 3334 τάρτῳ
507 3261 563 3314 δέ
587 3279 600 3292 ·
637 3283 654 3314 ι
681 3263 792 3316 Καὶ
824 3261 986 3327 εὐθὺς
1014 3262 1228 3327 δοξάσει
1253 3261 1434 3315 αὐτόν.
1459 3280 1478 3313 ι
1526 3261 1652 3315 Ἐὰν
1680 3261 1756 3334 μὴ
1784 3261 1889 3333 ἄρα

2001 3262 2248 3317 rilicatus
2272 3271 2358 3318 est
2399 3262 2573 3317 Filius
2608 3263 2910 3329 hominis»
2966 3263 3098 3318 item
3135 3263 3200 3320 ad
3239 3267 3577 3321 secundum:

292 3352 453 3406 τοῦτο
478 3354 664 3428 φάσκῃ
696 3372 781 3419 τις
809 3354 1102 3409 ἀναλαϐεῖν
1131 3357 1212 3420 εἰς
1245 3354 1564 3427 συμπλοκὴν
1591 3355 1690 3427 τὴν
1719 3358 1776 3411 ἐν
1812 3356 1893 3427 τῷ

298 3442 518 3513 λήγοντι
546 3445 640 3497 τοῦ
671 3445 1042 3518 συνημμένου,
1075 3447 1162 3500 ἵνα
1193 3447 1430 3518 ἄρχηται
1461 3446 1561 3518 μὲν
1589 3447 1650 3499 τὸ
1685 3465 1892 3518 συνημ-

298 3535 462 3605 μένον
493 3537 604 3589 ἀπὸ
633 3537 756 3590 τοῦ*
797 3558 815 3589 ι
839 3540 897 3590 Ὀ
931 3539 1063 3603 Θεὸς
1107 3539 1362 3611 ἐδοξάσθη
1393 3542 1452 3593 ἐν
1497 3539 1666 3610 αὐτῷ,
1694 3559 1713 3593 ›
1751 3539 1893 3613 λήγῃ

296 3625 354 3677 δέ
381 3627 461 3689 εἰς
494 3626 586 3680 τό’
627 3647 644 3678 ι
673 3628 784 3681 Καὶ
833 3632 861 3682 6
889 3629 1020 3694 Θεὸς
1050 3630 1261 3697 δοξάσει
1291 3631 1455 3684 αὑτὸν
1501 3633 1559 3684 ἐν
1583 3631 1754 3701 αὐτῷ,
1796 3635 1892 3686 καὶ

297 3717 458 3780 εὐθὺς
487 3717 700 3784 δοξάσει
727 3721 908 3774 αὐτόν.
935 3742 952 3773 ι
1002 3723 1343 3792 Ἀναγκαίως
1366 3724 1422 3776 δὲ
1454 3725 1784 3794 προσχῶμεν
1815 3725 1893 3796 τῷ

295 3809 394 3880 τῆς
417 3809 574 3880 δόξης
599 3811 844 3882 ὀνόματι,
877 3814 938 3866 ού
968 3815 1207 3885 κειμένῳ
1235 3815 1326 3867 ἐπὶ¹
1350 3815 1444 3868 τοῦ
1471 3815 1622 3887 παρά
1640 3833 1754 3869 τισι
1786 3817 1893 3870 τῶν

306 3900 577 3971 Ἐλλήνων
611 3903 782 3972 μέσου
831 3905 1156 3975 πράγματος
1183 3904 1318 3975 (28),
1347 3905 1484 3958 καθὸ
1521 3907 1793 3977 ὁρίζονται
1826 3903 1897 3960 εἷ-

297 4008 386 4046 ναι
413 3992 572 4058 δόξαν
602 3993 714 4064 (‘29)
747 3995 838 4061 τὸν
876 3996 986 4050 ἀπὸ
1027 3996 1135 4048 τῶν
1166 3996 1376 4049 πολλῶν
1426 3996 1646 4051 έπαινον
1665 4015 1679 4029 °
1710 3998 1890 4068 δῆλον,

297 4081 382 4135 ὅτι
425 4083 512 4135 ἐπ’
541 4083 704 4137 ἄλλου
737 4085 886 4157 παρά
914 4085 1072 4139 τοῦτο
1104 4088 1279 4140 κεῖται
1308 4087 1477 4158 ὄνομα
1515 4089 1579 4141 ἐκ
1607 4088 1698 4141 τοῦ
1728 4090 1787 4142 ἐν
1822 4092 1889 4160 τῇ

2003 3373 2022 3405 ι
2049 3355 2115 3409 Et
2146 3354 2290 3410 Deus
2319 3354 2658 3426 gloriliatus
2689 3365 2776 3411 est
2807 3371 2904 3426 per
2937 3369 3058 3410 eum
3087 3374 3135 3424 ;»
3170 3364 3225 3412 et
3253 3359 3318 3412 ad
3359 3358 3580 3412 tertium

1997 3445 2102 3499 hoc
2125 3444 2506 3514 conjuncmm:
2537 3464 2556 3498 ι
2594 3445 2652 3502 Si
2680 3445 2822 3501 Deus
2839 3445 3178 3517 gloriﬁcatus
3199 3456 3282 3502 est
3307 3463 3404 3518 per
3428 3462 3576 3512 eum,

1996 3547 2050 3590 ct
2080 3537 2221 3591 Deus
2257 3537 2588 3606 gloriﬁcabit
2619 3553 2743 3592 eum
2778 3553 2878 3608 per
2907 3554 3033 3604 sep
3065 3542 3281 3612 demum
3318 3542 3384 3595 ad
3416 3557 3580 3610 quar-

2002 3638 2148 3682 tum:
2181 3646 2198 3678 ι
2232 3629 2300 3686 Ει
2329 3630 2590 3687 continuo
2617 3628 2949 3698 gloriﬁcabit
2982 3631 3224 3685 eum".»
3275 3631 3390 3686 Nisi
3439 3632 3582 3688 forte

1997 3729 2120 3795 quis
2148 3727 2295 3782 dicat
2329 3726 2430 3779 hoc
2455 3732 2701 3794 repetere
2733 3722 3007 3778 Christum
3035 3725 3102 3778 ad
3119 3725 3576 3792 coniunctionem,

1995 3833 2116 3886 qua:
2147 3827 2230 3872 est
2259 3817 2312 3870 in
2361 3831 2427 3872 eo
2467 3821 2614 3886 quod
2657 3817 2865 3871 claudit
2909 3815 3282 3884 coniunctum,
3335 3826 3393 3870 ut
3443 3831 3580 3871 con-

1992 3909 2242 3978 junctum
2277 3909 2501 3978 incipiat
2525 3911 2595 3962 ab
2622 3909 2730 3964 illis
2763 3908 2983 3964 verbis:
3023 3927 3041 3959 ι
3079 3908 3145 3962 Et
3185 3909 3328 3963 Deus
3369 3908 3582 3977 gloriﬁ-

1995 4007 2150 4053 catus
2181 4007 2264 4052 est
2307 4013 2405 4068 per
2433 4014 2623 4065 eum,»
2679 4010 2734 4052 et
2763 3999 2973 4054 desinat
3017 3999 3073 4053 in
3123 4013 3223 4053 ea:
3273 4017 3293 4049 ι
3320 3998 3388 4052 Ει
3437 3998 3582 4053 Deus

1996 4092 2321 4161 glorilieabit
2339 4107 2460 4146 eum
2483 4107 2582 4161 per
2603 4107 2681 4156 se,
2699 4102 2754 4148 et
2773 4093 3031 4148 continuo
3054 4092 3377 4163 gloriﬁcabit
3397 4112 3540 4151 eum.
3555 4116 3576 4150 ο

311 4173 507 4245 Ἐξόδῳ
530 4174 673 4229 οὕτω
698 4177 990 4247 εἰρημένου
1009 4194 1024 4204 ·
1062 4197 1078 4228 t
1103 4179 1214 4230 Καὶ
1234 4177 1392 4249 δόξης
1421 4178 1623 4250 Κυρίου
1647 4181 1889 4252 ἐπλήσθη

2001 4181 2202 4238 Verum
2252 4183 2597 4238 attendamus
2652 4198 2878 4239 necesse
2931 4193 3015 4238 est
3058 4183 3250 4254 gloriae
3285 4187 3573 4253 vocabulo,

296 4267 333 4338 ἡ
371 4270 540 4340 σκηνή
561 4286 574 4298 ο
613 4270 709 4323 καὶ
740 4271 843 4322 ούκ
871 4269 1100 4344 ἐδυνήθη
1132 4272 1376 4341 Μωῦσῆς
1408 4272 1667 4326 εἰσελθεῖν
1693 4275 1772 4338 είς
1795 4274 1889 4345 τὴν

1997 4275 2143 4343 quod
2167 4274 2307 4342 apud
2342 4273 2627 4328 nonnullos
2659 4274 2889 4343 gentiles
2914 4274 2981 4329 de
3022 4289 3082 4330 re
3119 4275 3297 4330 media
3338 4278 3577 4346 ponitur,

303 4357 512 4429 σκηνὴν
559 4359 653 4412 τοῦ
686 4361 1006 4432 μαρτυρίου,
1031 4362 1135 4414 ’ὅτι
1165 4361 1489 4425 ἐπεσκίαζεν
1536 4362 1622 4413 ἐπ’
1657 4361 1826 4434 αὐτὴν
1860 4365 1889 4432 ή

1997 4374 2065 4412 ex
2095 4374 2200 4428 quo
2224 4359 2513 4426 deﬁniunt,
2548 4361 2776 4430 gloriam
2805 4375 2928 4416 esse
2955 4362 3166 4417 laudem
3190 4378 3220 4418 a
3246 4364 3429 4419 multis
3453 4380 3579 4435 pro-

301 4450 531 4522 vspé‘m'
564 4452 658 4503 καὶ
705 4451 862 4522 δόξης
895 4452 1103 4523 Κυρίου
1151 4451 1399 4522 ἐπλήσθη
1439 4451 1473 4521 ή
1507 4453 1701 4524 σκηνή.
1727 4472 1744 4504 ι
1780 4454 1889 4507 Καὶ

2001 4451 2356 4506 ﬁciseentem.
2386 4449 2739 4522 Perspicuum
2768 4467 2896 4506 vero
2921 4460 3004 4508 est
3029 4453 3133 4507 alia
3163 4453 3230 4509 de
3257 4469 3316 4510 re
3349 4455 3452 4511 hoc
3479 4473 3578 4512 no-

303 4540 362 4593 ἐν
407 4542 472 4612 τῇ
502 4542 660 4616 τρίτῃ
697 4542 806 4596 τῶν
853 4543 1145 4596 Βασιλειῶν
1195 4543 1358 4596 τοῦτο
1404 4545 1889 4615 ἀναγεγραμμένον

2001 4558 2122 4598 men
2171 4543 2336 4597 etiam
2388 4545 2537 4613 poni,
2589 4559 2663 4598 ex.
2693 4560 2758 4599 eo
2804 4545 2947 4614 quod
2997 4546 3142 4601 hunc
3174 4547 3227 4600 in
3260 4549 3480 4602 modum
3519 4549 3577 4604 in

417 4657 461 4689 “
489 4655 687 4727 Philip.
719 4676 780 4732 ii.
831 4659 894 4732 8,4
919 4659 974 4713 9.
1050 4662 1095 4693 "
1119 4661 1276 4717 Joan.
1303 4677 1354 4727 ι,
1381 4661 1436 4716 2.
1512 4661 1598 4718 ⁶³Ι
1629 4663 1758 4718 Cor.
1784 4679 1858 4726 vn,

2057 4662 2103 4694 “
2127 4661 2321 4732 Philip.
2350 4677 2414 4727 tt,
2440 4661 2492 4716 6.
2583 4661 2631 4693 ”
2659 4659 2839 4718 Colos.
2871 4678 2932 4728 ιι,
2959 4651 3048 4718 15.
3123 4663 3171 4694 "
3194 4662 3374 4719 Colos.
3409 4679 3452 4730 ι,
3481 4665 3574 4721 20.

309 4725 355 4756 ⁸⁷
383 4725 544 4781 Joan.
574 4725 695 4794 Xltl,
721 4729 810 4797 51,
835 4729 924 4785 52.

325 4895 345 4901 __
383 4822 494 4901 (‘24)
521 4824 702 4901 (ξοειοις
739 4827 963 4901 Regius,
987 4829 1016 4880 ὁ
1041 4829 1150 4900 γὰρ
1183 4829 1357 4898 Λόγος
1381 4831 1438 4882 ἐν
1468 4829 1612 4900 ἀρχῇ
1645 4830 1782 4901 πρὸς
1805 4830 1889 4884 τὸν

2003 4839 2145 4901 esse,
2181 4823 2550 4892 prudentiam,
2580 4824 2872 4901 justitiam,
2900 4823 3272 4901 fortitudinem
3293 4868 3310 4901 _,
3334 4897 3344 4901 _
3366 4825 3572 4893 tempe-

310 4893 498 4966 Θεὸνρ
525 4893 658 4958 Θεὸς
679 4893 870 4965 Λόγοξ.
1053 4893 1064 4898 ⁷
1119 4893 1130 4900 ’
1273 4893 1285 4898 ⁷
1690 4893 1702 4901 ’
1764 4893 1774 4894 ί

2004 4897 2262 4966 rantiam,
2295 4905 2348 4946 et
2376 4903 2569 4948 caetera
2604 4897 2864 4966 idigenus
2913 4912 2925 4946 :
2966 4898 3102 4948 mula
3140 4912 3266 4949 vero
3292 4897 3378 4950 his
3408 4915 3574 4966 oppo-

517 4967 660 5040 itlem
688 4964 867 5040 codex
916 4969 1138 5040 Regius,
1171 4972 1218 5022 εἰ
1248 4970 1363 5036 καί,
1407 4981 1516 5026 etc.
2001 4971 2108 5023 sita
2140 4965 2290 5026 vitia,
2353 4965 2796 5031 imprudentiam,
2856 4966 3195 5034 iniustitiam,
3231 4977 3303 5040 et!
3334 4964 3529 5022 caetera
3559 4987 3573 5022 :

400 5034 570 5106 26)-|n
598 5038 788 5090 eodem
821 5034 1202 5106 conice'ltegio
1240 5034 1391 5095 deest
1417 5041 1530 5095 καί,
1930 5060 1937 5068 ·
2003 5047 2196 5092 neutra
2221 5049 2523 5106 vero,iquae
2549 5049 2724 5102 neque
2748 5044 2998 5106 prosunt,
3030 5052 3206 5104 neque
3254 5038 3480 5101 obsunt,
3516 5050 3576 5093 ttt

524 5105 701 5182 Codex
735 5107 933 5182 Regius
957 5105 1400 5182 Ιιξώριίδοξάσῃκ
1531 5181 1537 5182 ί
1764 5179 1773 5182 Α
2000 5108 2235 5182 estvita,
2271 5105 2499 5182 sanitas,
2533 5105 2896 5182 pulchritudo,
2931 5107 3386 5182 volupt_as,vires,
3419 5123 3574 5177 opes,

401 5170 494 5249 28‘)
534 5176 665 5230 Ἐπί
692 5178 800 5249 τοῦ
816 5170 1011 5247 νπαρά
1054 5193 1176 5232 τισι
1197 5170 1338 5234 ἐῶσιν
1363 5181 1668 5247 Ἑλλήνων
1697 5179 1889 5249 μέσου

2003 5177 2197 5241 gloria,
2235 5175 2490 5230 nobilitas
2511 5170 2546 5240 ;’
2567 5182 2621 5229 et
2660 5189 2782 5244 quae
2821 5177 2899 5230 eis
2927 5170 3177 5247 opposita
3212 5170 3416 5242 sunt,»
3456 5170 3570 5233 'etc.

307 5245 672 5320 πράγματος.
695 5245 1132 5320 li_erantVStoiei.
1165 5251 1341 5304 Locus
1374 5261 1457 5305 est
1488 5245 1716 5320 insignis
1739 5252 1880 5320 apud
1991 5250 2258 5320 ιιυιξῖιυξτ
2315 5313 2359 5320 η
2408 5317 2420 5320 _
2727 5311 2758 5320 _
2891 5315 2910 5320 Α
3301 5317 3345 5320 μ
3639 5311 3643 5317 .

308 5311 587 5391 interiungo
629 5311 688 5370 in
731 5318 948 5391 Zenone
981 5319 1145 5391 :‘Ttbv
1171 5320 1227 5391 66
1253 5319 1424 5391 ὄντων
1480 5311 1626 5389 φασῖ
1659 5321 1744 5391 τά,
1775 5311 1885 5391 ’μὲν

2000 5387 2040 5391 _
2064 5311 2676 5391 (29)_Ka06_dpl{mat
2697 5311 2851 5391 εϊῂαι
2879 5315 3090 5391 δόξαν,
3121 5327 3227 5372 etc.
3287 5317 3502 5384 Cicero,
3535 5333 3572 5373 ll

307 5385 487 5476 ἀγαθά
501 5375 762 5476 εἶναιζτὰ
787 5388 844 5476 δὲ
878 5389 1023 5476 κακά
1042 5406 1056 5419 ·
1084 5389 1154 5442 τά
1173 5390 1244 5476 δὲ,
1256 5375 1532 5476 οὐδέτερά.
1553 5389 1761 5476 Ἄγαθά
1786 5375 1888 5476 μὲν

1999 5375 2218 5441 Τιίεειὶι.
2255 5401 2272 5438 :
2310 5403 2328 5435 ι
2369 5375 2553 5437 Gioria
2579 5386 2872 5476 estﬂsolida‘
2919 5375 3163 5476 quaedam
3212 5404 3323 5454 res,
3379 5397 3434 5470 et
3476 5375 3572 5443 ex-

307 5408 487 5454 αγαυα
508 5408 668 5451 ειναι,
693 5408 762 5442 τα
787 5408 844 5441 οε
878 5408 1023 5442 κακα
1042 5408 1056 5419 ·
1084 5408 1154 5442 τα
1173 5408 1230 5443 οε
1256 5408 1532 5476 ουοετερα.
1559 5408 1761 5458 ’Λγαυα
1783 5408 1888 5511 μεν

303 5455 419 5519 οὖν,
456 5457 557 5531 τάς
568 5475 629 5510 τε
655 5459 891 5531 ἀρετὰς,
913 5459 1192 5530 φρόνησιν,
1217 5460 1580 5531 δικαιοσυνην,
1615 5461 1775 5531 ἀνδρε
1802 5477 1888 5524 αν,

2002 5408 2218 5441 “tacut.
2255 5408 2272 5438 ξ
2310 5408 2328 5435 ι
2369 5408 2553 5437 υΙυΙἸίΙ
2579 5408 2664 5440 651.
2695 5408 2864 5441 ευιιιιιι
2919 5408 3163 5454 quamam
3212 5408 3323 5454 res,
3379 5408 3434 5440 (31.
3476 5408 3572 5443 ωι-

2003 5472 2210 5527 pressa,
2239 5470 2301 5507 ea
2326 5466 2414 5531 est
2453 5456 2802 5531 consentiens
2860 5455 2975 5531 laus
3030 5459 3356 5531 bonorum,_
3392 5459 3572 5514 incor-

308 5524 808 5600 σωφροσύνην,’κα“ι
839 5524 1144 5583 τά’λοιπά’
1180 5524 1353 5584 κακά
1405 5531 1480 5592 δὲ,
1518 5524 1601 5583 ’τὰ
1651 5524 1889 5588 ἐναντία.

2006 5524 2158 5596 i'ttpltt
2186 5541 2290 5580 vox
2326 5524 2838 5600 benejutlieantium
2878 5529 2944 5580 de
2979 5526 3267 5600 excellenti
3310 5529 3567 5600 virtute.»

307 5594 638 5672 ἀφροσύνην,
684 5600 924 5672 ἀδικίαν,
938 5602 1042 5672 ,καὶ
1069 5600 1139 5654 τὰ
1169 5601 1360 5672 λοιπάέ
1398 5601 1656 5672 οὐδέτερα
1686 5601 1763 5672 δέ,
1796 5601 1889 5672 ὅσα

2004 5594 2234 5672 Seneca,
2265 5611 2349 5662 ep.
2387 5594 2520 5648 £02:
2559 5614 2576 5645 ι
2615 5596 2856 5672 Gloriam
2899 5612 3114 5672 quoque
3177 5597 3571 5672 latiusifusaut

313 5666 449 5748 μήτε
483 5666 702 5748 ὠφελεῖ,
738 5669 1133 5748 μήτε-βλάπτει
1149 5688 1163 5701 ·
1196 5667 1310 5748 οἷον
1341 5671 1479 5748 ζωὴ,
1507 5666 1684 5748 ὑγεία,
1709 5669 1889 5748 ἡδονὴ,

1996 5666 2244 5748 intelligo
2268 5680 2325 5748 na
2357 5681 2678 5748 consensum
2738 5667 3233 5748 enitnnmultorum
3286 5669 3476 5737 exigit.
3545 5687 3567 5720 ι

309 5735 751 5810 κάλλος,“ἰσχὺς,’
773 5735 1022 5804 πλοῦτος,
1081 5735 1360 5810 εὐγένεια,
1397 5735 1491 5794 κάι
1547 5735 1616 5794 τὰ
1678 5735 1888 5797 τούτοιξ

1996 5736 2172 5810 item:
2213 5754 2232 5786 ι
2264 5735 2445 5810 Gloria
2469 5737 2763 5810 inuitarutn
2804 5736 3027 5810 judiciis
3071 5749 3310 5810 constat,
3349 5735 3571 5793 claritas

309 5810 553 5886 ἐναντία,
582 5805 690 5886 etc.
721 5830 757 5886 ¢__
780 5811 977 5886 Eorum
1008 5805 1190 5865 autem
1232 5828 1352 5886 quae
1395 5821 1543 5886 sunt,
1579 5813 1732 5886 aiunt
1782 5811 1888 5862 alia

1997 5808 2292 5886 bonorum:
2332 5805 2748 5886 [Quintuianus
2784 5823 2798 5858 :
2835 5809 3266 5886 t__(lonsetttiens
3305 5810 3423 5865 laus
3474 5810 3571 5865 bo-

311 5879 477 5937 hona.
515 5881 654 5936 mala
691 5881 818 5942 alia.
844 5881 952 5936 alia
985 5894 1201 5938 neutra.
1232 5874 1377 5939 Bona
1410 5874 1629 5943 quidem
1661 5882 1892 5940 virtutes
2001 5891 2218 5939 norum.
2246 5874 2414 5939 gloria
2451 5875 2771 5945 appellatur.
2810 5897 2826 5929 ι
2866 5877 3131 5939 ιιυιςτιυε.

376 5034 396 5246 ἒ
