4182 6368
2021 372 2343 433 ORIGENS

3723 372 3828 424 816

561 496 751 550 Exodo
779 493 985 549 dictum
1017 492 1188 549 sit”:
1239 511 1259 545 ι
1295 492 1362 549 Et
1399 492 1570 563 gloria
1617 492 1829 548 Domini
1873 492 2137 563 repletum

2244 488 2430 543 τοῦτον
2467 487 2556 542 τὸν
2585 487 2783 559 τρόπον
2809 502 2821 517 ·
2864 506 2881 536 ι
2906 485 3016 538 Kal
3044 483 3278 553 ἐγένετο,
3319 482 3393 548 ὡς
3422 481 3839 557 ἐξῆλθον,ῄᾷρτ

555 598 643 642 est
675 586 1007 653 tentorium;
1042 600 1143 641 nec
1176 595 1395 656 poterat
1415 586 1626 655 Moyses
1655 584 1869 656 ingredi
1912 584 1973 640 in
2023 593 2143 640 ten-

558 679 758 734 torium
789 676 1112 743 testimonii,
1141 679 1289 748 quod
1326 677 1716 732 obumbrasset
1758 676 1890 731 illud
1926 677 2139 743 nubes;

556 780 611 825 et
638 769 810 840 gloria
854 769 1066 825 Domini
1092 770 1312 839 plenum
1344 768 1448 824 fuit
1479 769 1827 825 tentoriuth
1874 767 1929 822 In
1978 770 2142 825 tertio

554 865 719 919 etiam
748 863 953 934 Regum
986 863 1132 918 hunc
1156 863 1208 917 in
1239 862 1455 918 modum
1502 869 1583 917 est
1625 860 1883 931 scriptum
1904 861 1986 916 °’;
2020 879 2041 913 ι
2076 861 2145 916 Et

555 954 759 1019 evenit,
795 969 918 1010 cum
955 954 1349 1025 egrederentur
1390 953 1707 1010 sacerdotes
1738 968 1768 1007 e
1800 955 2139 1022 sanctuario,

561 1055 617 1100 at
647 1047 817 1101 nubes
855 1045 1096 1115 repleret
1120 1045 1341 1101 domum
1368 1044 1607 1109 Domini,
1659 1054 1715 1099 et
1739 1059 1847 1100 non
1889 1054 2143 1116 poterant

561 1138 871 1194 sacerdotes
893 1148 1043 1192 stare
1063 1151 1250 1192 coram
1277 1138 1419 1191 nube
1438 1135 1507 1190 ad
1532 1136 1972 1201 ministrandum,
1997 1136 2143 1208 quod

560 1228 821 1300 replesset
848 1228 1020 1296 gloria
1057 1227 1269 1283 Domini
1320 1227 1596 1283 domum.»
1653 1226 1793 1294 Quin
1844 1232 1909 1283 de
1939 1227 2141 1300 Moysis

559 1321 728 1393 gloria
770 1319 970 1390 scripta
1019 1320 1186 1376 etiam
1234 1328 1364 1375 sunt
1416 1318 1542 1374 talia
1583 1318 1637 1374 in
1679 1319 1867 1375 Exodo
1889 1321 1973 1375 7°:
2014 1338 2034 1372 ι
2069 1318 2142 1377 Ut

560 1424 738 1468 autem
768 1412 1051 1468 descendit
1076 1413 1294 1483 Moyses
1326 1412 1394 1467 de
1429 1420 1636 1476 monte,
1681 1414 1907 1481 dumque
1942 1411 2143 1468 tabulas

562 1503 871 1560 testamenti
918 1504 971 1558 in
1024 1504 1278 1558 manibus
1328 1512 1484 1558 erant
1530 1501 1783 1573 Moysis:
1834 1519 2067 1572 cumque
2108 1518 2141 1560 e

560 1605 745 1653 monte
771 1595 1125 1651 descenderet
1153 1593 1386 1665 Moyses,
1417 1610 1523 1650 nou
1574 1604 1732 1650 norat
1778 1593 2141 1664 gloriﬁcatum

560 1690 731 1744 fuisse
758 1697 1036 1757 aspectum
1066 1686 1207 1742 cutis
1242 1686 1419 1741 vultus
1445 1688 1553 1752 sui,
1588 1686 1713 1741 dum
1744 1686 1886 1742 Deus
1911 1687 2013 1742 sibi
2056 1686 2138 1743 lo-

559 1785 838 1847 queretur.
878 1774 1135 1844 Viditque
1170 1775 1351 1831 Aaron
1380 1786 1434 1832 et
1465 1791 1657 1832 omnes
1691 1776 1786 1830 filii
1816 1775 1984 1831 Israel
2020 1777 2139 1833 Mo-

558 1881 715 1940 ysen,
741 1877 797 1922 et
832 1876 955 1923 erat
984 1866 1323 1939 glorificatus
1354 1878 1611 1938 aSpectus
1646 1869 1790 1924 cutis
1816 1869 1995 1924 vultus
2032 1871 2140 1938 sui,

455 2003 473 2016 .
558 1971 612 2015 et
662 1965 962 2014 timuerunt
1009 1959 1059 2014 ei
1095 1959 1554 2028 appropinquare.
1590 1980 1609 2014 ι
1667 1960 1793 2017 Haec
1840 1961 2025 2032 gloriae
2072 1963 2163 2017 εἰν

557 2053 833 2125 gniﬁcatio
862 2053 913 2106 in
950 2051 1243 2120 Evangelia
1264 2053 1428 2108 etiam
1457 2053 1616 2109 Lucae
1649 2053 1733 2109 bis
1752 2055 1937 2109 verbis
1960 2055 2144 2110 decla-

559 2150 712 2199 ratur
736 2142 813 2193 τίς
858 2164 877 2195 ί
914 2143 980 2197 Ει
1010 2145 1150 2199 facta
1186 2156 1291 2209 est,
1323 2146 1450 2199 dum
1488 2156 1693 2211 oraret,
1722 2148 1933 2217 species
1965 2146 2145 2202 vultus

556 2238 674 2305 ejus
702 2235 848 2291 alia:
887 2246 942 2292 et
971 2237 1202 2293 vestitus
1250 2237 1371 2306 ejus
1416 2238 1707 2303 candidus,
1739 2254 1806 2294 ac
1843 2237 2143 2310 refulgens.

557 2327 625 2382 Et
649 2342 781 2382 ecce
804 2327 913 2381 duo
946 2328 1047 2381 viri
1078 2326 1441 2396 loquebantur
1466 2341 1588 2380 cum
1613 2342 1701 2392 eo,
1726 2328 1817 2397 qui
1843 2337 1999 2383 erant
2026 2328 2143 2383 Μο-

558 2433 682 2488 yses
713 2428 764 2472 et
793 2417 940 2472 Elias
969 2433 983 2470 :
1018 2419 1111 2484 qui
1144 2420 1245 2473 visi
1277 2418 1330 2472 in
1365 2419 1654 2489 majestate
1701 2420 2001 2475 narrabant
2049 2436 2144 2477 ex-

556 2528 773 2569 cessum
804 2513 946 2582 ejus,
975 2509 1146 2583 m
1171 2526 1333 2579 quem
1362 2510 1733 2578 completurus
1778 2520 1897 2567 erat
1928 2510 2145 2569 Jeros0-

557 2605 771 2677 lymis.»
833 2604 965 2659 Vide
996 2620 1126 2658 vero
1158 2603 1212 2657 in
1250 2602 1448 2671 quibus
1493 2603 1659 2658 etiam
1699 2602 1899 2659 Paulus
1946 2620 2142 2661 nomen

556 2699 739 2767 gloriae
768 2707 1012 2753 assumat
1036 2713 1053 2762 ;
1081 2696 1277 2751 alicubi
1302 2696 1444 2751 enim
1473 2695 1704 2751 dicit":
1744 2715 1763 2748 ι
1799 2696 1953 2765 Quod
1980 2697 2025 2753 si
2049 2699 2143 2753 ad-

558 2791 892 2846 ministratio
923 2790 1137 2852 mortis,
1179 2789 1235 2843 in
1274 2788 1473 2842 litteris
1517 2787 1821 2843 deformata
1871 2790 1924 2843 in
1975 2789 2143 2854 saxis,

556 2884 661 2939 fuit
689 2884 740 2938 in
769 2883 966 2954 gloria,
1000 2884 1138 2936 adeo
1170 2890 1228 2934 ut
1275 2896 1382 2935 non
1437 2889 1661 2949 possent
1713 2880 1997 2934 intendere
2049 2880 2142 2933 filii

559 2974 729 3031 Israel
755 2975 808 3029 in
838 2973 1031 3028 faciem
1056 2971 1277 3043 Moysis,
1307 2980 1531 3042 propter
1554 2970 1786 3041 gloriam
1806 2970 1988 3026 vultus
2002 2970 2143 3040 ejus,

556 3082 677 3136 quae
709 3066 977 3128 aboletur,
1009 3079 1109 3119 cur
1140 3080 1244 3117 non
1271 3063 1451 3131 potius
1475 3062 1877 3118 administratio
1905 3063 2143 3133 Spiritus

2247 583 2362 653 ρεῖς
2388 582 2453 635 ὲκ
2476 577 2569 635 τοῦ
2600 580 2780 650 ἁγίου,
2812 578 2905 631 καὶ
2934 580 2967 648 ή
2998 576 3191 647 νεφέλη
3219 574 3423 645 ἔπλησε
3442 575 3533 627 τὸν
3558 570 3706 628 οἷκον
3731 577 3839 629 Ku-

2248 676 2387 746 ρίου,
2417 674 2511 729 καὶ
2541 673 2641 727 οὐκ
2683 673 2939 726 ὲδύναντο
2970 670 3019 724 οί
3069 671 3231 740 ἱερεῖς
3267 667 3461 737 στῆναι
3493 667 3836 737 λειτουργίαν

2244 765 2357 836 ('50)
2387 763 2615 819 ἐνώπιον
2669 766 2770 836 τῆς
2800 764 3048 834 νεφέλης,
3097 763 3178 815 ὃτι
3226 761 3427 830 ἔπλησε
3472 759 3598 825 δόξα
3626 758 3834 829 Κυρίου

2241 858 2334 913 τὸν
2363 853 2528 913 οἷκον.
2557 877 2577 910 ι
2609 860 2721 912 Kal
2750 859 2877 930 περὶ
2900 858 2997 928 τῆς
3028 855 3307 919 Μωῦσέως
3342 854 3498 923 δόξης
3532 852 3591 907 ὲν
3614 854 3681 923 τῇ
3719 851 3835 917 Ἐε-

2243 952 2348 1023 όδῳ
2370 952 2594 1006 τοιαῦτα
2618 950 2866 1005 λέλεκται
2886 969 2898 981 ·
2938 969 2957 1002 ι
2980 951 3066 1014 Ὠς
3094 949 3151 1002 δὲ
3183 946 3471 1001 κατέϐαινε
3502 945 3745 1014 Μωῦσῆς
3769 945 3835 998 ὲκ

2240 1045 2336 1099 τοῦ
2364 1046 2545 1117 ὅρους,
2574 1046 2670 1099 καὶ
2700 1046 2755 1099 αἱ
2795 1044 2889 1097 δύο
2923 1042 3128 1105 πλάκες
3152 1041 3249 1111 τῆς
3292 1037 3570 1109 Διαθήκης
3602 1037 3699 1090 ἐπὶ
3726 1036 3834 1090 τῶν

2242 1137 2441 1209 χειρῶν
2461 1138 2668 1208 Μωῦσῆ
2686 1154 2699 1167 ·
2731 1134 3153 1196 καταϐαίνοντος
3172 1132 3229 1185 δὲ
3251 1130 3415 1185 αὑτοῦ
3438 1131 3505 1183 ὲκ
3536 1130 3630 1184 τοῦ
3651 1130 3834 1203 ὅρους,

2242 1230 2336 1284 καὶ
2360 1231 2601 1301 Μωῦσῆς
2630 1230 2730 1283 οὐκ
2753 1229 2888 1299 ᾔδει,
2916 1228 2998 1281 ὅτι
3024 1224 3335 1291 δεδόξασται
3366 1227 3399 1296 ἡ
3429 1224 3548 1296 ὄψις
3582 1224 3675 1278 τοῦ
3701 1239 3837 1296 χρω-

2240 1321 2334 1385 τὸς
2364 1320 2460 1374 τοῦ
2493 1320 2786 1392 προσώπου
2826 1318 3016 1381 αὐτοῦ,
3059 1319 3118 1371 ὲν
3150 1316 3229 1387 τῷ
3259 1316 3439 1370 λαλεῖν
3467 1316 3632 1369 αὐτὸν
3661 1315 3834 1387 αὐτῷ.

2243 1412 2356 1467 Kal
2400 1408 2541 1465 εἶδεν
2582 1409 2815 1483 Ἀαρὼν,
2863 1411 2960 1464 καὶ
3008 1408 3211 1472 πάντες
3255 1410 3304 1461 οἱ
3344 1408 3452 1461 υἱοὶ
3498 1405 3711 1478 Ἰσραὴλ
3740 1404 3835 1459 τὸν

2242 1504 2505 1575 Μωῦσῆν,
2544 1505 2639 1557 καὶ
2662 1500 2730 1575 ἦν
2758 1502 3123 1572 δεδοξασμένῃ
3163 1502 3198 1572 ἡ
3230 1499 3352 1569 ὄψις
3379 1499 3473 1554 τοῦ
3501 1498 3711 1572 χρωτὸς
3739 1495 3838 1551 τοῦ

2243 1595 2538 1668 προσώπου
2587 1594 2775 1659 αὐτοῦ,
2823 1596 2918 1648 καὶ
2964 1592 3310 1665 ἐφοϐήθησαν
3351 1592 3570 1661 ἐγγίσαι
3615 1588 3784 1661 αὐτῷ.
3810 1608 3833 1641 ι

2242 1689 2413 1743 Τοῦτο
2437 1689 2499 1744 τὸ
2526 1687 2777 1760 περὶτῆς
2805 1685 2964 1757 δόξης
2991 1685 3388 1757 σημαινόμενον
3417 1684 3511 1737 καὶ
3539 1685 3597 1736 ὲν
3622 1682 3701 1752 τῷ
3732 1699 3835 1736 κα-

2242 1777 2313 1832 τὰ
2354 1779 2570 1833 Λουκᾶν
2603 1776 2927 1848 Εὐαγγελίῳ
2972 1775 3062 1829 διὰ
3102 1775 3309 1830 τούτων
3356 1773 3640 1846 δηλοῦται·
3684 1791 3701 1822 ι
3727 1770 3835 1825 Kal

2246 1872 2482 1943 ἐγένετο,
2508 1873 2567 1924 ὲν
2592 1870 2670 1941 τῷ
2702 1869 3098 1941 προσεύχεσθαι
3126 1868 3311 1932 αὑτὸν,
3344 1868 3378 1938 ή
3403 1866 3519 1919 ἰδέα
3542 1864 3638 1918 τοῦ
3669 1880 3837 1935 προσ-

2243 1966 2395 2020 ώπου
2439 1962 2606 2017 αὐτοῦ
2659 1963 2854 2035 ἑτέρα·
2888 1962 2987 2014 καὶ
3033 1958 3300 2030 ἠλλοιώθη
3348 1960 3379 2011 6
3423 1956 3715 2029 ἱματισμὸς
3742 1955 3832 2009 αὺ-

2243 2058 2362 2125 τοῦ,
2389 2059 2485 2113 καὶ
2515 2057 2732 2127 ἐγένετο
2770 2055 2961 2118 λευκὸς
3017 2052 3429 2124 ἐξαστράπτων.
3465 2050 3577 2105 Kal
3604 2049 3712 2103 ἰδοὺ
3738 2049 3835 2104 ἄν·

2244 2152 2370 2224 δρες
2397 2151 2512 2215 δύο,
2546 2149 2866 2205 συνελάλουν
2888 2147 3058 2218 αὐτῷ,
3087 2148 3282 2210 οἵτινες
3304 2141 3445 2216 ἦσαν
3477 2143 3720 2212 Μωῦσῆς
3744 2141 3837 2195 καὶ

2257 2245 2443 2311 Ἠλίας
2462 2263 2476 2276 ·
2512 2244 2562 2299 οἳ
2588 2243 2840 2313 ὀφθέντες
2873 2244 2932 2295 ὲν
2953 2237 3082 2312 δόξῃ
3108 2239 3291 2307 ἔλεγον
3319 2238 3419 2310 τὴν
3443 2236 3619 2303 ἔξοδον
3650 2233 3838 2298 αὑτοῦ,

2245 2339 2311 2409 ἢν
2340 2338 2534 2409 ἔμελλε
2565 2335 2808 2407 πληροῦν
2835 2335 2893 2387 ὲν
2934 2331 3312 2404 Ἰερουσαλήμ.
3345 2349 3365 2381 ι
3413 2328 3526 2406 Kal
3564 2330 3594 2381 6
3625 2326 3836 2391 Παῦλος

2244 2429 2300 2483 δὲ
2325 2431 2427 2502 ὅρα
2475 2428 2569 2481 ἐπὶ
2601 2426 2710 2480 τίσι
2742 2426 2804 2479 τὸ
2835 2423 3007 2495 ὄνομα
3057 2424 3154 2494 τῆς
3184 2422 3339 2492 δόξης
3375 2418 3797 2491 παραλαμϐάνει
3821 2434 3838 2448 ·

2244 2519 2380 2573 ὅπου
2414 2520 2511 2590 μὲν
2540 2518 2652 2589 γὰρ
2681 2518 2865 2586 λέγει·
2913 2536 2931 2567 ι
2959 2517 3020 2569 El
3044 2515 3101 2569 δὲ
3135 2517 3169 2585 ἡ
3205 2513 3450 2568 διακονία
3475 2512 3571 2566 τοῦ
3603 2511 3842 2567 θανάτου

2245 2613 2304 2665 ὲν
2328 2611 2671 2683 γράμμασιν,
2698 2607 3117 2678 ἐντετυπωμένη
3147 2606 3336 2669 λίθοις,
3359 2604 3591 2674 ἐγενήθη
3608 2606 3665 2656 ἐν
3688 2602 3842 2674 δόξῃ.

2246 2703 2389 2758 ὥστε
2427 2703 2502 2775 μὴ
2524 2701 2783 2756 δύνασθαι
2818 2700 3061 2754 ἀτενίσαι
3082 2700 3208 2761 τοὺς
3238 2697 3388 2760 υἱοὺς
3426 2694 3646 2767 Ἰσραὴλ
3669 2698 3749 2758 είς
3774 2693 3842 2747 τὸ

2247 2794 2538 2867 πρόσωπον
2568 2793 2849 2858 Μωῦσέως
2880 2791 2970 2846 διὰ
2991 2791 3091 2862 τὴν
3119 2788 3278 2855 δόξαν
3305 2786 3399 2841 τοῦ
3431 2786 3723 2859 προσώπου
3746 2785 3840 2855 αὖ·

2244 2888 2340 2943 τοῦ
2371 2888 2470 2960 τὴν
2505 2885 2983 2960 καταργουμένην,
3018 2884 3137 2948 πιῖυς
3184 2882 3307 2954 οὐχὶ
3357 2881 3557 2953 μᾶλλον
3591 2882 3625 2952 ἡ
3657 2880 3846 2935 διακο-

2246 2982 2334 3035 νία
2355 2980 2453 3035 τοῦ
2482 2980 2798 3053 Πνεύματος
2826 2980 2980 3035 ἔσται
3001 2981 3058 3033 ὲν
3077 2977 3237 3050 δόξῃ;
3265 2978 3328 3032 El
3357 2976 3467 3049 γὰρ
3494 2977 3561 3050 τῇ
3589 2974 3847 3046 διακονίᾳ

2244 3074 2346 3145 τῆς
2378 3074 2759 3145 κατακρίσεως
2811 3071 2959 3139 δόξα,
3008 3070 3186 3141 πολλῷ
3215 3069 3414 3142 μᾶλλον
3457 3063 3773 3141 περισσεΰει
3803 3065 3842 3139 ἡ

556 3157 663 3213 erit
719 3157 774 3212 in
829 3155 1049 3228 gloria?
1097 3153 1233 3208 Nam
1282 3155 1325 3209 si
1374 3154 1779 3209 administratio
1812 3157 2142 3212 condemna-

2243 3166 2487 3221 διακονία
2512 3165 2614 3236 τῆς
2642 3164 2991 3236 δικαιοσύνης
3016 3166 3073 3219 ὲν
3098 3162 3226 3236 δόξῃ
3247 3180 3259 3193 ·
3290 3162 3511 3233 καὶγὰρ
3539 3162 3601 3215 οὐ
3628 3160 3841 3225 δεδόξα-

557 3249 723 3305 tionis
749 3250 918 3319 gloria
952 3257 1059 3311 est,
1086 3248 1256 3301 multo
1287 3246 1459 3316 magis
1490 3247 1713 3301 excellit
1736 3249 2142 3305 administratio

2250 3275 2373 3313 σται
2397 3258 2459 3311 τὸ
2493 3256 2880 3327 δεδοξασμένον
2927 3258 2985 3311 ὲν
3014 3255 3189 3326 τούτῳ
3216 3255 3294 3326 τῷ
3331 3254 3487 3326 μέρει
3516 3253 3702 3307 ἕνεκεν
3736 3251 3839 3321 τῆς

555 3341 783 3411 iustitia:
830 3342 883 3396 in
914 3340 1126 3411 gloria:
1162 3338 1605 3410 quandoquidem
1656 3354 1726 3395 ne
1775 3341 2139 3410 glorificatum

2245 3347 2692 3420 ὑπερϐαλλούσης
2736 3347 2929 3419 δόξης·
2962 3348 3009 3400 εί
3042 3347 3151 3418 γὰρ
3187 3347 3247 3401 τὸ
3280 3344 3722 3415 καταργούμενον
3750 3342 3842 3396 διὰ

557 3436 776 3506 quidem
804 3444 910 3500 εει,
941 3431 1084 3503 quod
1113 3432 1309 3487 claruit
1339 3432 1393 3484 in
1422 3429 1525 3485 bac
1547 3442 1723 3501 parte,
1750 3441 1974 3504 propter
2005 3435 2143 3490 emi-

2246 3440 2428 3510 δόξης,
2463 3438 2644 3510 πολλῷ
2677 3439 2878 3510 μᾶλλον
2909 3439 2972 3492 τὸ
3015 3440 3174 3509 μένον
3220 3439 3279 3491 ὲν
3308 3437 3436 3510 δόξῃ
3463 3453 3476 3467 ·
3510 3456 3529 3489 ι
3563 3437 3700 3489 ὅπου
3736 3434 3835 3489 δέ·

557 3535 776 3583 nentem
802 3524 1033 3596 gloriam
1063 3541 1079 3578 :
1122 3524 1168 3580 si
1203 3523 1349 3579 enim
1385 3524 1529 3593 quod
1566 3522 1840 3592 aboletur,
1884 3525 1939 3578 in
1968 3525 2140 3595 gloria

2250 3551 2267 3584 ι
2292 3534 2481 3604 Ἡμεῖς
2527 3533 2583 3586 δὲ
2615 3532 2837 3596 πάντες,
2871 3530 3378 3603 ἀνακεκαλυμμένῳ
3421 3527 3706 3601 προσώπῳ
3736 3526 3837 3599 τὴν

558 3619 683 3686 fuit,
731 3617 908 3672 multo
952 3616 1127 3688 magis
1153 3616 1207 3671 id
1231 3616 1378 3687 quod
1418 3624 1627 3682 manet,
1673 3623 1761 3669 est
1790 3615 1844 3670 in
1888 3617 2083 3687 gloria.
2114 3634 2136 3670 ι

559 3711 699 3766 Alibi
730 3724 870 3766 vero
886 3710 969 3765 ":
1006 3727 1025 3761 ι
1062 3712 1134 3764 At
1161 3725 1260 3766 nos
1287 3725 1481 3766 omnes
1508 3717 1711 3763 retecta
1740 3707 1879 3764 facie
1908 3710 2139 3781 gloriam

558 3800 771 3857 Domini
799 3802 852 3855 in
883 3800 1103 3871 speculo
1131 3809 1604 3872 repraesentantes,
1632 3801 1699 3854 ad
1729 3800 1976 3855 eamdem
2008 3800 2142 3855 ima-

458 3910 461 3915 ·
556 3894 738 3963 ginem
773 3891 1227 3947 transformamur
1257 3906 1288 3946 a
1320 3890 1491 3960 gloria
1520 3890 1573 3945 in
1603 3892 1856 3960 gloriam,
1881 3899 2138 3962 tauquam

559 3999 589 4039 a
615 3983 830 4039 Domini
848 3982 1109 4051 Spiritu.»
1132 3982 1474 4051 Rursumque
1499 3990 1621 4050 post
1638 3995 1813 4051 pauca
1835 3981 1915 4036 τις
1941 4001 1960 4033 ι
1985 3981 2139 4050 Quod

556 4079 601 4132 si
631 4077 810 4132 adhuc
835 4076 1073 4131 velatum
1103 4084 1189 4131 est
1218 4074 1571 4145 Evangelinm
1608 4082 1853 4130 nostrum
1887 4091 1903 4129 :
1945 4075 2002 4130 in
2054 4076 2141 4131 bis

559 4170 797 4224 velatum
828 4178 911 4224 est
941 4169 1033 4238 qui
1066 4176 1333 4239 pereunt:
1366 4166 1420 4222 in
1447 4167 1646 4236 quibus
1672 4166 1819 4222 Deus
1843 4165 2002 4234 hujus
2035 4181 2139 4222 sa:-

558 4263 667 4317 enli
704 4261 999 4318 excaecavit
1028 4275 1221 4315 sensus
1248 4260 1679 4324 incredulorum,
1709 4274 1775 4315 ne
1803 4259 2143 4315 illucesceret

558 4354 669 4410 illis
709 4352 1041 4409 illnminatio
1071 4351 1352 4422 Evangelii
1394 4350 1577 4423 gloriae
1626 4350 1857 4417 Christi,
1911 4351 2003 4421 qui
2051 4359 2138 4406 est

560 4446 737 4515 imago
772 4443 896 4508 Dei;
925 4461 945 4495 ι
984 4452 1039 4497 et
1077 4442 1276 4496 iterum
1324 4451 1449 4513 post
1482 4456 1650 4511 pauca
1675 4440 1764 4494 7':
1815 4459 1834 4492 ι
1873 4439 2135 4508 Quoniam

2242 3625 2399 3692 δόξαν
2426 3625 2632 3695 Κυρίου
2658 3622 3165 3695 κατοπτριζόμενοι,
3194 3622 3295 3693 τὴν
3324 3621 3496 3692 αὐτὴν
3525 3620 3712 3674 εἰκόνα
3741 3635 3839 3690 με-

2242 3715 2671 3788 ταμορφούμεθα
2718 3716 2829 3769 ἀπὸ
2873 3714 3033 3786 δόξης
3080 3716 3163 3777 είς
3207 3712 3386 3779 δόξαν,
3439 3712 3694 3783 καθάπερ
3726 3710 3838 3764 ἀπὸ
3906 3745 3919 3754 .

2242 3809 2452 3881 Κυρίου
2484 3808 2802 3878 Πνεῦματος
2822 3825 2836 3838 ·
2864 3826 2884 3859 ι
2931 3808 3025 3861 καὶ
3056 3806 3219 3860 πάλιν
3254 3805 3372 3876 μετ’
3403 3804 3562 3872 ὀλίγα
3586 3820 3600 3833 ·
3643 3822 3663 3855 ι
3687 3804 3751 3856 El
3777 3802 3836 3856 δὲ

2240 3901 2335 3954 καὶ
2365 3899 2482 3954 ἔστι
2504 3900 2920 3971 κεκαλυμμένον
2962 3898 3023 3953 τὸ
3058 3898 3390 3967 Εὑαγγέλιον
3421 3897 3601 3969 ἡμῶν,
3632 3898 3691 3950 ὲν
3721 3899 3835 3959 τοῖς

2239 3990 2632 4063 ἀπολλυμένοις
2675 3994 2793 4046 ἐστὶ.
2825 3991 3237 4063 κεκαλυμμένον
3256 4008 3271 4021 ·
3308 3993 3366 4063 ὲν
3404 3987 3487 4055 οἷς
3516 3990 3545 4041 ὀ
3572 3989 3706 4053 Θεὸς
3735 3987 3833 4042 τοῦ

2239 4082 2436 4146 αἰῶνος
2479 4083 2669 4136 τούτου
2720 4083 2999 4152 ἐτύφλωσε
3038 4083 3107 4137 τὰ
3133 4084 3383 4153 νοήματα
3425 4082 3536 4134 τῶν
3563 4081 3835 4142 ἀπίστων,

2238 4173 2319 4236 είς
2346 4174 2408 4226 τὸ
2442 4175 2517 4244 μὴ
2552 4175 2896 4243 καταυγάσαι
2942 4175 3031 4228 τὸν
3064 4174 3343 4244 φωτισμὸν
3370 4172 3465 4226 τοῦ
3496 4170 3830 4240 Εὑαγγελίου

2237 4262 2338 4333 τῆς
2364 4263 2524 4336 δόξης
2564 4266 2659 4320 τοῦ
2705 4267 2968 4337 Χριστοῦ,
3012 4267 3071 4330 ὃς
3104 4269 3253 4320 ἐστιν
3276 4265 3439 4319 εἰκὼν
3477 4264 3572 4317 τοῦ
3604 4263 3741 4316 Θεοῦ
3763 4282 3776 4295 ·
3804 4284 3824 4317 ι

2237 4359 2333 4413 καὶ
2367 4359 2529 4413 πάλιν
2562 4359 2680 4429 μετ’
2708 4358 2894 4427 ὀλίγα·
2937 4378 2956 4410 ι
2991 4360 3111 4412 Ὅτι
3142 4360 3170 4411 ὁ
3198 4357 3332 4420 Θεὸς
3356 4359 3385 4409 6
3412 4356 3580 4409 είπὼν
3613 4358 3678 4410 ὲκ
3708 4357 3833 4411 σκό-

2235 4465 2363 4511 τους
2393 4448 2512 4517 φῶς
2544 4447 2776 4519 λάμψαι,
2809 4448 2868 4510 ὃς
2901 4446 3141 4518 ἔλαμψεν
3165 4449 3224 4501 ὲν
3250 4449 3370 4508 ταῖς
3391 4438 3642 4519 καρδίαις
3656 4445 3830 4517 ,ἡμῶν

560 4536 727 4601 Deus,
776 4535 865 4606 qui
909 4533 1070 4603 jussit
1098 4535 1396 4589 etencbris
1425 4532 1597 4588 lucem
1629 4531 1967 4598 illucescere,
2022 4533 2138 4602 ipse

2246 4540 2383 4611 πρὸς
2415 4542 2696 4612 φωτισμὸν
2724 4540 2823 4611 τῆς
2850 4540 3105 4610 γνώσεως
3133 4541 3233 4610 τῆς
3259 4538 3417 4610 δόξης
3450 4539 3546 4592 τοῦ
3578 4539 3736 4601 Θεοῦ,
3770 4540 3832 4592 ὲν

558 4630 695 4685 luxit
724 4629 778 4684 in
811 4627 1067 4683 cordibus
1112 4629 1314 4684 nostris
1341 4629 1407 4681 ad
1451 4623 1909 4680 illuminationem
1951 4624 2138 4695 cogni-

561 4724 724 4778 tionis
751 4722 938 4793 glorize
983 4721 1101 4788 Dei,
1145 4721 1198 4774 in
1243 4717 1384 4774 facie
1421 4717 1551 4773 Jesu
1583 4716 1844 4772 Christi.»
1898 4714 2137 4782 Quorum

560 4816 774 4886 singula
810 4813 1059 4884 quamvis
1093 4820 1350 4867 accurate
1386 4823 1530 4864 nunc
1573 4822 1835 4866 enarrare
1873 4823 1982 4863 non
2042 4822 2140 4878 po-

559 4906 722 4963 stulet
758 4902 1035 4976 proposita
1062 4903 1337 4957 enarratio
1382 4910 1562 4956 textus
1588 4899 1907 4970 evangelici,
1954 4908 2134 4954 tamen

559 4999 744 5067 paucis
771 4997 889 5051 haec
918 4996 1145 5052 dicenda
1175 5002 1326 5049 sunt.
1358 4991 1630 5060 Quantum
1659 4994 1725 5048 ad
1769 5006 1989 5047 sensum
2036 4992 2136 5046 lm-

560 5087 744 5143 milem
770 5096 825 5143 et
850 5086 1188 5157 corporalem
1218 5086 1431 5151 attinet,
1466 5082 1697 5139 divinior
1732 5084 1982 5153 quaadam
2017 5098 2135 5138 ma—

2244 4632 2523 4705 προσώπῳ
2567 4630 2739 4705 Ἰησοῦ
2790 4630 3093 4702 Χριστοῦ.»
3167 4632 3439 4685 Ἕκαστον
3505 4630 3564 4684 δὲ
3623 4630 3830 4683 τούτων

2243 4725 2485 4798 ἀκριϐῶς
2509 4725 2605 4780 νῦν
2651 4724 3015 4797 διηγήσασθαι
3046 4726 3147 4778 οὐκ
3173 4727 3397 4779 ἀπαιτεῖ
3427 4725 3461 4795 ή
3489 4723 3825 4795 προκειμένη

2249 4817 2343 4886 τῆς
2371 4814 2734 4885 εὑαγγελικῆς
2772 4814 2972 4882 λέξεως
2997 4816 3281 4887 διήγησις·
3313 4814 3453 4886 πλὴν
3478 4814 3554 4879 ὡς
3585 4815 3673 4867 διά
3695 4813 3831 4886 βρα-

2245 4907 2383 4979 χέων
2409 4906 2634 4960 τοιαῦτα
2680 4906 2898 4961 λεκτέον
2919 4923 2933 4938 ·
2985 4909 3147 4962 Ὅσον
3179 4907 3278 4978 μὲν
3310 4906 3452 4960 κατὰ
3487 4906 3549 4959 τὸ
3581 4922 3826 4976 σωματι⁶
3864 4916 3871 4929 ’

2244 5001 2338 5054 κὸν
2366 5000 2611 5072 θειοτέρα
2632 5017 2716 5063 τις
2742 5000 2963 5069 γέγονεν
2992 4999 3284 5068 ἐπιφάνεια
3317 4999 3375 5050 ὲν
3410 5000 3477 5070 τῇ
3508 4999 3704 5068 σκηνῇ,
3732 4998 3827 5051 καὶ

2243 5093 2302 5146 έν
2343 5092 2423 5163 τῷ
2448 5091 2561 5163 ναῷ
2592 5090 3007 5155 συντελεσθεῖσι,
3052 5091 3146 5144 καὶ
3169 5093 3228 5143 ὲν
3254 5089 3335 5161 τῷ
3359 5089 3637 5162 προσώπῳ
3665 5092 3829 5144 Munii-

559 5180 841 5241 nifestatio
870 5182 922 5235 in
953 5181 1209 5248 tentorio,
1253 5190 1309 5234 et
1355 5179 1409 5234 in
1452 5177 1654 5247 templo
1690 5178 1963 5246 completo
1992 5176 2135 5232 facta

2246 5182 2381 5245 σέως
2406 5184 2472 5253 τῇ
2517 5181 2640 5254 θείᾳ
2668 5180 2827 5251 φύσει
2874 5181 3236 5252 ὁμιλήσαντος
3259 5198 3272 5211 ·
3321 5181 3444 5234 ὅσον
3472 5180 3531 5233 δὲ
3558 5179 3702 5234 κατὰ
3727 5179 3828 5251 τὴν

528 5317 540 5330 .
561 5273 688 5341 fuit,
711 5284 767 5329 et
791 5274 848 5330 in
873 5273 1013 5328 facie
1046 5272 1267 5343 Moysis,
1293 5273 1533 5341 quicum
1558 5271 1740 5325 divina
1772 5280 1966 5324 natura
2004 5284 2137 5324 con-

2243 5275 2531 5345 ἀναγωγὴν
2557 5273 2628 5326 τὰ
2677 5275 2805 5345 περὶ
2832 5272 2967 5326 Θεοῦ
3015 5272 3260 5344 ἀκριϐῶς
3298 5273 3698 5344 γινωσκόμενα,
3731 5272 3828 5326 καὶ

560 5376 813 5421 versatus
841 5364 1052 5429 fuerat,
1084 5372 1347 5434 quantum
1379 5378 1515 5419 vero
1540 5362 1606 5416 ad
1632 5376 1934 5430 anagogen,
1963 5368 2018 5414 et
2058 5359 2138 5413 al-

2243 5361 2318 5433 τῷ
2346 5364 2640 5435 ἐπιτηδείῳ
2673 5363 2730 5417 δὲ
2753 5363 3056 5436 ὑπερϐολὴν
3082 5365 3453 5437 καθαρότητος
3488 5365 3561 5437 νῷ
3593 5365 3830 5439 θεωρού-

561 5456 757 5512 liorem
777 5455 1213 5526 intelligentiam,
1241 5469 1305 5509 ea
1327 5469 1447 5525 quae
1470 5454 1534 5510 de
1556 5455 1668 5509 Deo
1690 5462 1942 5508 accurate
1972 5467 2139 5523 agno-

2247 5470 2403 5524 μενα,
2437 5455 2564 5521 δόξα
2588 5456 2656 5511 ἂν
2680 5456 2891 5527 λέγοιτο
2914 5454 3054 5514 εἶναι
3085 5458 3220 5513 Θεοῦ
3241 5459 3495 5529 ὀφθεῖσα·
3530 5460 3652 5514 ἐπεὶ
3673 5463 3703 5514 ὀ
3729 5477 3827 5515 κε-

631 5592 878 5668 “_Exod.
907 5593 1126 5668 xc,
1146 5594 1248 5668 331
1313 5592 1609 5668 °’__lll_R§g.
1649 5608 1783 5668 vttt,_
1805 5591 1892 5668 ιο,
1923 5591 2011 5668 η.
2037 5591 2143 5668 __'f°_

2243 5594 2331 5651 od.
2365 5612 2552 5667 xxxiv,
2582 5560 2689 5665 D9,
2714 5596 2804 5653 '50.
2879 5598 2922 5630 “
2946 5597 3081 5655 Luc.
3110 5614 3187 5666 ts,
3209 5597 3302 5665 29,
3335 5613 3453 5668 seq.
3549 5599 3594 5631 ἠ
3627 5599 3667 5652 ιι
3696 5598 3827 5654 Cor.

561 5676 645 5725 ιιι,
674 5662 731 5729 7‘,
760 5679 878 5732 seq.
952 5664 1154 5721 "ibid.
1186 5665 1275 5723 18.
1352 5664 1398 5696 ⁷⁸
1431 5664 1473 5719 ll
1501 5661 1626 5720 cor.
1651 5679 1726 5729 tv,
1751 5663 1806 5729 5,
1830 5662 1888 5719 4.
1965 5662 2010 5693 ⁷⁸
2035 5661 2167 5718 ibid.
2203 5666 2257 5717 6.

632 5775 745 5848 ('50)
779 5775 1003 5849 Vulgata
1025 5777 1234 5850 Grzcca,
1262 5781 1480 5853 στήκειν
1514 5779 1866 5849 λειτουργεῖν.
