4182 6360
380 321 476 363 81]

1367 304 1726 359 CUMMILN'I‘.
1768 304 1830 355 ΙΝ
1872 302 2063 356 JOAN.
2108 300 2346 356 TOl‘lUS
2383 301 2599 356 XXXII.

3536 299 3641 356 8l8

308 449 316 489 ;
382 419 741 492 καθαρμένος,
775 417 867 470 καὶ
899 415 1248 488 ὑπεραναϐάς
1297 413 1474 466 πάντα
1507 411 1666 465 ύλικὰ
1695 409 1839 472 νοῦς,
1870 409 1958 462 ἵνα

2067 421 2302 477 scuntur,
2327 426 2554 480 quaeque
2575 409 2690 465 acie
2721 409 2918 465 mentis
2941 409 3316 479 dispiciuntur,
3352 421 3476 482 apte
3517 428 3646 482 pro-

381 511 664 585 ἀκριϐώσῃ
685 510 783 580 τὴν
823 508 1055 580 θεωρίαν
1085 506 1179 560 τοῦ
1211 505 1368 568 Θεοῦ,
1403 507 1461 558 ἐν
1487 500 1568 567 οἷς
1597 503 1813 574 θεωρεῖ,
1843 500 1960 554 θεο-

382 606 642 672 ποιεῖται·
691 601 910 654 λεκτέον
955 600 1201 654 τοιοῦτον
1254 596 1391 652 εἶναι
1444 599 1504 652 τὸ
1555 596 1869 664 δεδοξάσθαι
1901 595 1962 650 τὸ

380 693 668 765 πρόσωπον
699 691 794 744 τοῦ
825 691 1198 764 θεωρήσαντος
1243 690 1336 742 τὸν
1372 689 1524 752 Θεὸν,
1553 690 1644 742 καὶ
1671 691 1964 763 όμιλήσαν..

379 803 471 851 τος
502 783 668 855 αὐτῷ,
698 786 792 838 καὶ
817 784 1292 855 συνδιατρίψαντος
1319 781 1540 855 τοιαύτῃ
1582 783 1700 855 θέᾳ,
1729 785 1805 848 ὡς
1835 786 1961 839 τοῦ·

383 894 439 931 το
467 873 605 932 εἶναι
629 877 907 948 τροπικῶς
947 876 1009 930 τὸ
1053 874 1438 946 δεδοξασμένον
1479 875 1770 946 πρόσωπον
1799 878 1962 930 Μωῦο

380 969 540 1034 σέως,
583 969 992 1038 θεοποιηθέντος
1032 967 1180 1037 αύτῷ
1213 966 1306 1020 τοῦ
1355 965 1466 1019 νοῦ.
1516 967 1675 1020 Κατὰ
1719 967 1877 1020 τοῦτο
1906 969 1963 1021 δὲ

379 1061 477 1115 καὶ
508 1059 537 1110 6
586 1057 904 1120 Ἀπόστολος
931 1057 1082 1126 ἔλεγε
1115 1057 1179 1109 τό
1197 1073 1210 1085 ⁸
1241 1075 1260 1108 ‹
1283 1057 1476 1126 Ἡμεῖς
1502 1056 1557 1108 δὲ
1588 1057 1809 1121 πάντες,
1837 1059 1965 1111 ἀνα-

379 1147 784 1219 κεκαλυμμένῳ
813 1145 1090 1218 προσώπῳ
1120 1145 1216 1218 τὴν
1248 1145 1404 1210 δόξαν
1438 1146 1644 1216 Κυρίου
1679 1164 1967 1219 κατοπτρι-

379 1239 616 1310 ζόμενοι,
652 1239 751 1311 τὴν
789 1237 959 1308 αὐτὴν
996 1236 1183 1289 εἰκόνα
1230 1237 1749 1307 μεταμορφούμεθα.
1778 1255 1796 1288 ι
1837 1237 1966 1290 ’Ὠσ-

378 1349 486 1403 περ
516 1330 573 1384 δέ
603 1333 635 1400 ἡ
687 1329 780 1383 τοῦ
825 1328 1138 1400 νυκτερινοῦ
1171 1328 1348 1398 φωτὸς
1401 1329 1723 1400 λαμπρότης
1755 1329 1968 1383 ἀνατεί-

379 1423 572 1486 λαντος
594 1422 688 1476 τοῦ
720 1423 872 1494 ἡλίου
907 1421 1276 1492 ἀμαυροῦται,
1307 1419 1452 1474 οὓτω
1481 1422 1514 1491 ὴ
1549 1419 1654 1472 ὑπὸ
1686 1419 1967 1484 Μωῦσέως

375 1513 503 1579 δόξα
537 1514 643 1568 ὑπὸ
675 1516 774 1585 τῆς
801 1517 859 1567 ἐν
887 1513 1110 1585 Χριστῷ
1129 1530 1142 1544 °
1177 1513 1463 1585 σύγκρισιν
1487 1512 1596 1584 γὰρ
1623 1512 1724 1566 οὐκ
1755 1506 1900 1582 εἶχεν
1931 1514 1966 1584 ἡ

377 1609 438 1661 ἐν
478 1606 698 1678 Χριστῷ
745 1605 986 1677 ὑπεροχὴ
1022 1605 1088 1676 ἢν
1131 1603 1412 1674 γινώσκων
1447 1604 1560 1674 (51)
1609 1603 1700 1658 τὸν
1748 1603 1967 1674 Πατέρα

377 1695 599 1762 ἐδόξασε
629 1697 759 1767 περὶ
788 1694 953 1749 αὑτοῦ
973 1696 1108 1765 πρὸς
1139 1694 1207 1748 τὰ
1253 1694 1359 1748 ὑπὸ
1387 1693 1665 1756 Μωῦσέως
1697 1692 1966 1760 γνωσθέν-

2062 511 2182 570 pter
2207 501 2587 557 excellentiam
2622 502 2875 571 puritatis
2919 503 3169 558 dicentur
3195 517 3318 559 esse
3343 504 3510 574 gloria
3549 505 3640 557 Dei

2063 601 2378 659 conspecta,
2413 590 2670 660 quoniam
2702 607 2854 645 tuens
2880 592 3254 657 muudilicata,
3283 601 3337 648 et
3369 608 3490 662 quae.
3525 607 3642 646 ma-

2066 681 2274 735 terialia
2305 693 2499 736 cuncta
2533 684 2951 745 transcenderit,
2986 695 3044 735 ut
3076 692 3330 737 accurate
3362 684 3642 738 intueatur

2063 773 2325 828 visionem
2353 773 2467 836 Dei,
2489 775 2558 828 ob
2578 791 2639 828 ea
2669 789 2788 842 quae
2809 775 3069 838 intuetur,
3100 775 3404 832 deificatur.
3442 776 3637 832 Dicen-

2064 866 2190 920 dum
2217 873 2302 920 est
2326 866 2488 920 etiam
2517 866 2777 936 ejusmodi
2810 880 2932 921 esse
2963 866 3252 938 gloriﬁcari
3281 867 3475 922 faciem
3523 868 3640 938 ejus

2064 958 2156 1027 qui
2196 957 2364 1012 Deum
2394 958 2622 1012 intuitus
2651 957 2834 1023 fuerit,
2862 968 2916 1012 et
2948 973 3071 1014 cum
3115 961 3232 1029 ipso
3265 969 3635 1023 conversatus,

2065 1050 2267 1119 quique
2314 1065 2437 1104 cum
2474 1049 2778 1117 huiusmodi
2808 1052 3019 1106 visione
3052 1052 3504 1107 consuetudinem
3536 1054 3638 1107 ha-

2067 1139 2266 1201 buerit,
2314 1149 2374 1193 ut
2415 1141 2620 1210 tropice
2667 1140 2966 1211 glorificata
3022 1140 3186 1197 fuisse
3225 1141 3424 1213 Moysis
3471 1143 3640 1199 facies

2069 1231 2425 1302 intelligatur,
2453 1234 2578 1301 quia
2599 1248 2748 1287 mens
2769 1233 2914 1288 illius
2943 1234 3192 1288 deificata
3217 1233 3398 1290 fuerit.
3421 1235 3478 1291 In
3503 1235 3642 1290 hanc

2066 1324 2390 1377 sententiam
2415 1324 2709 1392 Apostolus
2737 1340 2951 1394 quoque
2978 1326 3192 1381 dicebat
3213 1326 3300 1382 τοι
3343 1344 3361 1379 ι
3390 1325 3498 1382 Nos
3542 1343 3641 1382 au-

2069 1425 2175 1470 tem
2209 1431 2397 1471 omnes
2429 1425 2628 1469 retecta
2659 1417 2796 1470 facie
2827 1417 3056 1486 gloriam
3084 1419 3298 1472 Domini
3333 1420 3388 1474 in
3418 1420 3642 1489 speculo

2067 1517 2542 1578 repraesentantes,
2581 1509 2647 1562 ad
2675 1510 2920 1562 eamdem
2954 1509 3242 1579 imaginem
3287 1511 3644 1568 transforma-

2066 1617 2243 1656 mur.»
2282 1599 2352 1656 Ut
2379 1610 2558 1656 autem
2595 1611 2874 1656 nocturna:
2902 1601 3036 1656 lucis
3076 1603 3334 1670 splendor
3363 1605 3644 1659 exoriente

2067 1694 2184 1750 sole
2218 1693 2536 1756 oﬂ'uscatur,
2569 1694 2648 1746 sic
2675 1692 2874 1763 Moysis
2897 1693 3086 1763 gloriae
3119 1695 3369 1749 tenebras
3413 1694 3644 1750 offundit

376 1807 466 1854 τα,
501 1790 596 1842 καὶ
644 1788 942 1853 δοξάσαντα
976 1785 1034 1839 τὸ
1079 1787 1369 1858 πρόσωπον
1412 1785 1511 1854 τῆς
1542 1784 1721 1855 ψυχῆς
1767 1779 1928 1839 αὑτοῦ
1950 1799 1962 1814 ’

2068 1786 2239 1856 gloria
2290 1799 2412 1854 quze
2458 1795 2548 1839 est
2585 1785 2636 1838 in
2669 1784 2922 1840 Christo;
2953 1784 3120 1856 449
3154 1800 3273 1838 cum
3312 1786 3510 1850 alioqui
3551 1801 3645 1841 ex-

374 1883 456 1937 διὸ
486 1881 904 1954 καταργουμένη
935 1879 1150 1951 εἴρηται
1189 1881 1222 1949 ἡ
1274 1878 1368 1931 ἐπὶ
1399 1878 1676 1941 Μωῦσέως
1703 1875 1830 1944 δόξα
1856 1875 1964 1928 ἀπὸ

375 1977 477 2048 τῆς
509 1972 960 2046 ὑπερϐαλλούσης
987 1976 1046 2026 ἐν
1076 1971 1296 2044 Χριστῷ
1327 1969 1506 2041 δόξης.

2070 1877 2320 1934 cellentia
2357 1891 2480 1947 quae
2527 1885 2611 1930 est
2660 1876 2712 1930 in
2745 1876 2963 1930 Christo
3013 1876 3476 1942 comparationem
3534 1893 3644 1931 non

2073 1970 2293 2034 habeat,
2323 1984 2428 2037 qua
2455 1982 2758 2038 agnoscens
2787 1966 3007 2022 Patrem
3049 1967 3318 2032 Christus,
3354 1969 3510 2038 longe
3537 1985 3645 2023 ma-
3715 2002 3727 2015 ο

378 2069 460 2138 gis
487 2069 821 2140 glorificatus
849 2068 950 2122 fuit
979 2083 1140 2136 quam
1177 2067 1342 2120 fuerit
1371 2067 1582 2137 Moyses
1633 2080 1701 2120 ex
1755 2065 1840 2120 his
1875 2079 1995 2134 qua:
2041 2078 2070 2117 a
2115 2079 2176 2119 se
2206 2066 2421 2134 cognita
2473 2064 2649 2128 fuere,
2695 2071 2750 2117 et
2804 2079 2924 2133 qua:
2961 2064 3406 2134 glorificaverunt
3453 2064 3642 2119 faciem

377 2165 574 2219 animae
602 2165 744 2231 ejus.
773 2164 979 2218 Idcirco
1005 2162 1177 2233 gloria
1203 2165 1254 2217 in
1293 2163 1476 2233 Moyse
1495 2162 1766 2216 exsistens
1803 2161 1945 2214 dicta
1969 2169 2054 2214 est
2083 2160 2291 2214 destrui
2324 2175 2352 2212 a
2381 2159 2804 2227 supereminenti
2830 2159 3001 2227 gloria
3033 2174 3154 2228 qua:
3191 2170 3273 2214 est
3305 2159 3360 2213 in
3402 2158 3642 2215 Christo.

449 2257 535 2312 18.
572 2257 790 2310 Τούτων
829 2256 894 2326 δὴ
926 2256 1086 2326 ἡμῶν
1147 2255 1291 2308 κατὰ
1335 2254 1564 2325 δύναμιν
1594 2256 1652 2308 ὲν
1685 2253 1964 2326 βραχέσιν,

378 2348 458 2410 εἰς
479 2346 516 2400 ἃ.
549 2346 916 2417 παρεθέμεθα,
945 2346 1304 2417 λελεγμένων,
1338 2344 1718 2414 ἐπανέλθωμεν
1747 2345 1840 2398 ἐπὶ
1871 2345 1963 2397 τόο

363 2428 404 2488 ἰ
433 2436 545 2488 Νῦν
569 2436 827 2508 ἐδοξάσθη
855 2438 884 2489 6
912 2436 1042 2501 Υἱὸς
1065 2436 1160 2490 τοῦ
1187 2435 1497 2507 ἀνθρώπου,
1529 2435 1624 2487 καὶ
1646 2435 1674 2486 6
1701 2433 1834 2497 Θεὸς
1853 2433 1965 2486 ἐδο-

381 2528 550 2600 ξάσθη
583 2531 641 2582 ἐν
674 2529 843 2600 αὐτῷ.
875 2549 894 2580 ι
944 2527 1208 2582 Γινώσκει
1256 2525 1350 2581 οὖν
1382 2527 1474 2580 τὸν
1510 2525 1732 2596 Πατέρα
1755 2527 1785 2578 6
1815 2525 1965 2588 Υἱὸς,

378 2620 528 2691 αὑτῴ
557 2620 636 2691 τῷ
657 2619 946 2689 γινώσκειν
987 2621 1148 2674 αὐτὸν
1175 2620 1287 2673 ὄντι
1342 2619 1584 2689 μεγίστῳ
1620 2616 1833 2688 ἀγαθῷ,
1871 2617 1965 2671 καὶ

376 2713 561 2767 ὁποῖον
589 2711 654 2766 ἂν
685 2715 714 2766 6
745 2713 838 2766 ἐπὶ
865 2712 1076 2766 τελείαν
1104 2712 1304 2781 γνῶσιν
1342 2709 1438 2774 ὢν,
1469 2711 1534 2780 ἢν
1567 2709 1823 2778 γινώσκει
1851 2709 1962 2780 (52)

378 2807 408 2858 6
444 2805 571 2868 Υἱὸς
595 2804 686 2857 τὸν
709 2803 950 2872 Πατέρα,
984 2801 1241 2873 ἐδοξάσθη
1262 2818 1277 2831 ⁸
1307 2796 1480 2871 οἶμαι,
1512 2801 1616 2864 ὅτι,
1648 2801 1742 2854 καὶ
1773 2799 1964 2854 ἑαυτὸν

379 2893 682 2964 γινώσκων,
713 2894 872 2964 (ὅπερ
900 2895 995 2947 καὶ
1023 2893 1156 2946 αὐτὸ
1180 2894 1243 2946 οὐ
1269 2891 1486 2964 μακρὰν
1517 2891 1706 2945 ἀποδεί
1740 2891 1847 2961 (55)
1870 2889 1964 2943 τοῦ

2145 2252 2234 2306 18.
2265 2251 2464 2306 Verum
2497 2251 2776 2305 enimvero
2810 2265 2933 2304 cunt
2969 2253 3084 2305 haec
3125 2266 3222 2318 pro
3271 2250 3410 2303 virili
3459 2251 3645 2318 paucis

2069 2343 2490 2401 disseruerimus
2525 2343 2702 2397 dehis
2739 2358 2860 2406 quae
2911 2342 2964 2394 in
3015 2343 3248 2396 medium
3301 2342 3644 2409 protulimus,

2072 2438 2358 2492 redeamus
2403 2436 2473 2490 ad
2521 2435 2691 2489 illud:
2753 2453 2773 2485 ι
2808 2434 2960 2488 Nunc
3003 2434 3340 2504 glorificatus
3372 2443 3455 2489 est
3480 2433 3646 2488 Filius

2070 2529 2332 2593 hominis,
2349 2537 2404 2584 et
2423 2529 2564 2583 Deus
2582 2527 2916 2598 glorificatus
2942 2535 3024 2581 est
3046 2540 3142 2596 per
3165 2527 3338 2595 ipsum
3359 2525 3427 2576 τ’.
3442 2526 3647 2593 »Αεῐιο-

2072 2637 2231 2676 scens
2254 2621 2472 2675 Patrem
2503 2620 2674 2676 Filius
2703 2620 3042 2691 glorificatus
3059 2629 3139 2674 est
3162 2619 3274 2688 ipsa
3306 2617 3484 2672 Patris
3502 2617 3645 2687 agni-

2073 2714 2242 2776 tione,
2279 2727 2399 2781 quae
2427 2722 2510 2768 est
2547 2713 2846 2767 maximum
2889 2714 3191 2775 bonum,ct
3231 2711 3338 2766 tale
3383 2720 3441 2764 ut
3481 2710 3647 2764 Filius

2073 2803 2411 2874 glorificetur
2455 2804 2508 2858 in
2559 2803 2800 2873 perfecta
2843 2804 3152 2874 c0gnitione
3190 2802 3480 2866 exsistens,
3541 2818 3647 2872 qua

2071 2897 2318 2965 agnoscit
2347 2894 2586 2950 Patrem.
2619 2895 2874 2950 Arbitror
2895 2909 3028 2950 vero
3049 2895 3214 2950 etiam
3242 2895 3387 2965 quod
3411 2897 3648 2968 seipsum

381 2985 697 3059 προτέρου,)
728 2984 988 3054 ἐδοξάσθη
1042 2987 1108 3038 ἐκ
1138 2983 1233 3037 τοῦ
1265 2983 1428 3038 αὑτὸν
1455 2982 1772 3051 ἐγνωκέναι.
1822 2983 1886 3034 Ei
1912 2981 1965 3034 δὲ

2070 3001 2374 3056 agnoscens
2409 2986 2553 3058 (qua:
2587 2987 2702 3055 ipsa
2729 3003 2815 3041 res
2846 3001 2951 3041 non
2974 2988 3160 3056 procul
3195 3002 3223 3040 a
3249 2989 3416 3058 priori
3449 2989 3646 3058 abest),

381 3075 476 3126 καὶ
503 3075 632 3144 περὶ
681 3073 790 3126 τῶν
821 3073 956 3127 ὅλων
989 3073 1191 3142 γνῶσις
1217 3073 1330 3143 (54)
1377 3071 1689 3146 συμπληροῖ
1716 3071 1779 3124 τὸ
1808 3072 1968 3143 μέγε-

379 3162 473 3228 θος
495 3165 596 3235 τῆς
628 3165 788 3236 δόξης
820 3165 1008 3232 αὐτοῦ,
1038 3167 1140 3219 ὅσα
1185 3165 1303 3218 ἐστὶ
1339 3164 1557 3236 κρυπτὰ
1609 3164 1704 3218 καὶ
1753 3164 1966 3235 ἐμφανῆ

378 3257 760 3326 γινώσκοντος,
795 3257 1082 3330 ζητήσεις⁸
1135 3257 1232 3311 καί¹
1276 3259 1485 3329 μήποτε
1516 3259 1627 3327 (55)
1670 3256 1827 3311 τοῦτό
1855 3260 1969 3312 ἐστι

378 3353 441 3402 τὸ
472 3345 613 3404 εἶναι
640 3351 957 3420 αὐτοσοφία,
1000 3350 1034 3422 ἢ
1069 3349 1146 3421 τῷ
1169 3349 1449 3420 λεγομένῳ
1479 3348 1715 3420 αὐτουιῷ
1751 3349 1846 3403 τοῦ
1875 3351 1968 3402 ἀν-

382 3441 603 3510 θρώπου
632 3443 694 3495 τὸ
713 3443 1028 3510 δεδοξάσθαι
1053 3445 1117 3496 ἐκ
1137 3442 1232 3496 τοῦ
1253 3441 1495 3514 ἡνῶσθαι
1517 3445 1584 3514 τῇ
1617 3443 1798 3514 σοφίᾳ..
1827 3442 1968 3495 Ταύ-

379 3531 482 3602 την
508 3533 564 3586 δέ
590 3536 767 3588 πᾶσαν
795 3537 894 3607 τὴν
922 3535 1102 3602 δόξαν,
1141 3537 1206 3607 ἢν
1239 3535 1499 3607 ἐδοξάσθη
1530 3538 1559 3589 ό
1593 3536 1720 3600 Υἱὸς
1750 3535 1846 3589 τοῦ
1875 3536 1970 3588 ἀν-

382 3622 626 3694 θρώπου,
660 3625 1043 3697 δωρησαμένου
1071 3626 1162 3679 τοῦ
1197 3627 1412 3699 Πατρὺς
1442 3625 1720 3698 ἐδοξάσθη.
1751 3625 1968 3680 Πολλῶν

381 3715 439 3771 δὲ
472 3716 643 3769 ὅντων
684 3717 792 3771 τῶν
826 3717 1289 3789 συμπληρούντων
1335 3717 1433 3789 τὴν
1474 3718 1631 3784 δόξαν
1658 3719 1841 3772 πᾶσαν
1873 3717 1966 3771 τοῦ

382 3807 692 3879 ἀνθρώπου,
721 3807 782 3861 τὸ
830 3810 949 3862 κατ’
994 3809 1184 3879 ἐξοχὴν
1238 3808 1442 3878 τούτων
1489 3810 1746 3863 ἁπάντων
1776 3810 1805 3861 6
1837 3810 1968 3872 Θεός

381 3901 550 3954 ἐστιν.
579 3900 657 3963 ὃς,
707 3899 783 3970 τῷ
810 3899 1168 3968 γινώσκεσθαι
1204 3903 1310 3954 ἀπὸ
1341 3903 1434 3955 τοῦ
1467 3902 1620 3966 Υίοῦ,
1654 3904 1752 3974 ούχ
1782 3903 1968 3966 ἁπλῶς

381 3992 500 4044 ἐστι
532 3990 908 4061 δοξαζόμενος,
957 3992 1069 4045 ἁλλ’
1099 3995 1158 4047 ἐν
1191 3993 1305 4064 Υίῷ
1332 3993 1683 4064 δοξαζόμενος
1706 4010 1720 4023 °
1773 3993 1896 4048 καθ’
1939 3993 1968 4046 ὃ

381 4083 476 4138 καὶ
503 4085 774 4156 τολμηρὸν
811 4087 932 4155 μὲν,
977 4085 1071 4139 καὶ
1121 4086 1303 4156 μεῖζον
1337 4085 1368 4156 ἣ
1404 4085 1525 4139 καθ’
1567 4087 1715 4156 ἡμᾶς
1760 4087 1877 4139 ἐστι
1905 4085 1968 4139 τὸ

381 4172 462 4235 εἰς
512 4171 754 4237 ἐξέτασιν
803 4175 1032 4237 ἑαυτοὺς
1078 4174 1355 4227 ἐπιδοῦναι
1401 4174 1720 4246 τηλικούτου
1769 4174 1963 4242 λόγου·

2067 3075 2399 3146 glorificatus
2427 3078 2516 3144 sit,
2542 3093 2607 3131 eo
2634 3079 2776 3147 quod
2809 3081 3044 3145 seipsum
3070 3080 3374 3149 agnoverit.
3413 3080 3492 3134 An
3516 3096 3648 3137 vero

2068 3169 2232 3222 etiam
2277 3169 2654 3223 universorum
2708 3170 2947 3240 cognitio
2998 3173 3421 3241 magnitudinem
3463 3172 3648 3244 gloriae

2070 3260 2238 3326 ipsius
2266 3261 2554 3328 compleat,
2579 3275 2698 3329 quae
2726 3271 2854 3314 sunt
2895 3263 3132 3326 occulta,
3183 3279 3414 3333 quicque
3457 3274 3646 3334 aperta

2067 3354 2470 3419 cognoscentis,
2508 3367 2740 3420 quzeres,
2770 3364 2824 3408 et
2847 3353 2970 3407 vide
2994 3367 3060 3407 ne
3088 3353 3231 3408 forte
3277 3355 3416 3408 hanc
3445 3355 3648 3425 glorifi-

2067 3441 2334 3496 cationetn
2365 3441 2533 3496 Filius
2560 3444 2795 3497 hominis
2822 3442 3042 3508 habeat,
3067 3444 3195 3512 quia
3229 3444 3413 3499 unitus
3445 3447 3516 3500 sit
3545 3445 3648 3500 Sa-

2069 3532 2289 3600 pientiae
2317 3549 2439 3587 cum
2489 3536 2602 3602 ipse
2642 3535 2715 3588 sit
2761 3535 3059 3604 αὑτοσοφία
3090 3537 3194 3600 vel,
3242 3546 3302 3589 ut
3333 3546 3526 3591 vocant
3552 3537 3647 3592 αὑ-

2068 3624 2249 3690 τουιός
2287 3623 2414 3696 [hoc
2465 3637 2548 3680 est
2606 3626 2882 3696 Sapientia
2919 3629 3054 3698 ipsa,
3113 3630 3194 3683 vel
3258 3625 3427 3682 Filius
3479 3627 3646 3700 ipse]

2069 3719 2184 3774 Hac
2210 3731 2390 3774 autem
2422 3723 2569 3774 omni
2597 3721 2795 3791 gloria,
2849 3739 2956 3792 qua
2991 3723 3330 3792 glorificatus
3358 3732 3442 3777 est
3473 3722 3647 3778 Filius

2070 3812 2309 3866 hominis
2339 3851 2355 3875 ,
2406 3827 2434 3864 a
2473 3811 2652 3878 l’atre,
2685 3815 2775 3882 qui
2805 3815 2906 3868 hoc
2933 3814 3004 3867 illi
3037 3815 3282 3878 donavit,
3315 3814 3648 3886 glorificatus

2069 3903 2190 3956 fuit.
2224 3901 2500 3972 Multaque
2543 3919 2667 3958 cum
2717 3904 2828 3959 sint
2869 3906 3099 3974 gloriam
3143 3922 3358 3962 omnem
3409 3905 3649 3961 hominis

2067 4010 2188 4064 quae
2219 3995 2551 4066 compleant,
2605 3998 2690 4052 his
2725 4001 2979 4054 omnibus
3029 4011 3295 4069 praestans
3341 4009 3428 4055 est
3481 3999 3644 4066 Deus,

2067 4096 2160 4164 qui
2194 4110 2300 4150 non
2331 4095 2651 4165 simpliciter
2674 4112 2702 4151 a
2728 4098 2886 4166 Filio,
2914 4101 3038 4153 dum
3069 4102 3441 4170 cognoscitur,
3480 4101 3648 4172 glori-

2068 4185 2302 4252 ﬁcatur;
2337 4186 2433 4240 sed
2476 4201 2572 4255 per
2618 4185 2815 4242 Filium
2863 4189 3220 4260 glorificatur.
3267 4190 3430 4246 Juxta
3477 4191 3644 4260 quod,

379 4265 530 4334 ὅμως
562 4265 620 4318 δὲ
648 4264 943 4336 τολμητέον
978 4265 1300 4320 ὑποϐάλλειν
1330 4267 1391 4318 τὸ
1423 4268 1480 4320 ἐν
1523 4266 1601 4337 τῷ
1629 4268 1778 4337 τόπῳ
1808 4266 1965 4340 ζητη-

2071 4280 2246 4334 audax
2292 4281 2510 4348 quidem
2554 4281 2792 4347 facinus,
2828 4297 3098 4353 supraque
3137 4292 3354 4353 captum
3399 4289 3644 4337 nostrum

381 4358 536 4430 θῆναι
565 4358 879 4428 δυνάμενον.
934 4358 1090 4425 Ζητῶ
1137 4360 1195 4412 δέ
1224 4362 1272 4413 εί
1304 4359 1478 4412 ἔνεστι
1525 4359 1846 4431 δοξασθῆναι
1875 4361 1965 4416 τὸν

2070 4373 2437 4441 nosmetipsos
2462 4373 2784 4441 permittere
2811 4375 3000 4429 horum
3033 4374 3394 4446 inquisitioni,
3439 4373 3532 4428 sed
3559 4382 3643 4427 ta-

381 4450 533 4511 Θεὸν,
559 4450 709 4523 παρὰ
735 4451 796 4503 τὸ
825 4451 1143 4517 δοξάζεσθαι
1175 4455 1233 4505 ἐν
1264 4452 1398 4522 Υἰῶ,
1424 4453 1498 4516 ὡς
1522 4451 1965 4525 ἀποδεδώκαμεν,

2068 4477 2192 4517 tnen
2221 4465 2527 4518 audendum
2553 4475 2636 4520 est
2669 4481 2968 4536 suggerere
2997 4467 3141 4536 quod
3187 4467 3292 4522 hoc
3341 4465 3395 4519 in
3428 4464 3546 4520 loco
3591 4463 3648 4518 in

386 4541 646 4618 μειζόνως
674 4543 836 4595 αὑτὸν
867 4544 976 4615 (56)
1012 4546 1070 4597 ἐν
1116 4544 1293 4615 ἐαυτῷ
1339 4544 1715 4615 δοξαζόμενον,
1756 4547 1866 4613 ὅτε,
1908 4549 1965 4600 ἐν

2067 4556 2424 4624 quaestionem
2458 4558 2650 4612 adduci
2680 4559 2870 4628 possit.
2929 4558 3124 4626 Quaero
3163 4568 3343 4614 autem
3380 4573 3445 4612 an
3472 4556 3649 4626 possit

381 4636 448 4703 τῇ
485 4633 676 4687 ἐαυτοῦ
702 4635 984 4706 γινόμενος
1017 4638 1292 4707 περιωπῇ,
1318 4637 1408 4689 ἐπὶ
1433 4638 1495 4706 τῇ
1530 4637 1718 4690 ἐαυτοῦ
1744 4637 1965 4706 γνώσει,

2067 4647 2236 4717 gloria
2277 4646 2416 4703 allici
2461 4650 2623 4714 Deus,
2674 4661 2874 4720 praeter
2919 4652 3147 4721 gloriam
3176 4665 3341 4720 quam
3391 4650 3554 4705 habet
3590 4649 3646 4702 in

383 4727 477 4780 καὶ
502 4730 570 4799 τῇ
601 4729 792 4782 ἐαυτοῦ
843 4729 1046 4802 θεωρίᾳ
1075 4729 1208 4802 οὔσῃ
1245 4731 1450 4802 μείζονι
1497 4733 1596 4802 τῆς
1625 4732 1735 4803 (57)
1765 4734 1822 4786 ἐν
1851 4733 1965 4804 Υἱῷ

2073 4736 2234 4802 Filio,
2267 4741 2338 4794 ita
2364 4747 2422 4793 ut
2449 4741 2793 4805 tradidimus,
2825 4743 3014 4809 majori
3048 4742 3100 4794 in
3135 4757 3194 4795 se
3223 4743 3341 4810 ipso
3366 4738 3534 4808 gloria
3563 4735 3646 4790 af-

383 4819 638 4892 θεωρίας,
672 4822 748 4885 ὡς
776 4823 870 4876 ἐπὶ
913 4822 1048 4876 Θεοῦ
1079 4823 1183 4895 χρὴ
1209 4827 1348 4877 νοεῖν
1380 4824 1448 4877 τά
1493 4825 1735 4890 τοιαῦτα,
1771 4826 1852 4880 δεῖ
1881 4825 1965 4879 λέ-

2073 4827 2270 4898 fectus,
2302 4843 2427 4888 cum
2475 4832 2528 4885 in
2561 4847 2656 4887 sua
2689 4833 2856 4902 ipsius
2879 4841 2963 4887 est
2992 4835 3233 4902 specula,
3278 4839 3504 4902 propter
3557 4830 3644 4884 sui

450 4997 927 5066 "_llCor.ut,l8.
1002 4997 1486 5067 "Joan.xnt,51.
1577 4967 1580 4971 ⁸

451 5185 776 5270 ἰξυβράθι
812 5185 1034 5270 “asina
1065 5185 1142 5268 (ἢν
1173 5185 1479 5270 γινιὲσῖιαξν·
1549 5257 1565 5270 .
1617 5259 1628 5270 .
1808 5261 1834 5270 _

2137 5194 2252 5270 (ἔξ)
2287 5194 2468 5270 Codex
2487 5192 2714 5270 _Regius,
2738 5192 2895 5270 male,
2924 5192 3142 5270 γνῶσιν.
3201 5261 3212 5270 _
3365 5261 3400 5270 __
3501 5210 3520 5270 _-

453 5253 742 5336 (52)]tletn
783 5253 954 5313 codex
986 5253 1210 5328 Regius,
1241 5253 1299 5310 οἵ
1345 5257 1439 5310 ἐπὶ
1485 5257 1698 5313 τελείαν
1733 5261 1954 5329 γνῶσιν,

2069 5335 2072 5336 ν
2137 5253 2249 5336 (55)
2282 5266 2392 5320 Kal
2415 5253 2672 5335 μήπόἓε,
2696 5253 2802 5318 etc.
2847 5253 3156 5333 lta'legitur
3182 5261 3253 5336 in
3280 5261 3469 5336 codice
3501 5262 3646 5332 Bod-

377 5327 755 5404 ῆνζχεγιέεκειο
846 5397 934 5404 ,-
1353 5398 1365 5404 -
1455 5400 1467 5404 ,
1567 5402 1580 5404 _
1745 5327 1754 5329 “

2067 5327 2265 5402 Ieiuno,
2292 5327 2522 5399 rectius.
2549 5327 2766 5402 opinor,
2794 5347 2959 5404 quam
3012 5327 3067 5387 in
3093 5333 3278 5404 codice
3307 5327 3511 5404 Regio,
3550 5336 3646 5404 qui

451 5397 564 5469 (55)
589 5397 938 5476 Ὅπερ-αὐτό
969 5398 1067 5453 καὶ
1179 5398 1418 5468 μακρὰν
1435 5400 1787 5476 ἁρτοδεῖωιο.
1810 5405 1955 5460 Αηο·
2064 5407 2145 5460 sic
2170 5397 2334 5462 habet
2362 5424 2375 5476 ξ
2409 5397 2519 5459 Καὶ
2569 5397 2781 5476 μήποτε
2815 5397 3164 5476 ’τοῦτό-ἐστε
3198 5402 3257 5476 τδ
3291 5397 3448 5476 Δείνᾶι
3490 5397 3638 5476 αὐτῷ

451 5422 564 5469 (οῦ)
609 5422 767 5466 una];
791 5422 938 5452 αυτυ
969 5422 1067 5453 και
1094 5422 1166 5452 0v
1179 5422 1418 5468 μακραν
1435 5422 1664 5466 αποοει,
1682 5422 1787 5460 etc.
1810 5422 1955 5460 ano-

380 5485 575 5541 nymus
605 5467 1024 5551 apuduPho’tium
1056 5470 1179 5524 cod.
1242 5473 1574 5551 cxv_rt-,.__lioc
1607 5477 1825 5551 nomine
1864 5491 1956 5528 ac-

2067 5422 2145 5460 s1c
2170 5422 2375 5462 nanet:
2411 5422 2519 5459 nat.
2569 5422 2774 5476 μηποτε
2829 5422 2987 5457 τουτο
3031 5422 3149 5455 εστι
3198 5422 3257 5456 το
3309 5422 3448 5456 ειναι
3490 5422 3599 5457 αυτ

2067 5475 2386 5551 caspia-ﬁat?)
2415 5473 2875 5551 λεγομένῳ-αύτῷ
2921 5472 3035 5551 ξ’ἱῷ
3072 5472 3166 5551 τοῦ
3217 5471 3526 5543 ἀνθρώπου,
3587 5422 3648 5530 ἐς

379 5537 842 5616 (ιῦεειιιηιξει-ῖὺὶι
871 5537 1183 5616 Origenem,
1209 5541 1352 5616 quod
1373 5539 1566 5616 Filium
1595 5545 1815 5616 dixerit.
1844 5561 1952 5616 non

2067 5537 2373 5611 δεδοξάσθαί
2413 5537 2600 5600 bac-166
2619 5537 2862 5616 ἡνῶσθαι
2883 5547 2950 5615 τῇ
2983 5537 3164 5616 σοφίᾳ.

381 5608 960 5685 Itoscere_Patretn_ut
990 5608 1258 5676 seipsum.
1297 5611 1452 5685 Quod
1484 5611 1657 5685 ipsum
1693 5615 1780 5685 hic
1806 5615 1950 5668 vide-
2132 5608 2242 5680 (56)
2267 5617 2448 5670 Codex
2484 5608 2703 5685 Regius,
2736 5615 2894 5678 male,
2921 5608 3238 5685 ξμεϊζονώς.

381 5688 471 5760 tur
504 5679 833 5804 sli'gniﬁcare.
867 5679 976 5738 Nos
1006 5696 1120 5738 rem
1175 5681 1530 5752 expendimus
1569 5684 1621 5738 in
1675 5684 1952 5756 Origent'u-
2131 5687 2244 5758 (5⁷)
2270 5687 2402 5756 Τῆς.
2430 5679 2589 5742 Deest
2622 5686 2674 5740 in
2690 5679 2884 5756 codice
2914 5679 3102 5752 Regio.

381 5765 482 5804 ius.
568 5765 780 5804 uerius.

381 5765 482 5804 κη.
519 5765 780 5808 ιιυετιυε.
