4182 6408
560 307 663 362 8ξ9

2008 317 2332 374 ORIGENIS

3715 329 3826 377 δεῖν

559 419 930 488 cognitionem
979 429 1036 477 et
1087 423 1172 478 sui
1215 425 1759 495 contemplationem,
1806 445 1926 501 quae
1964 432 2138 502 major

2241 450 2375 501 γειν,
2407 433 2488 486 ὅτι
2537 433 2887 504 εὐφραίνεται
2916 433 3120 501 άφατόν
3150 450 3270 486 τινα
3317 433 3695 506 εὐαρέστησιν,
3730 439 3827 490 καὶ

557 523 643 568 est
676 513 1139 582 contemplatione
1160 532 1280 587 qua:
1309 529 1396 574 est
1420 519 1472 574 in
1499 520 1639 575 Filio
1659 560 1674 586 ,
1705 531 1765 576 ut
1788 523 1855 576 de
1902 523 2010 578 Deo
2045 531 2129 576 ta-

561 606 632 661 !ia
654 607 965 677 intelligere
993 623 1093 678 par
1119 619 1240 667 est:
1274 613 1562 669 dicendum
1600 624 1684 671 est
1725 617 1972 688 perfundi
2004 633 2129 674 eum

567 698 820 754 iueﬂ‘abili
854 699 1088 769 quadam
1111 700 1492 771 delectatione,
1520 715 1574 762 et
1603 707 1811 774 latitia,
1835 719 1890 764 et
1912 711 2130 780 gaudio,

560 790 614 844 in
649 805 710 845 se
739 790 857 860 ipso
889 791 991 846 sibi
1019 792 1236 861 placens
1265 803 1319 849 et
1344 798 1604 866 gaudens.
1632 799 1839 867 Quibus
1859 801 2134 858 vocabulis

560 896 661 951 ego
695 883 914 952 quidem
944 893 1071 940 utor
1101 901 1210 941 non
1244 895 1499 958 tanquam
1554 892 1771 960 proprie
1803 893 2132 950 convenien-

561 974 708 1027 tibus
736 973 867 1040 Deo,
898 975 994 1030 sed
1028 976 1246 1048 indigus
1295 978 1680 1047 indicibilium,
1723 994 1782 1038 ut
1816 984 1887 1038 ita
1919 983 2131 1054 loquar,

565 1064 877 1134 verborum,
907 1081 1028 1134 qua
1052 1068 1202 1124 solus
1231 1069 1364 1138 ipse,
1388 1081 1443 1124 et
1472 1071 1786 1142 Unigenitus
1811 1074 1982 1131 Filius
2017 1075 2134 1146 eius

561 1170 688 1210 cum
718 1157 834 1226 ipso
857 1158 1073 1227 propria
1100 1159 1372 1216 locutione
1397 1162 1546 1218 etl'ari
1581 1172 1757 1234 potest
1781 1166 1866 1220 vel
1893 1166 2136 1237 cogitare

556 1250 629 1306 de
663 1266 749 1306 eo.
772 1250 937 1324 5.50
959 1252 1225 1308 Cancrum
1263 1255 1519 1321 quoniam
1566 1255 1618 1311 in
1649 1257 1793 1312 hunc
1816 1257 1994 1312 locum
2041 1259 2136 1313 de-

560 1341 836 1408 venimus,
863 1343 956 1398 ubi
999 1342 1144 1399 Deus
1171 1358 1270 1413 per
1313 1345 1589 1401 Christum
1627 1347 1986 1417 gloriﬁcatur,
2036 1363 2134 1419 ap-

560 1435 738 1502 posite
772 1450 1077 1504 qumremus
1108 1437 1557 1506 quomodoetiam
1591 1455 1689 1511 per
1724 1440 1985 1511 Spiritum
2009 1457 2136 1497 san-

560 1535 708 1579 ctum
740 1526 1098 1598 glorilicetur,
1133 1535 1188 1582 et
1214 1541 1313 1596 per
1349 1543 1541 1586 omnes
1568 1547 1598 1585 a
1622 1533 1820 1601 quibus
1845 1543 2136 1602 conspecta

561 1617 727 1672 fuerit
767 1618 854 1674 vel
899 1620 1274 1688 conspiciatur
1301 1623 1473 1693 gloria
1507 1623 1743 1680 Domini.
1769 1625 1948 1695 Atque
1982 1627 2134 1681 arbi-

2237 525 2594 596 εὐφροσύνην,
2631 525 2725 578 καί
2773 524 2969 596 χαρὰν,
3017 525 3102 594 ἐφ’
3136 523 3313 595 ἐαυτῷ
3340 526 3825 597 εὐαρεστούμενος,

2238 616 2332 668 καὶ
2369 615 2592 685 χαίρων.
2629 615 2864 686 Χρῶμαι
2886 615 2943 668 δὲ
2969 615 3177 679 τούτοις
3203 615 3459 686 ὀνόμασιν
3495 617 3593 688 οὐχ
3623 619 3698 683 ὡς
3729 638 3827 674 κυ-

2241 707 2373 778 ρίως
2418 707 2486 760 ἂν
2514 705 2931 778 λεχθησομένοις
2958 709 3051 761 ἐπὶ
3078 707 3234 772 Θεοῦ,
3280 708 3416 761 ἀλλὰ
3440 709 3661 780 ἀπορῶν
3690 712 3820 778 τῶν,

2245 799 2310 851 ἵν’
2343 797 2515 862 οὕτως
2541 797 2814 870 ὀνομάσω,
2857 799 3111 870 ἀρρήτων
3147 799 3427 870 ῥημάτων,
3461 799 3497 854 ἃ
3529 801 3688 870 μόνος
3721 805 3823 857 αὐ-

2237 891 2332 956 τὸς
2356 891 2599 956 δύναται,
2652 891 2748 946 καὶ
2775 893 2892 962 μετ’
2924 891 3085 944 αὐτὸν
3117 892 3226 963 (58)
3260 893 3290 944 6
3314 892 3622 964 Μονογενὴς
3655 894 3822 947 αὐτοῦ

2240 985 2298 1036 ἐν
2325 981 2491 1053 κυρίᾳ
2537 970 2678 1048 λέξει
2708 981 2908 1049 λέγειν,
2957 981 2992 1052 ἦ
3021 983 3236 1053 φρονεῖν
3261 983 3390 1052 περί
3430 982 3616 1036 αὐτοῦ.
3667 982 3824 1036 Ἐπεὶ

2237 1072 2294 1126 δὲ
2324 1073 2382 1125 ἐν
2419 1071 2498 1143 τῷ
2524 1074 2673 1142 τόπῳ
2697 1073 3000 1142 γεγόναμεν
3024 1071 3117 1125 τοῦ
3146 1071 3237 1124 τὸν
3265 1071 3396 1127 Θεὸν
3420 1072 3736 1140 δοξάζεσθαι
3761 1075 3824 1126 ἐν

2239 1162 2479 1232 Χριστῷ,
2501 1161 2920 1233 παρακειμένως
2949 1161 3018 1215 ἂν
3039 1163 3372 1234 ζητήσαιμεν
3406 1162 3523 1226 πῶς
3547 1161 3824 1227 δοξάζοιτο

2239 1256 2335 1308 κα)¹
2376 1255 2434 1308 ἐν
2472 1254 2550 1325 τῷ
2592 1254 2732 1325 ἁγίῳ
2765 1253 3062 1325 Πνεύματι,
3110 1256 3205 1308 καὶ
3239 1257 3297 1308 ἐν
3337 1255 3502 1309 πᾶσιν
3538 1250 3619 1318 οἷς
3662 1254 3819 1327 ὤφθη

2235 1345 2361 1412 δόξα
2399 1346 2628 1416 Κυρίου,
2668 1344 2704 1415 ἦ
2744 1345 3056 1418 ὀφθήσεται.
3098 1346 3265 1419 Ὀλης
3294 1347 3393 1418 μέν
3416 1343 3508 1400 οῦν
3536 1343 3689 1418 οἶμαι
3718 1347 3822 1417 τῆς

2234 1438 2394 1508 δόξης
2417 1436 2508 1491 τοῦ
2537 1435 2672 1490 Θεοῦ
2699 1437 2863 1491 αὐτοῦ
2889 1437 3232 1509 ἀπαύγασμα
3261 1433 3400 1492 εῖναι
3421 1439 3512 1491 τὸν
3542 1439 3692 1503 Υἰὸν,
3721 1456 3824 1492 κα-

2241 1529 2311 1582 τὰ
2357 1528 2450 1583 τὸν
2496 1529 2718 1582 εἰπόντα
2753 1529 2997 1582 Παῦλον*
3055 1547 3074 1580 t
3108 1531 3206 1592 Ὃς
3233 1528 3309 1582 ὢν
3354 1529 3693 1600 ἀπαύγασμα
3720 1530 3821 1602 τῆς

2237 1617 2426 1688 δόξηςο
2453 1635 2472 1668 ι
2522 1615 2747 1688 φθάνειν
2797 1617 3043 1688 μέντοιγε
3093 1617 3201 1670 ἀπὸ
3249 1619 3341 1671 τοῦ
3387 1619 3824 1690 άπαυγάσματος

560 1717 679 1764 tror
706 1723 808 1781 ego
839 1712 1059 1778 quidem
1091 1713 1258 1767 totius
1289 1713 1476 1782 gloria:
1508 1714 1602 1768 Dei
1634 1715 1978 1785 Splendorem
2017 1731 2136 1773 esse

2241 1710 2428 1763 τούτου
2457 1709 2558 1778 τῆς
2592 1707 2719 1778 ὅλης
2749 1707 2907 1778 δόξης
2938 1708 3140 1779 μερικὰ
3164 1709 3572 1780 ἀπαυγάσματα
3599 1711 3690 1762 ἐπὶ
3721 1711 3821 1781 τὴν

561 1802 780 1873 Filium,
811 1814 921 1859 uta
945 1805 1112 1862 Paulo
1134 1805 1390 1867 traditum
1415 1815 1520 1872 est,
1545 1783 1799 1864 dicente:
1836 1828 1854 1860 ι
1885 1809 2133 1876 Quicum

2241 1801 2430 1871 λοιπὴν
2474 1799 2700 1872 λογικὴν
2733 1801 2942 1854 κτίσιν·
2997 1800 3097 1853 οὐκ
3123 1797 3276 1871 οἶμαι
3303 1801 3412 1872 γάρ
3446 1819 3566 1854 τινα
3611 1803 3672 1855 τὸ
3711 1804 3821 1855 πᾶν

560 1895 628 1948 sit
646 1895 903 1963 splendor
921 1896 1106 1968 gloriae
1123 1897 1192 1962 7';
1228 1916 1247 1950 ι
1274 1899 1559 1967 pervenire
1580 1906 1759 1952 tamen
1783 1900 2139 1969 particulares

563 1988 884 2056 splendores
903 1991 970 2045 ab
989 1991 1090 2046 hoc
1107 1993 1391 2062 splendore
1408 1991 1573 2046 totius
1592 1991 1775 2061 gloriae
1793 1991 1856 2045 ad
1872 1991 2130 2060 reliquam

559 2089 689 2134 natu
699 2096 809 2134 ram
831 2082 1056 2138 rationis
1073 2083 1567 2153 capacem.Alioqui
1591 2097 1696 2138 non
1713 2082 1952 2138 arbitror
1965 2084 2138 2153 perci-

560 2184 692 2238 pere
713 2171 947 2241 aliquem
979 2188 1136 2242 posse
1155 2189 1373 2230 omnem
1392 2172 1737 2242 splendorem
1758 2173 1924 2228 totius
1952 2174 2138 2241 gloria

564 2259 682 2328 Dei,
698 2261 798 2318 nisi
816 2263 1009 2319 Filium
1026 2264 1143 2320 Dei.
1157 2265 1309 2320 Nunc
1322 2274 1500 2319 autem
1514 2264 1728 2332 quando
1744 2265 2070 2329 oeconomia,
2084 2277 2138 2320 et

562 2355 882 2426 mysterium
926 2357 1199 2426 passionis
1235 2356 1358 2412 Filii
1399 2357 1635 2412 hominis
1660 2373 1760 2427 pro
1795 2358 2048 2413 omnibus
2077 2358 2137 2412 lit

567 2461 678 2500 non
711 2447 831 2503 sine
860 2448 992 2513 Deo,
1021 2447 1040 2521 (
1071 2468 1091 2500 ι
1115 2449 1290 2516 Quam
1321 2451 1390 2504 ob
1417 2465 1636 2505 causam
1668 2449 1809 2506 Deus
1853 2450 2008 2504 illum
2049 2465 2139 2505 su-

565 2539 928 2605 perexaltavit
962 2541 1051 2610 ἠ)
1096 2541 1436 2612 gloriﬁcatus
1483 2551 1588 2606 est,
1638 2542 1812 2611 inquit
1844 2541 1913 2608 ⁸ο,
1965 2541 2138 2598 Filius

563 2628 889 2698 laminis,»
947 2648 1056 2687 non
1119 2632 1312 2697 solus,
1357 2649 1378 2684 ι
1413 2632 1556 2688 Deus
1612 2634 1756 2688 enim
1810 2648 1908 2703 per
1961 2633 2135 2702 ipsum

556 2722 728 2776 etiam
757 2722 1102 2792 gloriﬁcatus
1127 2734 1232 2780 est.
1255 2744 1276 2778 ι
1302 2724 1382 2780 Ad
1408 2724 1566 2792 hujus
1596 2725 1697 2779 loci
1729 2725 2134 2780 similitudinem

558 2827 835 2880 exponere
861 2816 988 2884 quis
1009 2819 1207 2887 poterit
1230 2817 1360 2872 illud
1390 2834 1404 2873 :
1441 2835 1461 2868 ‹
1491 2815 1658 2873 Nemo
1679 2819 1896 2887 agnovit
1919 2816 2131 2882 Filium,

562 2905 670 2963 nisi
699 2904 862 2962 Pater
881 2908 949 2974 3';
980 2926 999 2960 ι
1027 2918 1082 2963 et
1104 2908 1235 2964 illud
1260 2925 1274 2962 :
1303 2929 1322 2962 ι
1347 2909 1545 2964 Beatus
1567 2925 1647 2974 es,
1676 2911 1861 2964 Simon
1883 2908 2133 2978 Barjona,

562 2996 692 3067 quia
723 3013 876 3063 caro,
906 3008 962 3053 et
989 3001 1210 3068 sanguis
1247 3015 1356 3056 non
1387 3000 1649 3057 revelavit
1688 3000 1806 3063 tibi,
1855 3001 1946 3055 sed
1973 2999 2136 3055 Pater

2238 1889 2493 1945 δύνασθαι
2526 1891 2772 1962 χωρῆσαι
2798 1889 2900 1960 τῆς
2939 1890 3067 1961 ὅλης
3098 1890 3257 1962 δόξης
3288 1891 3382 1943 τοῦ
3421 1891 3556 1944 Θεοῦ
3580 1890 3823 1959 ἀπαύγα-

2240 1998 2375 2051 σμα,
2404 1981 2437 2052 ἢ
2465 1982 2559 2034 τὸν
2591 1981 2718 2036 Υἰὸν
2744 1981 2908 2036 αὐτοῦ
2941 1981 3070 2052 (59).
3099 1981 3213 2034 Νῦν
3236 1977 3351 2045 οὖν,
3375 1983 3462 2035 ὅτε
3487 1985 3520 2054 ὴ
3542 1984 3823 2053 οἰκονομία

2237 2073 2328 2126 τοῦ
2363 2074 2504 2144 ὑπὲρ
2550 2074 2766 2127 πάντων
2795 2073 3000 2137 πάθους
3030 2073 3144 2146 (40)
3197 2073 3291 2127 τοῦ
3320 2073 3450 2128 Υἰοῦ
3481 2073 3574 2127 τοῦ
3611 2074 3824 2145 ἀνθρώ-

2237 2182 2339 2219 που
2360 2166 2567 2235 γίνεται
2585 2165 2647 2219 οὐ
2679 2166 2847 2237 χωρὶς
2877 2166 3035 2231 Θεοῦ,
3068 2167 3114 2237 (ε
3140 2166 3232 2220 Διὸ
3262 2169 3290 2220 6
3318 2167 3450 2230 Θεὸς
3472 2168 3634 2223 αὐτὸν
3661 2169 3823 2238 ὑπερ-

2241 2257 2480 2327 ύψωσεν,
2503 2257 2548 2327 ι)
2568 2277 2586 2308 ι
2607 2256 2888 2328 ἐδοξάσθη,
2903 2275 2920 2308 ι
2943 2260 3156 2328 φησίν,‹
3180 2260 3209 2310 6
3230 2258 3356 2322 Υἰὸς
3367 2258 3462 2311 τοῦ
3474 2257 3816 2330 άνθρὼπου,›

2239 2350 2300 2402 οὐ
2340 2349 2528 2419 μόνος·
2571 2367 2590 2401 ‹
2617 2350 2712 2402 καὶ
2743 2351 2770 2402 6
2792 2349 2924 2413 Θεὸς
2951 2349 3212 2421 ἐδοξάσθη
3242 2352 3300 2403 ἐν
3332 2350 3500 2421 αὐτῷ.
3526 2370 3546 2402 ι
3585 2353 3694 2404 Καὶ
3724 2349 3822 2405 οὖ-

2235 2458 2344 2504 τως
2369 2439 2416 2494 δ’
2443 2439 2511 2496 ἂν
2537 2440 2606 2494 τὰ
2638 2439 2780 2494 κατὰ
2809 2441 2902 2494 τὸν
2940 2442 3106 2495 τόπον
3129 2460 3213 2506 τις
3243 2443 3580 2515 διηγήσαιτο.
3611 2443 3824 2514 Γέγρα-

2237 2549 2401 2586 πται·
2435 2532 2664 2595 «οὐδεὶς
2695 2531 2838 2600 ἔγνω
2879 2533 2970 2586 τὸν
2999 2533 3128 2587 Υἱὸν
3174 2536 3222 2588 εἰ
3255 2535 3327 2604 μὴ
3371 2536 3401 2588 6
3432 2533 3640 2605 Πατὴρ,
3672 2554 3694 2587 ι
3727 2536 3825 2588 καὶ

2238 2626 2484 2699 εἴρηταιο
2511 2645 2530 2677 ι
2549 2627 2659 2680 Καὶ
2688 2625 2956 2696 μακάριος
2983 2622 3054 2690 εἶ,
3075 2627 3258 2698 Σίμων
3279 2625 3656 2698 Βαριῶνα,,ὅτι
3686 2629 3826 2699 σὰρξ

2236 2718 2329 2770 καὶ
2361 2711 2500 2787 αἷμα
2531 2717 2634 2769 οὐκ
2664 2715 2980 2787 ἀπεκάλυψέ
3012 2734 3115 2782 σοι,
3147 2717 3262 2770 ἀλλ’
3291 2719 3324 2790 ἢ
3361 2719 3389 2770 6
3427 2719 3620 2790 Πατήρ
3653 2736 3753 2789 μου
3793 2721 3825 2771 6

2235 2812 2506 2884 οὐράνιος.
2530 2830 2549 2864 ι
2568 2812 2734 2868 Ὅσον
2755 2809 2849 2867 οὖν
2879 2814 2979 2868 οὐκ
3011 2813 3248 2884 ἔγνωστο
3274 2817 3302 2867 6
3335 2816 3465 2879 Υἱὸς
3500 2816 3581 2886 τῷ
3608 2817 3820 2889 κόσμῳ,

2235 2901 2283 2972 (ι
2321 2904 2409 2957 Ἐν
2435 2903 2514 2974 τῷ
2541 2904 2732 2975 κόσμῳ
2752 2903 2862 2976 γὰρ
2882 2900 2973 2976 ἦν,
3003 2907 3098 2959 καὶ
3129 2908 3158 2959 6
3185 2906 3390 2978 κόσμος
3417 2908 3484 2960 δι’
3513 2907 3676 2962 αὐτοῦ
3702 2909 3826 2976 ἐγέ-

2236 3013 2377 3060 νετο,
2411 2997 2505 3050 καὶ
2531 2999 2560 3050 6
2587 2997 2788 3068 κόσμος
2808 2997 2969 3050 αὐτὸν
2989 2998 3088 3051 οὐκ
3111 2998 3284 3067 ἐγνωο
3315 2998 3363 3071 ι)
3391 3000 3604 3053 οὐδέπω
3632 3002 3689 3054 ἐν
3731 3001 3828 3054 κό-

563 3103 720 3144 meus
751 3089 845 3158 qui
881 3089 935 3144 in
985 3090 1140 3146 coalis
1171 3100 1256 3146 est
1277 3093 1346 3148 ⁸⁸.
1379 3111 1398 3144 ι
1455 3091 1734 3160 Quatenus
1771 3093 1917 3145 enim
1963 3090 2133 3146 Filius

2241 3105 2361 3160 σμῳ
2392 3089 2704 3156 ἐδεδόξαστο
2733 3089 2869 3161 (41),
2896 3090 2989 3142 καὶ
3019 3085 3088 3161 ἦν
3119 3092 3153 3161 ὴ
3187 3089 3359 3160 ζημία
3383 3091 3476 3144 τοῦ
3509 3090 3584 3162 μὴ
3605 3091 3824 3158 δεδοξά-

565 3195 672 3236 non
697 3190 819 3235 erat
853 3183 1054 3238 mundo
1097 3183 1354 3255 agnitus(
1373 3182 1470 3238 «In
1497 3184 1698 3240 mundo
1731 3185 1877 3239 enim
1905 3194 2047 3250 erat,
2079 3193 2134 3239 et

2241 3179 2365 3233 σθαι
2410 3180 2575 3235 αὐτὸν
2615 3181 2674 3234 ἐν
2709 3179 2787 3251 τῷ
2829 3181 3019 3253 κόσμῳ
3046 3182 3107 3235 οὐ
3148 3181 3242 3235 τοῦ
3279 3183 3353 3253 μὴ
3399 3183 3815 3254 δεδοξασμένον,

565 3271 806 3326 mundus
828 3287 927 3341 per
947 3273 1123 3343 ipsum
1148 3272 1323 3331 lactus
1347 3285 1452 3339 est,
1491 3285 1546 3332 et
1574 3278 1806 3332 mundus
1853 3290 1976 3332 eum
2026 3290 2134 3331 non

565 3363 927 3433 cognovit”,
951 3360 998 3431 ι)
1026 3365 1262 3422 nondum
1301 3366 1637 3437 gloriﬁcatus
1670 3377 1792 3421 erat
1839 3381 1935 3437 per
1974 3382 2136 3421 mun-

565 3457 716 3522 dum,
743 3457 985 3522 etiamsi,
1012 3457 1158 3527 quod
1198 3472 1298 3527 per
1340 3457 1598 3512 mundum
1642 3457 1982 3530 glorilicatus
2024 3473 2136 3513 non

563 3547 1009 3614 esset,damnum
1039 3564 1145 3605 non
1182 3559 1303 3605 erat
1327 3549 1531 3606 Christi
1563 3566 1671 3607 non
1701 3550 2009 3621 gloriﬁcati,
2043 3552 2138 3607 sed

567 3644 753 3697 mundi
789 3641 1072 3698 Christum
1105 3660 1210 3699 non
1243 3645 1620 3714 glorilicantis.
1653 3644 1788 3701 Cum
1824 3659 1958 3700 vero
1978 3644 2141 3700 Pater

565 3731 810 3787 coelestia
835 3731 1099 3787 revelavit
1131 3735 1216 3788 his
1240 3734 1331 3803 qui
1368 3749 1400 3790 e
1439 3737 1643 3791 mundo
1682 3745 1840 3791 erant
1875 3734 2000 3792 Jesu
2043 3751 2138 3792 co-

569 3819 890 3888 gnitionem,
925 3829 1056 3877 tunc
1085 3821 1424 3893 gloriﬁcatus
1448 3835 1532 3880 est
1567 3825 1738 3882 Filius
1773 3826 2013 3883 hominis
2043 3841 2141 3897 per

567 3913 712 3976 illos,
737 3913 832 3982 qui
860 3927 986 3968 eum
1011 3926 1381 3983 cognoverunt
1406 3956 1422 3982 ,
1445 3926 1501 3973 et
1523 3932 1620 3986 per
1642 3917 1886 3974 eamdem
1912 3918 2140 3990 gloriam

567 4018 674 4074 qua
699 4003 1036 4074 gloriﬁcatus
1068 4006 1170 4060 fuit
1190 4006 1332 4061 inter
1356 4022 1451 4062 eos
1471 4009 1561 4077 qui
1590 4023 1714 4063 eum
1744 4019 2138 4080 cognoverunt,

567 4095 860 4163 acquisivit
886 4096 1113 4168 gloriam
1146 4101 1602 4168 cognoscentibus
1643 4101 1839 4170 ipsum.
1865 4101 1967 4168 Qui
1995 4103 2139 4158 enim

567 4196 772 4243 retecta
798 4187 940 4244 facie
960 4187 1192 4259 gloriam
1237 4191 1446 4245 Domini
1487 4193 1542 4246 in
1573 4193 1794 4261 speculo
1838 4207 2141 4262 repraen-

570 4287 710 4342 tant,
747 4280 814 4334 ad
850 4279 1000 4334 illius
1042 4280 1332 4350 imaginem
1386 4282 1846 4339 transformamur
1878 4284 1948 4338 ⁸⁸.
2006 4283 2143 4338 Vide

570 4384 703 4423 vero
725 4373 866 4426 unde
890 4385 920 4424 a
948 4371 1117 4441 gloria
1143 4371 1288 4426 dicat
1314 4381 1369 4427 et
1395 4375 1486 4429 ubi
1511 4375 1576 4429 ad
1609 4375 1859 4446 gloriam,
1889 4375 2142 4430 nimirum

2236 3271 2373 3326 ἀλλὰ
2413 3271 2508 3325 τοῦ
2542 3271 2616 3342 μὴ
2643 3271 2959 3338 δοξάζοντος
3007 3273 3169 3326 αὐτὸν
3198 3265 3402 3345 κόσμου
3426 3291 3440 3304 ο
3485 3275 3573 3328 ὅτε
3605 3275 3661 3328 δὲ
3687 3276 3828 3328 ἀπε-

2237 3364 2475 3434 κάλυψεν
2507 3367 2536 3418 6
2566 3363 2817 3434 οὐράνιος
2863 3365 3052 3436 Πατὴρ
3081 3361 3161 3428 οἷς
3195 3365 3544 3436 ἀπεκάλυψεν
3587 3368 3696 3420 ἀπὸ
3726 3368 3826 3421 τοῦ

2240 3457 2448 3527 κόσμου
2477 3452 2594 3509 οὖσι
2622 3456 2718 3528 τὴν
2759 3457 2853 3510 τοῦ
2894 3458 3068 3527 Ἰησοῦ
3113 3458 3335 3526 γνῶσιν,
3363 3459 3482 3512 τότε
3511 3460 3768 3531 ἐδοξάσθη
3795 3463 3828 3513 6

2239 3545 2366 3609 Υἱὸς
2394 3545 2487 3599 τοῦ
2522 3547 2805 3618 ἀνθρώπου
2840 3548 2899 3600 ἐν
2929 3551 3042 3612 τοῖς
3075 3549 3366 3617 ἐγνωκόσιν
3407 3550 3603 3603 αὐτόν·
3640 3552 3734 3604 καὶ
3757 3551 3826 3604 δι’

2237 3634 2306 3712 ἧς
2344 3637 2602 3708 ἐδοξάσθη
2644 3639 2802 3710 δόξης
2835 3642 2894 3694 ἐν
2941 3644 3054 3705 τοῖς
3098 3642 3395 3710 ἐγνωκόσιν
3424 3644 3607 3708 αὐτὸν,
3640 3662 3828 3716 περιε-

2242 3729 2433 3798 ποίησε
2452 3728 2609 3792 δόξαν
2634 3731 2746 3793 τοῖς
2776 3731 3071 3799 ἐγνωκόσιν
3100 3733 3262 3785 αὐτόν
3287 3733 3400 3805 (42)
3425 3750 3440 3766 ο
3473 3736 3524 3787 οἰ
3552 3734 3663 3807 γάρ
3695 3737 3828 3791 ἀνα-

2241 3822 2642 3894 κεκαλυμμένῳ
2678 3824 2957 3896 προσώπῳ
2979 3825 3080 3896 τὴν
3113 3825 3269 3890 δόξαν
3298 3827 3504 3898 Κυρίου
3530 3846 3827 3902 κατοπτρι-

2241 3913 2460 3987 ζόμενοι
2502 3915 2604 3987 τὴν
2627 3917 2799 3990 αὐτὴν
2838 3918 3024 3971 εἰκόνα
3058 3918 3552 3990 μεταμορφοῦνται.
3591 3923 3732 3993 Ὅρα
3763 3923 3826 3976 δέ

2251 4008 2416 4063 πόθεν
2446 4008 2554 4062 ἀπὸ
2577 4009 2734 4081 δόξης
2763 4010 2918 4081 φησὶ,
2943 4011 3038 4064 καὶ
3069 4010 3172 4064 ποῦ
3199 4013 3279 4074 εἰς
3309 4011 3466 4076 δόξαν
3484 4028 3500 4043 ⁸
3531 4013 3638 4066 ἀπὸ
3668 4013 3828 4084 δόξης

2247 4101 2347 4172 τῆς
2377 4101 2472 4155 τοῦ
2503 4101 2878 4173 δοξαζομένου,
2914 4105 2993 4167 εἰς
3018 4103 3175 4170 δόξαν
3199 4103 3296 4174 τὴν
3327 4104 3438 4157 τῶν
3473 4105 3826 4172 δοξαζόντων.
3909 4115 3918 4130 “

2257 4185 2448 4246 Ἦνίκα
2479 4188 2572 4246 οὖν
2598 4188 2760 4264 ἦλθεν
2789 4194 2882 4246 ἐπ)⁴
2905 4193 3002 4265 τὴν
3023 4194 3354 4264 οἰκονομίαν,
3381 4196 3476 4264 ἀφ’
3507 4190 3575 4267 ἧς
3605 4194 3828 4266 ἔμελλεν

2245 4283 2554 4337 ἀνατέλλειν
2583 4283 2661 4354 τῷ
2693 4283 2904 4355 κόσμῳ,
2944 4285 3037 4338 καὶ
3067 4283 3468 4354 γινωσκόμενος
3505 4284 3827 4350 δοξάζεσθαι

2246 4375 2340 4427 ἐπὶ
2361 4373 2486 4448 δόξῃ
2515 4374 2623 4427 τῶν
2647 4375 2980 4440 δοξαζόντων
3017 4375 3199 4439 αὐτὸν,
3227 4371 3349 4428 εἷπε
3379 4375 3440 4429 τό
3461 4393 3476 4406 ·
3523 4396 3542 4428 ι
3572 4377 3687 4429 Νῦν
3717 4377 3812 4430 ἐδο

573 4480 602 4516 a
633 4463 803 4536 gloria
832 4464 1119 4534 gloriﬁcati
1151 4466 1218 4521 ad
1252 4467 1477 4537 gloriam
1510 4468 1955 4537 gloriﬁcantium.
2007 4470 2138 4525 Cum

2251 4463 2418 4538 ξάσθη
2452 4467 2481 4518 6
2507 4466 2636 4529 Υἰὸς
2662 4465 2756 4518 τοῦ
2789 4465 3076 4535 ἀνθρώπου
3102 4484 3116 4496 ·
3143 4485 3162 4517 ι
3207 4467 3302 4520 καὶ
3331 4467 3453 4520 ἐπεὶ
3481 4468 3659 4531 οὐδεὶς
3688 4467 3826 4536 ἔγνω

577 4555 744 4626 igitur
768 4557 916 4612 venit
938 4559 1005 4612 ad
1037 4561 1419 4624 meonomiam,
1461 4573 1491 4613 a
1532 4575 1640 4628 qua
1679 4569 1734 4614 et
1771 4560 1972 4614 mundo
2019 4559 2148 4614 illu-

570 4661 800 4704 cescere
858 4657 1026 4719 atque
1081 4651 1248 4706 etiam
1299 4652 1548 4722 cognitus
1620 4649 1916 4720 gloriﬁcari
1984 4651 2150 4705 debe-

571 4737 690 4806 bat,
729 4751 955 4811 propter
988 4741 1242 4812 .gloriam
1297 4741 1718 4814 glorilicantium
1763 4755 1912 4808 eum,
1967 4741 2144 4796 dixit:

579 4850 600 4882 ε
638 4830 788 4888 Nunc
832 4832 1172 4903 gloriticatus
1203 4844 1288 4888 est
1317 4833 1486 4888 Filius
1528 4833 1810 4888 hominis:
1841 4849 1861 4884 ι
1911 4841 1967 4887 et
2011 4845 2150 4900 quo-

572 4924 718 4978 niam
753 4939 911 4979 nemo
952 4925 1205 4997 cognovit
1255 4925 1496 4988 Patrem,
1545 4925 1648 4980 nisi
1699 4925 1894 4991 Filius,
1940 4934 1998 4978 et
2050 4925 2141 4980 cui

572 5011 745 5069 Filius
793 5016 1118 5071 revelaverit
1147 5015 1218 5080 ⁸⁸,
1270 5016 1718 5086 revelaturusque
1767 5024 1887 5070 erat
1922 5012 2141 5068 Patrem

2245 4557 2338 4611 τὸν
2370 4558 2588 4631 Πατέρα
2612 4560 2661 4611 εἰ
2694 4559 2767 4629 μὴ
2798 4560 2826 4610 6
2853 4559 3000 4622 Υἱὸς,
3041 4559 3135 4613 καὶ
3165 4552 3210 4627 ᾧ
3245 4559 3313 4613 ἂν
3345 4561 3373 4614 6
3405 4559 3535 4623 Υἱὸς
3562 4557 3828 4613 ἀποκαλύ-

2246 4650 2344 4722 ψῃ,
2378 4650 2570 4721 ἔμελλε
2609 4651 2664 4703 δὲ
2708 4652 2771 4703 ἐκ
2817 4649 2916 4720 τῆς
2959 4651 3268 4721 οἰκονομίας
3309 4651 3714 4705 ἀποκαλύπτειν
3737 4652 3829 4703 τὸν

2249 4742 2466 4813 Πατέρα
2490 4744 2518 4796 6
2550 4742 2696 4804 Υἱὸς,
2729 4741 2816 4794 διὰ
2845 4741 3001 4794 τοῦτο
3027 4743 3120 4796 καὶ
3147 4744 3175 4794 6
3209 4743 3342 4806 Θεὸς
3363 4742 3621 4813 ἐδοξάσθη
3648 4745 3703 4795 ἐν
3729 4743 3828 4795 αὐ-

2247 4834 2348 4905 τῷ.
2373 4834 2445 4886 Ἢ
2468 4832 2529 4885 τό
2549 4849 2561 4862 ·
2601 4852 2619 4884 ι
2645 4833 2757 4886 Καὶ
2785 4833 2813 4886 ὁ
2844 4833 2974 4897 Θεὸς
2998 4831 3258 4906 ἐδοξάσθη
3289 4837 3347 4888 ἐν
3381 4835 3550 4905 αὐτῷ,
3579 4853 3598 4885 ι
3626 4834 3831 4901 συνεξε-

2245 4924 2428 4986 τάσεις
2456 4922 2534 4994 τῷ
2555 4939 2571 4956 ·
2605 4941 2624 4973 ι
2648 4923 2704 4976 Ὀ
2732 4923 2990 4994 ἑωρακὼς
3017 4925 3117 4995 ἐμὲ
3144 4924 3351 4996 ἐώρακε
3377 4924 3468 4980 τὸν
3489 4925 3708 4998 Πατέρα
3737 4925 3832 4980 τὸν

2253 5012 2542 5084 πέμψαντά
2573 5031 2658 5084 με·
2690 5033 2708 5066 ι
2742 5013 3026 5085 θεωρεῖται
3054 5017 3162 5087 γὰρ
3190 5014 3337 5085 ἐντῷ
3364 5016 3522 5086 Λόγῳ
3551 5016 3668 5071 ὄντι
3684 5016 3830 5088 Θεῷ,

646 5160 693 5193 ⁷⁸
721 5158 890 5217 Hebr.
923 5175 967 5228 ι,
994 5160 1052 5230 Ῐ5.
1129 5161 1174 5192 τ’
1201 5160 1400 5230 Philip.
1431 5175 1494 5227 ιι,
1517 5160 1570 5215 9.
1649 5159 1853 5214 "Joan.
1877 5171 1999 5222 mi,
2041 5159 2132 5230 δί.

2241 5155 2618 5230 'Matlh.l,27;
2654 5155 2971 5223 Luc.x,‘22.
3034 5156 3396 5224 "Mauhmvr,
3421 5156 3510 5211 17.
3586 5158 3634 5190 ⁸³
3671 5157 3832 5215 Joan.

572 5247 612 5301 1,
674 5231 763 5288 10.
855 5230 904 5263 ⁸⁸
966 5229 1008 5287 ll
1049 5231 1174 5288 Cor.
1226 5245 1308 5297 ιιι,
1343 5229 1431 5285 15.

666 5351 761 5420 58)
791 5353 929 5406 Μετ’
955 5352 1162 5406 αὐτόν.
1187 5349 1476 5420 Ferrarius
1505 5349 1720 5417 legebat
1748 5351 1864 5420 μετ’
1890 5347 2076 5403 αὐτοῦ.

666 5353 761 5420 58)
791 5353 929 5406 Μετ’
955 5353 1162 5406 αὐτόν.
1187 5353 1476 5405 Ferrarius
1505 5353 1720 5417 legebat
1748 5353 1864 5420 μετ’
1890 5353 2076 5403 αὐτοῦ.

643 5353 763 5494 (59)
793 5423 922 5478 Post
951 5422 1137 5494 verba,
1163 5421 1198 5492 ἢ
1225 5419 1316 5494 τὸν
1341 5420 1480 5494 -Υἰὸν
1503 5420 1700 5494 αὐτοῦ,
1752 5421 1921 5494 editio
1963 5419 2149 5494 lluelii

572 5489 777 5564 habet:
805 5494 855 5564 εἰ
896 5491 1164 5564 προσέθου
1186 5489 1286 5564 καὶ
1306 5490 1368 5543 τὸ
1393 5490 1614 5564 πνεῦμα
1635 5489 1697 5543 τὸ
1710 5490 1906 5564 ἀύτοῦ,
1956 5489 2154 5564 ᾷριστά

574 5582 661 5618 σοι
690 5562 758 5615 ἂν
782 5559 1135 5631 ἐθεολογεῖτο,
1187 5562 1281 5615 καὶ
1330 5559 1658 5615 τελεώτατα.
1710 5561 1907 5631 {erum
1957 5559 2073 5616 haec
2119 5577 2150 5615 a

576 5633 832 5688 Ferrario
854 5629 1058 5688 omissa
1091 5643 1238 5696 sunt,
1276 5641 1332 5686 et
1388 5633 1441 5686 in
1488 5632 1677 5686 codice
1724 5629 2019 5686 Bodleiano
2066 5640 2153 5685 est

579 5711 795 5776 tantum
819 5703 1133 5776 observatio
1155 5703 1473 5776 marginalia
1499 5703 1691 5759 scribae
1749 5702 1803 5759 in
1858 5703 2150 5773 Origenem

581 5769 1082 5829 animadvertentis.

1540 5230 1587 5262 ⁸⁸
1647 5230 1836 5284 Matth.
1863 5245 1901 5295 ι,
1937 5230 2006 5283 27
2032 5241 2047 5290 ;
2070 5228 2205 5283 Luc.
2232 5243 2290 5294 Χ,
2311 5227 2401 5280 ‘22.

2326 5347 2440 5470 (6460)
2470 5345 2651 5401 Codex
2701 5345 3050 5414 Bodleianus,
3109 5345 3349 5410 πάθους⁶
3397 5347 3567 5404 editio
3627 5347 3830 5416 Huetii,

2326 5435 2334 5470 ι
2400 5435 2541 5470 ντος.

2257 5435 2541 5480 παυοντος.

2329 5488 2440 5559 (Η)
2472 5489 2650 5559 Codex
2683 5485 3031 5559 Bodleianus,
3062 5486 3391 5559 δεδόξασται,

2325 5556 2438 5629 (42)
2470 5557 2578 5612 Καὶ
2606 5557 2680 5610 δι’
2715 5556 2790 5624 ἧς
2825 5556 3334 5629 ἐδοξάσθη-δόξης
3360 5557 3430 5629 ἐν
3475 5558 3601 5625 τοῖς
3653 5557 3834 5629 ἐγνω-

2255 5626 2432 5684 κόσιν
2462 5629 2648 5682 αὐτὸν
2693 5629 3071 5695 περιεποίησε
3105 5626 3292 5691 δόξαν
3338 5628 3460 5696 τοῖς
3501 5626 3836 5697 ἐγνωκόσιν

2259 5699 2465 5754 αὐτόν.
2512 5698 2636 5752 Haec
2694 5698 3074 5752 desiderantur
3122 5699 3176 5751 in
3229 5699 3451 5768 codice“
3475 5698 3664 5768 Regio.
3733 5702 3833 5754 sed

2264 5780 2482 5826 exstant
2511 5770 2564 5824 in
2592 5769 2907 5826 dodleiauo.
2948 5783 3121 5825 eaoue
3155 5768 3365 5825 viderat
3411 5765 3700 5825 Ferrarius
3823 5773 3826 5776 '
