4182 6362
466 298 571 355 821

1457 292 1819 352 COMMENT.
1862 292 1929 348 IN
1967 291 2160 349 JOAN.
2205 291 2450 349 TOMUS
2490 294 2710 350 XXXII.
2809 337 2811 340 -

3627 298 3734 352 89.2

403 485 406 488 ν
469 415 557 467 καὶ
577 413 746 466 εἰκόνι
764 410 860 467 τοῦ
884 411 1018 466 Θεοῦ
1047 410 1282 485 ἀοράτου
1301 411 1331 464 6
1357 413 1624 484 γεννήσας
1653 410 1814 465 αὑτὸν
1836 409 2046 482 Πατὴρ,

2154 409 2322 466 Filius
2366 425 2434 466 ex
2469 411 2798 478 oeconomia,
2847 412 2986 466 hanc
3030 411 3100 467 ob
3145 424 3363 467 causam
3408 411 3574 466 etiam
3624 412 3733 465 Pa-

474 505 559 558 τοῦ
593 503 852 575 ἐγιδόντος
887 505 953 574 τῇ
979 505 1146 557 εἰκόνι
1169 503 1265 556 τοῦ
1296 504 1528 575 ἀοράτου
1550 503 1684 556 Θεοῦ
1709 503 1913 566 εὐθέως
1941 503 2054 556 ἐνο-

364 583 368 590 ’
470 595 566 664 ρᾷν
590 594 888 664 δυναμένου
915 594 1108 664 καὶτῷ
1133 592 1474 665 πρωτοτύπῳ
1493 593 1594 662 τῆς
1616 593 1822 656 εἰκόνος
1849 592 1926 663 τῷ
1947 593 2055 646 Πα-

465 686 572 756 τρί.
608 688 727 739 Ἔτι
761 687 817 740 δὲ
865 688 959 740 καὶ
987 687 1157 750 οὕτως
1185 688 1516 758 σαφέστερον
1563 685 1628 739 ἂν
1656 686 1725 740 τὰ
1763 684 1906 739 κατά
1962 684 2054 738 τὸν

463 777 627 830 τόπον
656 778 1006 850 λαμὸάνοιτο·
1057 780 1144 842 Ὠς
1175 779 1267 832 διά
1304 796 1454 842 τινας
1489 780 1550 832 τὸ
1577 778 1746 848 ὄνομα
1779 778 1872 831 τοῦ
1915 779 2050 833 Θεοῦ

465 875 868 946 βλασφημεῖται
895 875 952 926 ἐν
977 875 1092 936 τοῖς
1131 873 1359 937 ἔθνεσιν,
1387 871 1528 926 οὕτω
1565 871 1653 925 διά
1676 873 1803 936 τοὺς
1840 872 2050 940 ἁγίους,

461 961 539 1021 ὧν
574 967 831 1037 βλέπεται
865 965 936 1018 τά
984 963 1124 1018 καλά
1156 965 1291 1037 ἔργα
1341 964 1699 1034 λαμπρότατα
1743 962 2051 1034 ἔμπροσθεν

461 1061 572 1115 τῶν
598 1059 920 1131 ἀνθρώπων,
951 1055 1234 1124 δοξάζεται
1265 1056 1326 1110 τὸ
1374 1057 1544 1126 ὄνομα
1570 1055 1662 1108 τοῦ
1695 1054 1909 1124 Πατρὸς
1955 1053 2050 1107 τοῦ

463 1151 522 1204 ἐν
565 1153 676 1212 τοῖς
714 1149 981 1220 οὐρανοῖς·
1019 1149 1076 1201 ἐν
1103 1145 1208 1199 τίνι
1226 1143 1318 1200 οῦν
1350 1145 1608 1216 ἐδοξάσθη
1645 1144 1897 1198 τοσοῦτον
1927 1143 2052 1198 ὅσον

461 1245 522 1296 ὲν
563 1241 642 1311 τῷ
703 1241 898 1312 Ἰησοῦ,
947 1240 1069 1293 ἐπεὶ
1115 1259 1133 1291 ι
1175 1238 1451 1310 ἁμαρτίαν
1489 1239 1590 1291 οὐκ
1633 1237 1878 1307 ἐποίησε,
1916 1236 2052 1308 μηδὲ

462 1334 660 1406 εὑρέθη
685 1334 834 1398 δόλος
853 1336 909 1387 ἐν
932 1333 1010 1403 τῷ
1040 1333 1269 1403 στόματι
1298 1330 1488 1393 αὐτοῦ,
1515 1351 1534 1384 ο
1562 1331 1696 1402 μηδὲ
1712 1329 1854 1398 ἔγνω
1877 1330 2051 1401 ἁμαρ-

461 1424 617 1490 τίαν“;
674 1425 782 1477 Καὶ
830 1422 1070 1485 τοιοῦτος
1108 1415 1202 1476 οῦν
1232 1420 1307 1473 ὢν
1340 1422 1369 1473 6
1417 1420 1546 1484 Υἱὸς
1576 1418 1860 1490 ἐδοξάσθη,
1884 1417 1980 1471 καὶ
2020 1417 2050 1468 6

458 1519 595 1583 Θεδς
627 1517 884 1589 ἐδοξάσθη
917 1520 976 1570 ἐν
1005 1515 1174 1586 αὐτῷ.
1207 1516 1270 1569 Ei
1292 1516 1349 1568 δὲ
1378 1517 1408 1568 6
1429 1515 1564 1578 Θεὸς
1594 1513 1854 1584 ἐδοξάσθη
1881 1513 1940 1566 ἐν
1959 1513 2051 1566 αὑ-

461 1611 559 1682 τῷ,
588 1612 962 1681 ἀντιδωρεῖται
992 1608 1142 1680 αὐτῷ
1178 1611 1207 1662 6
1249 1608 1442 1679 Πατὴρ
1477 1607 1540 1660 τὸ
1573 1608 1754 1678 μεῖζον
1783 1600 1844 1660 οὗ
1871 1607 1900 1659 6
1922 1605 2049 1670 Υἱὸς

458 1702 555 1756 τοῦ
608 1701 898 1774 ἀνθρώπου
932 1699 1225 1771 πεποίηκε·
1275 1698 1457 1770 μεῖζον
1495 1697 1604 1770 γὰρ
1635 1696 1714 1768 τῷ
1765 1695 2048 1762 δοξάσαντι

457 1789 552 1842 τὸν
579 1789 733 1856 Θεὸν,
764 1789 1007 1842 ἐλάττονι
1035 1789 1125 1842 τὸν
1154 1788 1498 1860 διαφέροντα,
1526 1787 1666 1840 κατὰ
1689 1787 1770 1840 τό·
1797 1807 1817 1839 ι
1859 1788 1916 1840 Ὁ
1939 1789 2051 1840 Πα-

459 1881 565 1950 τὴρ
600 1880 630 1931 6
660 1879 884 1949 πέμψας
935 1896 1003 1950 με
1048 1877 1249 1948 μείζων
1291 1878 1404 1948 (45)
1442 1894 1544 1948 μου
1577 1875 1716 1943 ἐστὶ,
1760 1895 1778 1928 ι
1807 1877 1868 1930 τὸ
1893 1878 2050 1944 δοξα-

459 1971 656 2043 σθῆναι
693 1972 785 2024 τὸν
822 1972 948 2026 Υἱὺν
976 1971 1068 2024 τοῦ
1103 1971 1391 2043 ἀνθρώπου
1420 1969 1516 2024 τοῦ
1541 1971 1652 2040 (Μ)
1677 1970 1767 2024 τὸν
1790 1971 2049 2024 ἐλάττονα

456 2065 517 2116 ἐν
544 2061 622 2133 τῷ
660 2061 778 2133 Θεῷ
813 2061 926 2132 (45)
953 2062 1244 2134 κρείττονι.
1266 2063 1378 2116 Καὶ
1405 2061 1584 2132 πολλῷ
1609 2079 1673 2130 γε
1705 2062 2048 2133 ὑπερέχουσα

457 2155 492 2224 ἡ
517 2154 643 2220 δόξα
679 2157 737 2209 ἐν
772 2153 850 2226 τῷ
874 2155 991 2225 Υἱῷ
1029 2156 1198 2220 ἐστιν,
1233 2157 1324 2209 ὅτε
1352 2155 1565 2220 δοξάζει
1595 2155 1758 2208 αὐτὸν
1781 2157 1810 2208 6
1833 2156 2046 2227 Πατὴρ,

455 2245 490 2315 ἦ
518 2247 576 2298 ἐν
594 2243 672 2315 τῷ
697 2245 896 2317 Πατρὶ,
929 2247 1019 2299 ὅτε
1055 2246 1314 2317 ἐδοξάσθη
1345 2248 1373 2298 6
1396 2245 1584 2319 Πατὴρ
1611 2249 1668 2300 ἐν
1683 2246 1760 2317 τῷ
1782 2245 1915 2317 Υίῷ.
1936 2246 2048 2300 Καὶ

456 2335 666 2406 ἔπρεπέ
711 2353 776 2405 γε
823 2337 914 2392 τὸν
950 2337 1172 2408 μείζονα
1216 2338 1579 2410 ἀμειϐόμενον
1610 2339 1712 2410 τὴν
1753 2338 1934 2405 δόξαν,
1980 2339 2047 2408 ἢν

454 2426 706 2493 ἐδόξασεν
732 2427 894 2482 αὑτὸν
924 2430 952 2481 6
981 2429 1132 2492 Υἱὸς,
1177 2429 1506 2500 χαρίσασθαι
1547 2429 1626 2500 τῷ
1653 2429 1767 2500 Υίῷ
1799 2429 1861 2482 τὸ
1889 2428 2046 2493 δοξά-

456 2535 547 2571 σαι
579 2519 740 2572 αὐτὸν
775 2521 833 2571 ἐν
859 2519 1028 2589 αὐτῷ,
1059 2521 1126 2573 ἵν’
1157 2522 1185 2573 6
1222 2521 1349 2584 Υἱὸς
1435 2522 1493 2576 ἐν
1513 2519 1590 2592 τῷ
1611 2520 1728 2592 Θεῷ
1757 2520 2048 2592 δοξαζόμε-

455 2625 565 2672 νος.
597 2605 713 2661 Εῖτ’
751 2609 875 2662 ἐπεὶ
918 2611 1043 2663 ὅσον
1090 2610 1302 2664 οὐδέπω
1343 2609 1519 2665 ταῦτα
1556 2611 1798 2681 γίνεσθαι
1829 2613 2044 2683 ἔμελλε,

453 2700 620 2770 (λέγω
645 2701 703 2754 δὲ
733 2701 794 2755 τὸ
816 2702 1138 2770 δοξάζεσθαι
1166 2705 1258 2757 τὸν
1275 2697 1404 2758 Υίὸν
1437 2706 1494 2760 ἐν
1521 2704 1602 2775 τῷ
1633 2705 1796 2776 Θεῷ),
1823 2705 1911 2759 διὰ
1929 2706 2047 2760 τοῦ·

451 2810 512 2846 το
544 2793 793 2865 ἐπιφέρει
820 2795 900 2848 τό·
944 2815 964 2848 ‹
1000 2796 1110 2849 Καὶ
1139 2795 1301 2859 εὐθὺς
1329 2795 1540 2863 δοξάσει
1569 2797 1752 2851 αὐτόν.
1792 2817 1812 2850 ι
1860 2798 2046 2853 Ταῦτα

451 2883 512 2936 δέ
537 2884 636 2939 οὐκ
661 2885 960 2958 ἀγνοοῦμεν
1011 2886 1191 2958 πολλῷ
1233 2883 1370 2940 εἶναι
1404 2887 1662 2941 ἐλάττονα
1695 2880 1769 2942 ὧν
1797 2893 1966 2959 χωρεῖ
2017 2892 2046 2943 6

449 2978 616 3043 τόπος
650 2979 1060 3050 ἐξεταζόμενος,
1102 2979 1583 3044 ἀποκαλύπτοντος
1618 2981 1714 3034 τοῦ
1746 2981 1904 3045 Θεοῦ,
1951 2983 2045 3036 καὶ

452 3071 844 3143 ἐπιδημοῦντος
869 3073 961 3126 τοῦ
981 3075 1155 3167 Λόγρυ
1190 3073 1354 3127 αὑτοῦ
1375 3073 1457 3137 είς
1483 3074 1546 3126 τὸ
1576 3075 1923 3146 παραστῆσαι
1941 3075 2042 3145 τὴν
2070 3110 2110 3167 C

450 3163 608 3229 δόξαν
643 3164 738 3218 τοῦ
771 3164 928 3228 Θεοῦ,
961 3166 1054 3220 καὶ
1075 3159 1120 3234 ᾧ
1159 3165 1384 3220 δύναται
1412 3165 1764 3237 δωρήσασθαι
1795 3169 1823 3220 6
1850 3167 2040 3238 Πατὴρ

450 3251 794 3327 δωρούμενος
843 3258 1153 3330 γνωσθῆναι
1205 3259 1306 3329 τὴν
1359 3260 1538 3312 πᾶσαν
1563 3257 1727 3324 δόξαν
1758 3259 1852 3312 τοῦ
1881 3257 2036 3312 Θεοῦ·

449 3346 532 3400 διὸ
546 3347 623 3412 ὡς
652 3348 874 3420 βραχεῖς
903 3352 998 3404 καὶ
1026 3349 1204 3420 πολλῷ
1225 3349 1598 3422 ταπεινότεροι
1629 3350 1730 3420 τῆς
1762 3349 1918 3416 ἀξίας
1933 3350 2042 3403 τῶν

449 3436 649 3507 λόγων,
685 3441 779 3494 καὶ
826 3443 919 3495 ἐπὶ
950 3445 1064 3505 τοῖς
1089 3441 1356 3495 ἐκτεθεῖσι
1401 3441 1630 3512 χάριτας
1669 3441 2040 3513 ὁμολογοῦμεν

450 3528 530 3600 τῷ
582 3530 704 3602 Θεῷ
758 3527 876 3588 οὖσι
934 3533 1114 3604 πολλῷ
1177 3532 1389 3605 μείζοσι
1445 3533 1560 3588 (46)
1614 3533 1717 3597 τῆς
1763 3534 2040 3605 ἡμετέρας

452 3620 630 3686 ἀξίας.

2159 510 2240 555 ter
2287 515 2383 570 per
2431 501 2629 556 Filium
2689 502 3027 572 gloriﬁcatus
3077 509 3182 557 est.
3224 501 3320 558 Vel
3376 501 3552 556 illud:
3597 519 3617 554 ι
3665 503 3732 556 Et

2155 592 2298 649 Deus
2320 594 2661 665 gloriﬁcatus
2697 604 2780 650 est
2807 611 2902 665 per
2929 597 3160 660 ipsum,»
3197 595 3543 651 examinabis
3570 597 3731 652 sinml

2155 700 2278 738 cum
2307 686 2398 741 illo
2425 687 2570 740 dicto
2603 704 2617 738 :
2649 685 2788 748 «Qui
2843 687 2980 740 vidit
3018 700 3126 752 me,
3172 684 3307 740 vidit
3348 683 3588 751 Patrem,
3637 686 3730 756 qui

2151 776 2312 848 451
2357 779 2503 832 misit
2531 794 2616 834 me
2638 778 2705 832 ⁸⁸.
2731 789 2752 822 )
2789 779 3014 852 Videtur
3044 780 3189 834 enim
3225 778 3280 833 in
3315 778 3580 848 Sermone
3609 779 3732 834 exi-

2155 869 2318 924 stenti
2373 870 2504 934 Deo,
2543 878 2600 926 et
2652 870 2894 942 imagine
2952 869 3247 925 invisibilis
3279 869 3376 925 Dei
3427 869 3592 925 Pater
3637 871 3731 940 qui

2154 959 2330 1027 ipsum
2367 959 2593 1028 genuit:
2629 975 2755 1014 cum
2808 960 2856 1015 is
2889 961 2980 1030 qui
3033 959 3334 1028 inspexerit
3391 959 3444 1015 in
3496 960 3734 1032 imagine

2154 1053 2446 1108 invisibilis
2497 1054 2615 1119 Dei,
2667 1055 2854 1110 statim
2908 1055 3181 1126 inspicere
3233 1056 3399 1113 etiam
3463 1057 3639 1127 possit
3679 1057 3732 1110 in

2152 1143 2335 1210 Patre,
2379 1145 2473 1214 qui
2509 1153 2592 1199 est
2623 1146 2856 1214 primum
2890 1145 3192 1216 exemplar.
3239 1146 3432 1202 Adhuc
3488 1147 3632 1202 hunc
3677 1147 3732 1201 in

2155 1235 2372 1290 modum
2399 1234 2642 1303 apertius
2663 1236 2827 1290 etiam
2851 1236 3195 1306 interpretari
3216 1246 3394 1306 potest
3418 1237 3507 1291 hic
3535 1237 3686 1291 locus
3709 1249 3730 1290 ε

2151 1341 2273 1380 cum
2298 1327 2444 1380 enim
2478 1341 2576 1396 per
2600 1336 2838 1394 sanctos,
2871 1343 3100 1396 quorum
3123 1329 3376 1383 videntur
3405 1328 3545 1385 bona
3567 1343 3732 1398 opera

2151 1417 2586 1489 Splendidissima
2643 1433 2832 1474 coram
2893 1420 3208 1476 hominibus
3264 1420 3332 1486 ⁸⁷,
3395 1419 3732 1491 gloriﬁcatur

2153 1524 2348 1565 nomen
2374 1508 2551 1564 Patris
2574 1509 2627 1564 in
2653 1509 2827 1573 caelis,
2853 1511 3307 1577 quemadmodum
3334 1515 3498 1566 etiam
3531 1524 3728 1565 nomen

2152 1601 2246 1656 Dei
2284 1615 2379 1669 per
2407 1601 2673 1670 quosdam
2719 1601 3128 1670 blasphematur
3173 1602 3314 1656 inter
3360 1612 3550 1672 gentes
3579 1602 3646 1666 ⁸⁸,
3677 1605 3730 1656 in

2151 1708 2390 1762 quonam
2446 1693 2674 1763 perinde
2722 1694 3062 1762 glorilicatus
3102 1703 3184 1748 est
3234 1692 3420 1760 Pater,
3469 1703 3631 1764 atque
3673 1695 3728 1748 iu

2149 1782 2297 1847 Iesu,
2333 1783 2768 1853 quandoquidem
2807 1800 2826 1833 ι
2861 1792 3144 1852 peccatum
3176 1797 3280 1837 non
3318 1783 3443 1838 fecit
3467 1824 3482 1850 ,
3515 1799 3618 1840 nec
3644 1784 3730 1838 in-

2153 1883 2348 1928 ventus
2375 1873 2476 1927 fuit
2509 1874 2666 1929 dolus
2701 1874 2754 1927 in
2785 1888 2884 1929 ore
2941 1873 3062 1944 ejus
3085 1874 3155 1938 3’,
3189 1891 3208 1926 ι
3249 1888 3428 1943 neque
3482 1877 3734 1944 cognovit

2153 1975 2438 2036 peccatum
2464 1966 2487 2020 ?
2521 1964 2671 2020 Talis
2711 1966 2876 2036 igitur
2919 1981 3041 2022 cum
3066 1977 3211 2021 esset
3238 1966 3434 2032 Filius,
3458 1967 3732 2037 gloriﬁca-

2153 2066 2240 2110 tus
2268 2064 2372 2118 est,
2400 2065 2455 2110 et
2486 2055 2630 2111 Deus
2651 2055 2990 2124 gloriﬁcatus
3021 2071 3117 2126 per
3151 2057 3326 2126 ipsum
3360 2066 3462 2112 est.
3496 2057 3652 2124 Quod
3683 2059 3732 2114 si

2151 2147 2293 2202 Deus
2325 2148 2664 2218 glorilicatus
2692 2157 2778 2203 est
2805 2162 2902 2218 per
2932 2149 3130 2217 ipsum,
3175 2149 3318 2203 Deus
3359 2149 3442 2203 illi
3485 2151 3730 2206 vicissim

2150 2239 2319 2294 donat
2369 2239 2515 2309 quod
2568 2239 2743 2310 majus
2781 2250 2866 2295 est
2921 2254 2981 2295 re
3030 2239 3118 2294 illa
3166 2255 3332 2310 quam
3381 2241 3508 2296 fecit.
3554 2241 3730 2298 Filius

2150 2331 2411 2386 hominis.
2438 2329 2612 2400 Majus
2642 2331 2789 2386 enim
2821 2341 2906 2386 est
2934 2333 3078 2402 quod
3124 2331 3292 2388 Filius
3339 2334 3574 2389 hominis
3607 2335 3726 2404 glo-

2149 2426 2395 2480 rilicatus
2426 2425 2593 2478 luerit
2625 2439 2721 2494 per
2746 2425 2914 2479 Deum
2942 2465 2958 2491 ,
2995 2424 3222 2480 inferior
3253 2440 3352 2495 per
3384 2427 3728 2494 praestantio-

2148 2533 2284 2585 rem,
2312 2533 2474 2587 quam
2504 2519 2645 2586 quod
2675 2515 2902 2572 inferior
2943 2517 3330 2588 gloriﬁcaverit
3361 2519 3528 2573 Deum
3583 2534 3726 2587 pra:—

2147 2612 2468 2666 stantiorem
2488 2608 2641 2676 juxta
2667 2609 2838 2665 illud:
2871 2627 2891 2661 ι
2925 2609 3087 2664 Pater
3113 2610 3207 2680 qui
3242 2611 3391 2665 misit
3419 2626 3527 2678 me,
3558 2613 3731 2682 major

2147 2720 2234 2758 me
2259 2712 2342 2758 est
2375 2705 2477 2759 ³ο.»
2514 2704 2693 2774 Atque
2720 2701 2966 2773 profecto
2992 2702 3157 2772 longe
3179 2705 3533 2760 excellentior
3555 2703 3728 2774 gloria

2146 2805 2229 2851 est
2267 2797 2318 2848 in
2351 2795 2511 2860 Filio,
2542 2797 2760 2866 quando
2797 2794 3068 2866 gloriﬁcat
3113 2797 3286 2866 ipsum
3320 2796 3503 2864 Pater,
3561 2811 3730 2866 quam

2147 2885 2219 2939 sit
2248 2885 2300 2938 in
2329 2884 2514 2952 Patre,
2555 2885 2776 2955 quando
2810 2885 3147 2957 glorilicatus
3177 2885 3342 2942 fuerit
3383 2904 3479 2958 per
3504 2887 3726 2945 Filium.

2147 2977 2491 3048 Decebatque
2517 2977 2766 3048 profecto
2795 3017 2811 3041 ,
2845 2988 2904 3032 ut
2939 2979 3112 3048 major
3141 2978 3384 3034 vicissim
3421 2982 3729 3049 rependens

2145 3071 2392 3138 gloriam,
2425 3085 2530 3140 qua
2559 3069 2898 3139 gloriﬁcarat
2941 3082 3066 3123 eum
3095 3067 3288 3134 Filius,
3324 3072 3728 3140 gratiﬁcaretur

2149 3161 2286 3216 Filio
2321 3160 2678 3232 gloriﬁcando
2708 3175 2832 3216 eum
2860 3159 2912 3213 in
2942 3174 3002 3214 se
3030 3159 3211 3216 Patre.
3239 3161 3444 3218 Deinde
3466 3166 3725 3234 quoniam

2147 3255 2265 3310 hanc
2287 3255 2400 3326 jam
2438 3255 2617 3309 futura
2665 3264 2822 3308 erant
2869 3255 3030 3325 (dico
3076 3263 3257 3310 autem
3301 3255 3600 3323 gloriﬁcari
3634 3259 3726 3314 Fi-

2147 3346 2278 3401 lium
2325 3347 2565 3402 hominis
2613 3361 2711 3418 per
2743 3344 2957 3417 Deum)
3004 3347 3211 3401 idcirco
3255 3347 3534 3419 subjungit
3562 3366 3576 3402 :
3609 3349 3726 3404 cEt

2146 3439 2406 3495 continuo
2434 3438 2765 3509 gloriﬁcabit
2797 3455 2922 3494 eum
2955 3438 3024 3492 ".
3057 3455 3078 3490 ι
3112 3437 3222 3494 Νεε
3255 3454 3385 3496 vero
3410 3441 3724 3511 ignoramus

2144 3534 2261 3588 haec
2286 3534 2444 3602 longe
2470 3531 2732 3587 inferiora
2771 3546 2893 3587 esse
2931 3533 3016 3587 his
3048 3549 3170 3602 quae
3210 3549 3451 3602 prmsens
3478 3536 3723 3604 requirat

2145 3624 2320 3688 locus,
2355 3639 2518 3693 quem
2551 3638 2698 3679 nunc
2723 3623 3101 3680 examinamus
3127 3624 3402 3681 revelante
3459 3625 3570 3682 Deo
3591 3663 3610 3693 ,
3665 3635 3723 3682 et

453 3725 722 3780 praesente
754 3719 1050 3775 exsistente
1083 3720 1260 3776 Verbo
1310 3735 1412 3776 suo
1461 3719 1530 3776 ad
1573 3720 2053 3777 demonstrandum
2109 3718 2340 3789 gloriam
2372 3718 2509 3772 Dei:
2539 3715 2560 3789 [
2592 3716 2730 3790 (47')
2779 3716 2978 3789 cuique
3039 3715 3204 3774 Pater
3249 3718 3381 3772 dare
3418 3727 3624 3786 posset,
3661 3727 3722 3774 ut

453 3809 634 3865 omnis
695 3810 787 3866 Dei
831 3813 1001 3881 gloria
1066 3814 1560 3887 cognosceretur.]
1615 3815 1795 3881 Quare
1847 3814 2015 3870 veluti
2077 3814 2253 3884 parvi,
2307 3824 2363 3868 et
2409 3813 2569 3881 longe
2628 3810 2956 3880 abiectiores
3002 3827 3166 3882 quam
3213 3813 3456 3883 dignitas
3509 3828 3719 3869 sermo-

455 3913 586 3953 num
621 3899 829 3968 exigat,
856 3902 1064 3970 gratias
1094 3902 1201 3957 Deo
1235 3918 1460 3973 agamus
1496 3919 1591 3970 pro
1619 3905 1704 3959 his
1731 3919 1852 3972 qua:
1871 3905 2263 3972 exposuimus;
2322 3918 2446 3974 quae
2500 3903 2659 3974 longe
2687 3912 2815 3959 sunt
2845 3902 3050 3972 majora
3097 3912 3284 3960 nostra
3322 3906 3610 3977 dignitate.

527 3988 614 4044 l9.
643 4009 663 4042 ι
687 3991 908 4057 Τεκνία,
945 3991 1024 4045 ἔτι
1058 3995 1251 4066 μικρὸν
1280 3995 1400 4066 μεθ’
1419 3997 1573 4068 ὑμῶν
1605 4000 1752 4069 εἰμι·
1791 3999 2034 4071 Ζητήσε-

2216 3998 2306 4056 l9.
2359 4017 2378 4050 ι
2413 3996 2612 4064 Filioli,
2676 3998 2856 4053 adhuc
2911 3996 3194 4068 paulisper
3245 4000 3528 4055 vobiscum
3575 4017 3718 4056 sum.

449 4087 509 4137 τέ
550 4099 638 4152 με,
688 4085 783 4138 καὶ
825 4083 1010 4150 καθὼς
1041 4082 1194 4140 εἶπεν
1233 4092 1348 4154 τοῖς
1392 4091 1688 4157 Ἰουδαίοις,
1729 4092 1812 4145 ὅτι
1855 4093 2032 4146 Ὅπου

2150 4087 2408 4156 Quaeretis
2437 4105 2544 4158 me,
2576 4099 2631 4145 et
2653 4091 2800 4146 sicut
2831 4089 2942 4144 dixi
2968 4088 3170 4147 Judaeis
3203 4111 3216 4146 :
3250 4091 3368 4159 Quo
3409 4107 3510 4162 ego
3556 4094 3715 4156 abeo.

451 4174 563 4244 ἐγώ
599 4177 737 4248 εἰμι,
773 4177 932 4248 ὑμεῖς
973 4178 1034 4231 οὐ
1077 4178 1304 4233 δύνασθε
1343 4180 1537 4247 ἐλθεῖν,
1586 4183 1681 4236 καὶ
1714 4184 1841 4254 ὑμῖν
1887 4183 2034 4252 λέγω

2150 4195 2236 4235 vos
2272 4196 2378 4236 non
2405 4183 2634 4250 potestis
2669 4183 2858 4237 venire
2887 4200 2904 4250 ;
2937 4193 2995 4238 et
3032 4184 3185 4240 vobis
3224 4183 3347 4239 dico
3397 4199 3544 4238 nunc
3588 4185 3654 4238 θ’.
3691 4203 3712 4236 ι

447 4268 594 4339 ἄρτι.
627 4287 646 4320 ι
682 4268 1016 4338 Συναγαγὼν
1065 4271 1131 4323 ἐκ
1174 4271 1282 4325 τῶν
1308 4273 1657 4342 Εὐαγγελίων
1673 4275 1772 4338 τὰς
1807 4275 1883 4339 ὡς
1925 4275 2032 4329 ὑπὸ

2150 4269 2274 4325 Cum
2306 4273 2595 4342 collegeris
2623 4287 2690 4327 ex
2713 4272 3026 4341 Evangeliis
3057 4289 3220 4330 voces
3248 4289 3368 4344 quae
3399 4275 3656 4330 dicuntur
3683 4291 3729 4330 α,-

449 4362 664 4435 Πατρδς
680 4362 773 4416 τοῦ
797 4363 1047 4435 Σωτῆρος
1068 4367 1100 4436 ή
1109 4365 1224 4435 μῶν
1256 4365 1554 4438 λεγομένας
1574 4369 1709 4440 πρὸς
1740 4369 1905 4423 τέκνα
1922 4387 2034 4439 φω-

2150 4362 2434 4418 Servatore
2469 4374 2681 4429 nostro,
2709 4373 2965 4436 tanquam
3003 4382 3034 4421 a
3064 4377 3218 4433 patre
3248 4366 3314 4421 ad
3347 4366 3514 4434 ﬁlios,
3543 4367 3719 4422 conli-

448 4453 565 4518 νὰς,
596 4453 790 4527 θάρρει
817 4454 1016 4524 λέγειν,
1045 4457 1128 4510 ὅτι
1156 4458 1318 4511 τινῶν
1347 4462 1375 4513 6
1405 4461 1595 4532 Σωτὴρ
1637 4462 1828 4534 Πατήρ
1861 4463 2029 4516 ἐστιν·

2150 4459 2256 4514 [Ιίιο
2305 4459 2493 4515 dicere
2559 4458 2908 4514 Servatorem
2962 4471 3084 4513 esse
3131 4455 3436 4526 aliquorum
3478 4465 3715 4528 patrem.

447 4544 527 4613 τῷ
572 4549 671 4617 μὲν
715 4549 824 4620 γὰρ
875 4552 1233 4623 παραλυτικῷ
1285 4571 1440 4624 φησι·
1490 4574 1510 4607 ι
1551 4557 1773 4628 Θάρσει,
1821 4557 2030 4626 τέκνον,

2150 4551 2318 4622 luquit
2345 4551 2492 4606 enim
2525 4550 2827 4623 paralytico
2861 4549 2908 4582 ”
2937 4568 2950 4604 :
2981 4569 3001 4603 ι
3039 4548 3285 4616 Conlide,
3309 4548 3405 4614 ﬂii,
3426 4551 3718 4604 remittun-

448 4637 700 4706 ἀφίενταί
737 4658 818 4694 σοι
849 4644 906 4696 αί
922 4644 1209 4716 ἁμαρτίαι·
1243 4666 1267 4727 ρ
1305 4633 1371 4718 τῇ
1399 4647 1454 4700 δὲ
1476 4649 1865 4721 αἱμορῤοούσῃ·
1887 4669 1906 4701 ι
1928 4649 2034 4703 Θῦ-

2150 4658 2226 4699 Lur
2263 4642 2358 4698 tibi
2389 4641 2553 4713 452
2580 4651 2841 4713 peccata;
2873 4661 2894 4695 ι
2932 4641 3146 4696 feminae
3169 4655 3299 4697 vero
3320 4639 3467 4696 ﬂuxu
3490 4641 3714 4712 sangui-

447 4744 640 4801 γατερ,
673 4734 707 4802 ὴ
749 4733 932 4797 πίστις
968 4751 1062 4788 σου
1092 4737 1300 4791 σέσωκέ
1333 4755 1412 4792 σε.
1453 4759 1472 4792 ι
1509 4741 1619 4793 Καὶ
1651 4739 1748 4794 νῦν
1780 4744 1892 4805 τοῖς
1928 4759 2034 4812 μα·-

2150 4737 2223 4791 ιιίε
2257 4735 2526 4790 laboranti
2553 4752 2570 4790 :
2600 4753 2618 4786 ι
2638 4735 2796 4802 Filia,
2823 4735 2956 4790 ﬁdes
2984 4745 3077 4789 tua
3104 4743 3158 4789 te
3183 4735 3390 4790 salvam
3421 4733 3551 4790 fecit
3603 4733 3710 4790 ⁸⁸.»

447 4821 640 4894 θηταῖς
671 4825 818 4895 λέγει
863 4828 942 4880 τό·
979 4847 998 4880 ι
1035 4831 1252 4898 Τεκνία,
1297 4851 1314 4882 ι
1347 4832 1722 4904 ἐμφαίνοντος,
1759 4832 1935 4904 οἶμαι,
1977 4835 2032 4889 τί

2150 4828 2291 4885 N‘unc
2337 4829 2503 4883 etiam
2539 4827 2820 4896 discipulis
2875 4827 3054 4896 inquit
3085 4840 3103 4881 :
3135 4844 3156 4878 ι
3187 4825 3364 4882 Filioli
3392 4843 3408 4894 ;
3435 4845 3456 4879 ι
3520 4837 3712 4883 osten-

446 4915 541 4967 καὶ
572 4914 666 4969 τοῦ
700 4917 1142 4990 ὑποκοριστικοῦ,
1165 4924 1259 4976 καὶ
1295 4925 1636 4989 διδάσκοντος
1669 4925 1766 4996 τὴν
1784 4927 1864 4979 ἔτι
1893 4927 2029 5000 βρα-

2150 4919 2318 4984 lente,
2373 4921 2589 4990 Opinor,
2635 4918 2763 4974 Jesu
2812 4919 3132 4977 nonnullum
3188 4920 3520 4976 blandientis
3576 4920 3711 4976 alie-

443 5001 654 5092 χύτητα
685 5006 784 5076 τῆς
810 5006 917 5060 τῶν
943 5008 1257 5065 ἀποστόλων
1295 5012 1472 5084 ψυχῆς
1501 5015 1644 5092 τότε.
1689 5016 1814 5068 Ἐὰν
1850 5016 1908 5070 δέ
1946 5034 2028 5080 τις

2150 5021 2300 5078 :tnm,
2326 5011 2598 5080 simulque
2627 5012 2857 5067 docente
2877 5013 3159 5092 apostolos
3177 5015 3343 5070 etiam
3383 5021 3494 5066 tum
3524 5013 3711 5068 animo

444 5094 602 5166 ζητῇ·
617 5090 727 5166 *Αρ
741 5095 756 5116 '
774 5095 869 5152 οῦν
883 5099 913 5151 ὁ
935 5102 1300 5172 παραλυτικὸς
1313 5081 1555 5169 iamiam},
1574 5104 1796 5168 Τέκνον,
1821 5108 2031 5162 ἐντελέ-

2150 5101 2356 5157 ›ιιεὶΙΙοε
2382 5117 2526 5157 esse.
2558 5103 2654 5157 Sin
2684 5117 2818 5158 vero
2853 5081 3062 5170 quaerat
3092 5103 3290 5174 aliquis
3322 5119 3454 5158 num
3484 5105 3708 5177 paraly-

444 5202 635 5255 στερος
654 5183 722 5258 ἦν
748 5186 856 5242 τῶν
881 5188 991 5259 (47)
1016 5191 1154 5262 πρὸς
1174 5193 1268 5258 οὓς
1291 5196 1320 5248 6
1351 5195 1518 5264 Λόγος
1535 5197 1688 5266 φησὶ,
1723 5214 1742 5247 ι
1767 5198 2024 5252 Τεκνίαοι

2157 5197 2272 5250 icus
2327 5196 2504 5250 dictus
2560 5195 2726 5261 illius,
2787 5197 3166 5253 honorabilior
3218 5198 3290 5253 sit
3342 5197 3452 5253 illis
3509 5199 3710 5267 quibus

442 5275 688 5342 ἀκούσει,
720 5278 822 5342 ὅτι,
856 5281 911 5332 εἰ
951 5298 1037 5346 τις
1073 5283 1174 5354 μέν
1214 5286 1332 5338 ἐστι
1371 5287 1605 5353 τεκνίον,
1652 5287 1870 5352 πάντως
1911 5291 2027 5344 ἐστὶ

2150 5286 2302 5344 Pilius
2333 5287 2428 5341 Dei
2453 5287 2612 5351 dixit,
2647 5307 2666 5338 ι
2687 5287 2922 5354 Filioli,:
2951 5289 2998 5344 is
3026 5289 3162 5345 sciat
3190 5303 3317 5344 eum
3342 5291 3438 5361 qui
3468 5290 3542 5346 sit
3566 5290 3708 5344 ﬁlio-

513 5368 561 5400 “
591 5367 887 5452 139ml":
923 5372 1014 5426 45.
1087 5375 1133 5407 ⁸⁷
1179 5375 1368 5452 Matth.
1417 5393 1467 5452 tr2
1501 5377 1588 5452 [ἐξ.
1655 5379 1744 5452 ,⁸³
1785 5379 1946 5452 Rom.
1986 5398 2045 5437 ιι.

2157 5421 2172 5434 .
2237 5382 2322 5437 ⁸³1
2359 5383 2507 5443 Petr.
2536 5397 2595 5447 tl,
2622 5382 2714 5436 22.
2820 5382 2866 5415 '°
2893 5382 3052 5440 .Ioan.
3107 5399 3224 5452 xtv,
3269 5383 3361 5440 28.
3465 5385 3510 5418 “
3545 5384 3708 5445 Joan.

446 5453 564 5506 xtn,
611 5440 701 5493 52.
775 5439 823 5470 "
863 5441 1021 5497 Joau.
1069 5459 1203 5511 xm,
1254 5447 1344 5501 55.
1420 5447 1468 5478 ’³
1517 5447 1708 5502 Matth.
1755 5465 1834 5514 tx,
1884 5451 1941 5506 2.
2018 5454 2049 5485 "

2150 5453 2278 5508 atth.
2315 5439 2396 5518 Ix',
2420 5453 2512 5510 22.

513 5533 626 5602 (45)
661 5533 838 5618 ςὶοιιεκ
871 5535 1094 5618 Regius,
1137 5540 1296 5604 male,
1324 5539 1468 5594 κατὰ
1497 5541 1527 5593 6
1557 5542 1748 5615 Πατὴρ
1797 5546 1826 5598 6
1873 5544 2018 5616 πέμ-

2199 5546 2310 5618 (ιδ)
2339 5529 2516 5618 Codex
2541 5545 2785 5618 inegius.
2819 5549 3023 5618 μεῖζον.

441 5602 1010 5688 φαειῆεὲειννξιοδ.
1081 5602 1088 5605 ⁷
1159 5681 1191 5688 -_
1418 5683 1430 5688 ,
1949 5602 1962 5616 ·

2199 5602 2312 5688 (47)
2361 5615 2504 5671 Τῶν.
2540 5602 2696 5670 Βεεζι
2725 5602 2784 5668 in
2817 5602 3005 5673 codice
3028 5616 3218 5688 Regio.

657 5675 787 5760 ζωῇ.
813 5673 1048 5760 Deestin
1073 5681 1262 5760 codice
1299 5681 1488 5760 Regio.
1541 5752 1575 5760 _
1656 5755 1668 5760 _

2199 5673 2333 5760 (47‘)
2356 5689 2480 5743 Haec
2501 5688 2868 5758 supplevimus
2889 5704 2918 5744 e
2945 5673 3216 5746 Perioiiio.

507 5743 625 5813 (45)
655 5743 794 5810 Θεῷ.
824 5745 986 5804 Deest
1019 5751 1074 5806 in
1096 5751 1286 5808 eodem
1322 5743 1506 5810 codice
1538 5752 1726 5820 Regio.
