4182 6362
495 274 613 331 ’825

1969 277 2297 339 ORIGENIS

3659 284 3790 342 ἐει

509 397 613 458 ius,
660 415 782 456 esse
831 401 995 455 etiam
1043 401 1266 455 omnino
1313 401 1481 456 tilium
1532 411 1753 474 propter
1798 403 1944 472 quod
2003 418 2072 456 ne

2175 457 2177 465 λ
2206 397 2414 452 τέκνον·
2443 397 2525 451 διὸ
2549 399 2610 452 ού
2644 399 2950 454 κεκώλυται
2983 399 3076 454 τὸν
3104 399 3469 470 παραλυτικὸν
3496 399 3789 472 λεγόμενον

510 492 862 564 paralyticus
902 493 1079 547 dictus
1125 492 1266 547 filius
1291 533 1306 558 ,
1339 494 1646 563 prohibitus
1677 503 1900 549 estesse
1930 493 2098 547 etiam

507 575 720 636 ﬁliolus
747 599 764 638 ι
789 583 1247 653 quemadmodum
1289 584 1458 638 etiam
1511 599 1736 640 necesse
1767 601 1874 639 non
1910 593 1996 638 est
2042 593 2101 638 ut

507 671 852 744 paralyticus
894 682 1240 741 nuncupatus
1291 673 1462 741 illius,
1509 675 1882 730 houorabilior
1917 677 1985 731 sit
2013 675 2100 730 his

512 781 654 836 quos
699 765 874 822 Filius
915 766 1012 821 Dei
1068 767 1208 822 dixit
1249 766 1470 822 ﬁliolas.
1547 765 1789 823 Proinde
1855 767 2098 824 sciamus

513 871 740 914 necesse
787 867 896 926 est,
945 873 1052 913 non
1088 869 1147 913 ιιι
1196 859 1250 913 in
1289 859 1604 914 hominibus
1639 861 1850 924 evenit,
1894 871 1953 916 ut
2002 861 2094 930 qui

511 950 658 1008 illius
687 951 920 1022 alicujus
946 951 1134 1018 fuerit,
1166 951 1210 1006 is
1240 951 1384 1005 illius
1411 962 1601 1020 postea
1625 968 1748 1007 esse
1784 953 1956 1008 frater
1985 969 2091 1008 non

511 1043 711 1113 possit,
743 1044 818 1096 ita
847 1045 1139 1099 evenireiu
1169 1041 1299 1098 Jcsu
1326 1053 1384 1097 ut
1416 1043 1615 1115 aliquis
1638 1059 1708 1098 ex
1749 1044 1862 1100 lilio
1894 1047 2094 1099 immu-

512 1135 619 1189 tari
652 1151 756 1190 non
808 1137 978 1205 possit
1007 1147 1066 1190 ut
1094 1137 1168 1191 sit
1210 1137 1354 1192 illius
1401 1137 1592 1191 frater.
1639 1136 2002 1202 Quamobrem
2036 1136 2091 1190 hi

510 1222 712 1288 quibus
739 1223 896 1288 dixit,
940 1222 1205 1287 «Filioli,»
1234 1235 1356 1293 post
1391 1223 1705 1280 Servatoris
1733 1226 2090 1280 resurrectio—
2125 1229 2130 1236 '

510 1327 636 1367 nem
695 1313 990 1383 (tanquam
1025 1314 1310 1368 imtuutato
1353 1312 1482 1370 Jesu
1529 1329 1596 1370 ex
1653 1317 2088 1386 resurrectione)

509 1401 705 1458 fratres
759 1402 906 1458 illius
957 1403 1287 1470 efﬁciuntur,
1335 1405 1426 1474 qui
1485 1415 1645 1460 antea
1699 1405 1807 1461 illis
1845 1406 2087 1471 dixerat,

511 1524 531 1556 ι
572 1503 751 1560 Filioli
791 1523 804 1558 :
835 1522 855 1556 ι
885 1507 1025 1560 unde
1050 1514 1106 1560 et
1136 1508 1398 1575 scriptum
1425 1519 1508 1562 est
1546 1528 1561 1562 :
1597 1507 1778 1562 «Vade
1801 1509 1868 1564 ad
1893 1508 2088 1565 fratres

509 1601 782 1656 meo‘s,.et
825 1594 914 1672 die
963 1595 1070 1649 illis
1104 1612 1120 1649 :
1158 1597 1408 1651 Asceudo
1452 1598 1518 1650 ad
1547 1596 1764 1652 Patrem
1798 1613 2001 1662 meum,
2031 1609 2088 1653 et

506 1685 724 1744 Patrem
793 1696 1069 1752 vestrum;
1133 1695 1190 1740 et
1254 1687 1424 1742 Deum
1491 1706 1722 1754 meum,
1791 1698 1850 1744 et
1915 1690 2082 1744 Deum

2202 488 2392 542 τέκνον
2431 485 2569 542 εἶναι
2601 491 2698 544 καὶ
2721 493 2953 546 τεκνίον·
2997 492 3138 546 ὥστε
3169 495 3271 547 οὐκ
3306 492 3520 566 ἀνάγκη
3553 492 3644 546 τὸν
3669 494 3788 546 ὀνο·
3855 563 3862 570 .

2205 577 2478 650 μασθέντα
2505 579 2694 633 τέκνον
2716 581 2808 634 τὸν
2840 583 3206 653 παραλυτικὸν
3249 579 3389 637 εἶναι
3414 582 3790 655 ὲντελέστερον

2199 670 2309 724 τῶν
2339 671 2475 744 πρὸς
2497 670 2590 734 οὒς
2619 673 2648 724 ό
2676 672 2848 742 Λόγος
2865 669 2986 727 εἷπε
3012 675 3075 727 τὸ
3095 675 3308 729 τεκνία.
3337 674 3458 746 Χρὴ
3480 675 3536 728 δὲ
3565 675 3784 742 εἰδέναι,

2199 763 2282 815 ὅτι
2307 764 2406 833 οὐχ
2457 762 2647 836 ὥσπερ
2675 765 2766 818 ἐπὶ
2803 765 2913 818 τῶν
2939 764 3243 838 ἀνθρώπων
3274 767 3337 820 οὐ
3367 766 3591 821 δύναται
3621 767 3682 820 τὸ
3699 766 3788 820 τέ-

2199 869 2326 908 κνον
2359 855 2614 924 γενέσθαι
2658 855 2884 927 ὕστερον
2915 857 3144 927 ἁδελφὸς
3174 851 3237 911 οὗ
3271 858 3505 929 ἔφθασεν
3540 855 3678 912 εἶναι
3702 859 3786 912 τέ-

2197 961 2346 1014 κνον,
2389 946 2564 1012 οὕτως
2591 949 2853 1002 ἀδύνατον
2891 949 3215 1020 μεταϐαλεῖν
3236 951 3300 1004 ὲκ
3332 951 3522 1004 τέκνου
3559 949 3656 1004 τοῦ
3679 953 3787 1024 ’1η-

2197 1037 2291 1090 σοῦ
2332 1039 2470 1106 πρὸς
2490 1039 2552 1094 τὸ
2575 1042 2826 1110 γενέσθαι
2850 1043 3014 1096 αὑτοῦ
3033 1042 3279 1112 ἀδελφόν.
3307 1039 3465 1098 Οὗτοι
3490 1043 3622 1112 γοῦν
3647 1044 3784 1116 πρὸς

2193 1127 2290 1193 οὓς
2311 1127 2452 1196 εἷπε,
2486 1151 2505 1184 ι
2544 1134 2764 1199 Τεκνία,
2804 1155 2825 1188 ο
2866 1133 3006 1206 μετὰ
3037 1135 3136 1206 τὴν
3157 1135 3251 1188 τοῦ
3275 1136 3526 1207 Σωτῆρος
3545 1136 3784 1191 ἀνάστα-

2195 1237 2300 1286 σιν,
2337 1222 2599 1296 (ὡσπερεὶ
2627 1225 3089 1297 μεταποιηθέντος
3130 1225 3245 1296 (48)
3278 1226 3386 1282 ἀπὸ
3413 1227 3512 1297 τῆς
3537 1226 3779 1281 ἀναστά-

2194 1327 2331 1376 σεως
2360 1312 2587 1385 Ἰησοῦ,)
2618 1315 2858 1383 γίνονται
2883 1315 2976 1369 τοῦ
3007 1315 3270 1389 πρότερον
3308 1316 3574 1379 εἰπόντος,
3614 1334 3633 1367 ι
3675 1315 3779 1370 Τε-

2192 1404 2338 1470 κνία,
2371 1423 2391 1456 ι
2424 1404 2660 1474 ἀδελφοί·
2682 1407 2764 1460 διὸ
2791 1407 3126 1480 γέγραπταιο
3160 1428 3178 1459 ι
3205 1408 3446 1479 Πορεύου
3479 1407 3616 1479 πρὸς
3651 1408 3780 1472 τοὺς

2188 1496 2450 1566 ἀδελφούς
2479 1516 2580 1570 μου
2612 1499 2748 1569 (49),
2783 1501 2881 1554 καὶ
2909 1498 3030 1556 εἶπε
3065 1502 3270 1565 αὐτοῖς·
3305 1501 3609 1555 Ἀναϐαίνω
3639 1501 3775 1573 πρὸς

2187 1585 2279 1640 τὸν
2319 1589 2541 1660 Πατέρα
2585 1608 2707 1662 μου,
2744 1593 2840 1645 καὶ
2871 1593 3089 1661 Πατέρα
3128 1593 3302 1663 ὑμῶν,
3335 1593 3426 1646 καὶ
3466 1591 3600 1646 Θεόν
3647 1610 3771 1663 μου,

2189 1683 2283 1735 καὶ
2314 1683 2447 1737 Θεὸν
2489 1684 2663 1754 ὑμῶν.
2708 1703 2728 1740 ι
2765 1685 2875 1738 Καὶ
2905 1685 3048 1755 τάχα
3076 1683 3266 1755 ὥσπερ
3299 1683 3417 1740 ἐστι
3450 1683 3775 1756 μεταϐαλεῖν

508 1788 748 1832 vestrum
781 1779 884 1830 ⁸⁸.»
929 1779 996 1833 Ει
1024 1779 1260 1835 fortasse
1286 1783 1744 1850 quemadmodum
1777 1783 1904 1837 licet
1925 1784 2074 1838 etiam

2191 1775 2254 1829 ὲκ
2277 1774 2465 1829 δούλου
2506 1775 2704 1848 Ἰησοῦ,
2735 1776 2910 1830 δοῦλοι
2941 1777 2998 1831 δὲ
3027 1773 3169 1849 ἦσαν
3198 1779 3248 1830 oi
3277 1776 3516 1848 μαθηταὶ
3549 1775 3656 1848 πρὸ
3679 1775 3774 1834 τοῦ

501 1885 566 1926 cx
617 1886 778 1926 servo
829 1871 954 1927 Jesu
989 1873 1310 1939 immutari;
1359 1888 1486 1928 nam
1525 1873 1671 1928 servi
1705 1883 1864 1928 erant
1911 1874 2077 1930 etiam

509 1963 778 2034 discipuli,
814 1975 1112 2034 antequam
1144 1965 1346 2020 flerent
1381 1964 1572 2030 filioli,
1611 1975 1672 2020 ut
1700 1982 1764 2020 ex
1798 1966 1903 2021 hoc
1925 1967 2080 2021 dicto

507 2057 850 2127 perspicuum
897 2068 1028 2114 est:
1095 2077 1114 2109 ι
1162 2056 1268 2113 Vos
1301 2059 1514 2114 vocatis
1550 2074 1635 2113 me
1665 2059 1977 2128 Magistrum
2023 2067 2078 2112 et

500 2149 813 2213 Dominum,
841 2159 895 2204 et
919 2149 1059 2204 bene
1088 2151 1304 2214 dicitis,
1339 2166 1458 2205 sum
1489 2151 1692 2206 etenim
1732 2151 1820 2214 ’σς
1853 2169 1872 2202 ι
1915 2159 1972 2206 et
2008 2165 2078 2206 ex

499 2243 612 2302 illis
647 2261 663 2302 :
710 2264 729 2296 ι
757 2243 877 2299 Non
913 2255 996 2300 est
1016 2261 1208 2300 servus
1227 2245 1400 2313 major
1427 2245 1647 2300 domino
1674 2259 1772 2300 suo
1796 2244 1898 2307 ’τη
1932 2245 2076 2314 quod

495 2341 763 2408 scriptum
788 2347 873 2393 est
901 2349 1026 2394 ante
1059 2340 1176 2394 hac
1202 2339 1364 2394 verba
1403 2355 1418 2392 :
1463 2356 1482 2390 ι
1511 2337 1716 2406 Filioli,
1746 2337 1926 2393 adhuc
1942 2353 2078 2408 pau-

495 2430 669 2501 lisper
693 2419 974 2488 vobiscum
1003 2447 1122 2486 sum
1147 2431 1196 2464 "
1220 2447 1270 2498 ;›
1300 2429 1563 2501 inspicies
1609 2445 1678 2484 an
1729 2443 1921 2486 servus
1961 2429 2078 2485 elﬁ-

494 2526 674 2580 ciatur
695 2524 930 2594 primum
963 2521 1288 2594 discipulus,
1320 2521 1520 2577 deinde
1551 2521 1770 2590 filiolus,
1799 2530 2078 2592 postremo

490 2613 670 2686 l'rater
691 2627 916 2692 Christi,
945 2637 1001 2684 et
1023 2626 1167 2682 [ilius
1196 2626 1311 2682 Dei.
1334 2625 1596 2696 lnspicies
1619 2625 1781 2680 etiam
1815 2641 1882 2680 an
1915 2627 2072 2681 disci-

497 2722 658 2790 pulus
680 2721 822 2775 inter
847 2721 946 2776 hos
976 2719 1239 2775 dicendus
1260 2719 1352 2784 sit,
1381 2717 1471 2788 qui
1509 2728 1864 2789 percepturus
1892 2718 1985 2786 sit,
2007 2734 2074 2774 eo

497 2799 641 2886 quod
673 2814 910 2885 seipsqu
939 2813 1274 2877 exhibuerit,
1305 2811 1574 2868 sermonis
1607 2811 1928 2877 scientiam;
1974 2813 2072 2866 ad-

495 2908 722 2964 ‘discens
749 2921 781 2961 a
818 2906 911 2961 tali
945 2915 1208 2975 tantoque
1243 2913 1576 2974 praeceptore
1607 2905 1926 2974 sapientiam
1955 2904 2070 2960 Dei.

497 2998 766 3053 Cmterum
798 2999 900 3053 hoc
927 2997 1130 3053 dictqu
1165 3016 1180 3051 :
1221 3014 1240 3047 ι
1269 2997 1460 3052 Adhuc
1489 2995 1767 3068 paulisper
1793 2996 2071 3052 vobiscum

495 3103 674 3153 sum,»
704 3089 859 3160 juxta
892 3087 1277 3158 simpliciorem
1308 3089 1528 3158 quidem
1558 3105 1797 3156 sensum,
1831 3093 1976 3161 quod
2003 3092 2070 3146 ad

2181 1863 2322 1920 εῐναι
2352 1868 2561 1934 τεκνία,
2589 1869 2666 1934 ὡς
2696 1869 2856 1940 δῆλον
2892 1872 2956 1924 ὲκ
2987 1870 3103 1924 τοῦθ
3146 1890 3166 1922 ι
3211 1872 3400 1941 Ὑμεῖς
3423 1870 3652 1940 φωνεῖτέ
3681 1887 3771 1942 με,

2179 1961 2210 2011 ό
2230 1959 2571 2028 διδάσκαλος,
2603 1963 2699 2016 καὶ
2760 1965 2789 2016 ό
2818 1963 3042 2035 Κύριος,
3078 1963 3171 2016 καὶ
3208 1963 3389 2026 καλῶς
3422 1963 3628 2032 λέγετε·
3657 1965 3772 2034 εἰμὶ

2178 2053 2307 2126 γάρ·
2340 2074 2359 2106 ι
2389 2057 2483 2110 καὶ
2509 2056 2590 2109 τό·
2632 2075 2652 2108 ι
2700 2058 2814 2112 Οὐκ
2845 2057 2959 2111 ἔστι
3003 2057 3188 2122 δοῦλος
3224 2059 3426 2130 μείζων
3458 2059 3552 2112 τοῦ
3579 2060 3770 2132 κυρίου

2176 2146 2366 2210 αὑτοῦ,
2407 2167 2426 2199 ι
2457 2147 2951 2220 ἀναγεγραμμένον
2977 2149 3083 2222 πρὸ
3106 2149 3220 2203 τοῦ·
3258 2170 3277 2202 ι
3319 2152 3540 2213 Τεκνία,
3577 2152 3656 2206 ἔτι
3690 2171 3751 2224 μι

2177 2235 2311 2306 κρδν
2357 2236 2478 2306 μεθ’
2520 2239 2675 2308 ὑμῶν
2721 2240 2858 2310 είμι·
2902 2259 2922 2293 ι
2969 2241 3284 2312 ἐπιστήσεις
3321 2241 3379 2296 δὲ
3417 2243 3466 2296 εί
3514 2244 3544 2296 6
3583 2243 3770 2310 δοῦλος

2177 2328 2442 2399 πρότερον
2488 2329 2738 2402 μαθητὴς
2775 2333 3001 2400 γίνεται,
3028 2328 3148 2386 εἶτα
3185 2334 3420 2399 τεκνίον,
3462 2331 3582 2389 εἶτα
3611 2337 3766 2390 ἁδελ-

2177 2418 2550 2492 φὸς-Χριστοῦ,
2581 2423 2678 2476 καὶ
2717 2423 2834 2488 υίὸς
2865 2424 2961 2478 τοῦ
2996 2425 3154 2479 Θεοῦ.
3182 2425 3448 2499 Μαθητὴν
3475 2429 3532 2482 δὲ
3566 2431 3624 2482 ὲν
3644 2429 3768 2482 τούς

2175 2525 2292 2574 τοις
2335 2511 2554 2566 λεκτέον
2589 2513 2683 2566 τὸν
2714 2515 2781 2568 ὲκ
2813 2515 2909 2568 τοῦ
2944 2516 3209 2589 παρέχειν
3253 2519 3417 2572 αὑτὸν
3449 2520 3767 2593 παραληψό-

2179 2619 2338 2673 μενον
2377 2603 2474 2676 τὴν
2494 2603 2588 2658 τοῦ
2625 2605 2800 2674 Λόγου
2829 2608 3024 2678 ὲπιστή
3033 2625 3160 2678 μην,
3186 2608 3520 2680 μανθάνοντα
3538 2611 3647 2666 ἀπὸ
3670 2614 3764 2666 τοῦ

2173 2695 2492 2767 τηλικούτου
2521 2690 2843 2751 διδασκάλου
2871 2698 2972 2770 τὴν
2997 2699 3189 2768 σοφίαν
3222 2701 3317 2755 τοῦ
3346 2702 3480 2756 Θεοῦ
3527 2705 3661 2774 (50).
3691 2706 3765 2759 Τὸ

2172 2787 2250 2840 δέ’
2280 2807 2299 2839 ι
2332 2789 2453 2841 Ἔτι
2475 2789 2670 2860 μικρὸν
2689 2791 2807 2862 μεθ’
2826 2791 2978 2862 ὑμῶν
2997 2795 3133 2864 είμι,
3166 2813 3185 2846 ι
3207 2795 3350 2850 κατὰ
3372 2797 3470 2867 μὲν
3489 2797 3550 2850 τὸ
3565 2799 3770 2855 ἀπλού-

2176 2897 2387 2952 στερον,
2415 2881 2492 2944 ὼς
2517 2882 2655 2954 πρὸς
2672 2883 2732 2935 τὸ
2764 2884 2948 2954 ῥητὸν,
2975 2886 3147 2954 σαφές
3168 2887 3338 2952 ἐστιν,
3367 2888 3488 2941 ἐπεὶ
3519 2891 3644 2942 ὅσον
3669 2891 3762 2944 οὐι-

2172 2972 2320 3026 δέπω
2348 2973 2541 3044 ἔμελλε
2573 2975 2772 3046 μηκέτι
2800 2975 3016 3029 ἔσεσθαι
3037 2975 3173 3047 μετὰ
3192 2977 3300 3030 τῶν
3335 2978 3611 3050 μαθητῶν·
3631 2983 3764 3050 πρό-

2173 3081 2331 3136 τερον
2367 3065 2465 3137 μὲν
2500 3065 2825 3137 συλληφθεὶς
2864 3068 2971 3122 ὑπὸ
3001 3069 3099 3140 τῆς
3133 3069 3382 3138 σπείρας,
3429 3073 3522 3125 καὶ
3547 3072 3642 3126 τοῦ
3681 3091 3736 3144 χι

496 3133 670 3153 -..,..,-
733 3133 859 3143 η-..
892 3133 1276 3158 -....,,..,..ν.ν...
1310 3133 1528 3158 .,-...ν...
1558 3133 1797 3156 ..ν...,.....,
1875 3133 1976 3146 ..νυ
2003 3133 2070 3146 ....

496 3133 818 3236 contexium
846 3182 1064 3245 attinet,
1095 3190 1343 3251 apertum
1379 3191 1486 3246 est,
1512 3183 1768 3250 quoniam
1786 3133 1898 3250 ja‘in
1924 3182 2074 3238 futu-

2175 3133 2422 3229 λιάρχου,
2456 3159 2551 3210 καὶ
2592 3133 2701 3212 τῶν
2746 3133 3066 3214 Ἰουδαϊκῶν.
3094 3133 3408 3232 ὑπηρετῶν,
3440 3163 3636 3228 οἵτινες
3661 3133 3759 3238 δή-

496 3287 592 3332 t'us
615 3289 719 3328 non
747 3283 870 3328 erat
901 3273 1134 3342 amplius
1162 3289 1285 3327 cum
1316 3273 1634 3343 discipulis;
1678 3274 1917 3343 primum
1950 3277 2072 3344 qui-

495 3365 616 3419 dem
643 3364 1072 3438 comprehensus
1107 3379 1135 3417 a
1179 3365 1427 3425 cohorte,
1455 3374 1510 3418 et
1540 3365 1759 3421 tribuno
1785 3405 1802 3430 ,
1833 3375 1890 3421 et
1915 3381 1944 3419 a
1977 3363 2073 3420 Ju-

489 3478 664 3539 daiCis
720 3477 987 3534 ministris
1039 3479 1129 3548 qui
1173 3495 1296 3535 eum
1331 3478 1554 3550 ligatum
1603 3477 1949 3534 abduxerunt
2002 3481 2068 3533 ad

488 3571 703 3652 .Annam
747 3573 1008 3642 primum,
1064 3581 1257 3641 postea
1309 3587 1439 3626 vero
1485 3569 1662 3627 Pilato
1702 3572 1965 3636 traditus,
2015 3583 2072 3628 et

492 3662 750 3730 deinceps
773 3663 841 3715 ad
866 3678 1086 3718 crucem
1112 3664 1531 3727 condemnatus,
1563 3678 1629 3718 ac
1649 3663 1870 3718 demum
1892 3664 2070 3720 factus

490 3754 666 3808 tribus
711 3753 908 3812 diebus
994 3764 1050 3810 et
1108 3755 1282 3811 tribus
1311 3756 1564 3832 noctibus
1605 3756 1658 3810 in
1687 3755 1852 3811 corde
1881 3767 2063 3810 terrae.

487 3843 646 3903 Juxta
683 3843 1088 3914 profundiorem
1128 3861 1260 3901 vero
1308 3861 1526 3901 sensum
1571 3861 1784 3915 quaeres
1813 3861 1881 3902 an
1925 3846 2065 3901 forte

485 3947 613 4011 post
639 3937 770 3993 illud
807 3955 826 3989 ι
856 3939 1151 4009 paulisper,
1181 3957 1200 3992 ι
1249 3938 1361 4008 jam
1413 3955 1519 3994 non
1574 3939 1738 3996 fuerit
1769 3955 1894 3994 cum
1933 3939 2062 4006 illis,

486 4045 594 4086 non
617 4043 684 4086 eo
708 4031 856 4100 quod
886 4015 994 4086 illis
1017 4046 1123 4085 non
1154 4031 1393 4087 adfuerit
1421 4031 1585 4105 453
1615 4033 1913 4088 secundum
1937 4048 2060 4087 car-

483 4136 632 4189 nem,
662 4133 719 4178 et
751 4137 817 4201 eo
860 4125 1004 4192 quod
1059 4122 1405 4179 descenderit
1449 4141 1572 4180 cum
1626 4124 1806 4178 anima
1838 4139 1936 4180 sua
1993 4124 2060 4177 ad

484 4215 693 4274 inferos
748 4213 949 4288 (hujus
997 4218 1143 4271 enim
1189 4217 1269 4272 rei
1320 4232 1484 4273 causa
1517 4233 1624 4272 non
1673 4217 2063 4284 prohibebatur

484 4321 610 4364 esse
638 4307 804 4363 etiam
841 4324 968 4365 cum
1001 4309 1281 4378 discipulis
1316 4310 1409 4364 ille
1449 4311 1542 4380 qui
1585 4311 1799 4366 dixerat
1838 4330 1851 4365 :
1902 4329 1922 4363 ι
1955 4309 2059 4366 Ubi

397 4394 408 4403 ’
481 4403 613 4469 duo,
646 4401 735 4458 vel
773 4413 886 4458 tres
931 4405 1250 4473 congregati
1304 4402 1507 4459 fuerint
1560 4405 1615 4458 in
1667 4405 1886 4459 nomine
1913 4417 2057 4470 meo,

478 4493 643 4548 etiam
677 4506 778 4563 ego
831 4507 952 4547 sum
1008 4494 1061 4548 in
1115 4495 1295 4550 medio
1341 4509 1529 4550 eorum
1569 4495 1648 4562 9’;
1679 4515 1699 4549 ι
1735 4505 1792 4549 et
1824 4514 1839 4549 :
1877 4515 1895 4546 ι
1921 4493 2058 4550 Ecce
2091 4491 2136 4546 D

475 4593 580 4656 ego
613 4584 892 4640 vobiscum
937 4601 1058 4640 sum
1095 4587 1349 4642 omnibus
1393 4589 1587 4644 diebus
1617 4603 1789 4658 usque
1823 4591 1889 4641 ad
1919 4603 2052 4642 con-

475 4679 892 4738 summationem
921 4681 1101 4734 saeculi
1137 4681 1175 4746 ¹,
1203 4680 1344 4737 »οεοά
1376 4694 1442 4735 eo
1471 4682 1615 4749 quod
1638 4681 1767 4734 illud
1795 4679 2048 4750 implere-

477 4780 568 4826 tur
598 4787 613 4825 :
648 4788 670 4822 ι
694 4771 895 4826 Omnes
926 4787 1022 4828 vos
1048 4770 1398 4828 oﬂ'endemini
1432 4789 1550 4828 mea
1583 4788 1745 4828 causa
1794 4775 1847 4827 in
1895 4783 2053 4828 nocte

475 4862 580 4920 bac
609 4882 624 4922 :
655 4866 916 4932 scriptum
953 4873 1037 4919 est
1062 4864 1210 4920 enim
1255 4881 1272 4920 :
1303 4864 1614 4920 Percutiam
1653 4875 1962 4934 pastorem,
1995 4870 2052 4917 et

474 4954 856 5025 dispergentur
890 4971 1022 5012 oves
1059 4957 1242 5028 gregis
1265 4958 1310 5023 ’,
1342 4976 1363 5010 ι
1399 4956 1606 5012 idcirco
1660 4971 1766 5012 non
1816 4955 2054 5024 amplius

475 5047 693 5104 futurus
725 5059 874 5105 esset
915 5064 1038 5104 cum
1086 5049 1194 5104 illis
1218 5091 1235 5117 ,
1272 5049 1398 5120 quia
1426 5065 1549 5104 cum
1581 5051 1758 5120 dignis
1780 5057 1864 5104 est
1895 5047 2050 5102 solis.

479 5139 674 5198 Verum
705 5153 892 5198 contra
927 5142 1031 5199 hoc
1059 5143 1278 5211 objiciet
1307 5145 1510 5220 aliquis
1537 5143 1667 5198 illud
1697 5161 1711 5197 :
1748 5141 1836 5196 «In
1873 5142 2052 5197 medio

473 5248 714 5292 vestrum
736 5248 866 5300 stat,
898 5251 1060 5307 quem
1091 5251 1182 5292 vos
1211 5237 1435 5293 nescitis
1465 5238 1539 5302 ⁸,»
1573 5238 1760 5293 dicens
1781 5252 1906 5294 eum
1921 5254 2051 5325 pum

579 5377 626 5410 ”
663 5375 825 5433 Joan.
875 5392 977 5443 xx,
1011 5376 1098 5430 l7.
1175 5377 1222 5410 “
1241 5376 1400 5432 Joan.
1432 5394 1553 5442 xm,
1594 5379 1682 5434 l3.
1756 5381 1801 5414 "
1832 5380 1967 5436 ibid.
1994 5381 2081 5437 16.

469 5445 562 5506 20.
637 5447 660 5479 ⁸
685 5446 878 5502 Matth.
906 5463 1060 5512 τινι,
1094 5447 1182 5504 51.
1258 5446 1454 5503 'Joan.
1490 5465 1530 5515 ι,
1554 5449 1642 5508 26.

541 5562 661 5700 $48)
696 5562 881 5620 Codex
918 5561 1267 5626 Bodleianus,
1313 5563 1800 5636 μεταποιωθέντος.

566 5636 657 5698 49)
685 5636 839 5690 Μοῦ.
870 5635 1029 5688 Deest
1069 5635 1120 5686 in
1155 5635 1342 5690 codice
1369 5634 1558 5700 Regio.

566 5634 657 5704 49)
685 5636 839 5690 Μοῦ.
870 5635 1029 5704 Deest
1069 5635 1120 5686 in
1155 5634 1342 5690 codice
1369 5634 1558 5704 Regio.

543 5703 656 5779 (ὅθ)
681 5703 1157 5779 Μαθῃζὴνιδὲίὲν
1184 5703 1506 5779 τούτοις-..θη
1535 5706 1906 5764 διδασκάλου
1936 5710 2049 5779 τὴν

472 5773 698 5842 σοφίαν
721 5773 830 5833 τοῦ
859 5773 1028 5834 Θεοῦ.
1057 5777 1182 5835 llaec
1216 5777 1597 5836 desiderantur
1625 5781 1681 5837 in
1708 5782 1896 5838 codice
1943 5773 2046 5837 lte-

2176 3262 2364 3312 σαντες
2407 3248 2570 3303 αὑτὸν
2599 3251 2890 3321 ἀπήγαγον
2921 3251 3059 3320 πρὸς
3096 3253 3294 3306 Ἄνναν
3328 3253 3563 3325 πρῶτον·
3623 3257 3764 3327 μετὰ

2172 3339 2231 3393 δὲ
2257 3339 2419 3394 τοῦτο
2468 3341 2547 3413 τῷ
2591 3341 2812 3414 Πιλάτῳ
2849 3342 3195 3414 παραδοθεὶς,
3239 3345 3335 3398 καὶ
3373 3343 3501 3417 έξῆς
3520 3345 3620 3418 τὴν
3667 3349 3760 3406 ἐπὶ

2175 3431 2393 3503 σταυρῷ
2435 3433 2874 3498 καταδικασθείς·
2915 3431 3035 3488 εἶτα
3074 3436 3304 3507 ποιήσας
3359 3437 3417 3490 ὲν
3443 3440 3511 3508 τῇ
3561 3439 3758 3511 καρδίᾳ

2171 3523 2271 3594 τῆς
2296 3525 2400 3595 γῆς
2429 3526 2578 3598 τρεῖς
2603 3526 2840 3596 ἡμέρας,
2871 3525 2965 3578 κα)⁸
2986 3529 3135 3598 τρεῖς
3164 3527 3386 3591 νύκτας.
3424 3529 3582 3584 Κατὰ
3612 3531 3668 3584 δὲ
3696 3532 3758 3586 τὸ

2171 3614 2467 3687 βαθύτερον
2497 3615 2753 3688 ζητήσεις
2798 3617 3008 3688 μήποτε
3047 3617 3186 3688 μετὰ
3216 3618 3278 3672 τὸ
3315 3621 3510 3691 μικρὸν
3541 3622 3643 3676 οὐκ
3676 3623 3756 3676 ἐτι.

2166 3702 2236 3776 ἦν
2264 3709 2383 3778 μετ’
2411 3706 2610 3762 αὐτῶν·
2648 3707 2710 3760 οὐ
2742 3707 2822 3779 τῷ
2861 3709 2935 3780 μὴ
2968 3713 3224 3783 παρεῖναι
3252 3713 3438 3776 αὐτοῖς
3469 3715 3608 3769 κατὰ
3633 3715 3738 3787 σάρ

2168 3812 2262 3858 κα,
2287 3794 2382 3850 καὶ
2409 3795 2488 3866 τῷ
2520 3796 2619 3868 τὴν
2638 3795 2816 3867 ψυχὴν
2844 3798 3012 3852 αὑτοῦ
3042 3802 3122 3863 είς
3150 3799 3278 3854 ἆδου
3296 3802 3754 3874 καταϐεϐηκέναι’

2167 3886 2377 3957 (τούτου
2410 3887 2520 3960 γὰρ
2544 3889 2728 3944 ἕνεκεν
2750 3890 3016 3946 ἐκωλύετο
3041 3892 3154 3963 (51)
3184 3889 3325 3947 εἶναι
3351 3895 3448 3949 καὶ
3471 3897 3606 3966 μετὰ
3645 3897 3759 3952 τῶν

2167 3971 2423 4042 μαθητῶν
2453 3975 2482 4026 ό
2513 3971 2702 4028 είπών·
2758 3993 2777 4026 ι
2826 3974 2998 4028 Ὅπου
3037 3975 3192 4049 δύοῆ
3232 3987 3385 4050 τρεῖς
3428 3981 3753 4052 συνηγμένοι

2164 4063 2245 4126 είς
2286 4064 2348 4116 τὸ
2385 4065 2520 4134 ἐμὸν
2554 4064 2750 4136 ὄνομα,
2791 4067 2886 4120 καὶ
2913 4066 3025 4135 ἐγώ
3057 4069 3174 4138 εἰμι
3208 4073 3266 4123 ὲν
3304 4071 3456 4142 μέσῳ
3485 4073 3688 4139 αὐτῶν,
3727 4093 3748 4126 ι

2163 4153 2276 4208 καίο
2303 4173 2320 4204 ι
2361 4154 2493 4208 Ἰδοὺ
2519 4153 2632 4224 ἐγὼ
2675 4156 2794 4227 μεθ’
2840 4157 2994 4230 ὑμῶν
3045 4161 3160 4231 ειμι
3193 4162 3372 4225 πάσας
3413 4164 3511 4228 τὰς
3540 4166 3752 4237 ἡμέρας

2162 4241 2266 4306 ἕως
2289 4245 2387 4316 τῆς
2419 4245 2728 4311 συντελείας
2755 4247 2847 4301 τοῦ
2881 4249 3095 4314 αἰῶνος
3139 4251 3186 4322 ι)
3219 4252 3356 4308 ἀλλὰ
3388 4254 3488 4325 τῷ,
3527 4257 3752 4328 πληρω-

2163 4333 2347 4398 θέντος
2378 4336 2494 4390 τοῦθ
2532 4357 2550 4389 ι
2577 4339 2786 4403 Πάντες
2816 4341 2976 4411 ὑμεῖς
3006 4343 3528 4417 σκανδαλισθήσεσθε
3543 4349 3602 4401 ὲν
3629 4349 3752 4419 ἐμοὶ

2163 4427 2222 4480 ὲν
2253 4431 2319 4500 τῇ
2351 4432 2503 4485 νυκτὶ
2534 4434 2724 4506 ταύτῃ·
2761 4433 3068 4506 γέγραπται
3098 4437 3228 4509 γάρ’
3254 4440 3488 4506 Πατάξω
3512 4441 3603 4496 τὸν
3632 4461 3753 4498 ποι-

2165 4519 2326 4589 μένα,
2354 4521 2450 4574 καὶ
2482 4522 3069 4597 διασκορπισθήσονται
3099 4529 3168 4584 τὰ
3213 4532 3462 4604 πρόϐατα
3491 4534 3590 4606 τῆς
3631 4534 3752 4588 ποί-

2163 4621 2322 4675 μνης,
2355 4627 2375 4660 ι
2425 4611 2622 4682 μηκέτι
2648 4609 2787 4666 εῖναι
2817 4617 2934 4684 μετ’
2963 4618 3144 4672 αὐτῶν
3160 4620 3252 4674 τὸν
3275 4621 3414 4692 μετὰ
3438 4623 3546 4676 τῶν
3581 4625 3752 4692 ἀξίων

2162 4695 2338 4765 μόνων
2359 4701 2714 4771 τυγχάνοντα.
2749 4705 2893 4776 Πρὸς
2912 4707 3067 4761 τοῦτο
3086 4709 3130 4762 δ’
3171 4710 3237 4764 ἄν
3262 4728 3346 4776 τις
3378 4713 3747 4786 ἁνθυποφέροι

2157 4787 2236 4839 τό·
2276 4807 2294 4840 ι
2333 4791 2514 4855 Μέσος
2545 4794 2699 4865 ύμῶν
2712 4797 2952 4867 ἑστήκει,
2981 4799 3040 4852 ὃν
3073 4801 3230 4872 ὑμεῖς
3254 4803 3354 4857 οὐκ
3376 4804 3575 4869 οἴδατε,
3606 4825 3624 4858 ι
3655 4807 3744 4864 λέ-

2163 4893 2275 4946 γων
2298 4882 2458 4935 αὑτὸν
2481 4879 2618 4938 εἶναι
2651 4888 2744 4940 καὶ
2763 4888 2901 4958 μετὰ
2932 4890 3040 4945 τῶν
3066 4893 3140 4964 μὴ
3162 4895 3540 4961 γινωσκόντων
3562 4899 3746 4956 αὐτόν.

2163 4970 2304 5042 Ὅρα
2335 4971 2392 5024 δὲ
2417 4974 2628 5044 μήποτε
2661 4975 2722 5028 ού
2748 4977 2943 5031 ταυτόν
2971 4981 3086 5034 ἐστι
3111 4982 3172 5034 τὸ
3208 4977 3350 5037 εἶναι
3383 4985 3548 5039 αὐτὸν
3608 4987 3746 5058 μετὰ

2159 5076 2326 5127 τινος,
2352 5063 2488 5137 ὅπερ
2514 5067 2570 5119 ὲν
2601 5068 2906 5142 ἐπαγγελίᾳ⁸
2929 5071 3005 5135 ὡς
3019 5071 3189 5138 ἀξίοις
3219 5074 3441 5144 δίδοται,
3481 5078 3560 5148 τῷ
3581 5082 3745 5152 έστη-

2161 5152 2314 5206 κέναι
2360 5156 2522 5210 αὑτὸν
2563 5160 2657 5211 καὶ
2691 5160 2765 5233 μὴ
2811 5165 3209 5236 γινωσκόμενον
3236 5169 3294 5222 ὲν
3337 5169 3487 5240 μέσῳ
3514 5171 3624 5225 τῶν
3670 5173 3745 5244 μὴ

2159 5249 2554 5338 γινωσκόντωνσ
2580 5255 2638 5306 ὲν
2666 5255 2968 5329 ἐπαγγελίᾳ
3007 5259 3105 5329 μὲν
3134 5261 3244 5332 γὰρ
3271 5261 3352 5315 τό·
3392 5281 3412 5314 ι
3451 5264 3625 5318 Ὅπου
3653 5265 3748 5320 δύο

2157 5385 2206 5418 ³⁸
2236 5387 2362 5442 ibid.
2393 5389 2484 5448 33.
2560 5392 2608 5424 ’⁸
2636 5391 2830 5450 Matth.
2872 5410 3030 5459 xvm.
3059 5396 3154 5454 20.
3265 5397 3284 5431 ⁸
3308 5399 3500 5456 Matth.
3545 5419 3738 5470 xxvm,

2159 5569 2270 5650 gio3
2307 5569 2404 5624 sed
2441 5581 2659 5628 exstant
2688 5573 2744 5628 in
2793 5571 3112 5644 Bodleiano,
3146 5593 3319 5650 caque
3364 5581 3576 5637 viderat
3609 5581 3746 5642 Fer-

2153 5655 2720 5836 Ἑκωλὺετο.
2773 5713 3132 5775 Scribendum
3181 5720 3400 5778 videtur
3451 5722 3554 5778 οὐκ
3607 5725 3743 5782 ἐκω-
