4182 6394
497 322 606 383 2⁸15

1489 319 1865 373 ΕΟΜΜΕΝΤ..
1894 318 1957 371 ΙΝ
1999 318 2189 371 JUAN.
2234 318 2472 370 'l'OMlI‘S
2512 317 2729 369 XXXII.

3656 323 3763 374 8‘26

498 438 698 509 ἢτρεῖς
722 433 1164 505 συνηγμένοιέἶς
1195 431 1256 485 τδ
1291 431 1421 502 ἐμὸν
1449 432 1640 503 ὄνομα,
1672 430 1827 500 κάγὼ
1857 432 1971 502 εἰμι
2018 431 2060 482 ἐπ

2185 427 2269 481 liis
2298 428 2465 483 etiam
2498 442 2625 482 esse
2656 443 2686 480 a
2716 426 2915 496 quibus
2945 442 3051 481 non
3084 420 3466 498 cognoscatur.
3501 429 3607 485 Sed
3642 434 3763 486 vide

500 532 651 603 μέσῳ
690 528 889 582 αὐτῶν·
923 546 940 578 ι
975 528 1069 579 καὶ
1112 527 1191 578 τό·
1230 544 1249 577 ι
1297 526 1427 578 Ἰδοὺ
1462 524 1571 593 ἐγὼ
1617 525 1736 595 μεθ’
1772 524 1927 595 ὑμῶν
1964 524 2079 594 εἰμι

496 624 676 687 πάσας
699 624 799 685 τὰς
826 622 1039 692 ἡμέρας
1068 620 1172 683 ἓως
1204 620 1309 691 τῆς.
1337 617 1641 681 συντελείας
1678 617 1771 671 τοῦ
1804 618 2019 681 αίῶνος,
2053 637 2073 670 ι

494 717 554 769 οὐ
582 716 819 768 τοιοῦτον
864 714 922 768 δέ
959 713 1037 767 τό⁸
1077 734 1096 764 ‹
1134 715 1315 776 Μέσος
1356 712 1510 782 ὑμῶν
1541 712 1782 782 ἑστήκει,
1823 712 1883 764 ὃν
1918 711 2078 781 ὑμεῖς

492 806 593 858 οὐκ
630 805 827 857 οἴδατε.
855 823 874 856 ι
902 805 1012 857 Καὶ
1040 805 1097 856 ὲν
1128 803 1207 874 τῷ
1246 802 1596 873 προκειμένῳ
1625 802 1805 855 τοίνυν
1834 804 1862 855 6
1884 801 2074 856 εἰπών·

498 917 517 949 ι
570 896 702 950 Ἰδοὺ
730 894 840 964 ἐγὼ
864 896 980 966 μεθ’
1008 895 1162 966 ὑμῶν
1195 896 1332 965 εἰμι,
1360 914 1378 945 ι
1401 896 1535 965 φησὶ
1566 895 1648 947 τό·
1678 912 1697 944 ι
1739 895 1861 947 Ἔτι
1880 895 2075 966 μικρὸν

494 986 612 1057 μεθ’
652 985 804 1057 ὑμῶν
834 987 969 1057 είμι.
1008 1005 1025 1037 ι
1084 987 1143 1038 Ὀ
1176 985 1232 1038 δὲ
1263 984 1457 1053 λέγων·
1500 1003 1518 1036 t
1561 986 1682 1038 Ἔτι
1725 985 1920 1055 μικρὸν
1956 984 2074 1055 μεθ’

490 1077 642 1149 ὑμῶν
679 1079 814 1148 εἰμι,
865 1098 883 1130 ι
919 1078 1019 1131 οὑκ
1059 1076 1125 1130 ἂν
1156 1077 1379 1147 παρόντι
1426 1075 1699 1146 αἰσθητῶς
1744 1077 1823 1146 τῷ
1883 1077 2077 1143 Ἰούδᾳ,

486 1169 581 1224 τοῦ
614 1169 855 1223 διαϐόλου
884 1170 984 1241 ήδη
1037 1169 1360 1240 βεϐληκότος
1389 1171 1467 1233 είς
1496 1169 1595 1240 τὴν
1634 1168 1862 1239 καρδίαν
1886 1166 2070 1232 αὑτοῦ,

488 1261 577 1315 ἵνα
616 1261 841 1334 παραδῷ
874 1262 966 1315 τὸν
1013 1262 1265 1335 Σωτῆρα,
1299 1257 1450 1315 εἷπεν
1499 1259 1564 1313 ἂν
1602 1259 1751 1330 αὑτῷ
1801 1259 1882 1312 τό·
1919 1258 2075 1312 Μετὰ

487 1355 583 1409 σοῦ
616 1353 729 1427 (52)
760 1356 897 1426 είμι·
939 1355 1040 1409 οὑκ
1088 1354 1169 1409 ἔτι
1210 1354 1320 1424 γὰρ
1352 1349 1420 1425 ἦν
1465 1354 1582 1423 μετ’
1620 1350 1807 1413 αὑτοῦ,
1840 1350 1949 1404 οὐδ’
1983 1352 2073 1404 ὅτε

486 1443 662 1516 βάψας
692 1445 753 1499 τὸ
789 1445 1003 1516 ψωμίον
1026 1444 1197 1498 ἐδίδου
1227 1443 1396 1513 αὑτῷ·
1433 1442 1547 1497 ἀλλ’
1575 1443 1663 1496 ὅτε
1701 1440 1841 1512 μετὰ
1869 1440 1931 1493 τὸ
1957 1439 2074 1510 ψω-

488 1532 630 1607 μίον,
663 1536 751 1589 ὅτε
783 1532 944 1607 ἦλθεν
986 1537 1066 1599 είς
1116 1537 1321 1589 ἐκεῖνον
1347 1536 1376 1587 6
1400 1534 1669 1597 Σατανᾶς,
1701 1532 1883 1604 πολλῷ
1909 1532 2072 1585 πλέον

482 1627 583 1680 οὑκ
614 1622 683 1698 ἦν
708 1628 736 1677 6
767 1626 1001 1698 Χριστὸς
1030 1626 1167 1697 μετὰ
1187 1625 1282 1679 τοῦ
1325 1624 1515 1689 Ἰούδα,
1547 1624 1922 1696 μακρύναντος
1944 1625 2071 1678 ἐαυ-

481 1720 572 1773 τὸν
615 1720 723 1773 ἀπὸ
764 1719 859 1773 τοῦ
906 1719 1180 1791 Σωτῆρος·
1218 1736 1237 1770 ι
1275 1719 1373 1783 Τίς
1400 1718 1511 1788 γὰρ
1555 1716 1912 1789 συμφώνησις
1941 1717 2070 1786 Χρι-

2180 534 2248 573 ne
2297 518 2439 574 forte
2490 520 2631 573 idem
2672 533 2778 572 non
2829 519 2903 573 sit
2946 533 3067 574 esse
3096 535 3221 575 cum
3269 519 3476 589 aliquo,
3526 525 3668 591 quod
3707 525 3760 577 in

2180 612 2545 681 promissione
2577 621 2832 679 tanquam
2861 611 3044 680 dignis
3081 612 3266 677 datur,
3306 625 3360 667 et
3391 623 3538 667 stare
3564 614 3615 667 in
3650 629 3764 667 tne-

2178 704 2268 759 dio
2294 718 2399 757 non
2430 702 2845 774 agnoscentitun
2889 716 3040 756 eum.
3079 702 3217 757 Cutu
3251 704 3397 758 enim
3430 705 3500 758 sit
3541 704 3594 758 in
3635 719 3760 773 pro-

2176 796 2435 850 missione
2466 796 2598 849 illud
2640 813 2654 848 :
2688 793 2824 850 tUbi
2856 795 2984 858 duo,
3013 796 3095 849 vel
3135 804 3247 850 tres
3279 795 3598 864 congregati
3638 797 3760 849 fue-

2178 888 2289 943 rint
2324 888 2376 943 in
2419 888 2645 942 nomine
2681 902 2824 951 meo,
2871 902 2974 955 ego
3015 888 3180 942 etiam
3241 888 3293 941 in
3344 888 3522 941 medio
3569 902 3760 942 eorum

2174 994 2333 1044 sum;
2370 996 2391 1031 ι
2414 988 2470 1034 ct
2501 978 2631 1032 illud
2665 998 2678 1032 :
2714 978 2888 1032 tEcce
2912 992 3014 1046 ego
3039 978 3322 1032 vobiscum
3362 994 3479 1032 sum
3508 980 3761 1035 omnibus

2174 1070 2368 1129 diebus
2424 1087 2598 1142 usque
2636 1073 2702 1126 ad
2753 1071 3281 1126 consummationem
3318 1072 3534 1139 saeculi,
3565 1092 3584 1124 ι
3650 1086 3759 1127 non

2173 1163 2439 1233 ejusmodi
2463 1175 2547 1219 est
2572 1165 2700 1218 illud
2736 1183 2749 1219 :
2786 1183 2804 1216 ι
2834 1161 2894 1217 In
2921 1163 3098 1217 medio
3124 1164 3291 1218 vestri
3319 1172 3449 1228 stat,
3476 1180 3639 1233 quem
3663 1179 3761 1219 vos

2175 1253 2418 1311 nescitis.
2442 1271 2461 1303 ι
2488 1251 2720 1309 Proinde
2737 1253 2832 1324 qui
2852 1255 3068 1308 dixerat
3101 1272 3115 1308 :
3161 1255 3332 1310 «Ecce
3352 1271 3451 1326 ego
3478 1256 3758 1311 vobiscum

2173 1361 2318 1410 sum,
2352 1364 2371 1398 ι
2417 1346 2471 1400 in
2520 1347 2778 1416 praesenti
2809 1355 3069 1402 contextu
3104 1349 3281 1418 inquit
3306 1364 3358 1402 ε(
3389 1351 3581 1405 Adhuc
3624 1365 3785 1421 pau-v

2175 1437 2341 1507 lisper
2373 1439 2659 1494 vobiscum
2686 1454 2830 1495 sum.
2860 1457 2882 1493 ι
2919 1438 2989 1495 Ει
3014 1441 3107 1510 qui
3139 1441 3274 1497 dicit
3303 1459 3318 1496 :
3356 1460 3376 1495 ι
3408 1443 3600 1496 Adhuc
3628 1456 3761 1511 pau-

2173 1529 2340 1597 lisper
2383 1528 2662 1584 vobiscum
2719 1545 2914 1597 sum,»
2991 1531 3423 1601 haudquaquam
3496 1532 3759 1602 praesenti

2173 1620 2515 1677 sensibiliter
2567 1621 2764 1687 Judte,
2838 1623 2893 1678 in
2959 1623 3116 1691 cuius
3162 1640 3260 1679 cor
3309 1625 3420 1693 jam
3453 1625 3786 1680 immiserat‘

2173 1712 2443 1777 diabolus,
2486 1721 2547 1768 ut
2578 1715 2840 1783 proderet
2889 1714 3244 1772 Servatorem
3271 1757 3285 1781 ,
3335 1718 3475 1772 dixit
3506 1735 3523 1772 :
3551 1716 3755 1773 Tecum
3785 1728 3790 1735 '

483 1810 610 1864 στοῦ
637 1812 774 1882 πρὸς
814 1810 1050 1882 Βελίαρ;
1095 1831 1112 1863 ι
1144 1812 1207 1864 Εἰ
1236 1812 1329 1863 καὶ
1367 1810 1559 1882 μικρὸν
1586 1810 1642 1863 δὲ
1668 1808 1748 1861 ἔτι
1778 1807 1917 1879 μετὰ
1953 1807 2060 1861 τῶν

2173 1820 2315 1870 sum;
2349 1819 2457 1859 non
2491 1805 2725 1875 amplius
2759 1808 2903 1860 enim
2931 1816 3045 1861 erat
3081 1823 3205 1862 cum
3235 1807 3351 1876 ipso
3377 1848 3391 1872 ,
3430 1824 3552 1861 cum
3591 1809 3758 1862 intin-

478 1904 707 1957 τεκνίων
755 1902 976 1974 ἔμελλεν
1012 1901 1149 1956 εἶναι
1180 1904 1210 1956 6
1241 1903 1424 1974 πατὴρ
1460 1902 1639 1957 αὑτῶν
1684 1899 1911 1971 Ἰησοῦς,
1954 1901 2059 1972 χρὴ

478 1991 676 2049 εἰδέναι
716 1996 779 2048 τὸ
831 1995 972 2067 μέγα
1014 2013 1035 2047 ε
1078 1996 1137 2048 τὸ
1168 1996 1360 2067 μικρὸν
1396 2014 1414 2046 ι
1446 1997 1643 2058 ἐκεῖνο,
1678 1995 1727 2047 εἰ
1755 1994 1847 2047 καὶ
1890 1994 1962 2064 μὴ
1992 1989 2061 2064 ἦν

481 2088 599 2155 μετ’
632 2086 831 2150 αὑτῶν,
864 2087 1017 2139 οὐδὲν
1042 2080 1202 2157 ἦττον
1235 2086 1433 2138 ἐκεῖνοι
1461 2084 1644 2156 ζητεῖν
1699 2083 1923 2154 ἔμελλον
1969 2083 2060 2136 τὸν

489 2175 717 2245 Ἰησοῦν·
776 2176 852 2239 ὡς
880 2179 910 2230 6
949 2176 1154 2249 Πέτρος
1199 2175 1335 2246 μετὰ
1361 2175 1423 2227 τὸ
1459 2174 1800 2246 ἀρνήσασθαι
1846 2173 2061 2246 πικρῶς

474 2267 714 2331 ἔκλαιεν,
743 2266 916 2339 οἶμαι,
956 2267 1133 2338 ζητῶν
1174 2267 1263 2319 τὸν
1308 2265 1538 2337 Ἰησοῦν.
1570 2263 1683 2317 Νῦν
1730 2264 1829 2334 μὲν
1855 2260 1948 2317 οὖν
1975 2264 2055 2316 τό·

481 2378 500 2410 ι
540 2358 662 2412 Ἔτι
701 2359 895 2431 μικρὸν
935 2358 1051 2428 μεθ’
1088 2357 1242 2430 ὑμῶν
1274 2360 1412 2429 εἰμι,
1452 2378 1470 2411 ι
1514 2357 1783 2411 λέλεκται·
1807 2356 1974 2427 ὀλίγῳ
2000 2356 2059 2409 δὲ

475 2449 727 2522 ὕστερον,
765 2470 783 2501 ‹
829 2451 1061 2522 Μικρὸν,
1099 2451 1254 2521 φησὶ,
1284 2451 1380 2504 καὶ⁵
1409 2452 1510 2503 οὑκ
1545 2449 1625 2503 ἔτι
1668 2449 1924 2521 θεωρεῖτέ
1966 2466 2055 2519 με·

474 2543 568 2596 καὶ
600 2543 762 2596 πάλιν
792 2543 985 2613 μικρὸν
1008 2543 1204 2612 ὄψεσθέ
1242 2560 1330 2614 με·
1368 2563 1386 2594 ι
1415 2544 1503 2597 ὅτε
1524 2542 1790 2611 λεγόντων
1818 2542 1927 2594 τῶν
1955 2558 2059 2612 μα-

472 2632 669 2704 θητῶν·
697 2653 714 2685 ι
749 2635 813 2687 Τί
851 2637 967 2688 ἐστι
996 2634 1155 2688 τοῦτο
1185 2635 1213 2688 ὃ
1244 2634 1412 2703 λέγει,
1452 2634 1678 2706 μικρόν;
1704 2635 1805 2688 οὑκ
1839 2633 2058 2705 οἴδαμεν

469 2725 523 2779 τί
555 2725 726 2779 λαλεῖ·
759 2726 921 2794 γνοὺς
955 2727 983 2777 6
1031 2725 1234 2798 Ἰησοῦς
1271 2726 1366 2779 καὶ
1391 2727 1473 2780 ὅτι
1502 2725 1693 2797 ήθελον
1724 2726 1886 2779 αὑτὸν
1915 2726 2056 2797 ἐρω-

468 2819 589 2888 τᾷν,
622 2811 775 2870 εἶπεν
796 2818 999 2881 αὑτοῖς·
1034 2818 1171 2889 Περὶ
1200 2818 1386 2872 τούτου
1408 2818 1620 2890 ζητεῖτε
1649 2823 1767 2889 μετ’
1788 2817 2052 2887 ἀλλήλων,

468 2909 550 2962 δτι
578 2903 752 2973 εἷπον,
784 2909 1001 2981 μικρὸν,
1033 2911 1127 2962 καὶ
1154 2911 1216 2962 οὑ
1248 2909 1500 2983 θεωρεῖτέ
1543 2927 1628 2981 με·
1659 2909 1753 2962 καὶ
1775 2910 1937 2964 πάλιν
1968 2929 2057 2982 μι-

467 3000 619 3074 κρὸν,
668 3003 763 3055 κα)⁸
805 3001 1001 3071 ὄψεσθέ
1053 3019 1142 3071 με·
1180 3003 1371 3074 Ἀμὴν,
1405 3003 1551 3074 ἀμὴν
1590 3004 1731 3073 λέγω
1769 3006 1919 3077 ὑμῖν,
1972 3006 2055 3059 ὅτι

467 3091 754 3155 κλαύσετε,
790 3093 886 3144 καὶ
915 3091 1211 3161 θρηνήσετε
1237 3094 1413 3163 ὑμεῖς·
1449 3096 1477 3146 ὁ
1502 3094 1708 3166 κόσμος
1733 3096 1789 3148 δὲ
1818 3098 2055 3167 χαρήσε-

2166 1906 2312 1951 ctam
2374 1896 2595 1951 oﬂulam
2645 1897 2747 1965 ipsi
2789 1896 3116 1968 porrigeret.
3185 1900 3413 1966 Quando
3456 1915 3584 1953 vero
3636 1908 3755 1969 post

2169 1986 2392 2043 oﬂ‘ulam
2420 1989 2698 2059 ingressus
2721 1999 2804 2045 est
2828 1991 2879 2044 in
2898 1989 3093 2044 Judatn
3123 1991 3374 2053 Satanas,
3392 1990 3561 2043 multo
3579 2005 3758 2047 utilius

2167 2090 2289 2134 erat
2330 2096 2453 2136 cum
2489 2081 2582 2137 illo
2610 2080 2805 2148 Jesus,
2852 2082 3156 2137 abduccnte
3183 2082 3372 2151 procul
3429 2084 3669 2151 seipsum
3721 2096 3755 2136 a

2169 2171 2503 2239 Servatore;
2545 2175 2717 2241 «Quae
2760 2175 2906 2229 enim
2962 2176 3347 2230 convenientia
3387 2173 3588 2229 Christi
3630 2188 3752 2229 cum

2167 2264 2349 2319 Beliar
2372 2263 2396 2295 ⁸
2421 2265 2471 2318 ῖι
2508 2265 2769 2332 Quamvis
2808 2276 3052 2321 attamen
3100 2268 3279 2323 adhuc
3309 2266 3584 2335 paulisper
3625 2281 3752 2322 cunt

2167 2356 2348 2412 ﬁliolis
2378 2355 2595 2412 futurus
2629 2366 2778 2413 esset
2805 2355 2988 2425 Jesus,
3025 2360 3269 2427 ipsorum
3299 2369 3475 2427 pater,
3509 2358 3781 2413 sciamus

2166 2458 2382 2518 oportet
2428 2447 2563 2503 illud
2625 2467 2644 2499 ι
2680 2447 2975 2518 paulisper,
3007 2466 3026 2500 ι
3081 2464 3331 2520 magnum
3394 2463 3533 2504 esse.
3611 2449 3749 2503 Nam

2164 2540 2379 2597 etiamsi
2411 2555 2535 2595 cum
2563 2539 2673 2594 illis
2698 2554 2807 2595 non
2837 2548 2958 2594 erat
2985 2538 3144 2595 Jesus
3163 2584 3176 2606 ,
3212 2541 3570 2601 nihilominus
3597 2556 3748 2611 quae--
3780 2558 3785 2579 λ

2165 2632 2324 2687 situri
2376 2641 2539 2687 erant
2591 2631 2818 2697 Jesum;
2871 2633 3329 2700 quemadmodum
3379 2632 3575 2687 Petrus
3628 2643 3778 2702 post'

2166 2725 2511 2796 negationem
2540 2740 2730 2779 amare
2758 2724 2927 2790 ﬂevit,
2963 2741 3237 2795 quaarens,
3283 2726 3501 2794 opinor,
3538 2724 3747 2781 Iesum.
3780 2760 3785 2765 ι

2165 2817 2324 2873 Nunc
2350 2817 2522 2888 igitur
2548 2817 2680 2871 illud
2713 2834 2726 2871 :
2775 2835 2793 2868 ι
2823 2816 3023 2883 Filioli,
3054 2816 3231 2871 adhuc
3257 2818 3532 2887 paulisper
3563 2818 3749 2873 vobis-

2164 2925 2287 2965 cum
2343 2924 2461 2963 sum
2492 2926 2513 2960 ι
2564 2908 2767 2962 dictum
2831 2918 2960 2962 est:
2996 2908 3158 2974 paulo
3211 2920 3395 2962 autem
3443 2923 3565 2978 post
3610 2910 3689 2964 ait
3729 2928 3745 2965 :

2168 3018 2188 3053 ι
2219 2999 2507 3065 Pusillum,
2568 3008 2623 3055 et
2673 3000 2788 3068 jam
2839 3016 2946 3054 non
2986 3000 3241 3054 videbitis
3287 3016 3405 3065 me;
3443 3009 3501 3055 et
3546 3003 3747 3057 iterum

2164 3093 2421 3163 pusillum
2450 3132 2467 3158 ,
2528 3100 2583 3147 et
2627 3091 2883 3146 videbitis
2934 3107 3067 3147 me:
3108 3112 3126 3144 ι
3154 3098 3375 3162 quando
3432 3095 3748 3151 dicentibus

465 3196 576 3232 ται·
601 3180 758 3251 ὑμεῖς
780 3179 837 3232 δὲ
867 3179 1268 3251 λυπηθήσεσθε,
1290 3182 1405 3235 ἀλλ’
1436 3185 1469 3253 ή
1493 3162 1637 3253 λύπη
1672 3162 1829 3254 ὑμῶν
1840 3162 2056 3255 -είςῡχα-

2162 3162 2492 3253 discipulis:
2535 3181 2727 3248 (Quid
2764 3192 2848 3236 est
2882 3181 3020 3244 hoc,
3068 3183 3212 3250 quod
3258 3183 3411 3247 dicit,
3440 3182 3781 3239 Pusillum?"

468 3271 567 3343 ρὰν
599 3273 906 3341 γενήσεται·
953 3290 972 3323 ι
1019 3272 1081 3324 τὸ
1128 3271 1236 3343 γάρ
1289 3274 1483 3344 μικρὸν
1513 3276 1708 3342 ἐκεῖνο,
1760 3278 1819 3329 ἐν
1866 3270 1912 3346 ᾧ
1953 3280 2053 3331 οὑκ

463 3360 734 3433 ἐθεώρουν
775 3361 957 3424 αὑτὸν,
1010 3362 1237 3433 ἐζήτουν
1290 3363 1516 3434 Ἰησοῦν·
1560 3365 1640 3419 διὸ
1682 3366 1914 3433 ἔκλαιον,
1959 3369 2054 3423 καὶ

466 3452 749 3524 ἐθρήνουν,
780 3453 881 3523 τῆς
910 3453 1088 3525 λύπης
1134 3454 1312 3509 αὐτῶν
1361 3458 1441 3520 είς
1479 3457 1652 3527 χαρὰν
1685 3459 2053 3529 μεταϐαλλού-

464 3561 588 3616 σης,
618 3548 706 3599 ὅτε
740 3546 1041 3621 ἐπληροῦτο
1066 3548 1145 3600 τό·
1186 3567 1204 3599 t
1244 3550 1356 3603 Καὶ
1388 3550 1546 3604 πάλιν
1579 3550 1793 3623 μικρὸν,
1815 3553 1907 3605 καὶ
1927 3551 2052 3621 ὅψε-

465 3634 562 3689 σθέ
587 3652 675 3705 με.
708 3654 727 3686 ι
776 3636 866 3690 Ἐν
890 3632 971 3701 οἷς
1001 3638 1275 3704 ἐξετάσεις
1298 3643 1347 3693 εί
1370 3642 1398 3693 6
1432 3640 1570 3711 μετὰ
1598 3641 1794 3713 μικρὸν
1827 3641 1902 3713 μὴ
1925 3642 2051 3696 θεω-

465 3725 577 3798 ρῶν
601 3726 784 3793 αὑτὸν,
814 3730 862 3780 εἰ
899 3728 1081 3800 μέλλει
1122 3730 1259 3801 μετὰ
1282 3732 1439 3784 τοῦτο
1464 3732 1688 3801 ὄψεσθαι
1718 3734 1901 3798 αὑτὸν,
1932 3736 2048 3805 μετ’

460 3819 526 3873 οὑ
569 3819 704 3872 πολὺ
732 3820 951 3883 πάντως
993 3820 1183 3891 ὄψεται
1232 3824 1415 3885 αὑτὸν,
1468 3825 1732 3878 νοούντων
1775 3827 1931 3897 ήμῶν
1964 3828 2044 3879 τό·

466 3927 489 3964 ι
533 3911 644 3965 Καὶ
672 3912 835 3966 πάλιν
871 3916 1085 3987 μικρὸν,
1123 3916 1217 3968 καὶ
1250 3916 1447 3985 ὄψεσθέ
1476 3934 1567 3987 με.
1608 3936 1627 3968 ι
1665 3918 1738 3970 Τὸ
1766 3917 1823 3970 δὲ
1864 3918 2048 3989 ζητεῖν
2085 3948 2090 3954 -

459 4004 554 4059 τὸν
578 4005 785 4076 Ἰησοῦν
814 4006 998 4076 ζητεῖν
1024 4009 1140 4059 ἐστι
1164 4007 1256 4060 τὸν
1272 4007 1448 4076 λόγον,
1481 4010 1574 4062 καὶ
1598 4008 1697 4080 τὴν
1722 4010 1934 4078 σοφίαν,
1953 4010 2049 4063 καὶ

459 4097 560 4168 τὴν
586 4096 955 4170 δικαιοσύνην,
999 4099 1093 4152 καὶ
1119 4099 1217 4169 τὴν
1245 4098 1523 4169 ἀλήθειαν,
1558 4102 1652 4155 καὶ
1680 4103 1777 4174 τὴν
1820 4103 2047 4174 δύναμιν

460 4190 557 4244 τοῦ
582 4190 739 4255 Θεοῦ,
765 4192 908 4263 ἅπερ
944 4192 1121 4246 πάντα
1158 4194 1306 4245 ἐστὶν
1331 4196 1359 4247 6
1384 4195 1636 4265 Χριστός.
1663 4196 1817 4260 Τινὲς
1845 4196 1903 4249 δὲ
1950 4196 2048 4268 ζη-

457 4279 643 4333 τοῦσιν
688 4280 852 4334 αὑτὸν
896 4282 1005 4336 τῶν
1043 4284 1364 4355 ἑωρακότων
1402 4289 1623 4357 σημεῖα,
1673 4288 1769 4341 καὶ
1819 4288 1916 4341 σὺν
1967 4288 2047 4360 τῷ

460 4371 763 4443 ἑωρακέναι
803 4372 1073 4429 λαϐόντων
1092 4376 1185 4428 ἀπ’
1209 4377 1374 4432 αὑτοῦ
1401 4377 1583 4448 ἄρτον,
1615 4380 1710 4433 καὶ
1743 4381 2043 4450 φαγόντων,

460 4462 633 4517 αἰτίου
672 4462 766 4516 τοῦ
803 4462 986 4535 ζητεῖν
1018 4466 1201 4529 αὐτοῖς
1250 4469 1542 4538 γενομένου
1596 4469 1692 4524 τοῦ
1745 4469 2043 4541 τεθράφθαι

460 4553 569 4607 ἀπὸ
600 4553 694 4606 τοῦ
728 4556 922 4624 Λόγου·
965 4574 984 4606 r
1024 4557 1245 4626 Ζητεῖτε
1290 4560 1399 4630 γάρ
1440 4577 1528 4630 με,
1576 4563 1762 4631 φησὶν,
1807 4564 1906 4634 οὑχ
1960 4563 2042 4616 ὃτι

459 4644 628 4698 εἴδετε
657 4652 877 4718 σημεῖα,
912 4647 1029 4702 ἀλλ’
1070 4649 1152 4703 ὅτι
1190 4652 1423 4721 ὲφάγετε
1451 4655 1515 4707 ὲκ
1560 4654 1668 4707 τῶν
1706 4656 1906 4727 ἄρτων,
1951 4657 2044 4710 καὶ

462 4737 847 4810 ἐχορτάσθητε.
884 4760 903 4794 ›
944 4738 1077 4796 Εἶτα
1119 4744 1244 4797 ἐπεὶ
1299 4745 1564 4816 πρότερον
1607 4751 1719 4812 τοῖς
1769 4749 2047 4813 Ἰουδαίοις

460 4828 694 4900 εἰρήκει·
728 4850 746 4882 ι
785 4832 929 4901 Ἐγὼ
955 4834 1171 4903 ὑπάγω,
1190 4838 1286 4891 καὶ
1318 4836 1583 4909 ζητήσετέ
1622 4857 1711 4910 με,
1737 4842 1832 4894 καὶ
1860 4844 1917 4895 ὲν
1973 4845 2041 4914 τῇ

460 4920 711 4993 ἁμαρτίᾳ
737 4924 889 4993 ὑμῶν
916 4927 1294 4992 ἀποθανεῖσθε,
1319 4949 1339 4982 ι
1375 4931 1489 4995 καὶ,
1522 4949 1541 4980 ι
1579 4932 1753 4989 Ὅπου
1778 4932 1887 5001 ἐγὼ
1916 4934 2047 4987 ὑπά-

458 5030 563 5084 γω,
594 5015 754 5084 ὑμεῖς
781 5016 840 5069 οὑ
873 5016 1098 5072 δύνασθε
1136 5020 1332 5085 ἐλθεῖν,
1377 5040 1397 5073 ι
1435 5023 1523 5074 ἐπ’
1559 5025 1735 5078 ἐκεῖνο
1755 5026 2046 5097 ἀναφέρων

457 5106 519 5159 τὸ
550 5107 913 5178 προκείμενόν
949 5127 1103 5180 φησι·
1137 5131 1156 5164 ι
1197 5114 1308 5167 Καὶ
1348 5113 1532 5179 καθὼς
1578 5112 1731 5170 εἷπον
1761 5119 1873 5180 τοῖς
1906 5120 2042 5171 Ἰου-

454 5194 646 5258 δαίοις,
739 5197 823 5250 ὅτι
913 5199 1087 5253 Ὅπου
1125 5201 1239 5270 ἐγὼ
1283 5203 1501 5273 ὑπάγω,
1534 5207 1692 5277 ὑμεῖς
1719 5208 1779 5261 οὑ
1812 5207 2041 5261 δύνασθε

454 5284 653 5349 ἐλθεῖν,
687 5288 781 5340 καὶ
814 5287 942 5359 ὑμῖν
967 5290 1111 5360 λέγω
1134 5292 1281 5365 ἄρτι·
1326 5312 1346 5345 ι
1368 5296 1444 5360 ὼς
1471 5297 1580 5370 γὰρ
1600 5298 1849 5363 ἐκείνοις,
1884 5300 2039 5370 φησὶ,

453 5376 601 5429 τοῦτ’
632 5374 804 5443 εἷπον,
825 5379 979 5465 ⁸οῦτω
1000 5384 1094 5437 καὶ
1128 5385 1279 5456 ὑμῖν·
1308 5385 1444 5465 ἀλλὰ
1474 5389 1569 5442 καὶ
1609 5390 1739 5460 ὑμῖν
1766 5391 1925 5444 τοῦτο
1950 5392 2040 5445 λέ-

455 5482 563 5555 γω,
594 5469 656 5522 οὐ
692 5464 831 5543 περὶ
859 5472 1105 5539 πλείονος
1134 5464 1346 5549 χρόνου·
1381 5478 1523 5534 οὕτω
1560 5480 1670 5553 γὰρ
1701 5483 1883 5537 ἀκούω
1922 5484 2063 5537 τοῦ..

530 5609 553 5639 ⁵
580 5607 627 5662 ll
652 5611 777 5664 Cor.
807 5625 884 5677 γι,
921 5611 1007 5666 15.
1081 5613 1149 5654 ⁸-⁸
1176 5612 1333 5695 Joan.
1358 5610 1470 5681 xvt,
1498 5616 1676 5674 16-20.
1750 5620 1771 5652 ⁷
1802 5604 1955 5677 Joan.
1994 5639 2067 5691 vt,
2088 5623 2171 5679 26.
2214 5628 2217 5631 ⁷

534 5744 643 5813 (52)
676 5747 855 5803 Codex
888 5746 1111 5817 Regius,
1142 5750 1302 5818 male,
1341 5754 1459 5820 μετ’
1485 5753 1666 5809 αὑτοῦ.

2160 3277 2442 3332 nescimus
2497 3278 2627 3345 quid
2681 3276 2959 3344 loquatur,
3010 3289 3132 3328 cum
3174 3275 3533 3330 intellexisset
3584 3276 3747 3333 Jesua

2158 3363 2288 3433 quia
2332 3363 2545 3418 vellent
2596 3377 2720 3418 eum
2770 3362 3130 3432 interrogare,
3161 3364 3296 3417 dixit
3340 3365 3490 3420 illis:
3522 3365 3597 3419 De
3640 3367 3747 3423 hoc

2159 3453 2402 3522 quaeritis
2448 3456 2591 3508 inter
2626 3467 2722 3508 vos
2746 3492 2762 3520 ,
2813 3453 2959 3521 quod
2994 3453 3106 3506 dixi
3136 3468 3151 3507 :
3182 3453 3468 3518 Pusillum,
3519 3464 3575 3510 et
3629 3471 3775 3511 nonv

2158 3546 2417 3600 videbitis
2452 3561 2584 3611 me;
2618 3555 2674 3601 et
2711 3546 2906 3600 iterum
2930 3546 3207 3614 pusillum,
3235 3555 3291 3599 et
3320 3548 3570 3601 videbitis
3610 3563 3695 3602 me
3722 3566 3737 3602 :
3768 3576 3774 3585 ι

2156 3641 2350 3705 Amen,
2385 3653 2544 3692 amen
2564 3639 2684 3693 dico
2704 3638 2858 3692 vobis
2886 3656 2901 3693 :
2935 3637 3245 3705 l’lorahitis,
3273 3637 3439 3710 454
3460 3650 3513 3693 et
3534 3640 3765 3695 lamen-t

2158 3731 2407 3787 tahimini
2438 3746 2569 3795 vos;
2605 3732 2842 3787 mundus
2888 3742 3073 3786 autem
3106 3732 3395 3801 gaudebit;
3430 3749 3528 3787 vos
3554 3747 3769 3789 autem:

2158 3838 2395 3879 maerore
2424 3823 2757 3891 aiiiciemini,
2802 3824 2899 3878 sed
2943 3837 3156 3876 maeror
3185 3834 3366 3878 vester
3399 3835 3641 3879 vertetur
3681 3827 3765 3881 in.

2155 3917 2413 3987 gaudium
2436 3913 2520 3967 ⁸-⁸.
2551 3935 2569 3967 ι
2597 3915 2694 3970 Illo
2740 3915 2884 3970 enim
2938 3914 3133 3983 pusillo
3168 3923 3445 3983 tempore,
3487 3933 3594 3985 quo
3626 3934 3735 3971 non

2156 4010 2413 4065 videbant
2442 4023 2591 4072 eum,
2623 4010 2942 4077 quaerebant
2983 4007 3192 4062 Iesum.
3247 4008 3514 4074 Quocirca
3554 4008 3737 4078 plora-

2154 4104 2305 4167 bant,
2352 4111 2409 4156 et
2457 4101 2941 4164 lamentabantur,
2982 4101 3077 4155 sed
3113 4114 3355 4155 mmrore
3404 4110 3736 4156 commutato

2155 4194 2265 4249 illis
2297 4194 2349 4247 in
2379 4195 2661 4263 gaudium,
2689 4192 3164 4263 implebaturtunc
3195 4193 3326 4247 illud
3363 4210 3378 4247 :
3414 4192 3513 4246 «Et
3535 4194 3735 4249 iterum

2153 4288 2436 4358 pusillmn,
2471 4295 2529 4341 et
2551 4286 2807 4342 videbitis
2832 4302 2943 4342 me.
2990 4305 3008 4336 ι
3061 4286 3118 4341 In
3146 4288 3347 4356 quibus
3369 4287 3638 4356 disquires
3661 4303 3734 4343 an

2158 4382 2204 4436 is
2225 4382 2318 4451 qui
2349 4391 2471 4450 post
2495 4379 2754 4450 pusillum
2800 4380 2977 4450 ipsum
3004 4380 3224 4435 visurus
3255 4395 3361 4435 non
3392 4390 3499 4445 est,
3529 4381 3576 4434 si
3608 4380 3735 4450 qui-

2154 4472 2275 4526 dem
2300 4482 2487 4543 postea
2517 4471 2667 4526 illum
2695 4472 2912 4526 visurus
2931 4480 3039 4536 est,
3063 4481 3185 4541 post
3226 4482 3440 4542 tempus
3477 4486 3584 4526 non
3610 4473 3733 4527 lou~
3769 4468 3779 4479 ’

2148 4581 2275 4635 gum
2309 4566 2484 4633 ipsum
2539 4565 2768 4619 omnino
2818 4563 3037 4619 visurus
3088 4565 3203 4631 sit;
3253 4566 3732 4621 considerantibus

2147 4656 2305 4711 nobis
2350 4657 2508 4710 illud:
2537 4673 2556 4706 ι
2591 4654 2657 4709 Ει
2697 4656 2894 4709 iterum
2923 4654 3283 4725 pusillum,et
3297 4655 3669 4711 videbitisme.
3696 4672 3714 4704 ι

2145 4748 2417 4803 Caeterum
2446 4762 2698 4816 quaerere
2725 4746 2911 4803 Jesum
2938 4787 2954 4812 ,
3001 4758 3087 4802 est
3118 4761 3364 4816 quaerere
3397 4761 3729 4810 sermonem,

2146 4842 2497 4911 sapientiam.
2521 4840 2793 4909 justitiam
2828 4883 2843 4906 ,
2884 4840 3171 4893 veritatem
3199 4847 3258 4892 et
3278 4839 3574 4907 potentiam
3608 4837 3726 4905 Dei,

2147 4948 2266 5001 qua:
2293 4933 2477 4987 omnia
2504 4942 2589 4988 est
2615 4933 2887 4988 Christus.
2913 4932 3175 4998 Quazrunt
3205 4946 3333 4985 vero
3357 4931 3576 4999 quidam
3600 4944 3723 4985 eum

2150 5017 2216 5078 ex
2249 5025 2334 5080 his
2362 5024 2456 5095 qui
2488 5027 2642 5096 signa
2668 5020 2931 5079 viderunt
2958 5062 2974 5089 ,
3002 5023 3206 5093 quique
3239 5038 3361 5077 cum
3391 5025 3510 5093 ipso
3542 5023 3726 5077 videre

2144 5127 2498 5190 smnpserunt
2528 5119 2596 5174 ab
2615 5134 2680 5175 eo
2702 5133 2920 5189 panem,
2953 5126 3007 5174 et
3039 5117 3369 5173 comedunt:
3396 5118 3728 5173 habentibus

2146 5210 2253 5265 illis
2281 5212 2559 5281 quaerendi
2595 5226 2815 5266 causam
2840 5252 2857 5278 ,
2915 5226 2981 5266 eo
3043 5213 3188 5281 quod
3227 5209 3415 5264 nutriti
3459 5204 3663 5262 fuerint
3693 5224 3727 5263 a

2145 5302 2307 5373 Λόγῳ
2352 5312 2410 5358 et
2444 5302 2586 5359 Filio
2624 5304 2757 5358 Dei:
2796 5321 2815 5355 ι
2849 5303 3105 5373 Quaritis
3156 5301 3303 5358 enim
3362 5319 3469 5365 nte,
3525 5302 3724 5371 inquit,

2146 5412 2251 5451 non
2295 5397 2419 5467 quia
2458 5399 2611 5469 signa
2643 5400 2916 5467 videritis,
2959 5403 3055 5455 scd
3097 5400 3223 5469 quia
3257 5400 3609 5455 comederitis
3654 5414 3723 5453 ex

2147 5490 2398 5562 panibus,
2436 5499 2492 5548 et
2520 5494 2748 5549 saturati
2782 5494 2905 5549 sitis
2928 5493 2970 5548 ⁷.
2999 5512 3021 5546 ι
3060 5494 3264 5550 Deinde
3285 5493 3540 5564 quoniam
3562 5501 3724 5548 antea

2920 5593 2959 5633 κ’·
