4182 6426
378 293 487 349 897

1825 293 2151 348 ORIGENIS

3535 295 3640 352 833

377 406 576 464 Iudaeis
597 407 811 462 dixerat
839 427 853 462 :
886 425 906 460 α
939 407 1050 477 Ego
1073 407 1236 472 vado,
1271 417 1327 464 et
1353 409 1611 478 qumretis
1639 423 1761 474 me,
1799 419 1859 472 et
1899 409 1951 462 iu

2068 428 2080 458 ι
2117 410 2225 462 Καὶ
2263 410 2390 479 ὑμῖν
2437 410 2580 478 λέγω
2618 411 2765 481 ἄρτι,
2803 430 2822 462 ι
2859 410 2994 478 ὅπερ
3021 410 3122 464 οὑκ
3163 409 3278 465 ἔστι
3323 416 3514 470 ταύτὸν
3543 419 3643 488 τῷ·

379 511 606 569 peccato
635 511 818 555 vestro
850 500 1162 555 moriemini
1205 500 1292 567 ⁸;»
1329 511 1419 556 et:
1447 519 1465 551 ι
1490 502 1607 568 Quo
1646 517 1747 572 ego
1787 503 1924 555 vado
1948 544 1962 567 ,

378 607 476 647 vos
519 609 626 646 non
654 594 880 661 potestis
912 593 1141 658 venire;
1173 612 1192 645 ι
1233 595 1302 646 ad
1343 593 1474 648 illud
1520 593 1766 648 referens
1813 594 1866 648 id
1904 595 1971 647 de

379 702 490 755 quo
523 687 774 754 agimus,
825 686 1004 755 inquit
1033 703 1047 738 :
1087 703 1106 736 ‹
1142 687 1206 740 Et
1229 685 1371 741 sicut
1407 686 1521 739 dixi
1575 684 1780 740 Iudicis
1815 684 1972 751 :Quo

380 792 482 846 ego
514 778 674 840 abeo,
710 791 805 830 vos
835 792 944 831 nou
982 778 1210 845 potestis
1239 779 1461 843 venire;
1511 779 1584 831 ita
1615 779 1780 832 etiam
1810 778 1970 833 vobis

381 868 503 922 dico
535 883 678 922 nunc
709 869 752 920 '.
788 887 806 918 ι
847 867 916 922 lJ't
949 870 1092 922 enim
1144 868 1274 932 illis,
1327 869 1521 938 inquit,
1560 868 1663 921 hoc
1699 867 1831 930 dixi,
1890 868 1972 923 sic

380 959 545 1015 etiam
606 959 794 1024 vobis;
848 959 941 1012 sed
993 959 1149 1014 vobis
1196 959 1363 1012 etiam
1427 959 1532 1013 hoc
1586 959 1707 1012 dico
1754 974 1860 1012 non
1902 959 1970 1014 de

382 1053 554 1107 multo
582 1062 842 1122 tempore.
876 1053 968 1106 Sic
996 1052 1142 1106 enim
1169 1066 1270 1121 ego
1292 1052 1531 1122 intelligo
1563 1051 1733 1116 illud,
1771 1053 1966 1107 «etiam

383 1145 537 1198 vobis
559 1145 679 1198 dico
703 1160 896 1210 uuuc,u
927 1159 1048 1213 qua:
1086 1161 1190 1198 non
1219 1146 1359 1198 idem
1388 1155 1586 1199 sonant
1617 1160 1681 1197 ac
1713 1144 1758 1198 si
1791 1145 1967 1198 dixis-

383 1246 499 1290 set:
530 1235 594 1288 Et
628 1235 782 1290 vobis
814 1236 955 1297 dico,
977 1238 1181 1305 absque
1206 1236 1484 1292 additione
1505 1235 1777 1298 vocabuli,
1805 1253 1963 1290 nunc.

382 1323 553 1382 Iudaei
581 1328 747 1391 enim,
782 1343 920 1397 quos
951 1329 1283 1397 praaviderat
1323 1329 1618 1382 morituros
1655 1328 1708 1382 in
1741 1338 1968 1397 peccato

385 1433 505 1480 suo,
547 1418 628 1474 ire
661 1433 767 1474 non
813 1428 1095 1488 poterant,
1148 1436 1248 1474 nec
1276 1421 1342 1473 ad
1374 1419 1537 1474 breve
1585 1429 1800 1488 tempus
1855 1433 1964 1488 quo

387 1512 572 1566 abibat
601 1509 802 1579 Iesus;
847 1522 905 1566 at
930 1527 1060 1567 vero
1094 1512 1348 1580 discipuli
1381 1521 1504 1582 post
1547 1511 1680 1566 illud
1711 1511 1964 1581 pusillum

388 1612 621 1674 tempus,
654 1606 710 1660 in
738 1620 846 1676 quo
874 1620 982 1660 non
1013 1603 1244 1674 amplius
1289 1605 1506 1660 futurus
1533 1612 1654 1659 erat
1694 1619 1818 1659 cum
1859 1605 1961 1667 eis,

385 1707 608 1767 propter
648 1712 710 1754 ea
744 1713 864 1768 quae
915 1697 1163 1767 superius
1194 1697 1433 1753 diximus
1456 1736 1474 1764 ,
1526 1703 1781 1765 poterant
1807 1695 1962 1764 sequi

2075 503 2184 555 Καὶ
2212 504 2340 572 ὑμῖν
2369 503 2530 573 λέγω,
2575 507 2741 576 χωρὶς
2791 505 3107 576 προσθήκης
3146 506 3267 575 τῆς,
3310 507 3459 576 ἄρτι·
3511 511 3649 565 Ἰου-

2071 593 2207 646 δαῖοι
2237 597 2333 664 μὲν
2353 595 2459 666 γὰρ
2475 595 2569 660 οὒς
2599 597 2933 667 προέϐλεπεν
2966 600 3022 650 ἐν
3046 601 3110 668 τῇ
3159 598 3367 652 ἑαυτῶν
3400 601 3649 676 ἁμαρτίᾳ

2072 686 2547 758 ἀποθανουμένους
2599 689 2698 742 οὐκ
2740 690 2831 742 ἐπὶ
2882 689 3279 760 βραχυνόμενον
3329 692 3517 762 χρόνον
3547 695 3648 747 οὑκ

2071 778 2323 832 ἐδύναντο
2363 780 2537 848 ἥκειν,
2580 781 2712 832 ὅπου
2745 781 2954 850 ὑπῆγεν
2982 784 3010 832 ό
3045 779 3270 849 Ἰησοῦς·
3302 783 3352 834 oi
3385 781 3441 834 δέ
3474 783 3650 854 μαθη-

2069 869 2182 930 ταὶ,
2217 869 2333 938 μεθ’
2371 861 2446 920 ὧν
2487 868 2676 938 ἔμελλε
2725 868 2919 939 μικρὸν
2956 869 3144 939 χρόνον
3197 869 3392 938 μηκέτι
3430 869 3648 924 ἔσεσθαι

2074 957 2191 1027 μετ’
2232 956 2430 1020 αὐτῶν,
2485 958 2571 1011 διὰ
2602 957 2669 1011 τά
2713 958 3084 1029 προειρημένα
3121 958 3220 1011 οὑκ
3253 957 3505 1012 ἐδύναντο
3535 959 3645 1031 (55)

2069 1048 2294 1102 ἕπεσθαι
2350 1051 2426 1120 τῷ
2466 1050 2623 1119 Λόγῳ
2661 1051 2874 1104 ἀπιόντι
2925 1052 3016 1103 ἐπὶ
3068 1049 3166 1112 τάς
3212 1050 3405 1104 ἑαυτοῦ
3443 1053 3646 1106 οἰκονο-

2073 1143 2221 1212 μίας.
2271 1144 2378 1195 Καὶ
2427 1144 2474 1194 εἰ
2526 1142 2600 1213 μὴ
2642 1143 3002 1212 προετέτακτο
3056 1142 3172 1196 τοῦ·
3240 1164 3258 1195 ι
3309 1146 3481 1198 Ὅπου
3532 1143 3646 1212 ἐγὼ

2068 1232 2286 1298 ὑπάγω,
2354 1232 2511 1302 ὑμεῖς
2551 1235 2612 1286 οὑ
2658 1233 2885 1287 δύνασθε
2939 1234 3133 1299 ἐλθεῖν,
3183 1254 3200 1286 ι
3245 1235 3325 1288 τό·
3379 1256 3397 1288 σ
3444 1235 3643 1300 Καθὼς

2067 1319 2219 1377 εἷπον
2253 1325 2362 1396 (54)
2390 1328 2504 1389 τοῖς
2542 1326 2830 1390 Ἰουδαίοις,
2860 1347 2878 1378 ι
2913 1327 3014 1381 κᾶν
3032 1325 3396 1398 ἁπλούστερον
3425 1328 3645 1382 ἐδόκουν

2069 1417 2166 1486 μέν
2194 1415 2367 1469 ταῦτα
2403 1417 2674 1489 εἰρῆσθαι,
2717 1419 3098 1489 ἀναφερόμενα
3143 1419 3236 1472 ἐπὶ
3268 1420 3367 1490 τὴν
3404 1420 3511 1473 ἀπὸ
3547 1418 3645 1474 τοῦ

2067 1508 2184 1578 βίου
2217 1508 2391 1573 ἔξοδον
2423 1509 2524 1578 τῆς
2566 1510 2740 1582 Ἰησοῦ
2774 1510 2951 1580 ψυχῆς
2989 1510 3103 1564 νῦν.
3135 1512 3196 1563 Ei
3228 1511 3286 1563 δὲ
3316 1513 3410 1564 καὶ
3438 1513 3486 1565 οἱ
3513 1511 3646 1565 Ἰου-

2064 1600 2202 1654 δαῖοι
2237 1602 2600 1674 ἀποθνήσκειν
2624 1603 2866 1674 ἔμελλον,
2906 1603 3000 1658 καὶ
3031 1606 3059 1655 ὁ
3096 1603 3303 1674 Ἰησοῦς
3335 1603 3642 1673 ἀποθανὼν,

2063 1691 2159 1744 καὶ⁵
2182 1691 2523 1746 καταϐαίνων
2551 1691 2662 1763 (55)
2681 1695 2759 1756 εἰς
2780 1693 2928 1764 ᾅδου,
2953 1694 3072 1757 πῶς
3086 1694 3216 1747 ὅπου
3239 1696 3268 1746 ό
3283 1694 3491 1764 Ἰησοῦς
3511 1694 3642 1766 ὑπῆί

387 1787 708 1843 Sermonem
737 1789 1024 1844 abeuntem
1057 1789 1123 1843 ad
1150 1803 1278 1844 suas
1305 1789 1474 1857 ipsius
1502 1787 1961 1857 dispensationes.

2068 1800 2182 1853 γεν,
2227 1785 2422 1839 ἐκεῖνοι
2469 1787 2571 1840 οὑκ
2615 1785 2865 1840 ἐδύναντο
2900 1786 3182 1851 ἀπελθεῖν;
3219 1786 3358 1838 Ἀλλ’
3394 1789 3510 1858 ἐρεῖ
3533 1803 3640 1850 τις,

388 1877 455 1934 Et
483 1880 587 1934 nisi
619 1881 706 1936 bis
733 1882 938 1946 verbis,
975 1900 995 1933 ‹
1024 1898 1130 1952 quo
1167 1897 1266 1951 ego
1300 1880 1459 1948 vado,
1483 1896 1582 1936 vos
1605 1896 1710 1936 non
1741 1882 1967 1952 potestis

384 1973 575 2027 venire
606 2013 622 2038 ,
660 1990 680 2024 ι
755 1974 1047 2043 prtepOsita
1091 1974 1325 2027 fuissent
1372 1973 1530 2038 lucc,
1583 1989 1604 2024 ι
1631 1972 1774 2027 sicut
1842 1968 1960 2026 dixi

383 2059 666 2127 Iudaeis,»
737 2065 1042 2136 simplicius
1100 2067 1574 2121 existimassemus
1633 2066 1752 2121 hac
1798 2063 1964 2119 etiam

384 2151 526 2207 dicta
573 2151 740 2208 fuisse
765 2195 780 2220 ,
835 2153 1138 2210 referentes
1174 2156 1399 2210 verbum
1445 2171 1584 2209 nunc
1642 2155 1709 2209 ad
1742 2155 1793 2209 id
1827 2163 1964 2210 tem-

384 2243 534 2312 poris
565 2284 582 2311 ,
643 2261 754 2314 quo
795 2246 974 2300 anima
1007 2244 1138 2302 Iesu
1181 2262 1212 2302 e
1243 2247 1351 2301 vita
1409 2247 1726 2302 decedebat.
1787 2245 1962 2302 Caete-

384 2350 505 2390 rum
559 2337 605 2391 si
657 2334 827 2391 Iudaei
864 2338 1091 2407 perituri
1127 2346 1289 2391 erant
1312 2377 1329 2406 ,
1365 2346 1419 2392 et
1450 2335 1608 2392 Iesus
1647 2336 1921 2407 periturus
1945 2375 1961 2402 ,

382 2429 864 2498 descensurusque
928 2429 998 2498 ad
1054 2427 1300 2496 inferos,
1384 2429 1657 2498 quomodo
1709 2429 1790 2485 ire
1844 2443 1960 2482 non

381 2529 640 2590 poterant
697 2537 806 2591 quo
857 2522 1016 2578 Iesus
1086 2523 1319 2578 abibat?
1395 2523 1505 2578 Sed
1565 2523 1710 2578 dicet
1766 2521 1962 2591 aliquis

378 2611 543 2683 555
566 2613 708 2682 quod
729 2613 783 2668 in
801 2615 1052 2684 paradiso
1084 2613 1176 2670 Dei
1202 2615 1366 2670 etiam
1389 2613 1607 2668 futurus
1639 2612 1958 2678 eratIe-sus,

383 2707 450 2760 ad
471 2719 657 2776 quem,
686 2707 776 2776 qui
799 2706 853 2760 in
879 2707 1118 2776 peccatis
1141 2707 1254 2762 suis
1273 2705 1667 2769 moriebantur,
1688 2705 1959 2776 proﬁcisci

382 2816 492 2856 non
513 2807 800 2871 poterant;
838 2797 1136 2868 discipulos
1187 2812 1319 2853 vero
1356 2795 1487 2854 Iesu
1536 2813 1662 2853 cum
1709 2808 1838 2853 tunc
1881 2799 1963 2855 ire

385 2908 491 2948 non
529 2900 769 2963 possent,
809 2900 998 2961 postea
1052 2893 1330 2961 potuisse;
1388 2891 1598 2948 idcirco
1648 2890 1854 2947 Iudaeis
1907 2892 1958 2946 in

384 2993 608 3054 peccato
655 2998 755 3040 suo
813 2982 1173 3038 morientibus
1239 2984 1443 3040 dictum
1493 2983 1662 3038 fuisse
1725 3004 1738 3038 :
1778 3002 1798 3034 ι
1843 2981 1962 3050 Quo

2065 1875 2188 1928 ἐπεὶ
2239 1877 2334 1929 καὶ
2391 1877 2449 1930 ἐν
2485 1877 2565 1948 τῷ
2623 1877 2935 1948 παραδείσῳ
2993 1877 3184 1948 ἔμελλε
3232 1877 3478 1946 γίνεσθαι
3542 1877 3638 1931 τοῦ

2065 1965 2224 2030 Θεοῦ,
2265 1967 2395 2022 ἔνθα
2427 1970 2475 2022 οἱ
2506 1970 2604 2040 μὲν
2636 1971 2694 2022 ἐν
2739 1973 2859 2032 ταῖς
2895 1971 3195 2041 ἁμαρτίαις
3224 1970 3404 2024 αὑτῶν
3433 1970 3642 2024 ἀποθα-

2063 2056 2318 2129 νούμενοι
2350 2059 2597 2128 γίνεσθαι
2621 2061 2722 2131 οὐκ
2756 2061 3000 2131 ἔμελλον,
3031 2063 3080 2115 οἱ
3108 2063 3165 2116 δέ
3187 2062 3280 2115 τοῦ
3328 2062 3503 2133 Ἰησοῦ
3537 2080 3640 2133 μα-

2065 2151 2223 2222 θηταὶ
2249 2153 2370 2206 τότε
2400 2153 2500 2223 μὲν
2529 2150 2622 2207 οὖν
2637 2155 2736 2207 οὑκ
2763 2155 3016 2208 ἐδύναντο
3049 2155 3451 2222 ἐκεῖγενέσθαι,
3485 2154 3642 2209 ὑστε-

2067 2264 2160 2318 ρον
2187 2247 2244 2301 δέ
2264 2266 2278 2278 ·
2309 2247 2399 2302 διά
2425 2247 2583 2302 τοῦτο
2611 2248 2750 2320 πρὸς
2787 2249 2886 2319 μὲν
2919 2251 3046 2312 τοὺς
3088 2249 3147 2301 ἐν
3174 2250 3294 2311 ταῖς
3342 2248 3642 2320 ἁμαρτίαις

2062 2340 2242 2395 αὑτῶν
2265 2340 2738 2410 ἀποθανουμένους
2772 2339 3054 2402 Ἰουδαίους
3095 2339 3343 2392 λέλεκται
3375 2339 3434 2391 τό
3454 2355 3468 2367 ·
3503 2355 3521 2388 t
3550 2338 3644 2390 "0-

2063 2452 2164 2488 που
2198 2433 2310 2502 ἐγὼ
2337 2433 2554 2502 ὑπάγω,
2581 2435 2737 2504 ὑμεῖς
2774 2434 2834 2484 οὐ
2867 2431 3094 2486 δύνασθε
3117 2432 3318 2484 ἐλθεῖν·
3361 2449 3379 2482 ι
3421 2429 3556 2501 πρὸς
3584 2429 3642 2483 δέ

2060 2529 2189 2592 τοὺς
2222 2527 2496 2599 μαθητάς·
2536 2543 2555 2578 t
2595 2527 2769 2580 Ὅπου
2803 2525 2914 2594 ἐγὼ
2947 2524 3164 2593 ὑπάγω,
3197 2524 3357 2594 ὑμεῖς
3389 2523 3450 2575 οὑ
3483 2521 3642 2574 δύνα-

2065 2619 2158 2674 σθε
2185 2619 2358 2672 ἐλθεῖν
2395 2617 2554 2688 ἄρτι·
2601 2635 2619 2668 ι
2651 2617 2712 2669 τὸ
2735 2615 2843 2688 γὰρ
2877 2615 3004 2686 ἐξῆς
3037 2616 3135 2686 τῆς
3155 2612 3350 2678 λέξεώς
3383 2613 3499 2665 ἐστι
3531 2629 3642 2663 τοι·

2061 2710 2219 2765 οῦτον
2240 2728 2253 2740 °
2295 2709 2496 2773 Καθὼς
2525 2705 2678 2763 εἷπον
2707 2711 2821 2772 τοῖς
2864 2706 3160 2772 Ἰουδαίοις,
3187 2707 3282 2760 καὶ
3308 2707 3435 2776 ὑμῖν
3463 2704 3638 2771 λέγω·

2064 2806 2238 2859 Ὅπου
2293 2803 2404 2873 ἐγὼ
2434 2804 2652 2871 ὑπάγω,
2682 2803 2840 2873 ὑμεῖς
2889 2802 2949 2854 οὑ
2992 2799 3221 2854 δύνασθε
3272 2799 3444 2852 ἐλθεῖν
3492 2798 3637 2867 ἄρτι.

2062 2897 2172 2952 Καὶ
2209 2895 2352 2950 οὑτω
2378 2895 2435 2949 δὲ
2466 2896 2566 2948 οὑκ
2589 2893 2775 2964 ὀλίγην
2801 2892 2912 2962 ἔχει
2942 2891 3166 2962 ζήτησιν
3187 2893 3215 2945 ό
3245 2891 3406 2954 τόπος
3439 2889 3527 2943 διὰ
3557 2888 3642 2942 τὸο

2069 3007 2088 3041 ι
2125 2989 2182 3042 '0
2213 2988 2340 3051 Υἱὸς
2372 2985 2466 3040 τοῦ
2496 2985 2784 3055 ἀνθρώπου
2817 2985 2874 3037 ἐν
2905 2986 2971 3054 τῇ
3005 2981 3201 3052 καρδίᾳ
3221 2982 3320 3052 τῆς
3355 2981 3457 3050 γῆς
3486 2981 3646 3049 ποιή-

381 3090 487 3146 ego
533 3076 692 3140 abeo,
735 3089 833 3130 vos
858 3091 965 3131 non
1004 3076 1233 3144 potestis
1270 3078 1457 3130 venire
1497 3075 1580 3143 '°;
1619 3095 1638 3128 ι
1671 3075 1960 3144 discipulis

2068 3096 2148 3132 σει
2190 3082 2340 3149 τρεῖς
2385 3077 2601 3149 ἡμέρας
2675 3075 2772 3129 καὶ
2828 3077 2977 3146 τρεῖς
3026 3073 3263 3136 νύκτας·
3313 3090 3331 3123 ι
3365 3070 3482 3134 πῶς
3535 3070 3644 3141 γάρ

381 3181 561 3222 vero:
597 3183 616 3216 ι
670 3164 790 3232 Quo
825 3181 924 3237 ego
964 3166 1129 3232 abeo,
1182 3181 1279 3222 vos
1337 3181 1446 3222 non
1495 3166 1723 3236 potestis
1773 3165 1963 3220 venire

2068 3172 2210 3241 τρεῖς
2240 3169 2454 3241 ἡμέρας
2476 3168 2571 3222 καὶ
2597 3169 2745 3237 τρεῖς
2770 3164 2969 3228 νύκτας
3002 3164 3213 3234 ποιήσει
3261 3163 3318 3215 ἐν
3349 3163 3414 3231 τῇ
3447 3160 3645 3231 καρδίᾳ

384 3274 532 3314 nunc
562 3259 628 3314 “.
665 3277 686 3312 ι
723 3258 1060 3315 Elocutionis
1093 3259 1240 3314 enim
1279 3258 1405 3314 talis
1452 3268 1540 3314 est
1571 3257 1707 3314 ordo
1751 3275 1766 3312 :
1811 3257 1968 3312 Sicut

385 3351 500 3406 dixi
528 3345 761 3416 Iudaeis,
803 3351 972 3406 etiam
1008 3350 1161 3406 vobis
1203 3351 1325 3405 dico
1349 3367 1364 3405 :
1388 3349 1506 3417 Quo
1535 3364 1638 3421 ego
1671 3351 1833 3418 vado,
1867 3366 1966 3406 vos

385 3458 492 3499 non
524 3442 754 3512 potestis
789 3443 979 3498 venire
1009 3457 1175 3498 nunc.
1203 3441 1528 3511 Quanquam
1562 3443 1642 3497 sic
1669 3443 1836 3497 etiam
1859 3456 1964 3496 non

384 3554 577 3609 parum
623 3538 944 3608 quaestionis
985 3537 1148 3592 habet
1185 3537 1274 3592 hic
1315 3536 1500 3604 locus,
1558 3549 1780 3607 propter
1812 3538 1914 3592 hoc
1948 3555 1962 3591 :

391 3649 414 3684 ι
460 3631 631 3686 Filius
664 3630 904 3685 hominis
935 3637 1060 3700 aget
1092 3628 1148 3684 in
1187 3629 1353 3684 corde
1398 3639 1560 3686 terra!
1612 3640 1726 3686 tres
1754 3631 1872 3686 dies
1912 3641 1968 3686 et

388 3731 502 3778 tres
549 3729 738 3778 noctes
782 3721 845 3774 ι’.
887 3740 906 3774 ι
953 3720 1089 3776 Nam
1133 3723 1412 3790 quomodo
1446 3734 1556 3778 tres
1592 3722 1710 3778 dies
1751 3733 1808 3777 et
1855 3731 1969 3782 tres

390 3823 580 3869 noctes
612 3813 723 3882 egit
763 3815 815 3868 in
850 3815 1020 3869 corde
1060 3821 1252 3878 terrae,
1299 3817 1392 3883 qui
1427 3814 1587 3869 simul
1632 3823 1798 3884 atque
1842 3829 1966 3869 cum

390 3906 719 3962 decessisset
741 3920 772 3962 e
796 3908 928 3974 vita,
959 3905 1175 3963 futurus
1194 3918 1315 3963 erat
1333 3907 1385 3961 in
1404 3906 1658 3976 paradiso
1675 3907 1794 3974 Dei,
1813 3905 1967 3975 juxta

389 3997 522 4053 illud
550 4015 567 4054 :
596 4017 614 4050 ι
637 3997 806 4055 Hodie
828 4013 1037 4054 mecum
1064 3998 1175 4054 eris
1206 3997 1259 4052 in
1289 3998 1547 4068 paradiso
1571 3997 1665 4053 Dei
1696 3997 1784 4051 ¹³Υ
1829 4015 1848 4049 ι
1879 3997 1970 4053 Sic

391 4098 575 4145 autem
611 4090 952 4161 perturbavit
979 4089 1083 4145 hoc
1109 4090 1313 4145 dictum
1342 4088 1656 4156 nonnullos,
1684 4103 1783 4144 ceu
1815 4091 1970 4145 abso-

391 4197 543 4249 num,
585 4191 645 4238 ut
669 4181 934 4252 suspicari
965 4183 1082 4237 ausi
1117 4182 1460 4239 fueriuthaec
1493 4182 1658 4238 verba
1694 4200 1710 4237 :
1744 4201 1764 4234 ι
1797 4182 1973 4240 Hodie

391 4288 605 4330 mecum
630 4273 742 4329 eris
765 4275 818 4328 in
847 4273 1102 4343 paradiso
1119 4274 1235 4338 Dei,
1271 4293 1290 4327 ι
1320 4274 1506 4329 addita
1531 4272 1703 4330 fuisse
1726 4274 1971 4341 Evange-

2062 3261 2164 3332 τῆς
2185 3261 2310 3332 γῆς,
2342 3262 2460 3330 ἁμα
2486 3262 2554 3331 τῇ
2584 3258 2752 3329 ἐξόδῳ
2777 3259 2834 3310 ἐν
2856 3259 2932 3328 τῷ
2954 3255 3266 3328 παραδείσῳ
3289 3253 3508 3324 ἔμελλεν

2064 3351 2285 3406 ἔσεσθαι
2310 3351 2404 3404 τοῦ
2437 3349 2572 3404 Θεοῦ
2604 3348 2742 3403 κατά
2769 3349 2830 3401 τό
2850 3365 2863 3378 ·
2905 3366 2922 3398 ι
2960 3348 3209 3419 Σήμερον
3234 3347 3351 3417 μετ’
3380 3342 3515 3414 ἐμοῦ
3547 3343 3646 3415 ἔσῃ

2065 3447 2123 3498 ἐν
2152 3444 2230 3516 τῷ
2261 3442 2577 3515 παραδείσῳ
2606 3439 2702 3494 τοῦ
2730 3439 2900 3506 Θεοῦ;
2941 3458 2960 3490 ι
2997 3438 3152 3492 Οὑτω
3190 3437 3247 3490 δέ
3291 3435 3521 3506 ἐτάραξε
3561 3451 3648 3486 τι-

2065 3555 2160 3602 νας
2195 3537 2272 3600 ὡς
2294 3534 2622 3604 ἀσύμφωνον
2654 3532 2715 3585 τὺ
2746 3531 3057 3603 εἰρημένον,
3093 3530 3234 3582 ὥστε
3260 3528 3526 3598 τολμῆσαι
3555 3526 3650 3578 αὑ-

2065 3631 2195 3693 τοὺς
2244 3628 2545 3698 ὑπονοῆσαι
2589 3624 2993 3699 προπεθῆσθαι
3035 3624 3116 3695 τῷ
3171 3620 3490 3691 Εὑαγγελίῳ
3539 3617 3646 3671 ἀπό

2065 3739 2228 3777 τινων
2253 3719 2589 3794 ῥᾳδιουργῶν
2621 3719 2751 3774 αὐτὸ
2772 3718 2833 3772 τό
2855 3735 2868 3748 ·
2906 3735 2925 3770 t
2965 3718 3212 3788 Σήμερον
3241 3715 3357 3786 μετ’
3388 3710 3522 3783 ἐμοῦ
3548 3710 3646 3780 ἔσῃ

2068 3816 2128 3870 ἐν
2179 3813 2258 3885 τῷ
2299 3813 2617 3886 παραδείσῳ
2667 3811 2763 3865 τοῦ
2822 3809 2982 3865 Θεοῦ.
3037 3829 3055 3862 ι
3103 3810 3292 3879 Ἡμεῖς
3348 3806 3405 3860 δέ
3468 3819 3647 3874 φαμεν

2067 3907 2436 3979 ἁπλούστερον
2460 3906 2577 3977 μὲν,
2611 3905 2693 3959 δτι
2717 3904 2860 3975 τάχα
2894 3903 3026 3973 πρὶν
3053 3901 3306 3956 ἀπελθεῖν
3337 3899 3417 3962 εἰς
3432 3897 3531 3968 τὴν
3561 3895 3648 3948 λε-

2068 3999 2305 4070 γομένην
2331 3998 2560 4071 καρδίαν
2587 3997 2687 4069 τῆς
2719 3998 2820 4069 γῆς
2854 3994 3298 4064 ἀπεκατέστησεν
3325 3994 3405 4055 είς
3429 3991 3520 4044 τὸν
3546 4003 3652 4042 πα-

2073 4091 2318 4162 ράδεισον
2364 4091 2458 4144 τοῦ
2491 4090 2629 4144 Θεοῦ
2679 4091 2768 4143 τὸν
2809 4089 3031 4143 εἰπόντα
3081 4086 3268 4157 αὑτῷ·
3305 4102 3324 4134 ι
3362 4078 3650 4153 Μνήσθητί

2074 4199 2199 4253 μου,
2236 4183 2364 4237 ὅταν
2413 4181 2574 4252 ἔλθῃς
2620 4183 2677 4236 ἐν
2711 4183 2779 4252 τῇ
2829 4178 3076 4252 βασιλείᾳ
3123 4195 3255 4232 σου·
3303 4175 3650 4246 »βαθύτερον

2070 4274 2148 4340 δὲ,
2177 4274 2259 4327 ὅτι
2290 4272 2555 4344 πολλαχοῦ
2581 4273 2665 4336 τὸ,
2697 4271 2986 4341 σήμερον,
3023 4271 3081 4323 ἐν
3117 4271 3184 4340 τῇ
3213 4269 3401 4339 Γραφῇ
3431 4269 3525 4321 καὶ
3558 4266 3651 4319 ἐπὶ

392 4365 467 4420 lio
507 4364 578 4420 ab
609 4364 884 4434 aliquibus
921 4365 1050 4419 illud
1098 4365 1553 4421 adulterantibus.
1591 4368 1664 4420 At
1701 4381 1833 4420 vero
1873 4383 1966 4422 nus

2071 4366 2192 4421 ὅλον
2221 4365 2534 4437 παρατείνει
2559 4365 2650 4418 τὸν
2681 4363 3008 4433 ἐνεστηκότα
3031 4362 3230 4416 αἰῶνα·
3258 4359 3446 4429 ὥσπερ
3469 4359 3525 4412 δὲ
3557 4359 3652 4412 καὶ

388 4455 541 4524 juxta
567 4453 956 4524 simpliciorem
975 4455 1193 4523 quidem
1211 4469 1430 4511 sensum
1453 4455 1824 4524 intelligimus,
1845 4472 1966 4511 eum

2075 4459 2134 4512 ἐν
2161 4457 2271 4529 τῷ·
2308 4476 2328 4509 ι
2376 4457 2689 4529 Ἐφημίσθη
2717 4458 2748 4510 ὁ
2791 4455 2948 4524 λόγος
2993 4446 3150 4517 οὗτος
3187 4452 3651 4525 παρά,’1ουδαίοις

394 4547 650 4611 fortasse,
680 4554 965 4614 antequam
996 4547 1174 4602 abiret
1210 4547 1262 4601 in
1303 4562 1399 4603 cor
1439 4556 1624 4611 terrae,
1658 4555 1720 4600 ut
1746 4558 1966 4615 vocant,

2081 4549 2246 4621 μέχρι
2276 4548 2378 4619 τῆς
2409 4549 2667 4620 σήμερον,
2706 4567 2726 4600 ι
2759 4547 2875 4600 καί·
2938 4567 2957 4598 ι
3007 4541 3178 4610 Οὗτος
3215 4545 3396 4617 πατὴρ
3429 4545 3654 4600 Μωαϐι-

393 4637 700 4693 restituisse
727 4636 781 4692 in
805 4637 1062 4706 paradiso
1084 4635 1178 4692 Dei
1197 4638 1470 4693 dicentem
1495 4635 1598 4691 sibi
1628 4653 1642 4691 :
1673 4654 1692 4688 ‹
1721 4637 1966 4704 Domine,

2076 4638 2186 4693 τῶν
2227 4638 2386 4709 μέχρι
2434 4639 2533 4710 τῆς
2568 4638 2809 4709 σήμερον
2858 4635 3094 4707 ἡμέρας,
3123 4654 3142 4688 ι
3190 4636 3315 4688 καί·
3357 4654 3375 4686 ι
3410 4636 3656 4706 Σήμερον

392 4739 668 4786 memento
692 4730 822 4795 mei,
868 4731 996 4785 dum
1024 4725 1242 4784 veneris
1279 4729 1334 4783 in
1370 4743 1594 4800 regnum
1643 4739 1796 4784 tuum
1841 4727 1906 4794 ¹⁸;
1949 4747 1966 4780 ι

2079 4731 2175 4785 ἐὰν
2203 4729 2303 4800 τῆς
2339 4729 2525 4799 φωνῆς
2570 4727 2736 4783 αὑτοῦ
2788 4727 3082 4798 ἀκούσητε,
3116 4727 3208 4781 καὶ
3264 4727 3339 4799 μὴ
3384 4727 3656 4796 ἀπόστητε

388 4823 541 4893 juxta
563 4837 694 4878 vero
725 4821 1127 4893 profundiorem
1153 4836 1375 4878 sensum
1398 4820 1630 4878 dicimus
1653 4822 1966 4893 plerumque

2078 4822 2187 4876 ἀπὸ
2217 4822 2447 4894 Κυρίου.
2488 4841 2507 4873 ι
2529 4822 2618 4876 Ἑν
2653 4823 2722 4893 τῇ
2752 4819 3019 4889 σήμερον
3049 4815 3143 4873 οῦν
3179 4821 3363 4892 ἡμέρᾳ
3389 4818 3658 4886 ἐπαγγέλ-

464 4969 920 5029 °Ioan.vm.21.
995 4969 1201 5026 'Ioan.
1230 4985 1355 5036 xm,
1393 4968 1484 5026 35.
1563 4969 1612 5002 ¹⁰
1649 4967 1809 5026 Joan.
1856 4982 1966 5035 vm,

2068 4969 2113 5023 Ι.
2192 4969 2235 5001 ¹¹
2274 4969 2436 5023 Ioan.
2478 4979 2602 5032 xm,
2628 4965 2720 5020 35.
2799 4963 2846 4995 "
2889 4962 3080 5018 Matth.
3113 4976 3215 5026 xu,
3259 4960 3352 5014 40.
3432 4957 3475 4989 ⁸³
3524 4959 3655 5021 Luc.

393 5057 556 5109 nm,
583 5043 673 5098 45.
752 5042 798 5073 ⁸⁸
820 5042 950 5096 ibid.
981 5041 1075 5096 42.

469 5161 583 5232 (5'5)
604 5164 668 5216 Οἱ
689 5161 758 5216 δὲ
778 5160 1060 5232 μαθηταὶ,
1079 5162 1211 5231 μεθ’
1235 5155 1564 5232 ὧτε-θέμελλε
1597 5159 1819 5230 μικρὸν
1839 5159 1975 5229 χρό-

395 5249 508 5288 νον
527 5231 740 5302 μηκέτι
760 5231 1011 5287 ἔσεσθαι
1037 5233 1165 5302 μετ’
1190 5231 1412 5296 αὐτῶν,
1440 5231 1536 5285 διὰ
1578 5232 1656 5286 τὰ
1699 5246 1974 5300 προειρη-

393 5304 549 5373 μένα
569 5305 681 5357 οὐκ
705 5302 1028 5367 ἐδύναντο,
1076 5312 1183 5373 etc.
1237 5302 1364 5373 Haec
1415 5303 1669 5373 videntur
1707 5302 1972 5373 vertenda

399 5371 859 5444 quemadmodum
892 5375 1059 5427 vertit
1084 5372 1389 5444 Perionius,
1416 5390 1446 5444 Δι
1482 5371 1739 5442 Discipuli
1769 5382 1976 5433 autem,

400 5442 526 5499 cum
560 5443 758 5512 quibus
789 5444 940 5497 brevi
977 5453 1220 5513 tempore
1246 5443 1358 5512 jam
1407 5442 1623 5496 futurus
1662 5456 1768 5495 non
1832 5448 1975 5502 erat,

401 5515 473 5568 ob
505 5528 566 5567 ea
601 5529 726 5568 una:
756 5515 918 5568 paulo
947 5522 1075 5568 ante
1123 5514 1265 5568 dicta
1296 5521 1444 5568 sunt.
1493 5527 1600 5566 non
1649 5520 1922 5568 poterant,
1954 5525 1973 5558 ι

401 5527 473 5568 οι)
505 5528 566 5567 ea
601 5529 726 5582 quae
756 5527 918 5582 paqu
947 5527 1075 5568 ante
1123 5527 1265 5568 meta
1296 5527 1444 5576 sunt,
1493 5527 1600 5566 non
1649 5527 1922 5580 pateram,
1954 5527 1973 5558 ι

403 5593 512 5651 etc.
553 5583 659 5638 Sed
691 5583 851 5638 aliter
879 5583 1114 5638 fortasse
1140 5583 1357 5651 legebat
1387 5581 1700 5649 Ferrarius,
1751 5591 1810 5635 et
1887 5594 1978 5634 re-

402 5650 1062 5724 ctiusquidemﬁdeoque
1092 5650 1622 5724 nihi'l'itnmutamus.
1750 5721 1785 5724 _7
1813 5721 1824 5724 _
1849 5721 1862 5724 _
1978 5669 1980 5672 '

476 5719 590 5782 (54)
616 5723 796 5779 Codex
845 5719 1065 5791 Regius,
1103 5726 1261 5786 tnale,
1319 5721 1502 5786 καθὼς
1555 5719 1696 5777 εἷπε.
1750 5721 1978 5778 Ibidem.

2082 5169 2180 5227 pro
2205 5149 2701 5227 κᾶν-ἁπλούστερον
2735 5145 2953 5227 ἐδόκουν
3007 5143 3106 5227 μέν
3139 5141 3334 5227 ,ταῦτα
3357 5137 3658 5224 εἰρῆσθαι,

2081 5212 2628 5295 ἀναφερόμεναποιοζ
2660 5217 2958 5295 Ferrarius
3008 5212 3222 5295 videtur
3247 5212 3503 5295 “legisse:
3557 5212 3662 5295 κάν

2080 5279 2798 5365 ἀπλόύστὲρονέδο-κοῦμεν
2859 5284 3032 5365 ταῦτα
3084 5279 3343 5365 εἰρῆσθαί
3389 5279 3662 5351 ἀναφερό-

2081 5383 2256 5438 μενοι,
2285 5357 2416 5438 etc.)
2445 5377 2564 5432 quae
2585 5357 2745 5438 l_ec_tio
2776 5357 2904 5438 fer_ri
2938 5363 3270 5438 IIOIIJIOIESL

2151 5419 2820 5508 (55)Καὶάςὶιταόαίιιςωνιζ
2853 5428 2910 5481 ln
2943 5419 3130 5508 codice
3159 5421 3326 5492 Regio
3361 5430 3516 5476 deest
3545 5419 3660 5474 καί.

2079 5495 2548 5571 ΡοὶυιοἸρςθιιᾱιιιιι
2580 5497 2868 5554 ἀποθανὼν
2897 5495 3266 5571 καταϐαίνειν.

2152 5578 2268 5645 (56)
2298 5562 2610 5645 Ἐμελλεν.
2640 5566 3226 5645 Fortg‘scribenduln,
3285 5562 3528 5645 μέλλων,
3576 5562 3659 5641 νςΙ

2081 5630 2390 5715 ιρέοιιίιιιιιῖ,
2415 5643 2475 5708 ὃς
2500 5643 2618 5713 ἁμα
2651 5643 2717 5711 τῇ
2747 5638 2913 5710 ἐξόδῳ
2959 5638 3018 5691 ἐν
3049 5634 3127 5705 τῷ
3161 5630 3475 5704 παραδείσῳ
3503 5630 3666 5701 ἐμελ-

2079 5718 2188 5776 λεν.
2214 5729 2318 5775 etc.
