4182 6422
513 312 616 367 89.9
1593 314 2026 372 FRAGMENTA
2064 315 2133 371 IN
2174 315 2357 372 ACTA
2396 315 2640 372 APOST.
3674 315 3780 372 850

513 426 666 481 λεται
690 426 802 498 (57)
833 428 984 499 αὐτῷ
1022 428 1314 494 ἀξιώσαντι
1369 431 1677 503 μνησθῆναι
1726 433 1892 487 αὑτοῦ
1929 436 1986 487 ὲν
2027 437 2093 505 τῇ

2212 434 2550 500 vocabulum,
2584 433 2759 500 hodie,
2793 432 2846 488 in
2873 432 3163 503 Scriptura
3199 434 3501 490 extendere
3536 449 3781 504 praesens

515 517 766 589 βασιλείᾳ
795 518 887 571 τοῦ
937 519 1074 574 Θεοῦ
1117 521 1178 573 τὸ
1208 524 1266 577 ὲν
1293 522 1372 593 τῷ
1421 524 1736 594 ὲνεστηκότι
1777 524 1932 579 αἰῶνι
1989 526 2096 597 πρὸ

2212 536 2418 598 tempus
2459 527 2515 581 in
2564 535 2737 582 totum
2781 526 3066 593 saaculum,
3121 537 3180 581 ut
3221 528 3275 580 in
3323 526 3500 582 illud:
3531 544 3550 577 ι
3592 526 3782 581 Divul-

512 608 608 663 τοῦ
641 609 925 680 μέλλοντος
957 614 1178 685 ποιῆσαι
1215 614 1376 669 αὑτὸν
1404 615 1659 684 γενέσθαι
1694 617 1794 669 σὺν
1819 616 2095 688 αύτῷ(58)

515 701 575 756 ἐν
603 705 668 772 τῇ
695 702 939 776 βασιλείᾳ
971 703 1065 758 τοῦ
1098 705 1252 761 Θεοῦ.
1302 706 1464 760 Ἀλλά
1497 707 1658 762 τοῦτο
1689 708 1788 779 μὲν
1812 708 1900 761 διὰ
1931 709 2096 779 μέσου

515 793 575 846 ἐν
625 796 967 865 παρεκϐάσει
996 800 1075 862 εἰς
1123 798 1183 852 τὸ
1224 799 1623 872 προειρημένον
1661 800 1939 873 εἰρήσθω·
1985 804 2098 865 τοῖς

516 885 576 938 δὲ
603 885 872 958 μαθηταῖς
900 889 1211 943 ἀκολουθεῖν
1246 890 1588 963 βουλομένοις
1639 892 1718 964 τῷ
1755 891 1956 964 Ἰησοῦ,
2001 894 2101 964 οὐχ

518 978 595 1042 ὡς
643 979 710 1033 ἂν
753 982 804 1033 οἱ
852 981 1210 1055 ἁπλούστεροι
1241 983 1562 1038 ὑπολάϐοιεν
1603 985 1951 1057 σωματικῶς,
1984 985 2100 1039 ἀλλ’

518 1070 595 1134 ὡς
642 1071 793 1142 δηλοῖ
824 1073 884 1126 τό
909 1089 922 1101 ⁸
954 1091 974 1124 ι
1016 1075 1111 1137 Ὃς
1143 1066 1224 1129 ’ἂν
1258 1075 1332 1147 μὴ
1368 1077 1477 1150 ἀρῃ
1515 1076 1608 1130 τὸν
1651 1077 1883 1149 σταυρὸν
1910 1078 2100 1144 αὐτοῦ,

522 1162 618 1214 καὶ
647 1163 987 1236 ἀκολουθήσῃ
1015 1165 1192 1217 ὀπίσω
1229 1183 1354 1236 μου,
1379 1167 1480 1220 οὐκ
1514 1167 1630 1220 ἔστι
1663 1185 1764 1238 μου
1790 1165 1938 1232 ἄξιος
1961 1163 2103 1222 εἶναι

526 1254 790 1327 μαθητὴς,
825 1276 844 1309 ι
880 1257 1015 1330 φησὶ
1044 1257 1139 1312 νῦν
1167 1261 1196 1312 6
1225 1260 1428 1331 Κύριος
1457 1261 1561 1326 ὅτι,
1598 1263 1804 1315 (Ὅπου
1828 1263 1940 1330 ἐγὼ
1964 1264 2104 1318 ὑπά-

525 1365 632 1417 γω,
666 1350 824 1420 ὑμεῖς
864 1352 926 1404 οὐ
953 1351 1181 1405 δύνασθε
1232 1352 1408 1406 ἐλθεῖν
1437 1352 1592 1424 ἄρτι·
1637 1373 1658 1407 ι
1694 1356 1743 1407 εἰ
1785 1355 1894 1426 γὰρ
1949 1355 2104 1409 ἐϐού-

522 1440 679 1495 λοντο
709 1443 1024 1498 ἀκολουθεῖν
1064 1444 1144 1515 τῷ
1176 1445 1357 1516 Λόγῳ,
1390 1445 1486 1499 καὶ
1516 1445 1798 1517 ὁμολογεῖν
1832 1447 1992 1501 αὐτὸν
2029 1447 2103 1519 μὴ

527 1534 1008 1607 σκανδαλιζόμενοι
1063 1539 1122 1589 ὲν
1174 1537 1344 1608 αὐτῷ,
1396 1537 1512 1591 ἀλλ’
1563 1539 1663 1593 οὐκ
1718 1539 1970 1593 ὲδύναντό
2016 1557 2107 1592 πω

2198 628 2381 690 gatum
2413 620 2629 675 esthoc
2651 619 2880 674 verbum
2915 620 3059 689 apud
3086 617 3303 674 Judaeos
3316 635 3488 690 usque
3502 619 3773 691 hodie”;t

2198 721 2288 767 et:
2331 731 2349 763 ‹
2376 711 2477 766 Hic
2496 719 2580 767 est
2608 721 2765 781 pater
2781 711 3141 766 Moabitarum
3167 711 3413 782 usquein
3447 711 3779 766 hodiernum

2200 803 2342 859 diem
2365 803 2437 867 ¹⁶;
2470 819 2488 852 ›
2514 807 2604 856 et:
2630 821 2648 853 ι
2680 801 2856 858 Hodie
2888 803 2934 858 si
2975 817 3164 859 vocem
3208 801 3328 872 ejus
3361 803 3681 867 audieritis,
3713 817 3782 859 ne

2201 894 2471 950 recedatis
2502 908 2532 947 a
2583 894 2812 949 Domino
2847 893 2913 946 ιτ.
2959 912 2979 947 ι
3019 893 3209 964 Itaque
3251 895 3432 949 oranti
3473 893 3674 949 latroni
3723 904 3782 947 ut

2202 987 2285 1041 sui
2319 984 2583 1040 memoria
2599 985 2872 1041 habeatur
2898 984 2954 1039 in
2988 999 3155 1056 regno
3184 985 3304 1052 Dei,
3335 985 3604 1056 promittit
3627 985 3785 1040 Chri-

2203 1088 2319 1134 stus
2352 1077 2407 1132 in
2445 1076 2708 1133 vocabulo
2747 1079 2905 1133 hodie
2944 1092 3003 1134 se
3039 1078 3344 1144 facturum,
3388 1086 3450 1133 ut
3492 1078 3635 1132 latro
3669 1079 3785 1147 ipse

2203 1185 2385 1226 secum
2416 1169 2488 1224 sit
2513 1169 2567 1223 in
2592 1183 2759 1241 regno
2776 1171 2870 1225 Dei
2900 1170 2955 1224 in
2983 1170 3237 1241 praesenti
3266 1170 3462 1225 saeculo
3483 1180 3612 1224 ante
3639 1169 3787 1222 futu-

2205 1278 2348 1317 rum.
2390 1261 2496 1316 Sed
2541 1262 2644 1318 hoc
2683 1277 2779 1331 per
2816 1262 3213 1333 digressionem
3259 1263 3465 1317 dictum
3517 1263 3588 1316 sit
3631 1262 3686 1316 in
3732 1262 3786 1316 id

2205 1369 2313 1423 quo
2339 1356 2408 1409 de
2432 1355 2663 1425 agimus.
2689 1355 2759 1408 At
2787 1369 2918 1409 vero
2958 1354 3242 1425 discipulis
3273 1354 3587 1409 volentibus
3627 1354 3788 1422 sequi

2205 1443 2412 1511 Jesum,
2471 1462 2578 1501 non
2619 1455 2678 1500 ut
2723 1446 3084 1515 simpliciores
3128 1456 3358 1513 rentur,
3403 1444 3786 1514 corporaliter,

2206 1537 2302 1591 sed
2334 1546 2392 1590 ut
2413 1536 2689 1606 signiﬁcat
2719 1535 2851 1590 illud
2883 1537 2928 1568 ¹⁸
2956 1551 2970 1589 :
3013 1553 3032 1587 ι
3069 1535 3172 1603 Qui
3206 1551 3315 1592 non
3341 1535 3532 1591 tulerit
3566 1551 3787 1591 crucem

523 1626 684 1680 τοῦτο
723 1631 898 1680 ποιεῖν
923 1647 936 1659 ο
976 1646 997 1681 ‹
1037 1627 1202 1682 Οὔπω
1235 1630 1345 1702 γὰρ
1380 1625 1450 1701 ἦν
1485 1631 1732 1702 Πνεῦμα,
1760 1632 1842 1685 ὅτι
1902 1631 2106 1700 Ἰησοῦς

2212 1643 2384 1696 suam,
2408 1637 2463 1684 et
2495 1642 2581 1684 me
2607 1629 2929 1684 subsecutus
2953 1628 3138 1695 fuerit,
3164 1643 3274 1685 non
3306 1637 3392 1683 est
3415 1628 3613 1698 dignus
3637 1643 3790 1682 meus

525 1719 678 1777 οὔπω
725 1721 1008 1793 ἐδοξάσθη.
1058 1725 1168 1776 Καὶ
1192 1724 1367 1790 οὐδεὶς
1406 1726 1630 1780 δύναται
1677 1725 1874 1787 εἰπεῖν,
1902 1723 2108 1794 Κύριος

2212 1738 2332 1780 esse
2365 1722 2694 1793 discipulus,
2745 1742 2766 1776 ι
2811 1724 2988 1792 inquit
3021 1738 3166 1778 nunc
3206 1724 3470 1780 Dominus
3497 1725 3540 1756 ¹⁹
3571 1741 3587 1779 :
3624 1743 3644 1776 ι
3674 1723 3794 1791 Quo

539 1811 768 1883 Ἰησοῦς,
801 1814 850 1867 εἰ
882 1813 958 1886 μὴ
987 1815 1046 1869 ὲν
1067 1816 1346 1888 Πνεύματι
1373 1818 1533 1890 ἁγίῳ.
1553 1837 1590 1871 ι»
1619 1820 1841 1872 Ἀπεισι
1869 1817 1926 1871 δὲ
1954 1820 1983 1872 6
2009 1817 2109 1870 Λό-

2212 1830 2310 1885 ego
2332 1816 2487 1880 abeo,
2514 1830 2611 1870 vos
2632 1831 2738 1870 non
2758 1816 2982 1884 potestis
2999 1815 3162 1886 456
3184 1816 3374 1870 venire
3401 1831 3566 1872 nunc.
3602 1836 3622 1868 ι
3655 1815 3792 1869 Nam

527 1919 624 1971 γος
653 1904 754 1968 τὰς
780 1905 976 1959 ἑαυτοῦ
1007 1906 1231 1978 πορείας
1251 1925 1265 1938 ·
1316 1910 1411 1963 καὶ
1457 1909 1740 1964 ἀκολουθεῖ
1775 1909 1872 1980 μὲν
1904 1907 2053 1978 αὐτῷ
2081 1908 2109 1960 ὁ

2212 1907 2423 1962 etiamsi
2449 1906 2601 1978 sequi
2646 1906 2903 1962 volebant
2928 1906 3165 1961 Verbum
3194 1906 3287 1962 Dei
3318 1907 3542 1972 Filium,
3573 1917 3630 1963 et
3654 1923 3794 1962 con.-

525 1995 687 2066 Λόγῳ
717 1996 983 2068 ἑπόμενος
999 2015 1014 2028 ·
1032 1999 1094 2050 ού
1117 1999 1338 2053 δύναται
1359 1999 1417 2053 δὲ
1441 2000 1753 2054 ἀκολουθεῖν
1776 2003 1805 2054 6
1835 1999 1908 2070 μὴ
1932 1999 2109 2072 εὑτρε-

2213 1997 2352 2051 ﬁteri
2385 2011 2507 2052 eum
2548 2012 2657 2053 non
2692 1996 2886 2053 oﬂ'ensi
2924 2011 3088 2052 causa
3131 1997 3334 2067 ipsius,
3371 2000 3611 2053 nondum
3643 2007 3797 2068 pote-

531 2087 794 2159 πισμένος
816 2088 982 2156 ἀξίως
1008 2089 1171 2144 αὐτοῦ
1199 2090 1275 2154 ὡς
1301 2092 1424 2145 κατ’
1467 2091 1588 2163 ἴχνη
1615 2091 1726 2163 (59)
1778 2091 1982 2162 βαίνειν
2018 2089 2109 2144 τοῦ

2216 2100 2342 2145 rant
2373 2099 2556 2146 tamen
2592 2091 2698 2147 hoc
2725 2089 2958 2146 facere:
2996 2107 3015 2140 ι
3052 2089 3301 2145 Nondum
3332 2091 3480 2145 enim
3515 2099 3637 2145 erat
3671 2090 3798 2160 Spi-

532 2183 693 2250 λόγου
760 2182 1081 2266 ὁδηγοῦντας
1143 2186 1280 2256 πρὸς
1332 2184 1424 2238 τὸν
1482 2182 1675 2242 ἑαυτοῦ
1722 2182 1948 2255 Πατέρα
1987 2183 2114 2247 τοὺς

530 2273 712 2328 πάντα
749 2274 1108 2345 πράττοντας,
1138 2275 1224 2328 ἵνα
1257 2276 1354 2329 καὶ
1378 2275 1641 2330 δύνωνται
1673 2276 1820 2347 αὐτῷ
1863 2274 2113 2339 ἕπεσθαι,

529 2366 626 2417 καὶ
672 2347 1040 2418 ἀκολουθῶσιν
1075 2365 1244 2436 αὐτῷ,
1290 2365 1395 2430 ἓως
1421 2365 1488 2420 ἂν
1520 2365 1644 2438 (6ογ
1665 2367 1892 2419 εἴπωσιν
1947 2364 2115 2430 ἀξίως

529 2453 610 2524 τῷ
631 2454 883 2526 Χριστῷ·
931 2473 951 2507 ι
991 2455 1287 2527 Ἐκολλήθη
1320 2456 1496 2510 ὀπίσω
1525 2474 1616 2510 σου
1664 2457 1698 2527 ὴ
1742 2455 1889 2528 ψυχή
1929 2472 2050 2528 μου.
2089 2473 2110 2506 t

546 2546 819 2618 Ἀυτάρκη
850 2548 908 2601 δὲ
939 2549 1289 2620 περιγραφὴν
1322 2550 1611 2622 εἰληφότος
1646 2549 1743 2603 τοῦ
1781 2549 1861 2602 λϐ¹
1891 2549 2002 2602 τῶν
2034 2550 2114 2612 εἰς

529 2637 594 2692 τδ
648 2640 792 2695 κατά
833 2641 1088 2713 Ἰωάννην
1146 2640 1480 2712 Εὐαγγέλιω
1528 2641 1890 2714 ὲξηγητικῶν,
1947 2640 2113 2695 αὑτοῦ

530 2749 634 2785 που
664 2732 1090 2805 καταπαύσομεν
1109 2733 1200 2788 τὸν
1220 2733 1399 2805 λόγον.

2216 2183 2533 2254 ritus,quod
2556 2183 2792 2240 nondum
2811 2183 3126 2240 essetJesus
3156 2183 3492 2254 gloriﬁcatus
3522 2183 3590 2238 ³⁸.
3622 2203 3642 2236 ι
3670 2201 3690 2236 ι
3731 2184 3799 2240 Ει

2222 2273 2402 2330 nullus
2434 2284 2615 2342 potest
2635 2275 2839 2340 dicere,
2872 2277 3134 2331 Dominus
3159 2275 3346 2341 Jesus,
3375 2276 3476 2330 nisi
3506 2277 3558 2329 in
3589 2274 3798 2344 Spiritu

2213 2375 2403 2422 sancto
2451 2368 2549 2421 η.»
2581 2367 2849 2424 Caeterum
2879 2370 3187 2440 abitAéyo;
3217 2368 3310 2440 [id
3336 2376 3420 2423 est
3446 2367 3620 2423 Filius
3640 2365 3796 2440 Dei,]

2215 2470 2450 2528 pergens
2480 2458 2547 2512 ad
2581 2473 2680 2514 sua
2711 2459 2934 2526 itinera,
2974 2476 3136 2530 quem
3170 2460 3397 2530 quidem
3430 2459 3677 2529 sequitur
3707 2459 3800 2528 qui

2213 2544 2394 2616 λόγον,
2441 2545 2586 2618 [hoc
2630 2558 2716 2604 est
2756 2549 3084 2620 rationem,]
3119 2550 3401 2619 sequitur;
3451 2564 3560 2604 non
3616 2556 3797 2618 potest

2214 2653 2352 2694 vero
2375 2640 2550 2707 sequi,
2583 2640 2673 2710 qui
2692 2640 2931 2703 seipsum
2947 2657 3052 2697 non
3085 2641 3475 2711 pracparaverit
3497 2653 3594 2708 pro
3622 2637 3800 2708 digniu

2218 2741 2328 2787 tate
2357 2731 2526 2798 illius,
2567 2732 2634 2786 ad
2666 2747 2821 2787 suum
2855 2733 3028 2802 ipsius
3062 2733 3285 2787 Patrem
3335 2730 3660 2787 adducentis
3701 2743 3801 2784 eos

532 2828 624 2896 qui
657 2829 795 2884 nihil
827 2846 935 2886 non
968 2839 1136 2902 agunt
1166 2839 1228 2885 ut
1270 2826 1483 2901 possint
1529 2830 1682 2885 illum
1727 2829 1906 2900 sequi,
1953 2839 2008 2886 et
2035 2838 2343 2899 sequuntur
2375 2842 2522 2892 eum,
2566 2826 2783 2892 donec,
2830 2838 2890 2883 ut
2935 2827 3158 2884 Christo
3218 2829 3439 2898 dignum
3471 2833 3555 2882 est
3576 2825 3802 2881 dicant:

535 2940 558 2975 ι
611 2920 854 2976 Adhaesit
880 2921 1061 2976 anima
1093 2936 1214 2976 mea
1247 2929 1370 2990 post
1418 2930 1473 2977 te
1491 2923 1557 2972 ".
1594 2940 1616 2975 ι
1660 2919 1862 2975 Verum
1883 2935 2007 2974 cum
2049 2918 2318 2974 secundus
2349 2927 2406 2970 et
2427 2917 2738 2973 tricesimus
2765 2928 2943 2972 tomus
2973 2917 3428 2987 Explanationum
3466 2917 3520 2971 in
3550 2916 3802 2988 Evange-

543 3013 672 3068 linm
710 3029 738 3068 tt
791 3014 1008 3071 Joanne
1055 3015 1313 3070 traditum
1366 3015 1728 3071 sullicientem
1777 3014 2129 3084 scriptionem
2161 3013 2455 3082 acceperit,
2494 3012 2642 3068 illius
2674 3027 2980 3068 sermonem
3014 3014 3104 3068 hic
3135 3013 3386 3069 ﬁniemus
3414 3011 3552 3083 (6i).

535 3107 867 3163 Δείπουσιν
893 3110 947 3161 οἱ
971 3107 1136 3177 τόμοι
1170 3107 1522 3174 τριακοστὸς
1545 3108 1761 3176 τρίτος,
1801 3107 1902 3160 καὶ
1928 3105 2282 3177 τριακοστὸς
2306 3103 2605 3177 τέταρτος,
2633 3105 2734 3159 καὶ
2762 3103 3112 3177 τριακοστὸς
3130 3104 3416 3175 πέμπτος,
3450 3104 3550 3160 καὶ
3576 3089 3807 3174 τριακο-

794 3179 944 3244 στὸς
965 3174 1160 3244 ἕκτος,
1194 3179 1294 3232 καὶ
1318 3174 1670 3246 τριακοστὸς
1701 3174 1972 3246 ἕϐδομος,
1998 3176 2096 3230 καὶ
2126 3175 2478 3245 τριακοστὸς
2507 3174 2737 3244 ὄγδοος,
2764 3176 2864 3228 καὶ
2882 3174 3237 3244 τριακοστὸς
3265 3177 3497 3242 ἔνατος.

2526 3325 3796 3356 ——"___——__————_—_—__————.—_=

2042 3437 2140 3491 EK
2165 3437 2305 3491 ΤΩΝ

877 3564 1494 3656 ΩΡΙΓΕΝΟΥΣ
1530 3566 1704 3654 ΕΙΣ
1739 3562 1948 3653 ΤΑΣ
1985 3556 2463 3654 ΠΡΑΞΕΙΣ
2499 3565 2726 3652 ΤΩΝ
2755 3561 3470 3652 ΑΠΟΣΤΟΛΩΝ.

1696 3825 1889 3937 EX
1969 3819 2647 3938 ORIGENIS

1086 4023 1664 4116 HOMlLllS
1739 4026 1866 4114 IN
1942 4021 2239 4115 ACTA
2304 4017 3204 4112 APOSTOLORUM
3295 3997 3445 4102 (δῖ’).

765 4267 861 4320 Ἐκ
888 4263 999 4334 τῆς
1030 4269 1118 4333 εἰς
1141 4266 1249 4333 τὰς
1285 4265 1541 4335 Πράξεις
1574 4266 1814 4337 ὁμιλίας
1842 4267 1914 4321 δ’.

619 4357 778 4414 Ἔδει
806 4357 1194 4427 πληρωθῆναι
1229 4358 1342 4427 τὴν
1369 4358 1644 4429 Γραφὴν,
1681 4357 1763 4427 ἣν
1788 4359 2033 4428 προεῖπε
2055 4361 2123 4414 τὸ

543 4451 789 4521 Πνεῦμα
814 4450 880 4504 τὸ
913 4450 1085 4520 ἄτιον
1109 4449 1208 4504 διὰ
1235 4453 1533 4520 στόματος
1554 4451 1734 4506 Δαιυῒδ
1758 4451 1890 4520 περὶ
1916 4452 2120 4506 Ἰούδα·

2619 4263 2669 4318 Ε
2695 4272 2887 4337 quarta
2916 4262 3137 4316 homilia
3172 4262 3228 4315 in
3258 4263 3411 4316 Acta.

2299 4355 2463 4430 457
2488 4356 2768 4426 Oportebat
2789 4356 2994 4426 impleri
3009 4355 3364 4422 Scripturant,
3381 4370 3538 4425 quam
3555 4354 3807 4423 prwdixc.

2231 4462 2316 4506 rat
2341 4451 2573 4522 Spiritus
2601 4460 2816 4507 sanctus
2837 4467 2932 4522 per
2961 4467 3018 4505 os
3053 4448 3222 4503 David
3243 4448 3308 4502 de
3327 4447 3473 4502 Iuda
3505 4448 3551 4479 ’³
3574 4462 3590 4499 :
3623 4449 3677 4502 in
3699 4465 3808 4518 quo

617 4567 662 4600 η
701 4565 890 4622 Matth.
929 4580 1122 4626 xxvm.
1153 4564 1243 4620 15.
1323 4565 1366 4596 ¹⁶
1403 4562 1542 4618 Gen.
1606 4578 1726 4624 ιη,
1766 4562 1856 4618 57.
1936 4564 1978 4596 ¹⁷
2021 4563 2109 4619 Psa

2219 4580 2365 4630 χειν,
2415 4566 2471 4621 8.
2549 4564 2596 4599 ⁸⁸
2649 4564 2839 4620 Matth.
2891 4564 3070 4630 x,'58.
3149 4562 3194 4596 "
3229 4561 3539 4629 Joan.xnt,
3591 4561 3682 4618 53.
3759 4562 3808 4595 ’⁸

545 4635 704 4693 Joan.
730 4651 830 4701 vn,
854 4635 944 4692 59.
1021 4638 1065 4668 “
1105 4635 1127 4690 l
1159 4637 1285 4692 Cor.
1317 4635 1495 4702 xtt,'5.
1568 4636 1615 4666 “
1640 4634 1784 4688 Psal.
1821 4649 1956 4697 an,
1991 4635 2046 4690 9.
2124 4637 2170 4668 ”
2205 4637 2385 4703 Act.t,
2422 4638 2510 4693 16.

619 4751 732 4818 (57)
761 4751 947 4807 Codex
978 4752 1199 4820 Regius,
1221 4749 1328 4805 ἀπὸ
1355 4748 1448 4802 τοῦ
1473 4750 1532 4822 ἐν
1560 4750 1628 4822 τῇ
1662 4750 1909 4822 σήμερον
1942 4750 2126 4822 ἡμέρα

546 4822 988 4890 ἐπαγγέλλεταιι
1022 4818 1222 4875 Ibidem
1286 4836 1386 4890 pro
1447 4818 2127 4889 αὐτῷἀξίὠσαντῃτυιλιὸ

546 4885 893 4946 scribendum
923 4885 989 4945 αὖ
1023 4893 1102 4962 τῷ
1134 4885 1444 4956 ἀξιώσαντι.

619 4961 730 5032 (58)
758 4962 884 5016 Σὺν
906 4957 1084 5032 αὺτῷζ
1118 4962 1174 5016 In
1203 4964 1391 5016 codice
1423 4962 1590 5032 Regio
1621 4961 1771 5032 deest
1801 4957 1920 5014 σύν.

620 5031 732 5156 (Si?)
762 5033 944 5086 Codex
971 5031 1197 5103 Regius,
1235 5030 1682 5104 εὐτρεπισμένος,
1712 5030 1854 5085 ὥστε
1899 5031 2131 5096 εὐτόνως

620 5121 648 5156 τ
705 5119 824 5156 γνη.

545 5105 662 5158 κατ’
685 5105 824 5158 ῐγνη.

647 5121 885 5241 δθξνῃιλν
905 5171 1108 5238 ἀξίως.
1139 5171 1302 5228 Deest
1327 5172 1380 5227 in
1401 5173 1590 5228 codice
1617 5171 1812 5241 Regio.

647 5175 715 5227 60
775 5176 885 5227 Ἂν
905 5175 1108 5238 ἀξίως.
1139 5175 1302 5228 Deest
1327 5175 1380 5227 in
1401 5175 1590 5228 codice
1617 5175 1812 5241 Regio.

620 5175 739 5314 ἶσιξ
764 5243 1088 5314 Ambrosius
1123 5243 1411 5314 Ferrarius
1449 5244 1502 5297 in
1528 5243 1635 5314 fine
1657 5242 2129 5314 interpretationis

548 5312 660 5370 sua:
686 5312 765 5368 sic
796 5313 1059 5368 lectorem
1093 5313 1390 5380 alloquitur
1420 5329 1434 5364 :
1489 5331 1510 5364 ι
1537 5312 1735 5368 Lector
1758 5313 1952 5376 amice,
1983 5315 2126 5368 scito

550 5401 636 5438 tne
669 5385 724 5439 in
758 5384 861 5438 hoc
885 5383 1023 5438 libro
1045 5384 1308 5438 vertendo
1333 5398 1544 5438 summa
1571 5399 1728 5438 usum
1751 5397 1872 5438 esse
1893 5383 2018 5450 ﬁde,
2055 5397 2122 5439 ac

555 5453 857 5525 diligentia,
882 5463 942 5525 _ut
967 5454 1104 5525 nihil
1142 5467 1364 5525 prorsus
1390 5455 1462 5507 sit
1509 5455 1865 5525 immutatum
1896 5453 1977 5525 ab
2029 5469 2116 5519 eo,

553 5521 699 5596 quod
731 5523 924 5596 scribit
954 5521 1184 5596 Auctor.
1217 5521 1772 5596 Scitoipraetereame
1796 5522 1930 5596 nihil
1967 5524 2118 5578 inve-

558 5593 704 5650 nisse
733 5595 786 5648 in
822 5593 926 5648 hoc
953 5593 1114 5659 libro,
1160 5595 1304 5663 quod
1338 5595 1588 5648 videatur
1645 5593 1882 5649 decretis
1918 5604 2124 5649 sanctae

557 5666 750 5720 matris
772 5663 1032 5720 Ecclesia:
1054 5665 1365 5730 adversari;
1403 5679 1530 5718 nam
1555 5664 1600 5718 si
1646 5663 2002 5730 invenissem,
2031 5673 2125 5719 aut

558 5736 756 5791 librum
808 5750 917 5790 non
945 5734 1252 5801 vertissem,
1287 5744 1382 5791 aut
1426 5734 1606 5792 locum
1643 5734 1948 5801 signassem
2004 5749 2123 5791 sus-

2237 4759 2481 4820 pectum.
2513 4747 2720 4804 Tamen
2753 4749 2939 4805 omnia
2969 4746 3178 4820 judicio
3203 4745 3618 4820 subject_a__esse
3647 4747 3805 4802 velint

2237 4817 2599 4874 sanctissimae
2655 4821 2843 4875 matris
2897 4819 3176 4883 Ecclesiae,
3232 4829 3288 4872 et
3336 4817 3566 4884 quilibet
3619 4829 3803 4882 caute,

2235 4899 2289 4961 et
2325 4890 2672 4957 enmjudicio
2707 4891 2870 4961 legat.
2911 4909 2930 4942 ι
2963 4889 3143 4961 lnqua
3175 4887 3400 4961 solemni
3443 4886 3807 4961 obtestatione

2237 4960 2473 5015 Ferrarii
2505 4961 2729 5021 candor,
2765 4957 2854 5012 'vel
2893 4958 3246 5027 intelligentia
3278 4971 3458 5010 rerum
3513 4957 3671 5011 valde
3722 4959 3805 5010 vi-

2239 5031 2437 5085 dentur
2461 5031 2805 5099 requirenda.
2829 5029 2962 5083 Nam
2989 5026 3349 5098 prieterquant
3401 5026 3541 5095 quod
3579 5027 3803 5094 paucula

2239 5101 2488 5170 quaedam
2529 5098 2612 5156 {vel
2658 5115 2686 5152 a
2715 5098 2918 5155 Graecis
2946 5099 3187 5170 dissona,
3213 5100 3294 5150 vel
3333 5111 3456 5150 cum
3503 5099 3802 5164 snperiori-

2234 5168 2338 5224 bus
2393 5171 2537 5226 male
2584 5171 2915 5224 coluerentia
2966 5169 3333 5237 reperiantur,
3389 5181 3509 5236 quae
3550 5182 3804 5222 nonnun-

2235 5253 2398 5310 quam
2426 5241 2684 5310 duximus
2713 5241 3071 5302 emendanda,
3095 5237 3344 5310 consulto
3373 5237 3550 5310 aliqua
3579 5252 3802 5305 perver-

2233 5307 2308 5366 sae
2340 5313 2600 5366 doctrinae
2635 5309 2758 5365 labe
2788 5325 3037 5379 respersa
3075 5309 3375 5362 detraxisse
3399 5307 3660 5379 videtur;
3698 5321 3798 5379 nec

2229 5383 2491 5451 pauciora
2536 5394 2822 5450 superesse
2858 5375 3052 5450 passus
3103 5387 3207 5451 est,
3237 5392 3380 5451 qu:e__
3407 5375 3795 5451 ab__Ecclesiaa

2173 5490 2177 5493 -
2227 5445 2460 5507 decretis
2486 5445 2807 5521 non-exiguo
2837 5445 3094 5506 recedant
3134 5445 3437 5521 intervallo.
3493 5445 3624 5521 Hice
3663 5459 3796 5521 ven

2225 5522 2340 5577 suis
2368 5531 2553 5579 notata
2605 5515 2736 5576 sunt
2773 5520 2933 5588 locis,
2972 5534 3036 5575 ac
3071 5518 3375 5592 praesertim
3421 5519 3479 5572 in
3523 5515 3805 5586 Origem'a-

2232 5608 2415 5734 fudi?)
2451 5662 2808 5734 Desumptum
2846 5667 2930 5717 est
2961 5661 3128 5718 hocce
3147 5661 3527 5734 fragmentum
3549 5668 3614 5717 ex
3662 5653 3798 5712 Phi-

2233 5731 2436 5790 focalia:
2464 5733 2641 5797 capite
2663 5733 2913 5790 septimo.
