4182 6420
1344 208 1363 239 l

355 307 456 365 851

1810 295 2133 355 OBIGENIS
3519 293 3628 347 832

347 415 559 487 psalmo
583 414 650 471 de
681 413 820 472 Jutla
848 415 1112 485 scriptum
1134 426 1240 471 est.
1269 417 1479 472 Dixerit
1511 417 1748 472 fortasse
1782 416 1930 485 quis-

2052 430 2094 465 εν
2121 404 2165 480 ᾧ
2192 410 2392 482 ψαλμῷ
2420 410 2487 464 τὰ
2516 410 2643 482 περὶ
2686 410 2780 463 τοῦ
2824 410 2993 463 Ἰούδα
3018 409 3329 482 γέγραπται
3363 406 3497 477 (65).
3532 408 3629 461 El-

354 510 497 577 piatn
522 507 787 576 Spiritum
819 520 1073 564 sanctum
1109 527 1219 565 non
1260 511 1441 578 loqui;
1477 511 1765 566 manifeste
1795 512 1942 564 enim

356 596 667 651 Servatoris
696 614 879 654 sermo
914 609 999 654 est
1029 602 1300 655 dicentis:
1330 602 1494 668 Deus,
1526 606 1739 656 laudem
1773 620 1942 657 meam

357 705 419 741 ne
445 690 718 744 reticueris
732 707 752 756 ;
783 693 909 761 quia
938 709 996 746 os
1021 698 1331 762 peccatoris,
1360 710 1411 748 et
1439 712 1496 749 os
1532 695 1864 765 fraudulenti
1887 695 1944 748 in

357 796 439 833 me
492 790 737 851 apertum
780 792 881 850 est,
926 794 983 840 et.
1030 800 1150 852 qua:
1201 788 1478 857 deinceps,
1540 803 1713 858 usque
1764 788 1831 840 ad
1877 801 1941 839 ea

358 872 520 925 verba
556 889 571 925 :
602 880 654 927 et
697 874 1054 943 episcopatum
1096 876 1213 945 ejus
1260 879 1486 945 accipiat
1533 879 1671 933 alter
1702 878 1767 931 “.
1796 878 1946 944 Quo-

360 966 522 1018 modo
565 964 763 1034 igitur,
816 967 860 1020 si
909 967 1170 1024 Servalor
1219 978 1303 1023 est
1344 973 1435 1039 qui
1498 970 1609 1024 lucc
1658 971 1812 1034 dicit,
1867 971 1943 1024 ait

357 1052 552 1110 Petrus
587 1073 600 1107 :
638 1054 926 1127 Oportebat
965 1059 1172 1128 impleri
1206 1060 1568 1129 Scripturam.
1609 1079 1766 1133 quam
1805 1079 1944 1132 pra:-

359 1148 571 1200 dizerat
593 1145 828 1215 Spiritus
854 1165 1070 1203 sanctus
1106 1168 1197 1217 per
1225 1168 1282 1205 os
1316 1152 1528 1205 David?
1553 1152 1804 1207 Forsitan
1845 1153 1944 1221 igio

360 1248 452 1291 tur
479 1240 621 1306 quod
659 1239 747 1293 hic
780 1242 1043 1294 docemur
1068 1242 1175 1295 tale
1203 1252 1309 1294 est.
1339 1241 1612 1298 Personas
1641 1242 1793 1313 ﬁngit
1818 1242 1944 1312 Spi-

356 1330 500 1385 ritus
525 1341 750 1386 sanctus
775 1333 825 1384 in
857 1334 1159 1403 prophetis;
1190 1343 1245 1387 et
1272 1336 1318 1390 si
1346 1350 1639 1404 personam
1668 1335 1946 1391 induxerit

2049 523 2139 559 ποι
2165 521 2246 568 τις
2269 503 2355 569 ἂν,
2389 505 2471 557 ὅτι
2506 505 2568 556 οὐ
2595 504 2657 557 τὸ
2681 504 2907 575 Πνεῦμα
2945 503 3008 557 τὸ
3035 504 3192 572 ἅγιον
3223 501 3404 555 λαλεῖ·
3438 499 3631 570 σαφῶς

2045 602 2152 670 γὰρ
2177 599 2272 651 τοῦ
2310 597 2564 669 Σωτῆρος
2592 598 2730 650 εἰσιν
2762 597 2811 650 οἱ
2854 595 3003 664 λόγοι
3045 595 3296 663 λέγοντος
3316 609 3332 625 ⁸
3375 591 3429 645 ’0
3460 592 3629 658 Θεὸς,

2045 690 2159 759 τὴν
2186 690 2426 744 alr-salu
2454 707 2576 760 μου
2615 688 2702 759 μὴ
2747 686 3263 758 παρασιωπ-ἠσης’
3297 685 3390 739 ὅτι
3433 686 3630 754 στόμα

2044 784 2418 855 ἁμαρτωλοῦ,
2447 782 2547 836 καὶ
2572 783 2767 851 στόμα
2786 781 3022 845 δολίου,
3050 782 3143 833 ert‘
3201 778 3305 848 ἐμὲ
3341 778 3626 849 ἠνοίχθηο

2045 874 2140 926 καὶ
2169 872 2239 927 τὰ
2270 872 2402 942 ἑξῆς
2434 872 2570 936 ἕως·
2596 873 2706 926 Καὶ
2737 871 2852 940 τὴν
2876 869 3224 938 ἐπισκοπὴν
3242 868 3430 923 αὐτοῦ
3453 867 3629 923 λάϐοι

2043 965 2266 1034 ἕτερος.
2303 964 2428 1029 Πῶς
2455 960 2568 1029 οὖν,
2594 966 2642 1018 εἰ
2692 966 2720 1018 6
2766 965 2958 1034 Σωτήρ
2990 964 3136 1016 ἐστιν
3163 965 3191 1016 6
3218 960 3396 1015 ταῦτα
3427 960 3626 1029 λέγων,

2046 1058 2212 1129 φησὶν
2238 1060 2266 1111 6
2299 1057 2506 1129 Πέτρος
2525 1072 2539 1085 ·
2571 1055 2728 1109 Ἔδει
2755 1054 3142 1123 πληρωθῆναι
3188 1053 3304 1122 τὴν
3347 1050 3627 1121 Γραφὴν,

2046 1149 2127 1217 ἣν
2172 1149 2419 1217 προεῖπε
2462 1148 2530 1201 τὸ
2578 1147 2821 1217 Πνεῦμα
2867 1147 2934 1200 τὸ
2966 1146 3141 1216 ἅγιον
3180 1146 3279 1199 διὰ
3324 1146 3627 1214 στόματος

2044 1241 2226 1296 Δαυΐδ
2240 1258 2260 1307 ;
2293 1226 2521 1313 Μήποτε
2542 1235 2635 1294 οῦν
2662 1239 2691 1293 ὃ
2714 1237 3079 1308 διδασκόμεθα
3107 1236 3357 1295 ἐνταῦθα.
3387 1235 3629 1290 τοιοῦτόν

2046 1339 2183 1390 ἐστι.
2247 1335 2294 1387 Π
2302 1335 2665 1405 ροσωποποιεῖ
2689 1331 2751 1385 τὸ
2773 1331 2998 1402 Πνεῦμα
3016 1330 3078 1383 τὸ
3107 1330 3260 1399 ἅγιον
3276 1331 3335 1382 ἐν
3357 1331 3469 1389 τοῖς
3495 1343 3632 1399 προ-

359 1420 477 1488 Dei,
509 1438 614 1477 non
648 1434 732 1479 est
760 1425 900 1479 Deus
927 1428 1018 1496 qui
1048 1425 1313 1497 loquitur,
1346 1426 1443 1482 sed
1470 1426 1709 1499 Spiritus
1724 1438 1946 1484 sanctus

2052 1431 2244 1499 φήταις
2268 1445 2281 1458 ·
2318 1426 2413 1479 καὶ
2441 1426 2537 1478 ἐὰν
2565 1425 3031 1495 προσωποποιήσῃ
3055 1423 3146 1476 τὸν
3168 1421 3321 1485 Θεὸν,
3352 1420 3453 1473 οὐκ
3480 1419 3631 1475 ἐστιν

356 1526 423 1565 ex
471 1527 703 1579 persona
760 1514 854 1571 Dei
894 1515 1155 1585 loquitur.
1194 1516 1250 1572 Si
1291 1518 1568 1572 Christum
1616 1518 1893 1572 induxerit
1927 1558 1944 1584 ,

2052 1520 2075 1572 ὁ
2103 1519 2237 1583 Θεὸς
2264 1518 2292 1571 ὁ
2319 1516 2518 1583 λαλῶν,
2542 1514 2679 1569 ἀλλὰ
2702 1515 2763 1568 τὸ
2800 1513 3026 1585 Πνεῦμα
3053 1513 3115 1566 τὺ
3140 1513 3203 1581 ἆγ
3215 1529 3292 1565 ιον
3318 1511 3385 1565 ὲκ
3410 1510 3632 1582 προσώ-

358 1617 465 1656 ιιοη
496 1617 580 1658 est
611 1604 863 1661 Christus
893 1607 984 1676 qui
1022 1607 1287 1677 loquitur,
1326 1608 1419 1663 sed
1454 1608 1693 1679 Spiritus
1723 1620 1945 1664 sanctus

2052 1628 2151 1665 που
2185 1610 2280 1663 τοῦ
2309 1608 2445 1663 Θεοῦ
2501 1607 2689 1661 λαλείο
2729 1606 2823 1660 καὶ
2875 1606 2971 1659 ἐὰν
3019 1605 3491 1677 προσωποποιήσῃ
3538 1602 3639 1657 τὸν

357 1707 422 1746 ex
466 1709 694 1762 persona
736 1697 937 1750 Christi
988 1698 1250 1767 loquitur.
1314 1700 1390 1753 Ita
1444 1709 1499 1755 et
1552 1700 1596 1754 si
1649 1716 1941 1771 personam

2052 1700 2305 1772 Χριστὸν,
2327 1700 2429 1752 οὐκ
2463 1698 2610 1751 ἐστιν
2631 1700 2660 1751 6
2685 1695 2920 1770 Χριστὸς
2945 1697 2974 1749 6
3000 1694 3199 1758 λαλῶν,
3221 1694 3357 1747 ἀλλὰ
3381 1693 3443 1746 τὸ
3463 1691 3635 1746 Πνεῦο

357 1789 635 1855 prophelze
687 1790 1034 1856 exhibuerit,
1096 1791 1179 1845 vel
1228 1791 1389 1859 hujus
1436 1802 1527 1847 aut
1557 1793 1701 1847 illius
1730 1794 1936 1863 populi,

2052 1771 2126 1865 μα
2155 1792 2218 1845 τὸ
2256 1791 2411 1860 ἆγιον
2439 1792 2505 1844 ὲκ
2532 1789 2822 1862 προσώπου
2855 1785 2948 1841 τοῦ
2983 1787 3219 1858 Χριστοῦ
3242 1785 3415 1840 λαλεῖ.
3451 1784 3633 1850 υῦτω,

357 1894 740 1948 quamcunque
775 1884 988 1936 tandem
1029 1901 1315 1953 personam
1352 1888 1671 1953 introducit,
1693 1889 1935 1957 Spiritus

2052 1885 2150 1939 κᾶν
2179 1884 2645 1956 προσωποποιήσῃ
2671 1882 2762 1935 τὸν
2790 1882 3101 1953 προφήτην,
3129 1881 3162 1951 ἢ
3188 1879 3278 1933 τὸν
3316 1878 3445 1933 λαὸν
3487 1878 3634 1931 ἐκεῖ·

357 1982 582 2027 sanctus
607 1982 713 2038 est,
743 1976 836 2044 qui
871 1991 1066 2031 omnes
1095 1977 1219 2032 illas
1256 1994 1522 2048 personas
1560 1980 1740 2049 ﬁngit.

2052 1992 2153 2035 νον.
2178 1976 2212 2047 ἢ
2238 1976 2330 2030 τὸν
2354 1975 2481 2028 λαὸν
2505 1974 2717 2038 τοῦτον,
2750 1973 2783 2044 ἢ
2810 1975 2838 2027 ὃ
2882 1991 2936 2026 τι
2971 1973 3170 2043 δήποτε
3198 1971 3631 2043 προσωποποιεῖ,

2041 2069 2104 2122 τὸ
2137 2067 2291 2137 ἆγιον
2319 2065 2546 2137 Πνεῦμά
2574 2067 2691 2118 ἐστι
2723 2065 2784 2118 τὸ
2808 2064 2986 2118 πάντα
3014 2060 3487 2134 προσωποποιοῦν.

359 2234 1949 2274 ===_—:——————-————_____________—-——

2052 2242 3609 2274 m

1751 2242 3607 2275 Μ

1365 2434 1795 2525 RUFINI
1873 2433 2626 2523 PRESBYTEBI

1714 2625 1809 2680 AD
1846 2624 2253 2682 IIERACLIUM

690 2782 985 2847 Praefatio
1015 2783 1081 2845 in
1123 2780 1657 2864 Explanationem
1680 2780 1981 2861 Origenis
2010 2798 2209 2863 super
2247 2782 2599 2862 Epistolam
2629 2778 2811 2845 Pauli
2838 2781 2913 2844 ad
2950 2782 3291 2843 Romanos.

374 3144 379 3149 η
440 3105 611 3180 ᾇεε
653 3106 916 3162 Valentem
960 3126 1040 3163 me
1072 3126 1234 3177 parvo
1259 3110 1560 3165 subvectum
1589 3112 1795 3181 navigio
1818 3128 1968 3165 oram
2000 3110 2278 3181 tranquilli
2313 3109 2512 3163 littoris
2540 3108 2831 3177 stringere,
2871 3112 2924 3159 et
2952 3104 3185 3157 minutos
3220 3103 3284 3155 de
3322 3100 3635 3155 Grecorum

366 3204 566 3271 stagnis
586 3204 865 3271 pisciculos
886 3206 1074 3273 legere,
1105 3206 1160 3258 in
1175 3207 1367 3270 altum,
1388 3206 1555 3275 frater
1579 3206 1818 3273 Heracli,
1836 3208 2022 3261 laxare
2060 3209 2174 3262 vela
2195 3206 2488 3274 compellis,
2507 3205 2793 3274 relictoque
2814 3218 2992 3267 opere,
3009 3201 3221 3271 quodin
3242 3197 3627 3267 transferendis

367 3290 624 3347 Homiliis
655 3291 967 3348 Adamantii
1001 3296 1140 3349 senis
1170 3298 1447 3363 habebam,
1480 3296 1674 3353 suades
1709 3306 1767 3351 ut
1807 3309 1989 3352 nostra
2024 3315 2141 3353 voce
2163 3297 2466 3368 quindecim
2499 3296 2555 3361 (6
2569 3297 2615 3368 ι)
2641 3298 2757 3365 ejus
2781 3293 3074 3357 volumina,
3104 3295 3292 3356 quibus
3327 3290 3633 3358 Epistolam

372 3386 532 3440 Pauli
560 3386 627 3440 ad
656 3384 917 3441 Ronwnos
942 3388 1219 3454 disseruit,
1263 3391 1581 3468 explicemus
1608 3404 1627 3442 :
1664 3390 1718 3442 in
1751 3392 1941 3460 quibus
1972 3391 2061 3445 ille
2088 3392 2215 3444 dum
2254 3402 2490 3444 sectatur
2524 3389 2764 3458 Apostoli
2797 3404 3030 3454 sensum,
3079 3388 3138 3440 in
3170 3398 3277 3441 tam
3304 3385 3633 3454 profundum

366 3477 585 3545 pelagus
609 3478 853 3545 aufertur
889 3477 1027 3546 (65),
1058 3489 1114 3533 ut
1153 3492 1318 3533 nactus
1351 3482 1532 3550 ingens
1577 3482 1645 3535 sit
1679 3481 1808 3534 illuc
1839 3497 1958 3535 eum
1997 3483 2237 3551 sequenti
2293 3480 2426 3552 (66),
2464 3498 2525 3536 ne
2558 3480 2925 3550 magnitudine
2954 3497 3228 3543 sensuum,
3269 3479 3405 3533 velut
3440 3479 3633 3531 imma—

370 3575 532 3625 nitate
566 3574 892 3638 Opprimatur
913 3576 1201 3628 undarum.
1243 3574 1377 3629 Tum
1412 3578 1603 3633 deinde
1625 3597 1716 3633 nec
1740 3578 1873 3631 illud
1903 3579 2117 3647 aspicis,
2151 3581 2292 3650 quod
2330 3579 2503 3632 tenuis
2540 3578 2668 3631 mihi
2699 3589 2772 3632 est
2800 3580 3018 3647 spiritus
3050 3578 3119 3629 ad
3160 3574 3486 3644 implendam
3511 3571 3629 3640 ejus

370 3672 480 3741 tam
510 3663 845 3733 magniﬁcam
871 3664 1079 3718 dicendi
1119 3666 1324 3719 tubam.
1359 3666 1532 3737 Super
1561 3686 1740 3723 omnes
1777 3681 1950 3723 autem
1975 3670 2311 3740 difﬁcultates
2331 3679 2431 3735 est,
2464 3670 2606 3739 quod
2636 3670 2941 3739 interpolati
2971 3680 3094 3723 sunt
3130 3669 3232 3737 ipsi
3263 3667 3406 3720 libri.
3436 3663 3638 3718 Desunt

369 3758 510 3811 enim
535 3757 647 3825 fere
673 3761 811 3826 apud
841 3761 1075 3813 omnium
1106 3761 1441 3816 bibliothecas
1477 3762 1763 3834 (incertum
1802 3781 1928 3818 sane
1954 3781 2056 3834 quo
2088 3767 2239 3835 casu)
2278 3765 2554 3835 aliquanta
2588 3780 2654 3817 ea:
2690 3765 2807 3832 ipso
2857 3779 3077 3832 corpore
3108 3761 3418 3826 volumina,-
3452 3769 3502 3812 et
3524 3759 3640 3812 Iure

372 3850 683 3920 adimplere,
723 3863 880 3920 atque
916 3852 970 3905 in
1004 3851 1197 3906 Latino
1219 3871 1369 3922 apere
1403 3857 1661 3925 integram
1689 3857 1802 3926 (67l
1836 3851 2262 3928 consequentiam
2302 3861 2455 3920 dare,
2498 3873 2603 3912 non
2639 3866 2718 3911 est
2750 3859 2850 3911 mei
2884 3856 3105 3926 ingenii,
3146 3857 3259 3918 sed,
3290 3866 3345 3908 ut
3383 3866 3437 3907 tu
3469 3855 3641 3908 credis

370 3944 464 4013 qui
495 3943 607 3996 lucc
636 3944 824 4013 exigis,
856 3946 1088 3997 muneris
1114 3944 1344 4012 fortasse
1369 3947 1553 4001 divini.
1574 3948 1741 4002 Addis
1766 3959 1965 4011 autem,
1998 3966 2061 4004 ne
2076 3951 2204 4019 quid
2222 3950 2493 4004 laboribus
2512 3950 2639 4003 meis
2667 3950 2823 4011 desit,
2844 3958 2900 4001 ut
2920 3964 3074 4000 omne
3099 3948 3196 4000 hoc
3210 3947 3506 4016 quindecim
3527 3945 3641 4013 (68)

376 4038 704 4092 voluminum
731 4039 943 4107 corpus,
967 4048 1108 4109 qu'od
1138 4042 1355 4095 Grtrcus
1389 4060 1559 4096 sermo
1584 4044 1653 4095 ad
1682 4047 2043 4114 quadraginta
2071 4046 2181 4116 fere
2203 4057 2295 4099 aut
2314 4062 2374 4099 eo
2394 4045 2624 4115 amplius
2648 4045 2815 4098 millia
2837 4057 3080 4096 versuum
3106 4040 3438 4106 produxerit,
3457 4040 3642 4092 abbre-

377 4131 528 4194 t‘iem,
550 4140 600 4185 et
627 4133 697 4186 ad
728 4135 921 4195 media,
953 4136 998 4187 si
1038 4135 1158 4202 ﬁeri
1179 4145 1366 4202 potest,
1398 4137 1570 4202 spatia
1598 4148 1883 4190 coarctem.
1922 4137 2069 4192 Dura
2088 4140 2223 4192 satis
2260 4140 2509 4209 imperia,
2549 4148 2597 4193 et
2629 4149 2885 4207 tanquam
2926 4137 2991 4189 ab
3023 4153 3083 4189 eo
3103 4135 3196 4204 qui
3226 4136 3434 4201 pondus
3465 4134 3642 4199 aperis

377 4225 537 4293 hujus
569 4226 703 4278 scire
731 4225 882 4289 nolit,
911 4227 1184 4296 imposita.
1216 4228 1508 4299 Aggrediar
1543 4241 1744 4294 tamen,
1777 4234 1823 4287 si
1848 4230 1987 4299 forte
2014 4233 2345 4286 orationibus
2376 4233 2503 4295 tuis,
2533 4247 2652 4302 qua:
2678 4230 2807 4284 mihi
2835 4240 3091 4300 tanquam
3117 4227 3320 4281 homini
3341 4226 3643 4293 impossibi-

377 4320 452 4371 lia
474 4319 733 4382 sidentur,
763 4320 1037 4381 aspirante
1070 4319 1611 4390 Domino,possibilia
1635 4325 1793 4394 ﬁant.
1828 4324 1930 4378 Sed
1964 4325 2137 4395 ipsum
2156 4323 2300 4395 jam,
2322 4325 2369 4379 si
2406 4325 2633 4392 videtur,
2666 4320 2970 4392 Origenem,
3015 4319 3248 4391 qualiter
3273 4317 3643 4387 praefationem

382 4412 608 4478 suscepti
630 4412 800 4480 operis
829 4411 1049 4481 dirigat,
1076 4414 1381 4469 audiantus.

453 4582 502 4618 ἰ
524 4578 669 4637 Psal.
688 4594 840 4646 CVI",
859 4582 916 4636 2.

461 4721 716 4804 (ϐω-Ἐν
745 4714 794 4789 ᾧ
819 4719 1062 4804 ,ψιξλμῷ
1093 4720 1167 4804 ff“
1207 4724 1342 4792 περὶ
1390 4725 1497 4804 ῖοῦ
1538 4725 1726 4804 Ἰούδα
1765 4726 1972 4804 γέγρα-

389 4792 565 4848 attat.
590 4792 777 4860 Neque
819 4794 871 4864 in
921 4794 1023 4847 hoc
1063 4793 1240 4848 solum
1293 4795 1521 4864 psalmo,
1567 4800 1659 4853 sed
1707 4792 1973 4853 erat“.

390 4864 556 4987 Etiam
577 4875 633 4918 et
656 4879 746 4918 LIV
811 4862 964 4919 Jndie
993 4864 1232 4933 nequitia
1283 4862 1337 4921 et
1381 4867 1611 4922 crimina
1644 4872 1964 4936 produntur.

446 4949 658 4987 ulmus.

446 4949 658 4990 IJI'I'IUS.

468 5006 582 5126 S64)
623 5004 695 5058 Ita
745 5005 987 5072 potiores
1019 5020 1148 5060 mss.
1192 5004 1594 5076 Manuscriptns
1635 5022 1764 5062 vero
1801 5007 1972 5061 codex

394 5073 471 5146 δἐι
502 5075 784 5146 lis-clara},
833 5083 888 5127 et
940 5090 1080 5128 unus
1124 5073 1328 5146 Regius
1366 5078 1567 5133 habent
1620 5080 1818 5132 decent.
1864 5078 1973 5134 Sed

391 5143 544 5213 juxta
566 5145 963 5216 Cassiodorum
991 5143 1278 5213 legendum
1311 5148 1527 5216 videtur
1560 5149 1763 5216 viginti.

471 5214 584 5285 (65)
624 5213 779 5287 Libri
801 5224 961 5271 antea
988 5216 1141 5281 editi,
1179 5216 1419 5285 eﬂ'ertur.
1444 5215 1545 5273 Ms.
1569 5213 1711 5273 unus
1735 5215 1965 5287 Regius,

396 5284 645 5354 affertur,
676 5285 839 5342 male.
1210 5284 1229 5285 ”
1795 5298 1799 5304 ’

466 5354 584 5427 (66)
625 5356 705 5414 Ita
752 5356 996 5430 potiores
1034 5370 1169 5413 mss.
1203 5355 1351 5414 Editi
1385 5372 1543 5427 vero,
1588 5367 1643 5415 et
1687 5373 1819 5416 mss.
1857 5357 1976 5430 qui-

2076 4730 2226 4792 dam,
2255 4726 2468 4799 sequi...
2502 4725 2773 4799 opprinmr
2814 4719 2910 4799 (al.
2939 4716 3325 4799 opprimamur)
3358 4715 3646 4771 undarum.

2079 4798 2280 4854 Deinde
2303 4791 2366 4849 ne
2389 4796 2523 4849 illud
2549 4795 2760 4864 quidem
2785 4791 3010 4864 aspicis,
3036 4800 3142 4843 etc.

2150 4867 2262 4939 (67)
2305 4866 2358 4919 In
2384 4854 2706 4939 quibusdam
2738 4859 3120 4939 mss.‘!egitur:
3153 4858 3350 4939 Desunt
3374 4857 3512 4911 enim
3538 4854 3649 4925 fere

2085 4928 2182 5007 (δι’.
2211 4928 2360 5003 pene)
2387 4928 2525 5007 apud
2554 4933 2788 5007 omnium
2828 4928 3184 4986 bibliothecas.
3203 4928 3489 5007 _Inc_ertum
3519 4939 3649 5007 sane

2083 4995 2184 5078 quo
2211 4995 2731 5078 casu'aliqnantaex
2753 5002 2866 5078 ipso
2888 5000 3399 5078 corp_ore_volumina
3444 4995 3649 5078 subtra-

2076 5068 2308 5140 hantur,
2337 5085 2387 5129 et
2435 5068 2547 5146 licet;
2589 5072 2879 5146 adimplere
2913 5071 2968 5124 in
2995 5068 3188 5146 Latino
3218 5076 3473 5146 opere,_e_t
3511 5069 3649 5146 inte-

2076 5163 2248 5218 gram,
2284 5137 2392 5201 etc.
2444 5143 2551 5199 Sed
2588 5137 2790 5197 rectius
2831 5142 3010 5196 caeleri
3054 5154 3183 5194 mss.
3230 5150 3286 5193 et
3327 5137 3459 5193 editi
3500 5142 3559 5187 ut
3597 5137 3651 5186 in

2077 5227 2266 5274 11031ΐο
2305 5223 2449 5270 textu
2458 5251 2473 5268 ς

2149 5286 2261 5356 (68)
2304 5285 2381 5339 Ita
2406 5280 2828 5356 tnss_._plerique_,
2852 5292 2908 5336 et
2931 5279 3084 5337 editi.
3113 5276 3307 5335 Caeteri
3335 5291 3469 5332 vero
3493 5286 3649 5337 mss.,

2078 5351 2219 5414 alius
2245 5351 2448 5424 decem,
2484 5351 2574 5431 alii
2592 5352 2889 5408 duodecim.
