4182 6422
528 377 653 456 ‘sa'c'
1441 406 1798 466 COMMENT.
1845 409 1911 464 IN
1944 410 2161 467 EPIST.
2200 414 2294 467 AD
2328 415 2496 477 non.
2528 418 2921 482 PREFATIO.
3726 403 3832 499 8:934

1887 755 2476 852 ORIGENIS

745 950 1526 1041 COMMENTARIORUM
1566 955 1649 1016 ΙΝ
1706 953 2167 1016 EPISTOLAM
2214 955 2275 1016 S.
2310 956 2547 1019 PAULI
2584 960 2692 1020 AD
2733 962 3130 1026 ROMANOS
3157 968 3615 1037 PREFA-TIO.

612 1294 766 1363 Quod
807 1296 1019 1352 caneris
1065 1298 1293 1367 apostoli
1341 1299 1492 1355 Pauli
1546 1301 1805 1371 Epistolis
1845 1302 2120 1359 diflicilior
2149 1311 2192 1366 Α
2222 1307 2551 1373 propositum
2586 1322 2798 1376 sequor,
2845 1306 2915 1359 ad
2953 1308 3189 1373 palmam
3232 1329 3480 1381 superna:
3526 1306 3813 1372 vocationis

542 1397 765 1456 putatur
787 1388 855 1443 ad
880 1386 1292 1458 intelligendum
1316 1389 1431 1446 haec
1449 1406 1571 1461 qua:
1596 1393 1663 1446 ad
1685 1393 1962 1473 Romanos
1983 1398 2118 1451 scrio
2224 1398 2323 1452 Dei
2360 1400 2415 1452 in
2456 1398 2672 1454 Christo
2717 1397 2889 1464 Iesu;
2931 1410 2985 1454 ct
3013 1411 3136 1469 post
3159 1402 3262 1457 hoc
3297 1405 3467 1459 dicit:
3500 1405 3811 1478 Quicunque

538 1491 626 1548 pta
652 1489 765 1544 est,
796 1481 1007 1538 duabus
1055 1483 1187 1538 mihi
1230 1484 1451 1539 videtur
1476 1484 1595 1541 ﬁeri
1635 1500 1703 1541 ex
1737 1488 1939 1545 causis.
1975 1488 2113 1553 Una,
2220 1505 2346 1557 ergo
2376 1487 2594 1556 perfecti
2622 1505 2828 1552 sumus,
2865 1493 2963 1541 hoc
2993 1493 3310 1547 sentiamus.
3346 1493 3402 1547 In
3431 1510 3540 1564 quo
3568 1499 3811 1554 ostendit

536 1573 682 1642 quod
709 1572 1111 1630 elocutionibus
1147 1575 1423 1630 interdum
1448 1576 1693 1633 confusis
1713 1587 1770 1633 et
1800 1579 1984 1634 minus
2011 1596 2116 1635 ex-
2219 1579 2490 1647 duplicem
2525 1595 2648 1634 esse
2673 1579 3061 1649 perfectionem
3090 1601 3103 1637 :
3139 1599 3322 1647 unam,
3354 1602 3476 1657 qua:
3518 1598 3602 1643 est
3632 1591 3681 1643 in
3715 1606 3810 1646 ex-

536 1664 734 1733 plicitis
760 1665 962 1732 utitur;
994 1666 1124 1732 alia,
1148 1668 1292 1737 quod
1323 1670 1657 1738 quaestiones
1680 1671 1734 1725 in
1757 1686 1820 1726 ea
1848 1672 2116 1742 plurimas
2214 1670 2458 1737 plelione
2490 1671 2774 1735 virtutum,
2820 1673 3119 1726 secundum
3166 1691 3328 1742 quam
3359 1678 3492 1734 dicit
3520 1682 3665 1749 quod
3699 1698 3808 1739 non

535 1765 738 1823 movet,
765 1765 819 1812 et
847 1771 940 1812 eas
970 1760 1278 1830 praecipue,
1316 1761 1513 1831 quibus
1546 1763 1838 1831 innitentes
1869 1766 2113 1823 haeretici
2217 1761 2290 1839 Sil
2323 1760 2624 1831 Ferreolus;
2661 1772 2715 1817 ει
2744 1761 2931 1829 aliam,
2978 1781 3100 1819 Cum
3152 1765 3225 1820 ila
3276 1767 3396 1836 (Ιυῖε
3451 1748 3687 1839 Prima“,
3748 1748 3809 1831 ιίι

533 1859 787 1905 astruere
818 1851 995 1908 solent
1018 1854 1162 1923 quod
1195 1854 1623 1927 uniuscujusque
1646 1865 1924 1928 gestorum
1950 1876 2114 1917 causa

2221 1855 2478 1910 decidere
2509 1869 2614 1908 non
2647 1856 2841 1925 possit,
2868 1871 3045 1927 neque
3080 1868 3377 1914 retrorsum
3412 1862 3685 1930 aspicere,
3712 1879 3803 1919 se-

533 1957 640 1997 non
663 1943 730 1997 ad
763 1945 1100 2013 propositum
1142 1947 1365 2013 debeat,
1403 1949 1500 2007 sed
1525 1950 1594 2003 ad
1635 1959 1844 2005 natura:
1875 1951 2110 2009 diversi-

2216 1948 2459 2029 cundnm
2509 1962 2672 2015 quam
2719 1948 2936 2003 dicebat
2977 1966 2996 2003 :
3050 1948 3365 2022 Quicunque
3420 1969 3544 2023 ergo
3587 1956 3803 2024 perfecti

532 2040 696 2086 tatem
724 2033 938 2100 referri;
968 2044 1022 2090 et
1045 2051 1111 2091 ex
1140 2038 1332 2106 paucis
1362 2037 1524 2108 hujus
1558 2040 1813 2110 Epistola‘
1841 2045 2114 2100 sermoni-
2213 2056 2419 2104 sumus,
2443 2038 2540 2093 hoc
2567 2041 2877 2095 sentiamus.
2899 2039 3181 2107 Quomodo
3206 2057 3335 2113 ergo
3368 2044 3649 2099 docebitur
3679 2062 3805 2116 per-

532 2123 631 2180 bus
663 2124 826 2182 [alius
848 2125 1146 2197 Scriptura
1170 2144 1417 2198 sensum,
1435 2133 1525 2200 qui
1551 2132 1766 2191 arbitrii
1797 2134 2107 2193 liber-[atem
2214 2128 2534 2196 fectiorjam
2554 2131 2850 2186 secundam
2881 2134 2948 2185 ad
2971 2132 3289 2189 Corinthios
3313 2136 3603 2205 scripsisse
3629 2153 3794 2207 quam

528 2232 847 2273 concessam
879 2234 910 2273 a
951 2219 1063 2276 Deo
1096 2221 1307 2277 homini
1338 2223 1522 2291 docet,
1542 2236 1814 2282 conantur
1835 2238 2109 2286 evertere.
2213 2222 2493 2292 Ρτίιηδῐητ
2520 2222 2599 2278 Εἰ
2628 2224 2712 2277 δίε
2747 2225 2869 2278 Sine
2896 2225 3061 2280 dUbiO
3101 2241 3223 2295 qua:
3254 2227 3305 2281 Ῐη
3336 2242 3398 2282 ea
3423 2208 3625 2296 s(eripui
3657 2229 3801 2286 ι’θίθ·

529 2308 757 2376 Propter
783 2312 928 2381 quod
973 2311 1331 2383 deprecantes
1379 2316 1533 2385 prius
1573 2317 1779 2386 Deum,
1823 2321 1914 2390 qui
1962 2322 2110 2376 docet
2214 2323 2429 2379 runtur,
2461 2329 2586 2370 eum
2611 2315 2783 2371 dicit:
2825 2315 3238 2371 Tribuiationem
3281 2319 3538 2387 patimur,
3569 2321 3661 2374 sed
3688 2338 3795 2377 non

528 2402 790 2456 hominem
819 2404 1097 2459 scientiam
1131 2405 1199 2472 ’³,
1240 2415 1295 2460 et
1324 2407 1414 2476 qui
1442 2408 1534 2464 dat
1556 2425 1658 2477 per
1690 2407 1954 2478 Spiritum
1987 2429 2105 2466 rer-
2211 2407 2620 2473 angustiamur;
2636 2408 2964 2475 avertamur.
2997 2410 3088 2462 sed
3113 2426 3215 2462 non
3250 2412 3798 2479 emporiamurmer-

526 2490 648 2543 bum
680 2492 952 2559 sapientia:
975 2493 1042 2559 “,
1067 2495 1271 2565 quique
1304 2496 1573 2551 illuminat
1606 2515 1812 2554 omnem
1840 2501 2107 2556 hominem
2209 2498 2529 2551 sccutionem
2550 2499 2804 2564 patimur.
2837 2500 2929 2553 sed
2956 2517 3061 2553 non
3112 2499 3571 2572 derelinquimur;
3613 2503 3800 2571 deiici-

525 2584 813 2653 oenientem
841 2586 896 2641 in
923 2587 1064 2643 hunc
1095 2589 1353 2645 mundum
1382 2591 1450 2657 "',
1487 2600 1547 2647 ut
1571 2594 1766 2662 dignos
1790 2609 1890 2649 nos
1925 2594 2108 2651 facere
2140 2651 2176 2662 __

2148 2651 2180 2662 κ
2211 2605 2351 2654 mur,
2376 2590 2467 2644 sed
2496 2607 2602 2645 non
2627 2591 2858 2659 perimus
2895 2608 2916 2657 ;
2951 2608 3157 2661 semper
3185 2603 3407 2646 mortem
3446 2592 3576 2647 Iesu
3602 2595 3657 2649 in
3680 2611 3799 2649 cor-

524 2673 783 2745 dignetur
809 2677 1116 2749 intelligere
1142 2681 1466 2752 parabolas,
1498 2694 1554 2739 ει
1594 2686 1861 2741 obscuros
1897 2701 2106 2741 sermo.
2140 2651 2182 2705 Β
2206 2694 2333 2748 pore
2358 2690 2538 2735 nostro
2563 2681 3020 2750 circumferentes,
3050 2692 3104 2734 ut
3129 2694 3176 2735 et
3217 2683 3321 2737 vita
3347 2682 3476 2737 Iesu
3499 2685 3552 2738 in
3578 2700 3803 2753 corpore

524 2782 643 2833 nes,
678 2768 933 2840 dictaque
956 2773 1285 2842 sapientium
1312 2783 1368 2831 et
1386 2775 1675 2846 tenigmata
1698 2777 1767 2842 ³⁸,
1792 2777 1865 2831 ita
1887 2778 2102 2834 demum

2207 2778 2389 2821 nostra
2449 2771 2820 2839 manifestetur
2852 2771 2922 2826 ⁸³.
2971 2771 3070 2838 Qui
3106 2786 3235 2840 ergo
3280 2788 3498 2844 semper
3548 2786 3795 2828 mortem

521 2858 920 2929 explanationis
955 2861 1215 2932 Epistula:
1249 2865 1360 2937 (69)
1391 2866 1543 2921 Pauli
1571 2868 1637 2921 ad
1673 2867 1947 2923 Romanos
1971 2882 2105 2922 con-

2202 2855 2332 2913 Jesu
2382 2860 2434 2914 in
2477 2876 2708 2931 corpore
2740 2878 2840 2918 suo
2887 2862 3331 2929 circumferebat,
3368 2881 3643 2934 nunquam
3685 2868 3794 2920 uti-

522 2949 1129 3032 tingemusexordium,
1169 2958 1567 3026 praemittentes
1592 2959 1706 3013 tunc
1738 2974 1858 3028 quae
1886 2959 1954 3013 ab
1985 2967 2103 3013 stu-

2204 2966 2312 3020 que
2341 2953 2394 3006 in
2440 2967 2505 3008 eo
2538 2953 2651 3026 (72)
2680 2955 3105 3024 concupiscebat
3148 2970 3279 3010 caro
3327 2957 3592 3012 adversus
3622 2958 3790 3028 spiri-

521 3041 691 3098 diosis
707 3044 991 3099 observari
1009 3046 1205 3112 solent,
1221 3050 1366 3120 quod
1385 3050 1603 3105 videtur
1615 3050 1908 3120 Apostolus
1923 3050 1975 3104 in
1995 3050 2102 3106 hac

2203 3051 2341 3107 tum,
2368 3043 2462 3095 sed
2510 3053 2630 3097 erat
2652 3043 2701 3097 ei
2730 3045 3007 3111 subjecta,
3036 3053 3228 3111 utpote
3260 3045 3585 3100 mortificata
3614 3046 3683 3101 ad
3712 3048 3792 3101 si-

522 3130 760 3202 Epistola
800 3133 1096 3206 perfectior
1132 3138 1301 3194 fuisse
1325 3154 1490 3209 quam
1518 3141 1572 3194 in
1609 3141 1844 3195 cmteris.
1881 3140 2097 3194 Etenim

2202 3133 2567 3188 militudinem
2598 3135 2792 3189 mortis
2816 3133 3039 3189 Christi.
3079 3129 3246 3200 Quod
3265 3136 3309 3189 si
3333 3136 3483 3190 dicat
3512 3137 3669 3194 nobis
3691 3139 3795 3193 ali-

521 3238 644 3281 cum
668 3225 901 3293 primam
930 3228 996 3282 ad
1015 3228 1327 3284 Corinthios
1343 3229 1765 3297 scriberet,erat
1796 3232 2014 3301 quidem
2041 3232 2096 3285 in
2200 3225 2325 3294 quis
2355 3226 2468 3280 haec
2506 3224 2829 3279 verisimilia
2864 3239 2973 3280 non
3010 3226 3207 3292 videri,
3236 3227 3368 3297 'quia
3408 3242 3515 3283 non
3555 3229 3787 3294 multum

521 3317 731 3387 magnis
759 3318 1111 3387 profectibus;
1135 3320 1339 3392 aliquid
1361 3333 1539 3376 tamen
1568 3322 1636 3377 de
1674 3338 1733 3378 se
1769 3322 1918 3377 velut
1942 3334 2097 3377 nuta-
2202 3317 2462 3386 temporis
2497 3317 2640 3371 inter
2662 3317 2898 3386 primam
2931 3317 3232 3386 Epistolam
3269 3318 3435 3373 fuerit
3480 3334 3546 3375 ac
3587 3335 3791 3381 secune

519 3411 733 3466 bundus
762 3411 873 3484 (ῖο)
908 3412 1212 3483 eloquitur,
1244 3430 1365 3469 cum
1393 3415 1527 3470 dicit
1557 3433 1572 3471 :
1599 3414 1705 3471 Sed
1739 3431 1947 3470 macero
1975 3431 2097 3470 cor-

2201 3409 2347 3474 dum,
2382 3417 2562 3477 potest
2616 3416 2673 3463 et
2701 3424 2769 3464 ex
2801 3424 2866 3464 eo
2891 3409 3199 3464 evidentius
3249 3424 3513 3477 noscere,
3555 3416 3701 3481 quod
3729 3414 3787 3469 in

519 3517 614 3566 pus
634 3519 830 3569 meum,
852 3512 901 3559 et
918 3507 1157 3560 servituti
1173 3507 1418 3577 subjicio,
1438 3524 1501 3561 ne
1515 3506 1649 3576 forte
1670 3525 1791 3562 cum
1814 3509 1935 3561 aliis
1952 3524 2095 3577 prte-

2198 3499 2373 3569 prima
2398 3499 2646 3570 Epistola
2676 3499 2911 3571 ejectum
2936 3515 3063 3554 eum
3089 3501 3180 3569 qui
3210 3500 3393 3556 fuerat
3432 3503 3625 3558 incesti
3666 3518 3786 3560 sce-

520 3591 940 3671 dicauerim,ipse
957 3595 1206 3664 reprobus
1219 3597 1415 3666 efjiciar
1427 3598 1493 3649 ’³.
1518 3595 1622 3651 Sed
1640 3606 1695 3651 et
1708 3599 1773 3651 ad
1789 3597 2097 3667 Philippen-

2196 3588 2309 3644 lere
2356 3590 2619 3660 pollutus,
2681 3599 2739 3647 et
2789 3593 3048 3645 traditum
3107 3590 3329 3649 Satanas
3387 3593 3440 3647 in
3493 3594 3782 3650 interitum

519 3693 609 3734 ses
629 3680 797 3752 459
813 3686 1078 3748 scribens,
1111 3686 1367 3754 quiddam
1399 3686 1452 3739 in
1481 3701 1541 3741 se
1566 3687 1743 3741 minus
1768 3686 1944 3740 adhuc
1975 3700 2096 3740 esse
2195 3682 2400 3747 carnis,
2428 3693 2487 3738 ut
2510 3684 2734 3752 spiritus
2761 3683 2944 3736 salvus
2975 3683 3129 3738 fieret
3152 3684 3206 3738 in
3229 3686 3318 3739 die
3346 3685 3557 3741 Domini
3589 3687 3782 3759 “(75),

520 3770 704 3837 illius,
759 3788 925 3845 quam
978 3786 1168 3845 postea
1223 3787 1511 3832 assecutus
1563 3788 1687 3844 est,
1742 3777 2094 3849 perfectionis
2198 3773 2252 3827 in
2277 3774 2702 3842 secunda”jatn
2726 3784 3043 3840 revocat,et
3063 3775 3322 3831 Ecclesia:
3342 3778 3604 3833 membris
3630 3794 3782 3834 asso-

518 3864 776 3929 ostendit,
797 3880 923 3920 cum
955 3867 1089 3921 dicit
1115 3866 1454 3924 conformari
1486 3883 1547 3924 se
1589 3871 1756 3925 morti
1782 3870 2010 3936 Christi,
2044 3866 2094 3926 si
2194 3864 2325 3918 ciat.
2367 3864 2521 3931 Quod
2551 3866 2743 3934 utique
2773 3880 2880 3920 non
2916 3865 3146 3930 faceret,
3188 3867 3293 3920 nisi
3328 3882 3590 3936 processu
3642 3879 3781 3924 tem-

517 3958 779 4025 quomodo
803 3968 1063 4014 occurrat
1082 3961 1138 4012 in
1165 3960 1621 4028 resurrectionem,
1644 3978 1765 4031 qua:
1796 3972 1871 4016 est
1894 3980 1926 4015 a
1952 3978 2095 4018 mor-
2122 3993 2167 4052 ο
2201 3956 2348 4026 poris
2378 3956 2571 4026 dignos
2599 3957 2650 4010 in
2679 3972 2745 4012 eo
2791 3956 2814 4011 Τ
2817 3964 3002 4012 ructus
3045 3958 3381 4026 paenitentiae
3431 3959 3779 4028 pervidisset,

516 4049 621 4101 tuis
639 4048 707 4102 ³ο.
741 4048 856 4104 Νοη
883 4050 1029 4104 enim
1053 4050 1282 4117 diceret,
1310 4052 1357 4104 si
1377 4052 1660 4119 quomodo,
1684 4051 1730 4107 si
1752 4052 1802 4106 ei
1826 4052 1941 4121 jam
1968 4061 2096 4107 tunc
2131 4047 2166 4052 “
2201 4057 2258 4101 et
2288 4048 2431 4116 quod
2458 4047 2572 4116 jam
2633 4063 2765 4103 caro
2813 4050 3124 4116 interitum,
3179 4064 3339 4118 quem
3390 4049 3780 4121 designaverat

518 4155 609 4194 res
638 4141 937 4197 indubitata
975 4142 1276 4197 videretur.
1319 4141 1428 4200 Sed
1460 4155 1513 4199 et
1551 4144 1603 4197 in
1636 4145 2096 4212 consequentibus
2198 4139 2492 4208 Apostolus
2542 4139 2913 4208 suscepisset,
2972 4151 3197 4210 peccato
3249 4140 3460 4196 scilicet
3516 4153 3575 4197 et
3630 4143 3778 4200 vitiis

516 4229 761 4299 ejusdem
792 4231 1043 4299 Epistolas
1059 4232 1176 4289 haec
1200 4234 1388 4288 eadem
1418 4234 1681 4299 ostendit,
1703 4249 1826 4289 cum
1852 4233 2051 4288 dicit“
2076 4255 2090 4291 :

2198 4239 2437 4297 mortua,
2493 4239 2552 4283 ut
2601 4229 2674 4283 ita
2723 4231 2942 4284 demum
2996 4231 3206 4287 viveret
3252 4230 3360 4286 Deo
3386 4232 3454 4288 ³⁸.
3479 4232 3614 4288 Cum
3645 4249 3780 4306 ergo

514 4321 642 4376 Non
668 4324 811 4392 quod
829 4324 946 4392 jam
960 4334 1268 4381 consecutus
1293 4327 1413 4391 sim,
1442 4336 1535 4379 aut
1542 4326 1933 4397 jamperfectus
1954 4328 2088 4393 sim;
2198 4330 2406 4376 tantum
2444 4321 2605 4391 spatii
2631 4321 2819 4387 fuerit,
2847 4338 2955 4392 quo
2979 4332 3238 4392 peccator
3261 4324 3503 4384 incestus
3541 4325 3774 4381 salutem

514 4429 698 4482 sequar
725 4425 901 4470 autem
947 4427 1000 4470 ut
1033 4418 1492 4486 comprehendam,
1537 4421 1593 4473 in
1632 4435 1736 4489 quo
1764 4428 1812 4473 et
1852 4435 2091 4486 compre-
2195 4414 2422 4483 Spiritus
2454 4413 2708 4467 laudabili
2733 4415 2917 4469 carnis
2943 4414 3165 4468 interitu
3187 4416 3474 4484 receperit,
3501 4417 3779 4486 quomodo

513 4506 702 4562 hensus
733 4525 847 4563 sum
872 4526 903 4562 a
927 4508 1154 4564 Christo.
1194 4510 1545 4581 Fratres,ego
1578 4529 1659 4566 me
1673 4515 1784 4579 ipse
1816 4529 1922 4566 non
1941 4512 2088 4565 arbi-
2189 4508 2297 4560 non
2328 4504 2623 4573 putandum
2655 4514 2738 4558 est
2766 4505 2935 4558 multo
2954 4504 3231 4559 velociore
3256 4520 3419 4559 cursu
3450 4505 3490 4559 A
3502 4507 3777 4577 postulunt

513 4607 624 4649 tror
661 4599 1063 4667 apprehendisse
1100 4599 1235 4672 (71).
1274 4601 1429 4668 Quod
1461 4601 1505 4656 si
1535 4601 1655 4671 quis
1687 4611 1842 4670 putat
1865 4616 1960 4669 per
1984 4601 2085 4653 lm-

2189 4611 2311 4663 qum
2340 4596 2581 4663 perfecta
2621 4603 2750 4648 sunt
2785 4594 3139 4648 assecutum?
3167 4593 3273 4647 Sed
3316 4593 3369 4647 in
3399 4593 3510 4649 illis
3546 4586 3779 4664 quidem

512 4686 797 4743 militatem
827 4690 1057 4756 dictum,
1093 4693 1276 4746 videat
1328 4693 1379 4746 in
1426 4692 1891 4760 consequentibus
1922 4707 2086 4759 quam
2191 4689 2291 4743 iste
2313 4687 2433 4758 ejus
2462 4686 2927 4754 fueritprofectus
2952 4704 2965 4739 :
2991 4698 3200 4756 quanto
3229 4684 3341 4758 (74)
3391 4698 3571 4741 autem
3607 4687 3765 4742 subli-

513 4793 706 4847 magna
740 4780 808 4833 de
836 4782 1170 4848 profectibus
1196 4783 1311 4839 suis
1343 4792 1629 4850 memorat,
1681 4800 1805 4838 cum
1838 4784 1971 4839 dicit
2000 4785 2044 4817 “
2072 4803 2085 4839 :
2191 4781 2330 4834 Itti0l‘
2353 4789 2406 4834 et
2425 4779 2748 4834 eminentior
2761 4781 2833 4834 sit
2853 4779 2916 4832 ad
2940 4778 3209 4833 Romanos
3237 4779 3494 4841 scribens,
3511 4766 3579 4833 ex
3604 4779 3779 4848 ipsius

512 4868 688 4924 Unum
714 4885 910 4937 autem,
935 4890 998 4929 ea
1027 4873 1238 4945 quidem
1269 4890 1387 4943 qua:
1421 4885 1559 4928 retro
1588 4884 1712 4928 sunt
1742 4875 2083 4941 obliviscens,
2192 4872 2450 4943 EpiStolte
2467 4872 2814 4926 sermonibus
2847 4871 3186 4940 colligamus,
3220 4871 3271 4923 in
3291 4885 3396 4939 qua
3426 4870 3560 4925 dicit
3591 4887 3606 4923 :
3638 4872 3773 4937 Quis

511 4975 557 5018 et
586 4965 655 5017 ad
675 4980 737 5018 ea
763 4981 881 5035 quia
900 4966 957 5020 in
1001 4975 1124 5020 ante
1159 4977 1283 5019 sunt
1322 4983 1405 5020 me
1437 4967 1743 5030 extendens,
1794 4967 2084 5021 secundum
2191 4981 2285 5018 nos
2330 4963 2595 5032 separabit
2637 4981 2670 5018 a
2719 4964 2979 5017 charitate
3035 4961 3277 5017 Christi?
3311 4961 3641 5029 'i'ribulatio,
3698 4980 3773 5018 an

576 5123 622 5156 ”
661 5122 802 5176 Psal.
829 5137 985 5185 XLIII,
1013 5123 1102 5179 10.
1179 5124 1271 5177 ²⁴⁵Ι
1312 5123 1548 5192 Cons",
1591 5124 1645 5180 8.
1749 5126 1795 5158 ²⁷
1823 5125 2046 5192 Joan.t,
2074 5125 2128 5180 9.
2206 5126 2227 5156 ²

2116 5166 2128 5179 .
2206 5122 2254 5156 ⁸⁸
2292 5121 2454 5194 Prov.
2498 5138 2539 5186 ι,
2568 5122 2622 5178 6.
2688 5124 2747 5194 κί’
2785 5121 3055 5194 lCo_r.1x,
3084 5122 3201 5194 27.4
3255 5123 3298 5154 '°
3324 5122 3522 5194 Philip.
3556 5139 3640 5187 ιιι,
3679 5123 3765 5192 10,

509 5195 599 5249 Η.
653 5193 698 5225 ³⁸
726 5194 859 5249 ibid.
888 5194 976 5261 12,
1008 5195 1095 5248 15.
1172 5194 1218 5226 ³³
1241 5196 1372 5251 ibid.
1400 5197 1489 5261 15,
1520 5196 1609 5252 15.
1663 5194 1709 5228 ³³
1734 5194 1921 5252 ll'Cor.
1950 5191 2038 5262 tv,
2063 5195 2155 5251 8-1

2117 5195 2219 5249 dt).
2303 5191 2386 5245 ³⁸1
2420 5192 2544 5249 Cor.
2591 5208 2644 5258 ν,
2667 5193 2722 5248 5.
2794 5193 2839 5224 ³⁸
2863 5192 2905 5246 ll
2938 5192 3064 5248 Cor.
3094 5192 3232 5260 11,8.
3306 5194 3352 5225 ³⁸
3380 5191 3540 5248 ltum.
3566 5209 3641 5260 γι,
3674 5191 3768 5249 lt.

580 5338 696 5408 (69)
739 5338 1176 5408 Ερὶοιοιιεουθεθι
1208 5339 1264 5394 in
1293 5339 1475 5395 editis.
2192 5339 2439 5404 festatur.
2473 5337 2582 5402 Qui
2613 5352 2735 5408 ergo
2757 5347 2982 5393 mortem
3018 5336 3151 5391 Iesu
3194 5336 3250 5391 in
3291 5351 3510 5405 corpore
3535 5352 3631 5408 suo
3659 5338 3763 5390 cir.

577 5406 689 5481 (70)
725 5406 824 5481 _Sic
853 5424 985 5463 mss.
1017 5409 1281 5481 plerique.
1319 5411 1462 5481 Editi
1489 5424 1619 5466 vero
1657 5418 1714 5465 et
1741 5423 1847 5470 ms.
1874 5410 2080 5481 Regius
2186 5407 2600 5481 cumferebatur,
2626 5406 2897 5481 nunquam
2937 5409 2993 5461 in
3033 5423 3117 5470 eo.
3147 5418 3254 5462 etc.
3299 5408 3401 5461 Ms.
3436 5421 3576 5462 unus
3605 5406 3762 5461 habet

503 5477 839 5546 num.'1659,
857 5481 922 5533 de
947 5480 1139 5535 sarculo
1163 5477 1217 5533 ut
1248 5480 1630 5546 mutabundus,
1671 5481 1834 5536 male.
1961 5477 1984 5481 ⁷
2184 5480 2476 5548 utrobique
2504 5477 2989 5548 mortificationem,
3022 5491 3120 5546 pro
3141 5490 3383 5530 mortem.

576 5549 690 5620 (Ἠ)
731 5550 806 5603 Ita
826 5544 1077 5618 potiores
1111 5564 1244 5603 mss.
1269 5558 1324 5603 et
1347 5549 1500 5604 editi.
1533 5544 1663 5606 Mss.
1706 5565 1836 5604 vero
1861 5551 2075 5619 aliquot
2183 5544 2476 5620 __7(75)'In
2532 5544 2898 5620 dieuliomini.
2937 5544 3063 5601 llaec
3099 5551 3286 5620 _ver_ba
3322 5544 3659 5620 omittuntur
3712 5545 3761 5620 in

504 5614 769 5672 omittunt
812 5614 923 5686 ipse
971 5627 1024 5672 et
1066 5627 1254 5688 postea
1288 5620 1527 5687 habent,
1569 5624 1808 5675 nondum
1838 5614 2076 5676 arbitror
2182 5614 2357 5673 libris
2377 5629 2538 5673 antea
2576 5616 2764 5679 editis,
2795 5626 2852 5688 et
2881 5619 2934 5669 in
2961 5632 3065 5672 ms.
3098 5615 3267 5685 Regio
3303 5629 3456 5669 num.
3487 5614 3648 5681 16⁸59,
3669 5617 3760 5671 sed

504 5688 976 5749 comprehendisse.
1069 5687 1083 5688 ί
2183 5689 2547 5745 restituuntur
2575 5702 2642 5741 ex
2669 5687 2884 5740 caeteris
2910 5700 3042 5738 mss.
3468 5694 3473 5699 '

573 5756 686 5828 ('72)
718 5759 810 5812 Sic
857 5773 985 5813 mss.
1012 5757 1284 5826 plerique.
1317 5757 1465 5812 Libri
1516 5773 1646 5814 vero
1673 5759 1808 5814 editi
1845 5766 1898 5814 et
1942 5774 2077 5814 mss.
2189 5826 2216 5828 _
2260 5757 2372 5828 (74)
2410 5756 2536 5810 Mss.
2569 5758 2788 5828 quidam
2839 5755 3074 5828 crediti,
3104 5754 3624 5825 quantum.Detnue
3656 5769 3750 5812 ms

506 5823 723 5895 quidam
754 5842 768 5881 :
801 5823 1180 5896 semper—mors
1201 5828 1327 5883 Iesu
1356 5829 1413 5883 in
1448 5845 1663 5884 corpore
1699 5842 1878 5884 nostro
1904 5832 2081 5884 mani-
2186 5823 2387 5891 Regius
2428 5823 2774 5887 noun—1659.
2806 5823 3130 5886 colligimus.
