4182 6418
376 360 482 417 835

1895 357 2220 416 ORIGENIS

3535 366 3638 422 856

377 481 650 552 angustia,
684 495 750 534 an
796 481 1110 549 persecutio,
1164 497 1233 534 an
1278 483 1464 550 fames,
1499 497 1567 533 an
1601 480 1841 548 auditas,
1876 497 1945 533 an
1979 491 2022 542 Α
2051 481 2283 551 peccati,
2309 481 2377 537 de
2407 484 2666 540 interiore
2688 493 2745 539 et
2778 485 3054 541 exteriore
3077 485 3297 542 homine
3325 503 3338 540 :
3371 502 3495 558 quae
3521 506 3638 545 stn-

374 573 688 642 periculum,
735 588 808 625 an
850 572 1104 642 gladius?
1132 571 1279 626 Sicut
1316 574 1572 640 scriptum
1615 581 1692 627 est
1737 588 1755 626 :
1809 571 1950 636 Quia

373 674 588 733 propter
611 674 661 718 te
689 673 856 718 morte
874 665 1130 734 aﬂicimur
1160 663 1275 734 (75)
1299 674 1408 717 tota
1442 664 1551 726 die,
1592 664 1839 718 aestimati
1863 681 1954 718 su-

374 771 490 810 mus
511 758 644 810 sicut
675 756 1104 811 oves‘occisionis.
1135 755 1242 810 Sed
1267 755 1323 808 in
1353 755 1434 808 his
1475 756 1716 808 omnibus
1761 771 1950 824 super-

373 850 630 903 oincimus
669 857 884 918 prapter
930 864 1046 900 eum
1091 848 1181 917 qui
1226 847 1414 900 dilexit
1449 862 1564 900 nos.
1599 846 1785 901 Certus
1833 864 1951 901 sum

373 942 512 995 enim
543 941 670 1010 quia
698 955 862 1006 neque
884 955 1050 1002 mors,
1081 955 1245 1008 neque
1272 939 1401 1005 vita,
1445 954 1609 1007 neque
1631 939 1826 1006 angeli,
1855 954 1949 992 ne—

369 1048 471 1101 que
499 1032 848 1100 principatus,
891 1045 1054 1100 neque
1090 1037 1395 1096 potestates,
1446 1045 1610 1097 neque
1648 1029 1947 1097 praesentia,

370 1138 535 1192 neque
585 1123 792 1190 futura,
846 1137 1010 1192 neque
1055 1121 1240 1185 uirtus,
1287 1137 1449 1190 neque
1494 1119 1740 1185 altitudo,
1785 1135 1950 1190 neque

369 1215 721 1284 profundum,
776 1231 942 1283 neque
980 1212 1091 1266 alia
1137 1213 1250 1267 ulla
1294 1221 1574 1277 creatura,
1621 1213 1810 1280 poterit
1856 1229 1949 1266 nos

367 1322 617 1375 separare
641 1323 672 1359 a
702 1305 962 1359 charitate
987 1304 1104 1370 Dei,
1131 1321 1248 1373 qua:
1265 1315 1347 1359 est
1366 1306 1422 1358 in
1452 1301 1660 1358 Christo
1682 1303 1814 1358 Iesu
1842 1304 1949 1358 Do-

368 1401 514 1452 mino
547 1409 724 1452 nostro
748 1399 814 1449 ³⁷.
850 1396 1138 1452 Veritatem
1176 1398 1292 1451 dico
1317 1398 1371 1450 in
1404 1395 1614 1451 Christo
1635 1436 1650 1462 ,
1672 1412 1775 1451 non
1802 1412 1950 1450 men-

369 1493 497 1556 tior,
533 1493 889 1545 testimonium
914 1492 1043 1544 mihi
1075 1491 1374 1558 per/libente
1417 1491 1735 1544 conscientia
1761 1505 1875 1543 mea
1893 1490 1947 1544 in

367 1583 575 1650 Spiritu
595 1582 862 1637 sancto”.
893 1581 1145 1652 Nunquid
1179 1582 1396 1636 videtur
1417 1581 1529 1655 (76)
1563 1584 1753 1638 eadem
1781 1583 1946 1639 subli-

365 1673 556 1729 mitate
589 1675 787 1730 mentis
829 1675 1034 1730 dixisse
1080 1691 1096 1728 :
1135 1673 1346 1728 Macero
1409 1691 1598 1744 corpus
1637 1692 1844 1740 meum,
1893 1685 1944 1730 et

365 1765 603 1819 servituti
645 1765 892 1836 subjicio,
939 1784 1002 1821 ne
1031 1767 1166 1834 forte
1199 1783 1318 1820 cum
1353 1765 1476 1820 aliis
1518 1767 1938 1836 prtedicaverim,

363 1855 475 1921 ipse
498 1857 751 1923 reprobus
782 1856 993 1923 efﬁciar
1022 1856 1091 1922 ³⁸,
1136 1871 1249 1926 qua
1301 1865 1355 1912 et
1401 1857 1492 1912 hic
1519 1858 1689 1912 dicit:
1722 1858 1848 1928 quia
1887 1859 1941 1912 in

367 1945 448 1998 his
489 1945 732 1999 omnibus
769 1947 1224 2014 supervincimus;
1269 1955 1328 2002 et
1360 1963 1376 2002 :
1403 1946 1588 2002 Certus
1619 1965 1734 2002 sum
1777 1949 1939 2017 enim,

369 2039 496 2108 quia
537 2053 700 2107 neque
743 2055 906 2103 mors,
957 2055 1120 2110 neque
1147 2040 1277 2105 vita,
1320 2055 1485 2107 neque
1526 2039 1722 2110 angeli,
1777 2057 1941 2108 neque

361 2131 712 2200 principatus,
745 2141 801 2186 et
836 2141 1038 2186 caetera
1075 2147 1198 2202 quae
1248 2133 1558 2202 descripsit,
1578 2135 1804 2202 poterint
1822 2133 1936 2204 (77)

363 2237 460 2274 nos
481 2237 728 2290 separare
758 2239 790 2275 a
819 2222 1082 2276 charitate
1116 2222 1364 2278 Deiillis
1395 2223 1561 2292 igitur
1585 2224 1942 2294 nobis,prout

360 2312 662 2380 potuimus,
706 2313 774 2367 de
812 2327 976 2369 sensu
1009 2315 1127 2383 ejus
1167 2315 1220 2368 in
1255 2315 1360 2370 hac
1391 2314 1632 2385 Epistola
1658 2315 1772 2386 jam
1814 2331 1942 2385 per-

359 2403 589 2459 fectiore
616 2404 920 2474 conceptis,
943 2406 1107 2459 etiam
1143 2405 1273 2460 illud
1311 2405 1464 2481 haud
1495 2405 1728 2462 absurde
1755 2408 1940 2463 admo-

358 2494 632 2561 nebimus,
660 2495 802 2564 quod
830 2495 1045 2550 videtur
1072 2497 1217 2552 hanc
1243 2496 1540 2566 Epistulam
1583 2499 1650 2553 de
1674 2499 1940 2556 Corintho

361 2588 627 2652 scribere,
661 2599 712 2643 et
739 2587 864 2642 aliis
895 2588 1117 2658 quidem
1152 2590 1405 2660 pluribus
1449 2591 1692 2655 indiciis,
1723 2593 1938 2648 eviden-

358 2679 468 2735 tius
516 2689 698 2736 tamen
750 2695 819 2736 ex
857 2696 923 2738 eo
967 2683 1110 2752 quod
1180 2683 1352 2738 dicit:
1383 2681 1705 2738 Commendo
1763 2696 1938 2740 autem

356 2797 501 2850 vobis
539 2795 766 2850 Phoeben
798 2811 1033 2850 sororem
1056 2805 1294 2850 nostram
1329 2797 1624 2852 ministram
1659 2799 1934 2862 Ecclesiae,

359 2903 479 2956 qua:
530 2894 607 2939 est
658 2885 908 2940 Cenchris
939 2885 1004 2940 “.
1036 2886 1302 2942 Cenchris
1350 2889 1496 2942 enim
1551 2889 1751 2944 dicitur
1783 2889 1935 2944 locus

356 2977 625 3031 Corintho
653 2977 890 3040 vicinus,
923 2977 1032 3032 imo
1066 2987 1258 3046 portus
1288 2978 1460 3048 ipsius
1481 2979 1750 3035 Corinthi.
1782 2979 1933 3036 Etex

361 3069 467 3122 hoc
495 3083 634 3138 ergo
675 3077 902 3137 apparet
941 3070 1006 3124 de
1034 3069 1300 3124 Corintho
1317 3069 1540 3138 scripta,
1560 3076 1770 3124 etexeo
1787 3071 1931 3141 quod

362 3158 536 3211 dicit:
574 3156 792 3212 Salutat
839 3174 927 3211 vos
975 3157 1142 3212 Gaius
1198 3160 1402 3228 hospes.
1432 3174 1578 3213 meus
1611 3157 1656 3188 “
1684 3174 1700 3212 :
1733 3159 1800 3214 de
1826 3175 1934 3229 quo

358 3247 499 3301 Gaio
553 3247 800 3304 scribens
852 3247 1153 3304 Corinthiis
1201 3258 1641 3318 commemorat,
1698 3251 1932 3307 dicens:

358 3329 576 3385 Gratias
603 3347 700 3402 ago
733 3330 842 3385 Deo
872 3349 1006 3398 meo,
1034 3335 1174 3402 quod
1203 3335 1460 3388 neminem
1502 3346 1732 3390 vestrum
1761 3335 1935 3405 bapti-

360 3421 498 3486 zavi,
558 3423 659 3476 nisi
692 3420 937 3491 Crispum
989 3435 1034 3477 et
1078 3422 1363 3480 Caium“.
1395 3424 1585 3481 Simile
1637 3436 1694 3482 et
1741 3426 1941 3482 deinde

361 3513 528 3564 datur
559 3510 822 3566 indicium
881 3512 972 3566 ubi
1015 3514 1147 3569 dicit
1179 3532 1193 3570 :
1226 3514 1442 3571 Salutat
1477 3533 1567 3572 vos
1597 3515 1826 3572 Erastus
1849 3535 1941 3571 ar-

312 3666 318 3682 .
357 3601 537 3654 carius
567 3602 792 3656 civitatis
811 3601 857 3633 ’⁵³
882 3603 996 3673 (78)
1023 3604 1123 3658 :de
1146 3619 1253 3674 quo
1273 3605 1473 3663 Erasto
1497 3609 1562 3662 ad
1591 3605 1938 3664 Timotheum

357 3692 523 3766 4,60
548 3685 841 3750 secundam
873 3698 1174 3766 Epistolam
1215 3701 1468 3757 scribens
1498 3701 1678 3758 dixit:
1709 3701 1938 3759 Erastus

359 3788 611 3841 remansit
639 3787 879 3842 Corinthi
901 3788 969 3846 “.
997 3790 1076 3844 Ex
1105 3791 1304 3860 quibus
1329 3793 1583 3848 omnibus
1613 3795 1794 3865 colligi
1819 3810 1940 3850 cer-

362 3878 575 3932 tissima
603 3878 865 3934 videntur
888 3879 1090 3936 indicta
1122 3883 1268 3951 quod
1318 3885 1386 3938 de
1431 3883 1701 3940 Corintho
1734 3886 1937 3954 scripta

361 3972 452 4025 sit.
497 3971 630 4025 Illud
664 3987 796 4027 sane
816 3987 924 4027 non
949 3987 1142 4043 parum
1170 3977 1319 4030 cedit
1341 3978 1408 4031 ad
1438 3977 1807 4048 intelligentiae
1831 3979 1938 4035 dif-

359 4064 678 4130 ﬁcultatem,
702 4065 844 4130 quod
872 4065 1040 4121 multa
1067 4067 1132 4123 de
1153 4066 1296 4136 Lege
1323 4068 1492 4141 Moysi
1519 4070 1574 4124 in
1609 4072 1714 4127 hac
1747 4075 1936 4128 eadem

357 4164 722 4210 contexuntur
751 4154 862 4228 (79)
914 4157 1176 4228 Epistola,
1223 4160 1290 4214 de
1322 4163 1613 4217 vocatione
1663 4165 1935 4233 gentium,

359 4249 425 4300 de
461 4247 625 4300 Israel
677 4250 978 4304 secundum
1011 4265 1256 4317 carnem,
1301 4261 1359 4306 et
1406 4253 1473 4307 de
1502 4251 1669 4308 Israel
1701 4258 1794 4325 qui
1827 4271 1932 4310 non

365 4350 439 4393 est
462 4344 757 4394 secundum
791 4355 1035 4405 carnem.
1069 4343 1138 4398 de
1195 4343 1621 4399 circumcisione
1655 4347 1836 4400 carnis
1881 4356 1936 4402 et

359 4431 561 4497 contis,
605 4431 671 4485 de
709 4429 830 4502 lege
875 4432 1146 4502 spirituali
1187 4444 1241 4487 et
1280 4433 1400 4503 lege
1434 4434 1657 4500 litterae,
1695 4437 1762 4492 de
1815 4438 1932 4509 lege

2057 575 2182 642 gula
2217 575 2536 644 praedixisse
2562 574 2832 641 soﬂiciat;
2875 577 2929 630 in
2977 578 3065 632 his
3097 578 3244 632 enim
3295 579 3636 637 continentia

2055 662 2244 717 haberi
2298 663 2516 718 videtur
2566 664 2848 734 Epistolas.
2901 665 3056 722 Nunc
3103 669 3243 736 jam,
3296 679 3460 740 prout
3485 673 3632 726 viam

2054 754 2214 808 nobis
2243 754 2506 808 Dominus
2537 755 2762 824 aperire
2784 758 3057 826 dignatur,
3097 759 3166 813 ad
3196 761 3635 830 explanationem

2053 839 2226 908 ipsius
2249 843 2579 910 quantocius
2612 843 2728 915 (80)
2753 860 3132 916 properemus.

2124 930 2306 986 Prima
2341 934 2500 990 nobis
2535 939 2770 1005 quaestio
2809 939 2878 993 de
2913 942 3138 997 nomine
3169 941 3341 1013 ipsius
3370 942 3524 999 Pauli
3552 947 3633 1001 vi-

2051 1023 2210 1078 detur
2226 1040 2541 1094 exsurgere,
2561 1041 2658 1082 cur
2683 1027 2732 1083 is
2755 1029 2846 1098 qui
2873 1028 3072 1087 Saulus
3092 1033 3270 1089 dictus
3292 1043 3377 1089 est
3401 1035 3456 1089 in
3477 1037 3630 1091 Acti-

2048 1114 2151 1169 bus
2168 1116 2544 1186 apostolorum
2569 1117 2639 1183 “,
2673 1134 2818 1175 nunc
2844 1119 3044 1177 Paulus
3065 1123 3630 1182 dicatur.lnvenimus

2051 1207 2107 1261 in
2135 1205 2435 1276 Scripturis
2458 1209 2658 1266 divinis
2685 1211 3006 1280 quihusdam
3027 1226 3270 1269 veterum
3295 1228 3629 1274 commutata

2051 1299 2330 1363 vocabula,
2378 1308 2437 1354 ut
2478 1317 2545 1355 ex
2574 1301 2778 1357 Abram
2812 1315 3043 1360 vocatus
3098 1307 3170 1360 sit
3222 1307 3523 1368 Abraham.
3560 1327 3626 1366 ex

2049 1389 2202 1444 Sarai
2245 1390 2382 1446 Sara
2409 1392 2478 1457 “,
2513 1403 2570 1446 et
2615 1407 2684 1448 ex
2733 1394 2900 1452 Jacob
2928 1396 3183 1452 Israel".
3235 1399 3292 1454 lu
3320 1399 3627 1470 Evangeliis

2047 1483 2318 1552 quoque“
2332 1497 2399 1538 ex
2419 1482 2644 1540 Simone
2665 1485 2880 1553 Patras,
2906 1499 2960 1544 et
2983 1490 3076 1544 lilii
3101 1491 3344 1546 Zebedasi
3369 1492 3465 1546 lilii
3487 1494 3628 1549 toni-

2047 1576 2153 1629 trui
2172 1576 2464 1646 nuncupati
2482 1588 2630 1632 sunt.
2650 1578 2755 1634 Sed
2777 1583 2892 1635 lucc
2915 1597 2979 1636 ex
2999 1595 3266 1652 praecepto
3284 1585 3376 1639 Dei
3399 1586 3628 1655 legimus

2047 1664 2188 1720 facta
2223 1684 2236 1720 :
2271 1683 2538 1737 nusquam
2563 1685 2696 1725 vero
2729 1686 2858 1742 erga
2889 1671 3114 1726 Paulum
3166 1673 3474 1731 invenimus
3515 1677 3624 1732 tale

2048 1757 2252 1828 aliquid
2293 1770 2504 1829 gestum
2537 1761 2675 1832 (81).
2726 1763 2803 1819 De
2831 1779 2940 1834 qua
2985 1780 3048 1820 re
3090 1767 3416 1835 quibusdam
3447 1769 3624 1824 visum

1975 1835 2018 1893 Β
2047 1857 2152 1914 est,
2191 1851 2334 1919 quod
2386 1850 2538 1907 Pauli
2574 1856 2942 1922 proconsulis,
2977 1871 3139 1926 quem
3190 1858 3332 1927 apud
3381 1859 3624 1928 Cyprum

2048 1937 2249 1993 Christi
2277 1939 2402 1996 ﬁdei
2433 1941 2745 2014 subjecerat
2765 1946 2835 2011 δ’,
2875 1947 3197 2003 vocabulum
3239 1947 3345 2004 sibi
3381 1949 3622 2020 Aposto-

2047 2029 2132 2085 lus
2185 2033 2500 2100 sumpserit,
2529 2036 2758 2092 utsicut
2786 2052 2943 2109 reges
2987 2038 3165 2094 solent
3190 2040 3440 2107 devictis,
3470 2040 3624 2096 verbi

2047 2123 2244 2192 gratia,
2275 2123 2495 2182 Parthis
2542 2125 2803 2196 Parthici,
2852 2139 2910 2185 et
2945 2129 3141 2186 Gothis
3176 2131 3395 2188 Gothici
3442 2135 3638 2189 nomi-.

2047 2216 2190 2281 nari,
2220 2217 2296 2271 ita
2325 2227 2382 2272 et
2403 2219 2708 2288 Apostolus
2732 2220 3021 2291 subjugato
3040 2223 3208 2280 Paulo
3237 2224 3436 2280 Paulus
3457 2226 3626 2281 fuerit

2047 2307 2371 2377 appellatus.
2399 2310 2553 2378 Quod
2589 2326 2658 2368 ne
2694 2327 2796 2370 nos
2819 2316 3039 2384 quidem
3071 2333 3464 2388 usquequaque
3489 2335 3622 2374 eva-

2045 2400 2320 2454 cuandum
2350 2415 2628 2472 putamus.
2663 2403 2867 2461 Tamen
2895 2409 3022 2477 quia
3048 2409 3192 2462 nulla
3234 2409 3360 2465 talis
3389 2411 3444 2464 in
3471 2411 3623 2466 Scri-

2047 2491 2224 2559 pturis
2262 2491 2464 2548 divinis
2498 2497 2837 2551 consuetudo
2870 2497 3326 2566 deprehenditur,
3357 2501 3532 2572 magis
3553 2515 3622 2556 ex

2047 2583 2132 2639 his
2160 2600 2281 2654 qua:
2315 2585 2367 2640 in
2419 2587 2670 2657 exemplo
2725 2590 2933 2645 nostris
2984 2599 3154 2657 sunt,
3218 2591 3620 2650 absolutionem

2046 2690 2373 2744 quieramus.
2412 2678 2730 2736 Invenimus
2759 2681 2925 2750 igitur
2963 2682 3017 2736 in
3039 2682 3338 2754 Scripturis
3372 2686 3623 2758 aliquan-

2046 2787 2132 2833 tos
2175 2778 2342 2845 binis,
2377 2779 2513 2836 alios
2549 2785 2714 2838 etiam
2745 2783 2917 2838 ternis
2950 2798 3079 2839 usos
3118 2799 3241 2840 esse
3282 2786 3618 2849 nominibus.

2045 2879 2106 2923 ut
2153 2869 2518 2938 Salomonem,
2578 2873 2943 2943 eumdemque
2989 2872 3217 2929 Jeddedi
3269 2873 3421 2943 (82);
3453 2874 3622 2930 Sede-

2043 2963 2248 3028 chiam,
2271 2965 2641 3035 eumdemque
2675 2963 2958 3032 Joachim;
2999 2964 3207 3035 Oziam,
3255 2967 3620 3038 eumdemque

2043 3065 2097 3110 et
2125 3055 2380 3111 Azariam
2405 3058 2452 3091 ⁸ο
2477 3075 2493 3124 ;
2530 3057 2771 3130 aliosque
2794 3060 3056 3129 plurimos
3084 3062 3137 3115 in
3167 3060 3374 3130 Regum
3418 3063 3509 3119 vel
3533 3041 3616 3118 ’ἧι

2039 3146 2293 3204 Iudicum
2321 3148 2495 3218 libris,
2533 3152 2678 3207 binis
2706 3153 3018 3208 nominibus
3047 3154 3295 3210 invenies
3319 3153 3610 3210 vocitatas.

2043 3237 2150 3294 Sed
2179 3254 2280 3294 nec
2312 3239 2602 3310 Evangelia
2645 3242 2867 3310 quidem
2921 3240 3068 3296 hunc
3094 3240 3342 3295 eumdem
3386 3249 3623 3298 renuunt

2042 3348 2274 3389 morem.
2305 3331 2442 3388 Nam
2475 3340 2532 3388 et
2567 3331 2853 3386 Matthaeus
2903 3332 3017 3400 ipse
3046 3330 3220 3386 refert
3247 3331 3316 3385 de
3341 3345 3422 3394 se,
3465 3331 3612 3400 quod

2041 3441 2163 3480 cum
2199 3425 2448 3479 transiret
2482 3424 2665 3489 Jesus,
2707 3425 2898 3478 invenit
2925 3424 3204 3492 quemdam
3243 3425 3511 3478 sedentem
3543 3425 3614 3476 ad

2041 3518 2318 3580 telonium,
2343 3515 2658 3570 Matthteum
2702 3516 3001 3570 nomine“.
3033 3514 3214 3569 Lucas
3245 3529 3377 3570 vero
3410 3515 3478 3570 de
3521 3529 3615 3570 eo-

2043 3608 2164 3662 dem
2192 3607 2348 3672 dicit,
2385 3608 2513 3676 quia
2559 3621 2683 3660 cum
2717 3607 2974 3660 transiret
2996 3603 3176 3670 Jesus,
3217 3605 3343 3659 vidit
3375 3604 3616 3674 publica-

1989 3699 1992 3702 ’
2041 3716 2168 3754 num
2214 3701 2490 3769 quemdam
2536 3700 2746 3753 nomine
2789 3697 2946 3764 Levi,
2991 3708 3040 3754 et
3078 3699 3216 3752 dixit
3259 3698 3351 3752 ei:
3384 3696 3615 3767 Sequere

2038 3809 2120 3847 me
2135 3794 2204 3848 ⁵³.
2232 3793 2340 3848 Sed
2370 3802 2421 3844 et
2455 3791 2600 3846 idem
2628 3789 2917 3846 Matthasus
2955 3791 3007 3844 in
3041 3789 3294 3860 catalogo
3343 3791 3614 3858 apostolo-

2041 3900 2161 3940 rum
2204 3885 2337 3939 dicit
2377 3892 2501 3954 post
2538 3883 2737 3938 multos
2767 3882 2920 3954 (8'5):
2960 3881 3247 3936 Matthtcus
3278 3881 3613 3950 publicanus,

2040 3991 2090 4032 et
2120 3974 2357 4030 Iacobus
2391 3975 2622 4044 Alphtei,
2668 3986 2716 4028 et
2748 3973 3032 4040 Lebbteus,
3075 3984 3121 4027 et
3169 3972 3355 4026 Simon
3401 3972 3612 4026 Chana-

2041 4086 2188 4124 meus
2209 4068 2280 4122 ³³.
2315 4067 2532 4122 Marcus
2569 4081 2700 4120 vero
2745 4067 2818 4119 ita
2862 4067 3075 4120 refert:
3108 4064 3396 4118 Matthwus
3436 4065 3614 4133 publi-

2037 4171 2289 4227 canus,et
2311 4158 2558 4223 Thomas,
2585 4167 2635 4212 et
2652 4156 2884 4211 Iacobus
2911 4158 3138 4224 Alphei,
3154 4169 3202 4211 et
3224 4156 3524 4211 Thaddtcus
3544 4157 3614 4210 “.

2040 4253 2201 4308 Hunc
2228 4246 2502 4317 eumdem,
2531 4265 2690 4320 quem
2723 4249 3008 4305 Matthmns
3048 4249 3369 4313 Lebbasum,
3400 4248 3614 4302 Marcus

2039 4345 2371 4400 Thaddaaum
2392 4345 2569 4415 posuit
2595 4343 2729 4414 (84).
2763 4341 2936 4398 Lucas
2953 4357 3084 4396 vero
3113 4342 3185 4396 ita
3216 4341 3397 4411 posuit
3427 4359 3442 4397 :
3474 4339 3616 4394 Hat-

2041 4437 2231 4502 thteus,
2258 4434 2508 4498 Thomas,
2543 4434 2802 4496 Jacobus,
2842 4441 2892 4485 et
2927 4431 3102 4486 Judas
3129 4430 3316 4484 Jacobi
3346 4432 3418 4484 ⁵⁵.
3449 4429 3617 4500 Igitur

359 4522 541 4576 carnis
572 4531 627 4576 et
651 4522 767 4594 lege
793 4523 1185 4589 membrorum,
1223 4523 1291 4577 de
1318 4525 1434 4594 lege
1469 4527 1670 4580 mentis
1714 4539 1770 4581 et
1817 4527 1936 4599 lege
1967 4523 2014 4577 D
2042 4529 2318 4593 eumdem,
2366 4541 2526 4597 quem
2581 4525 2870 4580 Mattlueus
2915 4522 3230 4590 Lebbzeum,
3293 4533 3350 4579 et
3400 4523 3615 4578 Marcus

435 4642 479 4673 ³⁷
508 4641 662 4695 Rom.
694 4655 814 4698 vnt.
839 4639 908 4692 '55
951 4653 1073 4706 sqq.
1167 4637 1213 4670 ³⁸
1239 4639 1396 4693 Rom.
1426 4656 1505 4702 ix,
1540 4641 1595 4696 1.

357 4711 402 4744 ’⁵³
435 4713 590 4765 Rom.
657 4725 767 4776 xvs,
798 4709 888 4763 23.
995 4708 1041 4740 “
1075 4707 1113 4761 ll
1149 4707 1291 4763 Tim.
1347 4725 1419 4773 Iv,
1476 4708 1569 4763 20.

357 4781 403 4813 ⁸⁸
428 4786 593 4836 Marc.
640 4795 723 4838 ιιι.
770 4779 858 4840 16,
896 4778 982 4832 17.
1095 4778 1142 4810 ⁴⁹
1171 4781 1292 4832 Act.
1327 4795 1448 4846 xm,
1477 4781 1532 4833 9.

357 4853 403 4884 ⁵³
435 4852 564 4906 Luc.
601 4865 656 4914 v,
687 4850 778 4907 27.
853 4848 901 4880 ⁵³
927 4847 1118 4902 Matth.
1155 4863 1214 4913 Χ,
1238 4848 1292 4914 ’5,
1323 4848 1379 4901 4.

427 4973 540 5045 (75)
578 4973 673 5028 Sic
710 4987 811 5027 ms.
844 4972 1044 5045 Regius
1081 4987 1227 5024 num.
1267 4971 1406 5045 1639
1432 4981 1494 5045 et
1550 4971 1924 5045 editi._C:rteri

356 5041 490 5097 vero
523 5041 699 5106 imss.,
752 5041 1171 5108 mortiﬁcamur;
1211 5051 1266 5095 et
1315 5041 1536 5110 quidam
1592 5043 1754 5110 paulo
1786 5053 1926 5108 post,

356 5129 693 5182 superamus.
730 5111 939 5166 Deinde
961 5110 1097 5165 editi
1123 5112 1214 5166 hic
1238 5120 1294 5165 et
1319 5110 1464 5166 infra
1501 5112 1728 5177 habent,
1761 5129 1931 5181 angu-

354 5187 459 5238 stia
484 5199 581 5251 pro
606 5182 796 5250 angeli.

429 5249 701 5324 (76)_.‘!l§s.
757 5250 1028 5324 plerique,
1057 5249 1357 5324 _cidebitur.
1404 5249 1512 5305 Sed
1567 5263 1672 5305 ms.
1725 5249 1933 5323 Regius

357 5319 686 5378 nninfiﬁ'59
721 5319 777 5374 et
804 5321 956 5384 editi,
983 5319 1206 5374 videtur.

427 5393 539 5463 (77)
581 5391 743 5463 Editi,
774 5391 989 5458 poterit.
1012 5388 1312 5463 bis._unus,
1347 5399 1612 5463 poterunt.

427 5459 825 5542 ('78)“Genebra
837 5463 989 5524 rdus,
1012 5459 1101 5542 hic
1119 5459 1186 5514 de
1213 5474 1312 5515 suo
1327 5460 1572 5540 _addidit,
1598 5459 1925 5542 bolxovdpog

356 5530 699 5594 τ’ςπόλεως
727 5547 742 5561 ·
783 5545 903 5597 qua:
953 5529 1121 5584 verba
1173 5544 1274 5586 nec
1327 5529 1380 5582 in
1410 5543 1544 5584 mss.
1585 5545 1689 5583 nec
1728 5531 1780 5583 in
1813 5529 1936 5583 aliis

358 5551 520 5655 editis
570 5601 942 5670 reperiuntur.
995 5599 1199 5655 Deinde
1255 5597 1386 5654 editi
1428 5600 1688 5654 omittunt
1743 5601 1938 5669 episto-

357 5674 546 5806 laTi9)
583 5736 968 5794 Contezuntur.
1005 5738 1155 5794 Libri
1179 5738 1332 5804 editi,
1365 5745 1770 5793 connectuntur.

433 5806 548 5874 (80)
585 5806 1144 5879 QuantaciusaDeest
1181 5809 1235 5866 in
1265 5810 1515 5866 munibus
1546 5824 1678 5866 mss.
1709 5807 1932 5868 nostris.

1476 4849 1524 4884 ⁵⁸
1554 4848 1722 4904 Marc.
1761 4867 1842 4915 ιιι,
1871 4848 1960 4910 18.

1689 4640 1733 4671 ³³
1759 4640 1774 4693 1
1812 4641 1937 4697 Cor.

2041 4686 2045 4703 .
2075 4644 2170 4698 27.
2245 4642 2291 4675 ⁸ο
2325 4643 2483 4698 Rom.
2512 4658 2623 4705 xvr,
2648 4638 2702 4692 1.
2776 4639 2820 4671 ⁸³
2853 4639 2982 4694 ibid.
3012 4639 3106 4697 25.
3183 4636 3271 4691 "l
3301 4636 3428 4692 Cor.
3460 4652 3496 4699 ι,
3525 4636 3612 4708 ll.

1674 4710 1868 4782 fect.
1924 4731 2000 4778 Ix,
2047 4715 2071 4767 1
2125 4727 2240 4782 seq.

1652 4780 1699 4811 ⁸⁸
1727 4780 1766 4833 ll
1793 4781 1923 4850 Reg.
1958 4801 2056 4849 xu,
2084 4782 2182 4847 25;
2206 4780 2287 4836 'IV
2326 4783 2460 4852 Reg.

2349 4713 2394 4796 t‘
2439 4712 2742 4796 Gen-x21,
2773 4710 2941 4796 5J5:
3134 4709 3272 4796 σιρικ
3310 4723 3478 4796 ινξιπιτ
3523 4707 3612 4796 *2-

2084 4782 2182 4847 25;
2204 4776 2287 4836 Ἰν
2326 4783 2460 4852 Reg.
2498 4797 2630 4843 xxv,
2657 4776 2724 4831 27
2746 4797 2762 4846 ;
2786 4797 2876 4845 xv,
2907 4780 2960 4844 1,
2989 4778 3081 4834 52.
3155 4780 3200 4811 ⁵¹
3225 4779 3416 4833 Matth.
3451 4793 3530 4845 Ix,
3558 4779 3611 4834 9.

2060 4854 2108 4886 ⁵⁵
2126 4853 2268 4909 Luc.
2302 4868 2382 4918 vn,
2413 4851 2620 4918 15,16.

2032 4977 2127 5032 sed
2163 4984 2346 5031 exstat
2374 4976 2428 5030 in
2463 4974 2644 5030 editis.

2107 5046 2223 5117 (81)
2263 5046 2356 5099 Sic
2388 5060 2520 5099 mss.
2546 5044 2791 5117 plerique
2823 5049 2876 5097 et
2897 5041 3180 5097 Rabanns.
3216 5039 3361 5096 Editi
3402 5053 3530 5095 vero
3561 5048 3615 5095 et

2037 5131 2170 5170 mss.
2202 5115 2452 5186 quidam,
2485 5117 2589 5168 tale
2607 5115 2732 5186 quid
2755 5123 2978 5186 gestum.
3089 5181 3102 5186 _
3125 5175 3215 5186 ηε

2111 5180 2240 5258 (82)
2269 5185 2346 5239 lta
2379 5194 2527 5258 recte
2546 5180 2646 5239 ms.
2663 5180 3048 5258 _R_e7g_ius_nunm.
3081 5180 3324 5258 165949
3352 5193 3614 5258 quo‘co‘n-

2037 5247 2335 5310 venitcnm
2370 5252 2560 5308 Graeco
2587 5254 2674 5322 qui
2701 5247 3089 5322 ha'betllAReg.
3119 5266 3217 5314 xu,
3255 5247 3607 5322 εὕρῐεᾷδςδξ.

2039 5325 2382 5392 Exemplaria
2427 5317 2618 5377 tamen'
2641 5323 2889 5391 quaedam
2912 5317 3100 5392 Graeca
3127 5322 3328 5378 habent
3352 5317 3608 5378 Εἰεδιδιά,

2035 5396 2140 5447 alia
2182 5391 2454 5447 Ἰεδδιδιά-
2485 5403 2539 5446 et
2575 5393 2703 5446 inde
2742 5394 2803 5444 lit
2846 5400 2907 5444 ut
2949 5391 3197 5459 plerique
3229 5405 3374 5459 mss.
3416 5401 3608 5449 Iloslt‘l,

2034 5463 2291 5517 Rabanns
2319 5475 2375 5520 et
2395 5463 2529 5518 editi
2580 5463 2842 5529 habeant,
2889 5458 2977 5514 alii
3007 5458 3189 5524 Idida,
3234 5460 3324 5512 alii
3348 5458 3560 5512 1didam
3590 5473 3608 5520 ;

2033 5534 2204 5588 editio
2237 5533 2440 5589 Veneta
2470 5531 2648 5587 Didoa
2674 5531 2814 5594 dici;
2837 5535 2931 5586 sed
2960 5531 3065 5585 dici
3114 5530 3386 5586 omittitur
3415 5531 3469 5583 in
3497 5529 3608 5595 pte-

2034 5604 2216 5671 risque
2245 5619 2378 5658 mss.
2403 5613 2460 5656 ct
2490 5602 2633 5671 apud
2661 5600 2970 5654 Rabanum.

2104 5671 2218 5744 (85)
2258 5673 2380 5727 Mss.
2410 5673 2620 5744 plures.
2647 5681 2761 5738 post
2789 5671 2990 5744 inulta.

2103 5736 2214 5815 (84)
2254 5736 2424 5813 Alias,
2456 5751 2504 5799 et
2530 5736 2745 5799 Marcus
2787 5738 3110 5796 Thada’azum
3130 5736 3327 5808 posuit.
