4182 6424
496 370 600 426 857

1460 375 1818 436 COMMENT.
1856 378 1923 434 IN
1965 378 2188 437 EPIST.
2223 379 2317 435 AD
2354 381 2523 439 BOM.
2570 382 2696 438 LIB.
2733 382 2779 442 I.

3657 385 3763 444 R38

493 489 836 548 “Ibatldarum
889 493 1052 560 dixit,
1105 494 1284 552 Lucas
1335 493 1531 552 Judam
1581 499 1773 557 Jacobi
1831 503 2074 574 scripsit.
2106 508 2151 566 Α
2181 501 2388 558 Graecis
2425 513 2480 556 et
2533 504 2789 573 gentibus
2841 502 2989 574 leges
3023 517 3084 558 ac
3109 511 3388 573 praecepta
3438 509 3764 564 conscribit.

493 580 715 636 Certum
754 595 842 640 est
893 595 1074 642 autem
1101 590 1467 660 evangelistas
1495 607 1605 647 non
1640 607 1854 649 errasse
1889 596 1941 649 in
1979 613 2075 650 no-

493 673 737 730 minibus
765 678 1136 746 apostolorum
1163 697 1178 745 ;
1203 683 1296 736 sed
1326 684 1451 752 quia
1484 685 1656 739 moris
1688 696 1806 738 erat
1830 687 1974 743 binis
1991 689 2074 743 vel

495 766 664 820 ternis
709 768 1023 826 nominibus
1071 772 1148 826 uti
1189 773 1465 840 Hebraeos,
1521 777 1686 831 unius
1721 777 2075 850 ejusdemque

495 856 598 910 viri
635 859 851 915 diversa
891 863 1087 933 singuli
1129 866 1394 920 voeabula
1429 881 1662 936 posuere
1691 868 1828 939 (85).
1864 870 2073 926 Secun-

497 949 624 1000 dum
678 950 820 1005 hanc
854 967 991 1023 ergo
1038 956 1494 1010 consuetudinem
1546 958 1768 1013 videtur
1825 962 1985 1018 nobis
2019 972 2075 1017 et

494 1039 699 1097 Paulus
726 1045 924 1113 duplici
961 1063 1093 1103 usus
1124 1063 1245 1103 esse
1279 1050 1590 1118 vocabulo;
1634 1061 1686 1104 et
1736 1053 1910 1107 donec
1949 1056 2073 1122 qui-

497 1131 619 1185 dem
665 1137 811 1203 genti
859 1139 1092 1206 propria:
1137 1139 1506 1205 ministrabat,
1534 1141 1732 1197 Saulus
1762 1159 1883 1198 esse
1916 1160 2076 1199 voca-

499 1232 608 1291 tus,
635 1227 775 1294 quod
808 1238 863 1282 et
912 1232 1086 1299 magis
1121 1231 1469 1301 appellationi
1498 1233 1691 1302 patrias
1720 1235 2074 1290 vernaculum

495 1316 819 1385 videbatur;
847 1321 1044 1377 Paulus
1073 1334 1252 1378 autem
1286 1323 1588 1395 appellatus
1621 1341 1742 1382 esse
1763 1324 1902 1398 (86),
1952 1343 2074 1382 cum

563 1431 612 1464 “
630 1431 752 1488 Act.
777 1447 903 1496 xm,
928 1435 981 1489 9.

566 1546 680 1622 (85)
723 1549 887 1615 Editi,
921 1549 1149 1620 ,singuli
1197 1551 1467 1606 nominum
1509 1553 1764 1607 vocabula
1825 1571 2070 1622 posuere.

496 1615 602 1671 Sed
635 1635 826 1675 omnes
855 1636 988 1676 mss.
1017 1615 1188 1676 nostri
1235 1631 1289 1676 et
1318 1622 1578 1678 Rabanus
1611 1615 1874 1679 omittunt
1903 1628 2075 1679 nomi-

495 1703 679 1833 ηαξὲὂ)
721 1760 887 1833 Editi,
920 1775 1231 1833 perperam,
1275 1761 1510 1816 Paulum
1531 1773 1712 1833 autem
1743 1764 2070 1833 appellatum

493 1843 623 1881 esse.
655 1830 859 1884 Deinde
899 1846 1002 1888 IIIS.
1035 1830 1239 1902 Regius
1263 1847 1416 1886 num.
1444 1833 1603 1895 I659,
1637 1830 1786 1904 Legis
1802 1830 1864 1887 ac
1891 1833 2068 1888 Evan-

2178 598 2311 653 Nam
2347 609 2400 653 et
2427 601 2528 655 hoc
2555 601 2729 668 ipsum
2749 598 2893 668 quod
2921 597 3204 668 Scriptura
3228 599 3360 654 dicit
3385 615 3400 651 :
3430 600 3630 657 Saulus
3658 620 3752 656 au-

2177 701 2302 753 tem,
2331 693 2422 762 qui
2445 703 2490 744 et
2519 690 2725 745 Paulus
2745 691 2811 757 5‘,
2831 694 3111 748 evidenter
3144 708 3250 747 non
3281 693 3330 748 ei
3359 702 3486 748 tunc
3517 695 3760 764 primum

2176 779 2329 835 Pauli
2369 797 2563 835 nomen
2613 784 2854 838 ostendit
2905 783 3249 852 impositum,
3298 784 3393 838 sed
3430 787 3632 840 veteris
3663 801 3760 854 ap-

2178 871 2487 938 pellationis
2519 873 2570 926 id
2599 872 2765 928 fuisse
2802 874 3076 943 designat.
3116 873 3243 927 Haec
3272 875 3340 927 ab
3375 873 3494 941 ipso
3529 885 3762 928 auctore

2175 960 2359 1030 operis
2386 962 2608 1025 omissa,
2668 979 2767 1018 nos
2813 964 2940 1033 quia
2998 963 3047 1016 id
3101 963 3511 1018 dissertationis
3545 963 3758 1016 initium

2176 1053 2461 1107 videbatur
2487 1069 2808 1121 exposcere,
2831 1067 2962 1124 puto
2995 1059 3138 1126 quod
3167 1072 3271 1110 non
3306 1057 3763 1110 inconvenienter

2176 1147 2562 1213 prtemisimus.
2583 1147 2789 1202 Cretera
2813 1148 2925 1215 jam
2951 1149 3017 1203 de
3039 1151 3482 1218 explanationum
3503 1161 3758 1216 corpore,

2178 1236 2374 1305 quibus
2399 1239 2700 1307 poterimus
2722 1242 3060 1310 compendiis
3090 1257 3452 1310 exsequemur
3477 1239 3611 1314 (87).

2179 1555 2306 1626 gelii
2327 1565 2589 1625 prmcepta
2615 1558 2917 1612 conscribit.
2955 1560 3058 1613 Sea
3087 1561 3268 1614 caeteri
3309 1573 3464 1624 mss.,
3498 1561 3756 1616 Rabanus

2179 1637 2241 1680 et
2289 1627 2516 1700 editi‘ut
2547 1629 2826 1700 i_n_textu,
2869 1630 2972 1682 nisi
2997 1631 3140 1696 quod
3199 1646 3303 1684 ms.
3363 1647 3500 1684 unus
3557 1631 3754 1700 ltegius

2183 1713 2333 1750 num.
2377 1696 2510 1750 16M
2550 1697 2746 1751 habent
2771 1701 3079 1760 conscripsit
3107 1701 3223 1751 loco
3252 1703 3554 1752 conscribit.

2253 1765 2367 1836 (87)
2411 1766 2509 1820 Ms.
2545 1782 2684 1820 unus
2712 1766 2913 1836 Regius
2935 1784 3085 1822 num.
3120 1770 3280 1834 16M,
3331 1769 3485 1821 Nunc
3502 1773 3620 1836 jam
3643 1783 3750 1824 ca:-

2179 1847 2292 1890 tera
2315 1839 2379 1891 de
2399 1837 2794 1905 explanationis
2826 1854 3063 1907 corpore.
3093 1879 3109 1893 .
3149 1877 3163 1892 .
3190 1854 3557 1908 exsequamur.

503 2004 3713 2039 ___________________________

1659 2184 2382 2342 ORIGEN
2389 2188 2565 2345 IS

785 2479 1862 2637 COMIIIENTARIORUM
1943 2483 2074 2633 IN

2154 2481 2808 2637 EPISTllIiAIlI
2878 2483 2997 2634 Il.
3097 2481 3452 2635 PAULI

1451 2769 1687 2897 AD
1783 2770 2718 2899 ROMANOS

1649 3107 2008 3196 LIBER
2079 3105 2574 3195 PRIMUS-

2063 3308 2131 3322 _

542 3457 704 3532 46],
740 3458 793 3514 1.
831 3457 1040 3513 Paulus
1086 3475 1264 3514 servus
1308 3457 1438 3513 Jesu
1471 3457 1754 3513 Christi".
1786 3459 1862 3514 De
1895 3457 2062 3512 Paulo
2091 3465 2133 3520 B
2163 3455 2279 3524 ejus
2303 3453 2622 3544 pronuntiet
2645 3451 2736 3522 qui
2768 3449 3048 3544 dixeratf’
3077 3447 3190 3522 (9i)
3216 3467 3228 3504 :
3259 3449 3395 3504 Ecce
3419 3453 3510 3520 ego
3537 3455 3738 3543 suntin

471 3551 587 3619 jam
615 3551 872 3605 diximus.
905 3551 1270 3618 Requiramus
1313 3567 1461 3606 nunc
1486 3566 1585 3605 cur
1613 3566 1810 3606 servus
1843 3553 2056 3604 dicatur

477 3645 524 3697 is
557 3643 647 3711 qui
686 3641 813 3697 alibi
835 3643 881 3674 ⁵⁸
909 3643 1103 3698 scribit
1130 3665 1141 3698 :
1165 3642 1290 3697 Non
1333 3645 1471 3696 enim
1501 3645 1776 3712 accepistis
1805 3645 2052 3710 spiritum

473 3735 739 3788 servitutis
781 3735 974 3788 iterum
1006 3737 1122 3806 (88)
1151 3737 1210 3789 in
1258 3736 1466 3799 timore,
1508 3737 1599 3789 sed
1633 3739 1910 3810 accepistis
1938 3739 2050 3805 spi-

473 3827 636 3879 ritum
681 3827 1004 3893 adoptionis,
1045 3829 1099 3880 in
1150 3844 1254 3897 quo
1295 3828 1590 3882 clamamus
1617 3829 1802 3882 :Abba
1853 3829 2050 3895 Pater;

471 3928 527 3972 et
558 3917 753 3971 iterum
776 3919 822 3951 ⁸9
851 3934 865 3970 :
894 3917 1034 3982 Quia
1065 3929 1240 3992 autem
1268 3919 1390 3973 estis
1423 3917 1547 3985 ﬁlii,
1577 3921 1718 3972 misit
1753 3919 1891 3973 Deus
1921 3920 2048 3986 Spi-

469 4009 631 4060 ritum
680 4007 812 4060 Filii
861 4011 947 4061 sui
997 4009 1053 4063 in
1098 4009 1259 4063 corda
1297 4019 1480 4063 nostra
1514 4010 1830 4064 clamantem
1858 4011 2048 4064 :Abba

475 4099 662 4153 Pater.
711 4101 903 4169 Itaque
940 4102 1060 4170 jam
1112 4118 1218 4154 non
1265 4112 1340 4156 est
1371 4118 1571 4169 servus,
1599 4103 1688 4156 sed
1711 4100 1876 4169 ﬁlius.
1907 4102 2051 4167 Quo-

468 4191 630 4244 modo
673 4203 825 4258 ergo,
861 4205 984 4244 cum
1017 4191 1180 4246 etiam
1224 4193 1311 4246 his
1345 4192 1542 4260 quibus
1588 4193 1937 4261 praedicabat,
1960 4193 2046 4246 di-

466 4290 558 4335 cat
587 4281 712 4349 quia
739 4281 858 4350 jam
887 4299 991 4335 non
1036 4294 1111 4337 est
1142 4299 1346 4350 servus,
1376 4283 1468 4336 sed
1494 4283 1665 4351 ﬁlius,
1697 4283 1818 4353 ipse
1847 4299 1904 4338 se
1932 4299 2048 4338 ser-

466 4385 594 4424 vum
642 4370 964 4437 profitetur?
995 4370 1121 4426 Sive
1153 4372 1203 4426 id
1235 4373 1534 4427 secundum
1575 4373 1726 4427 illam
1765 4373 2048 4428 humilita-

461 4469 571 4516 tem
617 4463 823 4517 dictmn
873 4473 1148 4532 putemus,
1197 4479 1359 4533 quam
1416 4464 1688 4520 Dominus
1727 4466 1932 4532 docuit,
1966 4467 2046 4522 di-

460 4568 591 4608 cens
614 4552 662 4585 ⁶⁶
688 4569 702 4607 :
730 4554 928 4610 Discite
951 4572 982 4609 a
1008 4571 1088 4609 me
1117 4555 1242 4625 quia
1268 4555 1414 4609 mitis
1450 4571 1569 4609 sum
1594 4566 1643 4610 et
1679 4557 1894 4610 humilis
1923 4573 2044 4610 cor-

461 4644 547 4706 de,
596 4659 703 4698 non
748 4647 1078 4701 errabimus.
1118 4645 1308 4716 Neque
1352 4647 1500 4701 enim
1543 4661 1642 4714 per
1685 4647 1788 4701 hoc
1823 4633 2046 4702 laeditur

460 4735 670 4789 veritas
688 4734 960 4792 libertatis
988 4738 1040 4791 in
1071 4737 1240 4792 Paulo
1271 4739 1407 4808 (89).
1452 4738 1592 4792 Dicit
1622 4739 1766 4793 enim
1799 4748 1854 4794 et
1887 4737 2038 4808 ipse':

2159 3550 2332 3603 medio
2364 3531 2620 3609 vbstrum,
2652 3561 2758 3598 non
2797 3544 2935 3597 sicut
2959 3543 3312 3610 discumbens,
3349 3543 3439 3596 sed
3461 3545 3598 3598 sicut
3634 3531 3736 3601 mi-

2163 3643 2502 3704 nistratts;et
2523 3635 2639 3705 ejus
2668 3637 2759 3706 qui
2791 3635 3147 3702 semetipsum
3170 3635 3473 3689 exinanivit
3494 3635 3729 3691 formam

2155 3731 2297 3785 servi
2331 3729 2606 3797 accipiens
2626 3727 2692 3793 ⁸³,
2727 3737 2786 3780 ut
2817 3728 2962 3780 sicut
3002 3726 3068 3782 iis
3115 3727 3205 3796 qui
3253 3727 3306 3780 in
3346 3726 3463 3796 lege
3498 3738 3625 3782 sunt
3677 3732 3734 3785 lit

2154 3833 2207 3877 et
2242 3823 2358 3891 ipse
2385 3821 2489 3876 sub
2531 3820 2673 3890 lege,
2703 3828 2757 3873 et
2792 3820 2858 3874 iis
2885 3820 2977 3889 qui
3018 3820 3136 3874 sine
3176 3821 3293 3889 lege
3327 3830 3466 3874 sunt.
3502 3821 3734 3878 ellicitur

2146 3905 2322 3969 etiam
2347 3913 2465 3982 ipse
2487 3912 2606 3965 sine
2634 3910 2838 3980 lege“,
2860 3912 2933 3964 ita
2964 3921 3018 3964 et
3044 3909 3161 3978 ipse
3193 3925 3289 3977 pro
3321 3911 3406 3964 his
3435 3912 3526 3980 qui
3553 3915 3732 3970 adhuc

2152 4007 2295 4060 servi
2333 4016 2484 4066 sunt,
2514 4013 2568 4057 et
2619 4004 2993 4072 nondum‘per
3034 4002 3287 4071 Spiritum
3333 4005 3644 4073 adoptionis
3675 4006 3728 4060 in

2151 4096 2466 4152 libertatem
2500 4094 2749 4163 perducti
2783 4093 3250 4156 liliorurn,servus
3284 4093 3566 4162 elliciatur,
3589 4112 3726 4160 con-

2151 4189 2380 4243 trarium
2425 4203 2534 4242 non
2592 4187 2884 4241 videbitur.
2920 4186 3000 4241 Ad
3035 4186 3135 4239 hoc
3168 4194 3350 4254 potest
3393 4187 3556 4240 etiam
3598 4188 3729 4243 illud

2149 4280 2301 4346 addi,
2343 4281 2489 4350 quod
2524 4282 2588 4333 ad
2621 4279 2932 4334 Corinthios
2971 4280 3221 4334 scribens
3246 4279 3386 4332 idem
3410 4281 3726 4350 Apostolus,

2146 4385 2203 4428 et
2251 4374 2320 4428 de
2376 4373 2581 4442 nuptiis
2629 4372 2715 4426 vel
2768 4373 3022 4427 castitate
3081 4374 3425 4442 praecipiens,
3471 4383 3725 4443 tanquam

2147 4465 2330 4519 alieno
2373 4466 2594 4520 nomine
2629 4464 2876 4533 quaedam
2926 4464 2994 4518 de
3053 4464 3306 4518 libertate
3349 4480 3414 4520 ac
3464 4468 3727 4521 servitute

2148 4556 2454 4624 interserit,
2481 4556 2670 4610 dicens
2688 4555 2734 4587 “
2765 4571 2779 4607 :
2807 4555 3001 4610 Servus
3040 4568 3255 4610 vocatus
3294 4573 3348 4610 es
3372 4557 3398 4610 ?
3437 4556 3592 4610 Nihil
3634 4575 3724 4610 cu-

2147 4664 2228 4702 res
2252 4663 2274 4702 :
2301 4649 2394 4702 sed
2419 4657 2467 4702 et
2498 4648 2546 4702 si
2570 4657 2716 4716 potes
2747 4646 2879 4700 liber
2904 4647 3043 4715 ﬁeri,
3075 4648 3243 4716 magis
3265 4655 3428 4701 utere.
3459 4645 3562 4712 Qui
3585 4651 3723 4701 enim

2145 4741 2202 4794 in
2235 4739 2465 4794 Domino
2501 4750 2718 4794 uocatus
2760 4748 2839 4793 est
2886 4755 3090 4807 servus,
3117 4739 3334 4794 libertus
3367 4748 3442 4794 est
3471 4739 3722 4793 Domini:

461 4823 608 4878 Nam
634 4842 751 4879 cum
778 4827 912 4882 liber
935 4830 1033 4882 sim
1072 4831 1137 4882 ab
1168 4830 1434 4894 omnibus,
1461 4829 1703 4884 omnibus
1729 4843 1810 4885 me
1834 4846 2040 4884 servum
2067 4810 2110 4869 (ἶ
2143 4833 2392 4886 similiter
2427 4840 2478 4886 et
2512 4833 2603 4899 qui
2631 4831 2762 4885 liber
2787 4842 3002 4884 vocatus
3043 4839 3144 4897 est,
3178 4847 3358 4884 seruus
3401 4839 3476 4883 est
3501 4828 3720 4884 Christi.

460 4916 628 4986 feci“
664 4918 799 4991 (90).
835 4920 1017 4976 Servit
1042 4936 1174 4990 ergo
1212 4923 1459 4987 Christo,
1493 4923 1681 4976 nonin
1704 4923 1896 4992 spiritu
1925 4937 2042 4977 ser-

2146 4919 2332 4974 Pretio
2374 4921 2531 4990 empti
2565 4921 2713 4980 estis,
2745 4919 2910 4973 nolite
2941 4919 3057 4988 ﬁeri
3101 4919 3234 4972 servi
3267 4917 3554 4971 hominum.
3591 4917 3720 4984 Quae

457 5008 672 5074 vitutis,
687 5013 780 5064 sed
802 5009 856 5065 in
890 5011 1087 5080 spiritu
1113 5013 1446 5081 adOptionis,
1477 5012 1606 5080 quia
1635 5011 1780 5065 omni
1810 5005 2044 5064 libert'a-
2141 5013 2331 5082 utique
2359 5011 2634 5066 nonnullis
2663 5019 2857 5065 contra
2899 5010 3165 5062 rationem
3196 5007 3452 5061 videntur
3482 5008 3707 5061 inserta.

459 5107 514 5156 te
536 5101 771 5158 nobilior
801 5112 888 5159 est
916 5105 1155 5160 servitus
1186 5104 1417 5161 Christi.
1450 5105 1580 5160 Sive
1609 5105 1763 5174 quasi
1795 5104 2041 5160 imitator
2141 5104 2280 5172 Quid
2331 5103 2479 5159 enim
2523 5103 2593 5157 ad
2653 5103 2971 5173 nuptiarum
3007 5101 3094 5154 vel
3135 5099 3406 5155 castitatis
3451 5110 3716 5169 praecepta

525 5239 574 5273 "
608 5239 766 5294 Rom.
795 5257 832 5304 ι,
868 5242 922 5298 1.
994 5243 1041 5276 ⁸³
1065 5243 1223 5298 Rom.
1253 5259 1371 5303 vm.
1404 5243 1491 5299 l5.
1565 5245 1612 5276 ⁵⁸
1636 5243 1814 5299 Galat.
1843 5259 1918 5307 tv,
1953 5207 2068 5307 6,7.

455 5309 505 5342 ⁸³
521 5309 720 5380 Philip.
748 5327 811 5379 tt,
836 5312 889 5368 7.
967 5314 1014 5346 “
1041 5314 1060 5369 I
1087 5314 1212 5370 Cor.
1249 5330 1324 5379 ιιι,
1351 5316 1440 5369 2i.

530 5448 644 5518 (88)
674 5447 900 5502 Iterum.
937 5447 1104 5503 Deest
1160 5449 1213 5503 in
1249 5449 1527 5520 (pluribus
1581 5463 1739 5520 mss.,
1803 5447 1946 5501 sicut
1981 5455 2038 5500 et

456 5517 794 5588 paulo’post,
827 5520 1122 5589 accepistis.
1164 5517 1371 5575 Deinde
1413 5534 1543 5573 mss.
1583 5517 1703 5572 fere
1754 5532 1944 5572 omnes
1979 5527 2036 5589 et

454 5586 620 5654 editi,
654 5591 780 5658 quia
819 5586 958 5643 estis
990 5590 1214 5658 ﬁlii.....
1248 5591 1304 5644 in
1355 5592 1514 5642 corda
1545 5600 1749 5652 nostra,
1774 5597 1909 5653 etc.,
1938 5586 2033 5642 sed

457 5660 661 5713 rectius
692 5675 793 5714 ms.
821 5675 962 5715 uuus
999 5670 1058 5714 ut
1089 5661 1140 5713 in
1174 5671 1360 5714 nostro
1385 5668 1558 5713 textu.

529 5731 644 5797 (89)
680 5730 775 5785 Ms.
810 5728 1014 5800 Regius
1046 5746 1196 5785 num.
1231 5729 1404 5786 1659.
1446 5744 1610 5800 neque
1647 5728 1786 5781 enim
1812 5743 1905 5796 per
1943 5727 2038 5800 hoc

456 5802 650 5852 veritas
689 5797 919 5852 laborat'
937 5801 991 5855 in
1036 5800 1232 5855 Paulo.
1262 5801 1369 5856 Sed
1407 5797 1590 5856 ueteri
1619 5815 1783 5867 ωειλ,
1817 5810 1873 5855 et
1901 5797 2037 5855 editi

457 5879 516 5923 ut
545 5872 599 5924 in
633 5877 805 5926 textu.
869 5895 872 5898 -

1519 5315 1564 5346 ⁸⁸
1589 5314 1610 5369 I
1639 5314 1765 5369 Cor.
1803 5329 1903 5379 vn,
1934 5314 2126 5370 2I-25.

2146 5245 2194 5277 σο
2228 5243 2416 5300 Matth.
2445 5259 2499 5300 ιι
2555 5243 2650 5300 29.
2727 5243 2772 5275 ⁶¹
2800 5241 2822 5298 I
2841 5242 2968 5299 Cor.
2990 5257 3070 5310 ιιι,
3099 5241 3238 5296 19.⁶⁹
3267 5239 3398 5295 Luc.
3456 5254 3593 5302 χιιι,
3621 5237 3713 5291 27.

2210 5447 2324 5518 (90)
2350 5446 2501 5501 Libri
2543 5444 2971 5518 anteaiedititet
2997 5442 3326 5518 ms.Regius
3371 5457 3520 5496 num.
3552 5440 3712 5518 ιεξδει,

2139 5519 2204 5572 ab
2219 5510 2495 5587 omnibus,
2521 5517 2819 5570 hominibus
2844 5515 2942 5587 (al.
2964 5510 3231 5587 omnium)
3248 5529 3328 5567 me
3356 5510 3709 5587 seruum/cci.

2213 5589 2324 5658 (91)
2350 5585 2454 5658 δίον
2479 5603 2614 5641 mss.
2651 5581 2919 5658 plerique,
2957 5585 3280 5658 Salodianus
3335 5591 3391 5658 et
3426 5581 3708 5636 Mei-linus.

2141 5653 2530 5711 Genebrardus
2559 5653 2722 5719 vero,
2760 5655 2870 5709 sive
2895 5655 3020 5722 quia
3052 5654 3298 5705 imitatur
3333 5653 3446 5719 ejus
3473 5667 3711 5718 pronun-

2141 5732 2328 5780 tiatum
2351 5729 2441 5792 qui
2465 5727 2692 5779 dixerat.
2723 5725 2820 5779 Ms.
2857 5724 3060 5793 Regius
3079 5739 3229 5793 num.
3273 5722 3431 5781 1631i,
3463 5722 3569 5774 sive
3592 5723 3712 5789 quis

2140 5813 2259 5852 eum
2291 5798 2606 5852 imitatorem
2645 5796 2759 5866 ejus
2780 5792 3102 5864 pronuntiet,
3127 5792 3218 5861 qui
3243 5797 3472 5859 dixerat,
3499 5799 3606 5846 etc.
