4182 6386
468 274 579 335 853

1429 273 1787 333 COMMENT.
1823 275 1892 331 IN
1924 275 2145 331 EPIST.
2183 274 2274 329 AD
2308 266 2477 329 ROM.
2516 270 2648 328 LIB.
2694 271 2735 328 1.

3112 216 3157 249 δ

3622 272 3729 328 816

470 394 715 463 Denique
746 396 928 451 statim
962 394 1017 450 in
1046 396 1513 465 consequentibus
1544 399 1667 452 vide
1703 398 1832 468 quid
1866 399 1933 452 de
1969 399 2055 454 bis
2081 401 2129 460 Α
2159 396 2398 452 haeretici
2430 407 2644 465 putant,
2669 394 2753 449 vel
2783 392 2951 449 sortis
2992 393 3223 458 incerto,
3275 392 3356 447 vel
3399 400 3604 446 natura:
3632 409 3737 447 nie-

470 488 617 541 dicat
646 502 830 541 sermo
861 488 1099 543 divinus.
1127 487 1406 556 Scriptum
1452 500 1534 544 est
1579 491 1726 544 enim
1748 491 1829 544 3’:
1866 490 2057 560 Segre-

470 579 578 646 gati
606 587 726 631 sunt
765 593 1065 645 peccatores
1099 580 1165 634 ab
1197 589 1347 633 utero
1374 620 1389 641 ,
1441 591 1749 635 erraverunt
1780 600 1813 636 α
1852 594 2054 649 centre,

471 670 635 722 locuti
665 681 786 724 sunt
816 670 983 738 falsa.
1018 671 1076 725 Si
1132 672 1495 741 intelligamus
1543 676 1819 742 quomodo
1871 678 2055 731 statim

472 772 532 815 ut
563 763 629 816 de
655 771 847 817 ventre
883 766 1073 818 matris
1105 764 1408 831 procedunt
1435 777 1755 833 pecratores
1779 809 1794 832 ,
1832 784 2057 823 errave-

474 863 624 917 runt,
653 856 734 908 vel
765 856 926 909 locuti
965 864 1092 909 sunt
1115 854 1274 920 falsa,
1306 856 1512 924 pariter
1536 857 1885 928 intelligimus
1910 860 2055 926 quod

472 946 599 1016 justi
630 956 954 1016 separantur
981 964 1010 1000 a
1070 958 1279 1003 ventre.
1318 948 1457 1017 Ergo
1488 960 1543 1003 et
1567 948 1764 1004 Paulus
1798 952 1941 1019 quod
1977 967 2057 1007 se-

472 1049 727 1110 gregatus
758 1040 808 1092 in
834 1039 1181 1109 Evangelium
1209 1041 1429 1105 dicitur,
1455 1053 1509 1095 et
1528 1051 1845 1111 segregatus
1872 1060 1901 1097 a
1929 1061 2058 1099 ven-

475 1144 558 1186 tre
593 1133 785 1185 matris
814 1147 945 1194 sute,
980 1148 1175 1186 causas
1218 1132 1271 1186 in
1310 1148 1375 1187 eo
1424 1145 1479 1186 et
1523 1134 1717 1188 merita
1748 1134 1944 1203 quibus
2000 1137 2053 1190 in

478 1224 584 1277 boc
611 1225 885 1292 segregari
946 1223 1220 1288 debuerit,
1255 1226 1385 1279 vidit
1432 1225 1522 1279 ille
1571 1241 1733 1294 quem
1764 1243 1869 1282 non
1926 1227 2059 1284 latet

477 1332 652 1373 mens.
690 1316 945 1371 Praevitlit
974 1318 1119 1371 enim
1159 1317 1304 1385 quod
1330 1318 1697 1372 abundantius
1740 1332 1901 1387 quam
1948 1336 2055 1373 cau-

476 1408 580 1462 teri
620 1423 810 1462 omnes
853 1408 1198 1461 laboraturus
1226 1419 1370 1463 esset
1400 1410 1452 1461 in
1486 1407 1778 1478 Evangelio
1820 1409 1885 1473 ⁸⁸,
1911 1410 2054 1478 quod

476 1500 532 1554 in
564 1501 706 1555 fame
734 1511 790 1555 et
817 1500 931 1564 siti,
963 1502 1016 1554 in
1038 1500 1246 1570 frigore
1273 1509 1328 1555 et
1361 1501 1608 1555 nuditate
1631 1542 1648 1566 ,
1694 1501 1950 1571 periculis
1982 1502 2058 1556 la-

478 1600 716 1658 tronum,
745 1592 1004 1662 periculis
1024 1590 1327 1655 ﬂuminum,
1351 1592 1608 1661 periculis
1636 1594 1802 1648 maris
1829 1593 1898 1657 ⁸⁸.
1919 1608 2057 1660 prte-

476 1687 761 1741 dicatnrus
790 1696 933 1740 esset
965 1686 1315 1753 Evangelinm
1340 1684 1567 1749 Christi,
1599 1685 1781 1739 sciens
1811 1688 1952 1754 quod
1976 1701 2056 1740 vae

475 1777 576 1830 sibi
614 1786 759 1831 esset
792 1778 969 1832 sinon
999 1777 1403 1848 evangelizaret
1426 1776 1473 1808 ⁸⁸
1493 1817 1509 1842 ,
1546 1784 1601 1830 et
1628 1776 1771 1846 quod
1804 1792 2053 1832 macera-

477 1876 632 1921 turus
662 1877 807 1923 esset
831 1883 1029 1935 corpus
1060 1885 1242 1933 suum,
1278 1878 1333 1922 et
1374 1868 1624 1923 servituti
1659 1866 2007 1937 subjectut'us
2033 1908 2051 1934 ,

481 1972 548 2012 ne
578 1958 714 2012 forte
737 1974 860 2013 cum
901 1958 1070 2031 464
1097 1959 1217 2013 aliis
1263 1958 1613 2027 prmdicasset
1658 1958 1794 2026 (10),
1826 1959 1941 2028 ipse
1969 1975 2057 2014 re-

479 2049 682 2116 probus
737 2046 1042 2102 elliceretur
1090 2048 1157 2103 ⁸⁷.
1227 2047 1352 2103 llaec
1379 2064 1510 2119 ergo
1537 2058 1591 2103 et
1626 2048 1792 2103 multa
1834 2049 1937 2103 alia
1971 2051 2055 2105 his

479 2138 680 2195 similia
711 2136 821 2209 (ll)
848 2139 901 2192 in
926 2154 991 2193 eo
1016 2139 1082 2193 de
1108 2149 1297 2194 ventre
1325 2139 1517 2193 matris
1543 2140 1849 2208 praevidens
1872 2139 2051 2206 Jesus,

476 2231 685 2299 probis
719 2232 1021 2301 segregavit
1057 2248 1179 2287 eum
1210 2232 1261 2285 in
1290 2231 1663 2302 Evangelium.
1704 2231 1762 2287 Si
1794 2233 1965 2299 enim,
1994 2244 2053 2289 ut

545 2346 592 2379 ⁸³
618 2344 764 2404 Psal.
794 2364 927 2415 Lvu,
954 2351 1010 2404 4.

480 2451 567 2496 :ur
590 2446 867 2511 quominus
896 2448 964 2499 sit
998 2446 1220 2515 aliquid,
1261 2447 1402 2515 quod
1431 2449 1500 2499 ad
1522 2446 1692 2501 multa
1719 2464 1829 2502 esse
1858 2451 2046 2515 possit,

474 2529 594 2565 cum
620 2531 779 2566 unum
811 2520 877 2567 sit
906 2534 931 2586 e
953 2519 1131 2569 multis
1175 2518 1228 2569 id
1258 2517 1398 2586 quod
1432 2517 1672 2583 futurum
1706 2528 1821 2583 est;
1868 2527 1918 2572 et
1970 2523 2045 2574 ita

476 2594 768 2656 prafnotum
792 2588 877 2656 Asit
902 2585 1016 2654 [ore
1043 2585 1279 2653 quidem,
1328 2587 1419 2639 sed
1452 2604 1554 2639 non
1589 2591 1883 2643 necessario
1906 2590 2043 2656 fore.

479 2649 585 2726 Sed
624 2670 741 2705 cum
770 2649 1075 2723 fieri'possi't
1109 2667 1164 2709 ut
1190 2674 1294 2710 non
1319 2658 1409 2719 sit,
1441 2659 1540 2708 erit
1581 2674 1685 2711 non
1739 2649 2048 2726 conjectura

477 2724 698 2797 dictum,
726 2727 814 2797 sed
847 2737 1314 2797 vereqprwnotum.
1356 2726 1537 2795 Neque
1574 2744 1690 2783 tero
1737 2724 1853 2797 quis
1904 2740 2047 2797 putet

477 2808 569 2846 nos
602 2792 761 2869 illud,
793 2792 1088 2849 secundum
1129 2792 1466 2869 propositum
1499 2838 1514 2859 ,
1552 2792 1859 2869 _reticuisse.
1892 2792 2047 2869 quasi

476 2865 748 2916 sententia:
780 2876 973 2917 nostra:
1013 2877 1213 2919 noceat.
1243 2866 1330 2919 Ait
1372 2870 1507 2921 enim
1546 2866 1744 2922 Paulus
1773 2885 1792 2924 :
1831 2865 2046 2925 Scimus

477 2944 656 3008 autem
684 2936 936 3008 quoniam
953 2935 1310 3008 diligentibus
1344 2937 1506 2992 Deum
1538 2942 1720 2992 omnia
1751 2954 2047 3008 cooperan-

1085 2350 1132 2382 “
1161 2350 1181 2404 Ι
1208 2349 1337 2405 Cor.
1365 2366 1458 2413 xv,
1493 2350 1579 2405 10.
1654 2349 1703 2382 ⁸⁸
1728 2349 1770 2403 ll
1793 2351 2001 2416 ϐαι-,πῃ
2024 2354 2116 2420 26,
2141 2356 2232 2412 27.

2160 487 2317 543 lioris
2345 491 2701 560 praerogativa
2747 486 2936 541 fuisset
2961 486 3187 552 electus,
3240 499 3517 555 nunquam
3550 485 3741 554 utique

2162 583 2434 636 timuisset
2461 598 2529 637 ne
2563 583 2608 637 si
2636 582 2816 636 minus
2839 579 3089 650 corporis
3120 580 3202 632 sui
3242 562 3398 631 frena
3433 579 3740 641 tenuisset,

2159 675 2378 731 evenire
2399 686 2583 745 posset
2611 685 2668 730 ut
2696 675 2961 743 reprobus
2985 674 3161 736 ﬁeret,
3189 671 3274 725 vel
3318 685 3399 725 vae
3446 670 3547 724 sibi
3597 670 3728 724 littu-

2162 782 2279 819 rum
2306 775 2450 822 esset
2473 768 2516 820 si
2548 766 2926 836 evangelizare
2959 774 3229 819 cessasset
3251 764 3387 833 (Η).
3422 761 3665 832 Denique
3688 772 3744 816 et

2162 858 2277 929 ipse
2313 860 2365 914 in
2399 860 2857 929 consequentibus
2892 858 3059 911 latius
3109 859 3391 913 disserens
3449 855 3565 916 ait,
3613 854 3740 922 quia

2158 968 2288 1021 quos
2321 954 2579 1019 prtescivit
2621 961 2672 1007 et
2710 953 3108 1023 prcedestinavit
3135 949 3571 1019 conformesﬁeri
3601 949 3740 1001 ima-

2158 1045 2294 1114 ginis
2318 1043 2452 1097 Filii
2472 1046 2557 1099 sui
2584 1046 2651 1113 3°,
2676 1045 2957 1100 evidenter
2982 1044 3299 1105 ostendens,
3320 1039 3462 1111 quod
3488 1055 3584 1095 eos
3606 1054 3744 1109 quos

2159 1136 2432 1203 praescivit
2465 1136 2608 1192 Deus
2636 1138 2775 1192 tales
2806 1138 3042 1202 futuros,
3070 1146 3126 1189 ut
3153 1135 3372 1190 Cbrism
3399 1147 3460 1188 se
3506 1134 3560 1187 in
3611 1147 3738 1200 pas-

2159 1226 2410 1283 sionibus
2438 1227 2845 1284 rouformareut
2871 1269 2887 1294 ,
2943 1229 3094 1297 ipsos
3118 1225 3288 1280 etiam
3333 1222 3644 1278 conlormes
3677 1235 3740 1277 ac

2158 1317 2361 1372 similes
2385 1318 2641 1388 imaginis
2671 1319 2792 1389 ejus
2819 1317 3227 1387 praedestinavit
3255 1326 3310 1371 et
3353 1316 3560 1386 gloriae.
3595 1315 3739 1370 Prte-

2160 1410 2303 1463 cedit
2330 1424 2460 1479 ergo
2491 1411 2835 1479 pmscientia
2865 1412 2981 1476 Dei,
3006 1425 3103 1477 per
3129 1424 3291 1478 quam
3321 1417 3625 1463 noscuntur
3645 1408 3737 1477 qui

2160 1501 2211 1552 in
2245 1515 2303 1555 se
2330 1501 2545 1555 labores
2577 1512 2631 1554 et
2666 1502 2901 1555 virtutes
2934 1501 3174 1554 habituri
3206 1499 3317 1554 sint
3342 1540 3358 1563 ,
3402 1509 3459 1554 et
3484 1500 3561 1554 ita
3603 1514 3743 1570 pra:h

2159 1596 2454 1650 destinatio
2483 1596 2729 1665 sequitur
2754 1612 2769 1658 ;
2826 1610 2926 1650 nec
2954 1604 3137 1647 tamen
3171 1608 3360 1647 rursus
3390 1593 3742 1662 praedestinao

2163 1688 2323 1741 tionis
2352 1704 2515 1742 causa
2542 1688 2824 1756 putabitur
2851 1686 3219 1756 praescientia.
3240 1684 3393 1751 Quod
3416 1685 3564 1740 enim
3596 1681 3740 1753 apud

2163 1780 2408 1835 homines
2429 1780 2863 1850 uniuscujusque
2895 1778 3147 1832 meritum
3186 1788 3451 1846 pensatur
3488 1792 3553 1832 ex
3602 1792 3743 1847 prte-

2164 1870 2337 1924 teritis
2371 1872 2560 1941 gestis,
2593 1871 2698 1925 hoc
2730 1870 2873 1939 apud
2908 1869 3077 1924 Deum
3100 1868 3379 1936 iudicatur
3401 1884 3468 1924 ex
3509 1868 3737 1930 futuris;

2163 1973 2218 2015 et
2244 1962 2402 2017 valde
2425 1963 2625 2032 impius
2669 1974 2758 2018 est
2800 1962 2893 2031 qui
2919 1962 2978 2016 in
3006 1963 3114 2017 hoc
3145 1977 3251 2016 non
3279 1962 3455 2016 credit
3495 1959 3605 2015 Deo
3628 2001 3646 2027 ,
3680 1966 3742 2014 ut

2162 2055 2302 2121 quod
2342 2069 2441 2107 nos
2482 2054 2532 2107 in
2563 2054 2860 2123 praterltis
2891 2052 3161 2116 videmus,
3198 2053 3303 2107 hoc
3334 2045 3425 2106 ille
3474 2051 3654 2106 videat
3684 2053 3739 2105 in

2162 2145 2377 2198 futuris.
2409 2145 2757 2214 Segregatus,
2814 2144 3011 2213 inquit,
3044 2144 3101 2198 in
3135 2142 3483 2213 Evangelium
3514 2142 3636 2198 Dei.
3678 2139 3739 2198 In

2161 2238 2283 2293 aliis
2337 2238 2469 2293 locis
2516 2237 2815 2308 Scriptum
2863 2237 3217 2306 Evangelium
3244 2236 3447 2291 Christi
3498 2250 3620 2290 esse
3656 2228 3741 2288 dic

2307 2356 2399 2411 ⁸⁸1
2426 2357 2551 2413 Cor.
2575 2374 2651 2423 Ix,
2687 2356 2771 2412 16.
2846 2357 2893 2388 ⁸⁷
2930 2356 3062 2411 ibid.
3081 2355 3172 2409 27.
3243 2355 3289 2387 ⁸⁸
3316 2354 3474 2408 Rom.
3502 2368 3621 2417 vui,
3643 2351 3739 2409 29.

2155 2455 2316 2510 distis
2351 2456 2478 2510 mihi
2504 2456 2831 2509 manducare
2851 2454 3003 2523 (ibid.
3035 2453 3124 2513 '55.
3154 2452 3266 2517 55),
3290 2461 3337 2505 et
3368 2466 3486 2521 qute
3513 2466 3739 2523 sequun-

2156 2533 2245 2596 tur
2268 2542 2287 2579 :
2323 2528 2388 2596 iis
2420 2537 2596 2579 autem
2623 2527 2712 2596 qui
2744 2540 2776 2577 a
2804 2526 3036 2578 sinistris
3062 2538 3082 2575 :
3112 2523 3379 2577 Discedite
3406 2537 3589 2596 nunc,
3617 2537 3737 2575 ma-

2153 2594 2358 2661 ledicti,
2391 2597 2442 2649 in
2474 2591 2652 2664 ignem
2684 2606 2948 2649 aeternum
3008 2602 3372 2664 praeparatum
3408 2591 3629 2664 diabolo
3666 2603 3737 2664 ret

2151 2659 2361 2733 angelis
2390 2659 2549 2736 ejus;
2579 2665 2705 2734 quia
2758 2665 2960 2736 esutivi
2993 2659 3026 2736 ,ί
3068 2659 3131 2718 et
3162 2678 3281 2736 (non
3320 2659 3545 2736 dedistis
3602 2662 3735 2736 ηιμιὶ

2151 2730 2295 2801 quod
2324 2730 2560 2801 ederem,
2591 2730 2640 2789 et
2673 2744 2886 2789 ca’tera.
2924 2733 3066 2799 Quin
3100 2735 3284 2798 etiam,
3325 2733 3370 2784 si
3406 2730 3543 2784 illud
3568 2771 3583 2794 ,
3642 2732 3738 2785 Dea

2155 2806 2388 2860 stiuatus
2412 2808 2467 2861 in
2495 2805 2848 2875 Evangelium
2894 2805 2987 2859 Dei
3015 2802 3190 2875 (Rom.
3225 2820 3239 2856 I
3264 2842 3280 2866 ,
3318 2803 3342 2855 1
3370 2801 3389 2870 )
3418 2820 3444 2875 ;_
3469 2810 3519 2875 et
3549 2802 3689 2875 istud
3716 2840 3732 2864 ,

2155 2875 2254 2940 Qui
2277 2876 2569 2931 destinavit
2596 2871 2680 2929 me
2721 2877 2789 2928 ab
2823 2885 2979 2928 utero
3012 2871 3202 2927 I‘uatris
3253 2887 3384 2927 mete
3425 2871 3645 2941 (Galat.
3675 2885 3731 2933 ι.

2153 2945 2266 3013 15),
2304 2948 2659 3001 necessitatem
2687 2945 2918 3013 aliquam
2944 2945 3289 3007 continerent,
3314 2944 3573 3012 quomodo
3596 2950 3736 2995 recte

480 3013 567 3089 tur
588 3004 931 3089 .innbonnm,
952 3006 1016 3089 iis
1043 3004 1168 3089 qui“
1180 3009 1478 3089 secundum
1512 3004 2045 3089 propositnnrvocati
2073 3031 2118 3089 ο
2153 3004 2346 3089 diceret
2389 3016 2590 3069 Paulus
2618 3031 2635 3067 :
2669 3004 2913 3081 Supigillo
2946 3028 3141 3089 corpus
3174 3004 3353 3089 meum
3377 3054 3391 3075 ,
3422 3020 3477 3089 et
3507 3013 3558 3065 in
3607 3027 3731 3089 ser-

477 3082 625 3127 sunt.
651 3071 753 3146 Sed
786 3071 1076 3129 consideret
1109 3076 1254 3129 illius
1271 3071 1566 3131 secundum
1596 3071 1929 3146 proposilnm
1956 3097 2045 3134 tto-

476 3144 700 3196 cationis
731 3160 943 3198 causam
976 3147 1279 3208 Apostolum
1313 3149 1497 3201 statim
1545 3144 1837 3202 reddidisse
1860 3190 1874 3209 ,
1925 3167 2044 3202 cum

477 3214 639 3267 dicit:
676 3215 821 3285 Quos
848 3216 1126 3285 pnetravit,
1171 3232 1264 3269 eos
1298 3228 1351 3270 et
1396 3218 1797 3285 prasdestinavit
1828 3222 2043 3273 (amtor-

480 3284 844 3362 [nesitnagini
879 3284 1000 3338 Filii
1044 3287 1150 3362 sui.
1190 3285 1256 3338 Et
1290 3284 1455 3362 quem
1484 3286 1650 3340 alium
1679 3291 1946 3357 Oportebat
1991 3291 2046 3341 in

471 3353 857 3421 justiﬁcmttem
899 3356 1221 3409 vocationem
1247 3353 1512 3426 proposito
1542 3363 1636 3411 Uet
1667 3353 1865 3412 secerni
1884 3373 1930 3412 et
1963 3376 2047 3414 se-

477 3427 920 3503 gregari,prteter
942 3443 1027 3478 eos
1052 3427 1160 3503 qui
1191 3427 1363 3494 ipsum
1413 3427 1638 3503 diliaunt
1662 3430 1688 3481 Ρ
1718 3428 1893 3503 Hujus
1931 3446 2046 3482 vero

477 3497 746 3561 prwpositi
774 3505 820 3546 et
849 3497 1187 3562 prtenotionis
1234 3513 1449 3549 causam
1477 3498 1533 3550 in
1582 3510 1760 3551 nostra
1811 3499 2046 3552 libertate

479 3578 590 3637 esse
618 3565 747 3637 satis
786 3565 1019 3619 declarat
1065 3567 1203 3619 illttd
1231 3584 1250 3620 :
1279 3567 1497 3622 Scimus
1527 3569 1780 3637 quoniam
1814 3570 2045 3637 diligen-

482 3636 633 3707 tibus
661 3635 827 3707 l_)_enm
872 3640 1051 3689 omnia
1076 3648 1439 3704 cooperantur
1469 3640 1521 3690 in
1546 3635 1750 3692 bonum
1781 3657 1795 3692 :
1828 3635 2048 3707 perinde

479 3704 633 3776 quasi
657 3704 895 3767 dixisset,
931 3707 1109 3759 omnia
1146 3723 1263 3776 qua:
1287 3708 1355 3760 ad
1382 3710 1571 3760 bonum
1592 3704 2047 3768 conducunt,ideo

481 3775 791 3847 εοιιάιιεενε,
811 3777 937 3844 quia
954 3775 1321 3845 auxiliodigni
1346 3789 1463 3831 sunt
1485 3778 1573 3846 qui
1599 3778 1822 3847 diligunt
1861 3778 2047 3834 Deum.

482 3840 585 3917 Sed
617 3840 976 3917 interrogandi
1004 3840 1265 3917 sunt,.qu'i
1297 3840 1625 3901 contrarium
1675 3840 1886 3901 tuentur
1911 3889 1927 3915 ,
1978 3851 2047 3901 ad

482 3914 593 3965 litat:
621 3916 765 3967 nobis
794 3914 1463 3984 respondeant.Ponamus
1496 3919 1551 3972 in
1576 3914 1919 3983 conditione,
1941 3919 2046 3971 ali-

479 4000 584 4058 qua
614 3988 668 4038 in
696 4001 873 4041 nostra
903 4007 1014 4044 esse
1039 4002 1327 4058 potestate;
1376 3990 1531 4054 idque
1562 3989 1816 4041 adversus
1847 4005 1933 4041 eos
1958 3991 2049 4057 qui

482 4056 702 4109 liberant
731 4061 1011 4113 arbitriutu
1039 4056 1249 4123 tollunt,
1278 4063 1441 4114 donec
1466 4076 1530 4113 ea:
1555 4060 1852 4114 conditione
1866 4056 2049 4112 eorum

483 4130 740 4198 sententia
771 4130 910 4198 falsa
950 4132 1316 4189 convincatur.
1349 4131 1411 4187 Si
1462 4146 1584 4198 ergo
1620 4130 1675 4181 in
1701 4129 1850 4181 nobis
1882 4130 2048 4181 libera

484 4196 780 4265 voluntasp
809 4218 876 4254 an
904 4202 1067 4270 igitur
1095 4202 1233 4254 Deus
1261 4196 1561 4269 futurorum
1590 4201 1777 4253 seriem
1799 4199 2046 4258 intuitus,

483 4282 772 4343 pra'noscet
811 4288 872 4323 ea
912 4288 1029 4343 qua:
1065 4289 1129 4325 e1:
1151 4274 1389 4325 libertate
1428 4284 1781 4339 unusquisque
1812 4278 2049 4343 nostrum

484 4340 744 4393 libertatis
786 4339 995 4403 compos
1029 4354 1243 4395 acturus
1278 4343 1397 4395 sit?
1444 4358 1513 4392 an
1573 4356 1677 4393 non
1706 4348 1994 4407 prtenoscet
2022 4339 2049 4390 ?

489 4409 590 4470 Qui
616 4389 939 4478 responderit
963 4430 1065 4466 non
1093 4425 1474 4479 prtunoturum,
1514 4389 2053 4479 ignoretrillenecesse
2084 4389 2128 4444 Ῑ)

486 4488 561 4529 est
591 4476 809 4533 mentem
834 4476 1121 4551 inﬁnitam,
1149 4493 1196 4535 et
1232 4481 1648 4548 magnitudinem
1677 4478 1793 4551 Dei.
1819 4476 1876 4531 Si
1914 4492 2053 4551 prte-

490 4563 731 4603 n0:urum
758 4548 1066 4620 agnoscant,
1083 4570 1266 4605 rursus
1286 4566 1579 4620 quaeremus
1600 4565 1664 4602 ea:
1681 4550 1829 4615 ipsis,
1855 4565 1925 4600 an
1939 4548 2053 4619 ejus

487 4622 706 4672 scientia
734 4638 894 4674 causa
923 4623 987 4674 sit
1021 4640 1116 4676 cur
1145 4634 1392 4675 eventura
1417 4624 1522 4674 sint
1558 4622 1760 4686 futura,
1778 4634 1897 4670 cum
1930 4634 2056 4671 con-

489 4689 706 4742 cedatur
730 4693 931 4761 aliquid
960 4693 1016 4745 in
1055 4703 1233 4746 nostra
1264 4707 1374 4746 esse
1396 4698 1654 4759 potestate
1679 4704 1697 4751 ;
1729 4704 1799 4741 an
1825 4690 1948 4761 quia
1967 4688 2057 4755 {u-

490 4766 668 4811 turum
699 4768 777 4813 est
810 4758 1057 4827 prtenavit
1082 4778 1101 4815 :
1135 4779 1295 4831 neque
1318 4758 1426 4814 ullo
1449 4762 1605 4815 modo
1624 4758 1877 4831 pramotio
1894 4773 2056 4831 causa

490 4837 774 4900 esteorum
798 4846 915 4900 qua:
940 4827 1220 4900 unicuique
1255 4846 1494 4885 nostrum
1547 4844 1612 4882 ea;
1641 4828 1884 4900 libertate
1906 4827 2054 4880 arbi-

492 4898 581 4949 trii
609 4895 960 4967 futurasunt.
992 4895 1143 4955 Fieri
1177 4917 1299 4971 ergo
1325 4906 1556 4969 poterat,
1588 4909 1645 4971 ut
1667 4895 1934 4971 aliquibus
1962 4913 2054 4950 oc-

490 4966 819 5024 currentibus
847 4966 1357 5038 impedintentis'no'n
1380 4971 1498 5034 hoc,
1542 4967 1633 5023 sed
1674 4966 1808 5020 illud
1840 4970 2054 5035 faceret,

489 5039 579 5105 qui
618 5039 751 5092 liber
770 5050 978 5093 creatus
1009 5051 1105 5093 est.
1138 5039 1267 5093 ch
1296 5041 1461 5109 igitur
1491 5048 1542 5093 et
1570 5038 1768 5093 similia
1798 5042 1842 5089 si
1869 5039 2057 5109 dican-

490 5119 599 5180 tur,
631 5111 686 5162 id
718 5125 921 5180 quoque
954 5120 1192 5163 seruatur
1214 5124 1234 5164 :
1265 5108 1442 5178 Euge,
1490 5123 1648 5163 serve
1678 5111 1817 5180 bone
1841 5118 1897 5160 et
1924 5108 2057 5180 lide-

492 5179 580 5240 lis,
611 5176 774 5249 super
808 5176 974 5247 pauca
1005 5181 1151 5234 fuisti
1182 5176 1374 5245 ﬁdelis,
1401 5194 1561 5247 super
1586 5179 1748 5249 inunita
1779 5188 1830 5230 te
1853 5176 2057 5231 consti-

494 5258 636 5301 tuam
667 5246 693 5304 Ξ
719 5246 939 5320 ἰιιιιιιιίιι
972 5249 1233 5320 gaudium
1275 5246 1487 5304 Domini
1522 5250 1594 5301 tui
1630 5246 1870 5317 (Matth.
1906 5261 2012 5320 xxv
2038 5287 2054 5312 ,

490 5320 552 5371 21
576 5320 617 5390 );
648 5331 758 5372 tum
785 5330 833 5372 et
856 5319 1195 5383 laus’omnis,
1223 5335 1339 5390 qua:
1364 5320 1512 5373 bonis
1542 5320 1792 5370 tribuitur
1813 5333 1852 5390 ,‘q
1874 5333 1934 5369 ac
1966 5319 2059 5370 de-

491 5387 633 5442 mum
662 5390 954 5443 ostenditur
966 5390 1093 5459 jure
1115 5391 1220 5443 dici
1237 5387 1263 5444 ἐ
1297 5391 1469 5444 Serve
1496 5404 1729 5455 nequam
1758 5399 1815 5441 et
1841 5387 2054 5456 ignave,

491 5461 778 5525 oportebat
799 5472 852 5512 te
879 5463 1223 5515 coaunittere
1264 5460 1550 5529 pecuniam
1577 5472 1751 5529 meam
1784 5461 2060 5529 trapezita:

492 5530 643 5601 (ibid.
673 5531 764 5595 26,
788 5530 856 5583 27
872 5530 917 5599 ).
937 5532 1028 5586 Sic
1063 5535 1220 5586 etiam
1246 5526 1457 5583 stabunt
1484 5526 1777 5601 qutejuste
1811 5528 2061 5601 dicuntur

491 5598 575 5663 iis,
624 5604 711 5666 qui
736 5602 805 5653 ad
846 5598 1114 5657 dexteram
1151 5601 1392 5653 assistent
1418 5612 1436 5649 :
1484 5598 1675 5653 Venite
1713 5599 1781 5651 ad
1831 5615 1935 5657 me,
1967 5599 2059 5650 be:-

494 5673 691 5727 uedicti
726 5669 908 5726 Patris
958 5672 1108 5736 mei;
1166 5671 1440 5739 possidete
1493 5677 1853 5739 praeparatum
1907 5666 2059 5721 vobis

480 5754 716 5815 regnum
741 5758 773 5797 ιι
800 5738 1185 5798 constitutione
1217 5741 1399 5797 umndi
1423 5757 1438 5808 ;
1473 5741 1601 5809 quia
1630 5738 1850 5806 esurivi,
1882 5748 1941 5793 et
1966 5740 2058 5792 de-

2152 3086 2381 3139 vitutcm
2424 3087 2632 3154 redigo,
2671 3101 2737 3139 ne
2766 3100 2889 3138 cum
2940 3085 3078 3154 aliis
3104 3082 3558 3154 praedicaverim,
3615 3082 3732 3151 ipso

2158 3158 2419 3224 reprobus
2445 3153 2684 3221 ciliciar;
2727 3168 2771 3209 et
2810 3154 2982 3207 illud:
3034 3153 3130 3224 γε
3161 3155 3361 3224 etenim
3396 3153 3524 3224 inibi
3554 3193 3570 3217 ,
3623 3154 3726 3224 nisi

2155 3214 2506 3295 Evangelium
2543 3214 2899 3279 enuntiavero
2923 3224 2987 3294 (I
3019 3220 3143 3276 Cor.
3179 3239 3254 3282 ιιι,
3282 3214 3420 3287 27)?
3463 3214 3565 3295 His
3589 3223 3728 3275 enim

2155 3294 2332 3357 aperte
2358 3297 2614 3359 declarat,
2639 3296 2740 3350 nisi
2760 3295 3037 3362 castigaret
3063 3309 3251 3359 corpus
3275 3308 3449 3362 suum,
3467 3302 3515 3344 et
3539 3294 3595 3345 in
3616 3307 3731 3344 sero

2156 3370 2369 3419 vitutem
2394 3366 2669 3435 redigeret,
2703 3381 2853 3428 posse
2882 3361 2957 3435 se,
2989 3372 3262 3430 postquam
3294 3361 3426 3435 aliis
3444 3362 3732 3435 praadicaso

2152 3446 2251 3497 set,
2287 3430 2561 3500 reprobuin
2588 3435 2729 3504 ﬁeri,
2757 3444 2805 3487 et
2834 3434 2930 3487 sibi
2966 3450 3076 3485 esse
3108 3449 3204 3494 utr,
3249 3431 3351 3504 nisi
3375 3430 3728 3504 Evangelium

2154 3510 2543 3559 ttmmntiasset.
2585 3501 2853 3558 Fortassis
2908 3504 3095 3572 igitur,
3134 3518 3252 3554 cum
3294 3501 3727 3572 istisaegreqnvit

2155 3576 2303 3627 illum
2338 3575 2479 3628 Deus
2510 3592 2575 3628 ea:
2597 3589 2743 3628 utero
2786 3569 2990 3631 matris.
3018 3583 3063 3625 et
3097 3571 3386 3639 segregavit
3414 3569 3470 3622 in
3488 3570 3713 3638 Evange-

2156 3648 2288 3696 lium
2318 3644 2432 3708 Dei,
2451 3662 2667 3697 causam
2680 3645 2865 3698 uidens
2890 3642 3046 3709 iusta:
3067 3640 3459 3711 segregationis.
3483 3640 3621 3708 quod
3638 3655 3730 3711 ca-

2155 3715 2443 3781 stigaturus
2471 3723 2603 3768 esset
2637 3729 2826 3780 corpus
2851 3730 3029 3773 suum,
3060 3723 3109 3765 et
3138 3714 3192 3764 in
3241 3712 3539 3763 servitutem
3570 3710 3724 3781 reda-

2155 3780 2358 3847 cturus,
2389 3786 2580 3837 veritus
2630 3800 2694 3837 ne
2746 3796 3022 3852 postquam
3055 3782 3177 3834 aliis
3224 3780 3581 3852 pra'dicasset,
3619 3780 3729 3852 ipse

2156 3854 2406 3921 reprobus
2435 3856 2583 3921 ﬁeret
2609 3895 2625 3919 ,
2673 3848 2913 3923 quodque
2951 3853 3121 3905 sciens
3171 3851 3273 3904 sibi
3304 3848 3434 3923 fore
3465 3866 3538 3923 vat
3565 3888 3599 3923 ,_
3621 3848 3726 3901 nisi

2156 3918 2499 3991 Euangelium
2522 3918 2880 3991 praedicasset,
2913 3934 3146 3975 metuens
3177 3937 3242 3974 ne
3269 3920 3369 3972 sibi
3397 3918 3727 3991 apudADeum

2157 4010 2231 4046 va:
2255 3988 2410 4057 esiet,
2444 3988 2546 4047 non
2571 3995 2742 4053 siluit,
2777 3995 2866 4046 sed
2899 3991 3245 4059 Ehugelium
3276 3988 3731 4059 prwdicavit._At-

2155 4079 2254 4132 que
2291 4063 2403 4115 Iuec
2441 4065 2645 4117 videbat
2680 4063 2770 4131 qui
2800 4078 2920 4115 eum
2952 4057 3237 4128 segregavit
3270 4057 3325 4132 in
3376 4057 3727 4132 Evangelium

2155 4129 2332 4195 suum,
2360 4134 2473 4200 fore
2503 4150 2620 4185 eum
2654 4129 2709 4185 iu
2738 4132 2993 4187 wrumnis
3014 4131 3373 4200 abundantius
3398 4168 3414 4192 ,
3452 4129 3506 4200 in
3547 4142 3730 4180 carce-

2158 4204 2299 4255 ribus
2324 4198 2485 4271 supru
2508 4208 2744 4258 madum.
2779 4204 2835 4254 in
2868 4200 3039 4269 plagis
3069 4201 3185 4271 plus
3216 4198 3357 4264 iusto
3379 4237 3414 4271 ,_
3448 4199 3504 4250 in
3522 4200 3727 4271 _morti-

2157 4274 2251 4325 bus
2276 4267 2572 4341 frequenter
2598 4288 2616 4325 :
2660 4292 2690 4326 ιι
2718 4271 2925 4341 Judtuis
2965 4267 3241 4339 quinquies
3273 4267 3726 4341 qu_adragie_s_un_a

2156 4335 2331 4394 minus
2360 4335 2720 4409 accepturum,
2766 4352 2843 4393 ter
2881 4335 3036 4409 virgis
3071 4355 3264 4393 caesum
3285 4335 3375 4403 iri,
3408 4338 3564 4409 semel
3587 4335 3725 4403 lapi-

2158 4415 2342 4464 datum
2372 4413 2459 4474 iri,
2482 4404 2540 4464 ἐι
2577 4414 2683 4464 alia
2706 4404 3352 4481 ejusmodiperpessurum
3378 4404 3463 4481 (ΙΙ
3493 4404 3618 4459 Cor.
3647 4422 3724 4481 xi.

2157 4481 2249 4542 25,
2285 4482 2417 4551 seq.)
2444 4498 2465 4535 ς
2502 4479 2813 4554 gloriantem
2842 4483 2897 4531 in
2913 4480 3218 4554 angustiis,
3245 4487 3295 4531 et
3324 4479 3569 4531 scientem
3621 4479 3723 4528 tri.

2157 4554 2475 4604 bulationem
2512 4552 2823 4618 patientiam
2863 4550 3057 4617 eﬂicere
3079 4589 3095 4612 ,
3146 4550 3211 4601 et'
3239 4556 3579 4601 sustinentem
3605 4562 3724 4618 quae

2154 4621 2340 4684 futura
2375 4617 2518 4674 Deus
2537 4631 2882 4683 promoverat,
2909 4626 3329 4688 segregalutn‘ea:
3354 4629 3501 4669 utero
3517 4617 3724 4680 matris,

2155 4703 2204 4743 et
2237 4701 2565 4759 segregatum
2608 4692 2659 4744 in
2695 4683 3038 4757 Evangelium
3058 4683 3192 4759 'lgi.
3222 4683 3516 4759 Propterea
3550 4697 3724 4759 autem

2155 4753 2347 4829 dignus
2370 4753 2483 4814 Erat
2508 4762 2598 4830 qui
2626 4753 2989 4828 segregaretur
3009 4759 3063 4810 in
3093 4755 3435 4825 Evangelium
3475 4753 3594 4830 Dei,
3622 4771 3726 4806 non

2155 4824 2368 4898 propter
2392 4824 2730 4884 excellentem
2755 4824 2995 4898 aliquam?
3016 4824 3284 4888 naturam,
3321 4835 3367 4877 et
3394 4840 3514 4898 qua:
3539 4824 3613 4874 ita
3640 4840 3720 4876 es-

2156 4896 2233 4954 set
2255 4896 2589 4969 comparata,
2615 4910 2673 4953 ut
2699 4914 2786 4953 eos
2812 4898 2903 4967 qui
2923 4897 3053 4969 tales
3080 4904 3359 4969 nonsunt,
3385 4896 3539 4960 longe
3568 4908 3722 4958 supe—

2158 4979 2296 5022 raret
2321 4983 2340 5021 :
2371 4967 2462 5022 sed
2514 4971 2577 5023 ob
2615 4969 2891 5037 prtuscitas
2916 4967 3059 5037 prius
3097 4967 3350 5037 actiones,
3374 4977 3505 5037 qute
3549 4972 3723 5037 postea

2157 5038 2315 5107 facta:
2337 5049 2459 5108 sunt
2486 5055 2550 5092 ea:
2580 5028 2870 5108 apostolica
2884 5028 3117 5103 quadam
3135 5028 3504 5108 institutione.
3538 5028 3723 5108 Neque

2149 5102 2269 5176 j‘am
2322 5107 2525 5162 Psalmi
2568 5102 2771 5162 dictum
2809 5102 3146 5172 interpretari
3181 5103 3539 5176 tempestivum
3571 5102 3672 5176 fuit
3704 5113 3724 5162 ;

2157 5168 2270 5231 erat
2300 5180 2439 5231 enim
2463 5188 2611 5232 extra
2640 5168 2998 5245 propositum;
3026 5190 3188 5245 quare
3212 5170 3589 5245 proprio-loco,
3619 5168 3725 5222 Deo

2157 5248 2334 5309 dante,
2388 5242 2780 5316 explicabitur,
2819 5260 2938 5316 cum
2975 5242 3245 5316 lfsalmum
3299 5242 3720 5316 edidisseremus.

2159 5316 2262 5370 Sed
2290 5322 2403 5383 ltch
2428 5312 2687 5385 copiosius
2720 5316 2778 5370 in
2801 5315 2958 5379 illud,
2988 5314 3333 5384 Segregatus,
3366 5320 3467 5366 etc.
3489 5351 3506 5375 ,
3541 5312 3727 5378 dispu-

2158 5398 2271 5459 tata
2298 5388 2576 5459 sufﬁciant.
2659 5439 2671 5459 _,

2229 5449 2342 5529 (10)
2361 5449 2453 5511 Ἅι.
2477 5495 2495 5521 ,
2524 5456 2831 5529 pradicant
2856 5470 2878 5521 ;
2909 5454 2983 5508 al.
3011 5493 3028 5518 ,
3057 5452 3444 5529 pradicaverit.

2231 5518 2346 5599 (11)
2382 5518 2639 5599 δίὰιιιεε.
2683 5525 2825 5580 Editi
2856 5518 2985 5580 vero
3013 5537 3031 5580 :
3058 5518 3201 5579 'Haec
3222 5536 3365 5593 ergo,
3398 5532 3447 5578 et
3472 5521 3555 5577 Itis
3579 5518 3726 5578 sinsi-

2160 5596 2255 5662 lia,
2287 5596 2336 5650 et
2359 5598 2469 5650 alia
2507 5598 2697 5659 multa,
2720 5606 2827 5652 etc.

2233 5667 2344 5741 (12)
2378 5667 2542 5733 Editi,
2574 5675 2820 5721 cessaret.

3052 5783 3085 5812 κ(
