4182 6390
430 281 534 335 847

1896 279 2153 337 ORIGEN
2158 280 2220 337 IS

3608 280 3713 336 848

428 410 581 464 cunt,
605 400 746 455 sicut
795 409 850 456 et
901 400 1115 457 Marcus
1163 401 1500 473 evangelista
1554 402 1749 457 scribit
1773 401 1820 433 "
1847 420 1859 455 :
1889 401 2007 455 lni-
2036 402 2085 460 Α
2111 401 2293 471 paruit
2324 401 2520 471 positis
2553 401 2606 455 in
2638 415 2805 455 carne
2832 399 2969 471 (18),
3001 400 3146 456 sicut
3166 399 3468 470 Apostolus
3497 398 3636 454 dicit
3665 399 3709 461 ⁸,

428 493 562 546 tium
595 491 875 562 Evangelii
926 492 1057 547 Jesu
1105 493 1326 557 Christi,
1355 496 1492 547 sicut
1540 495 1795 563 scriptum
1831 505 1906 549 est
1954 495 2010 549 in

430 585 579 639 Isaia
607 589 877 652 propheta.
923 584 1121 639 Verum
1175 590 1431 656 quoniam
1472 586 1726 641 Christus
1769 586 2008 640 Verbum

430 687 536 738 est,
567 684 622 729 et
649 676 704 728 in
736 676 998 745 principio
1054 686 1171 729 erat
1232 676 1453 731 Verbum
1481 720 1495 739 ,
1545 688 1593 731 et
1636 676 1863 731 Verbum
1893 687 2009 731 erat

430 772 572 837 apud
606 770 773 824 Deum
801 769 938 841 (13),
966 782 1014 823 et
1049 769 1190 823 Deus
1214 782 1324 824 erat
1378 769 1604 824 Verbum
1638 771 1705 832 ³⁸,
1737 787 1903 824 υιιιιιιι
1930 780 2011 821 τιε-

430 876 535 927 que
565 860 705 914 idem
740 869 823 914 est
856 859 959 913 dici
1014 860 1369 930 Evangelium
1418 861 1514 916 Dei
1551 869 1604 914 et
1653 861 2009 931 Evangelintn

427 952 654 1017 Christi,
690 955 771 1007 vel
805 952 930 1021 quia
954 952 1070 1021 ipse
1095 951 1354 1007 Dominus
1381 951 1509 1005 dicit
1537 953 1681 1021 quod
1712 969 1809 1021 ego
1837 965 1882 1005 et
1911 952 2013 1005 Pn-

430 1057 510 1097 ter
548 1060 710 1097 unum
741 1060 922 1098 sumus
975 1045 1019 1076 ⁹¹
1057 1061 1071 1097 :
1108 1053 1164 1099 ct
1218 1045 1416 1099 iterum
1451 1043 1584 1098 dicit
1634 1046 1699 1098 ad
1750 1044 2006 1099 Patrem:

430 1136 625 1189 Omnia
642 1151 760 1189 mea
781 1146 871 1190 tua
894 1145 1040 1201 sunt,
1069 1144 1119 1190 et
1146 1146 1237 1189 tua
1270 1153 1405 1201 mea,
1437 1147 1484 1190 et
1519 1136 1852 1206 gloriﬁcatus
1890 1155 2007 1191 sum

429 1229 482 1279 in
507 1228 587 1281 Itis
607 1228 673 1281 ⁹¹.
724 1227 867 1297 Ergo
923 1236 978 1282 et
1034 1227 1383 1299 Evangelium
1432 1228 1614 1283 Patris
1649 1228 2006 1299 Evangelium

428 1322 549 1377 Filii
592 1330 696 1378 est.
751 1320 857 1376 Sed
888 1330 940 1375 et
992 1319 1190 1375 Paulus
1240 1321 1413 1375 dicit:
1448 1318 1789 1393 Evangelium
1839 1339 2009 1377 meum

426 1414 567 1478 quod
593 1415 823 1484 prwdica
852 1415 988 1467 inter
1029 1429 1204 1484 gentes
1233 1414 1281 1446 ”
1312 1432 1326 1469 :
1356 1415 1501 1485 quod
1527 1414 1776 1470 fortassis
1815 1425 1871 1469 ut
1901 1417 2010 1471 lue-

427 1521 516 1559 res
549 1505 752 1561 Christi
779 1506 932 1570 dicit,
956 1513 1011 1559 ct
1038 1514 1295 1573 tanquam
1325 1505 1379 1559 in
1415 1505 1709 1576 Evangelia
1737 1508 2003 1577 cohteres,

427 1601 555 1671 quia
582 1607 636 1653 et
664 1596 792 1652 alibi
829 1599 990 1652 etiam
1026 1596 1385 1666 plurimorum
1427 1598 1561 1652 dicit
1605 1613 1728 1654 esse
1760 1598 2008 1672 Evange-

424 1689 581 1755 lium,
606 1688 748 1745 sicut
777 1689 845 1743 ad
873 1686 1094 1743 Galatas
1125 1705 1139 1741 :
1174 1686 1277 1742 Sed
1325 1696 1373 1742 et
1425 1689 1472 1742 si
1509 1688 1739 1742 velatum
1787 1701 1862 1745 est
1893 1690 2005 1763 (14)

424 1782 772 1852 Euangelium
813 1793 1048 1837 nostrum
1078 1781 1166 1847 “;
1227 1791 1487 1845 nostrum,
1523 1784 1576 1837 id
1619 1794 1706 1839 est
1759 1787 2002 1840 omnium

423 1876 517 1942 qui
550 1874 862 1930 cohaeredes
887 1887 1078 1927 sumus
1111 1873 1342 1928 Christi.
1372 1873 1575 1929 Verum
1610 1884 1665 1930 et
1702 1876 2001 1931 secundum

422 1970 527 2025 hac
552 1968 695 2037 quod
724 1967 838 2037 ipse
869 1966 1195 2035 praedicator
1220 1966 1341 2035 ejus
1367 1974 1489 2032 est,
1539 1977 1686 2022 recte
1730 1982 1886 2023 suum
1919 1969 2002 2024 di-

421 2063 498 2117 cit
520 2076 640 2134 esse
664 2059 866 2114 Paulus
906 2059 1283 2128 Evangelium.

490 2154 653 2227 465
688 2153 743 2209 4.
786 2152 939 2218 Quod
956 2162 1076 2205 ante
1104 2152 1422 2215 promiserat
1444 2167 1539 2220 per
1566 2153 1849 2220 prop/tetas
1877 2169 2000 2208 suos

419 2248 476 2298 in
521 2244 813 2312 Scripturis
854 2243 1056 2297 sanctis
1093 2241 1162 2295 ”.
1209 2239 1406 2297 Utrum
1451 2242 1777 2312 simpliciter
1825 2244 1998 2313 accipi

421 2339 615 2393 debeat
657 2334 1008 2403 Evangelium
1052 2347 1150 2401 per
1198 2332 1513 2401 Scripturas
1564 2335 1914 2403 propheticas
1968 2350 1997 2389 a

425 2431 533 2483 Deo
566 2425 952 2494 repromissum
977 2439 993 2489 ;
1017 2439 1086 2476 an
1113 2422 1179 2477 ad
1210 2422 1617 2479 distinctionem
1637 2425 1752 2495 (15)
1774 2425 2001 2481 alterius

420 2517 694 2587 Evangelii
734 2516 878 2586 quod
911 2526 1173 2570 aeternum
1227 2513 1361 2569 dicit
1401 2514 1645 2571 Joannes
1680 2517 1732 2571 in
1781 2518 1999 2585 Apoca-

417 2610 561 2683 lypsi
606 2611 674 2674 ",
719 2610 860 2679 quod
909 2619 1037 2663 tunc
1091 2608 1446 2664 revelandum
1493 2618 1580 2664 est
1632 2624 1757 2664 cum
1808 2610 1997 2664 umbra

421 2702 701 2758 transierit
735 2712 790 2757 et
828 2701 1032 2755 veritas
1076 2700 1309 2766 venerit,
1365 2709 1420 2755 et
1469 2716 1592 2755 cum
1645 2716 1793 2756 mors
1837 2699 2001 2755 fuerit

420 2794 674 2865 absorpta
722 2802 777 2848 et
824 2796 1104 2848 aeternitas
1135 2794 1411 2854 restituta,
1446 2793 1799 2849 considerato
1831 2796 1996 2848 etiam

420 2897 477 2940 tu
508 2885 600 2955 qui
633 2885 792 2956 legis.
814 2885 911 2941 Cui
944 2893 1146 2941 aeterno
1174 2884 1469 2954 Evangelia
1510 2887 1807 2941 convenire
1844 2886 1999 2941 vide-

418 2978 623 3033 buntur
651 2979 817 3033 etiam
861 2976 935 3030 illi
980 2976 1168 3031 arterni
1204 2977 1331 3031 anni
1383 2977 1450 3031 de
1500 2978 1697 3047 quibus
1725 2976 1995 3046 Propheta

2112 493 2237 564 quia
2262 493 2641 563 manilestatus
2667 503 2742 546 est
2778 494 2833 546 in
2856 508 3039 556 carne,
3053 492 3394 562 justificatus
3414 493 3470 545 in
3508 489 3708 560 spiritu

2112 586 2362 655 apparuit
2391 585 2615 655 angelis,
2648 586 2751 640 hoc
2779 585 2926 655 quod
2959 584 3215 655 apparuit
3264 584 3472 654 angelis
3512 583 3607 653 (18
3632 584 3704 648 ‘),

2117 695 2224 733 non
2253 679 2334 735 eis
2355 679 2561 743 absque
2609 678 2903 748 Evangelia
2933 678 3185 746 apparuit
3211 694 3227 731 :
3259 677 3403 732 sicut
3445 692 3512 730 ne
3544 675 3707 729 nobis

2111 770 2331 843 quidem
2368 770 2702 834 hominibus,
2737 772 2805 824 ad
2833 784 2974 840 quos
3009 771 3236 824 missum
3274 784 3334 823 se
3364 769 3498 822 dicit
3542 783 3705 821 evan-

2111 864 2342 933 gelizare
2363 863 2708 931 pauperibus,
2748 862 3014 916 dimittere
3038 864 3286 930 ‘captivos
3319 862 3376 914 in
3430 860 3673 912 remissio

2113 970 2251 1018 nem,
2288 961 2339 1005 et
2378 953 2705 1007 annuntiare
2743 967 2947 1006 annum
2983 951 3199 1005 Domini
3247 961 3520 1020 acceptum
3562 950 3608 1005 ⁸.
3639 949 3699 1003 Si

2112 1060 2245 1114 ergo
2295 1060 2418 1099 cum
2469 1045 2724 1115 apparuit
2791 1045 2954 1099 nobis
3026 1044 3373 1109 hominibus,
3422 1060 3528 1098 non
3580 1044 3699 1097 sine

2111 1137 2407 1206 Evangelia
2434 1138 2710 1207 apparuit,
2739 1138 3134 1207 consequentia
3168 1138 3382 1192 videtur
3404 1137 3702 1191 ostendere

2110 1227 2256 1297 quod
2284 1229 2453 1282 etiam
2489 1230 2741 1298 angelico
2769 1231 2946 1285 ordini
2981 1246 3085 1285 non
3122 1232 3244 1286 sine
3272 1230 3565 1300 Evangelia
3597 1246 3698 1299 ap-

2110 1321 2377 1387 paruerit,
2410 1322 2499 1376 illo
2528 1322 2784 1378 fortassis
2810 1323 2955 1393 quad
2985 1333 3251 1377 aeternum
3285 1323 3638 1393 Evangelinm
3665 1338 3700 1375 a

2109 1410 2364 1469 Joanne‘
2429 1428 2790 1473 memoratum
2841 1434 3006 1489 supra
3065 1418 3409 1471 cdocuimus.
3460 1417 3515 1469 Si
3568 1432 3699 1470 vero

2109 1507 2273 1559 etiam
2307 1506 2358 1559 iu
2392 1508 2622 1576 reliquis
2663 1511 2980 1565 caelestibus
3025 1511 3313 1565 ordinibus
3347 1510 3455 1564 tale
3492 1509 3699 1579 aliquid

2111 1596 2178 1650 ab
2216 1613 2282 1651 eo
2312 1608 2528 1669 gestum
2562 1616 2683 1656 esse
2714 1602 3102 1672 suspicandum
3129 1602 3222 1662 sit,
3258 1601 3310 1654 in
3346 1615 3409 1653 ea
3440 1615 3546 1669 qua
3581 1601 3696 1653 sin-

2109 1686 2217 1755 guli
2250 1689 2453 1759 quique
2496 1701 2622 1746 sunt
2670 1690 2848 1746 forma
2905 1709 3178 1764 apparens
3224 1693 3327 1759 eis,
3380 1701 3436 1747 et
3480 1709 3695 1745 annuu-

2111 1781 2255 1836 tiaus
2291 1780 2404 1853 (i9)
2446 1797 2659 1851 pacem,
2687 1785 2946 1853 quoniam
2981 1786 3202 1855 quidem
3246 1799 3339 1851 per
3381 1784 3694 1853 sanguinem

2105 1872 2277 1927 erucis
2304 1889 2416 1928 sua:
2441 1875 2760 1944 pacificavit
2790 1893 2895 1930 non
2934 1877 3106 1930 solum
3144 1893 3263 1947 qua:
3298 1877 3354 1929 in
3387 1884 3554 1941 terra,
3601 1878 3695 1928 sed

2103 1974 2154 2019 et
2174 1981 2293 2034 qua:
2323 1968 2379 2019 in
2405 1967 2550 2022 caelis
2583 1978 2708 2022 sunt
2756 1966 2809 2034 ',
2844 1968 3011 2023 etiam
3061 1978 3116 2021 tu
3160 1973 3303 2036 apud
3344 1970 3691 2036 temetipsum

2104 2058 2382 2114 discutito.
2422 2060 2580 2126 Quod
2606 2064 2844 2130 promisit
2870 2077 2966 2131 per
2991 2061 3272 2130 prop/tetas
3301 2077 3426 2115 suos
3454 2062 3511 2113 in
3544 2058 3693 2114 Scri-

2101 2151 2276 2219 pturis
2314 2155 2510 2207 sanctis
2533 2152 2579 2206 ³.
2611 2153 2743 2220 Qua:
2770 2155 2835 2208 de
2863 2153 3088 2207 Christo
3120 2156 3380 2221 prmdicta
3422 2164 3550 2208 sunt
3593 2169 3693 2222 per

2104 2242 2422 2312 prophetas,
2464 2246 2580 2299 hac
2616 2246 2781 2299 etiam
2837 2245 2906 2299 de
2955 2244 3251 2312 Evangelia
3281 2244 3539 2314 praedicta
3570 2257 3697 2298 esse

2102 2338 2448 2391 sentiendum
2501 2345 2605 2401 est,
2658 2338 2911 2406 quamvis
2946 2336 3163 2392 Marcus
3207 2336 3544 2407 eviingelista
3578 2338 3692 2391 dis-

2103 2428 2423 2483 tinctionem
2466 2428 2652 2484 facere
2708 2429 2963 2484 videatur
3009 2428 3212 2485 Christi
3269 2440 3326 2483 et
3379 2428 3685 2499 Evangelii,

2100 2535 2223 2575 cum
2257 2520 2389 2575 dicit
2411 2522 2434 2552 ⁹
2462 2538 2475 2576 :
2507 2519 2613 2586 Qui
2650 2522 2909 2576 dimiserit
2957 2534 3159 2590 patrem
3191 2531 3240 2575 et
3272 2535 3516 2588 matrem,
3546 2532 3683 2589 etc.,

2100 2623 2311 2681 propter
2338 2630 2441 2677 me,
2467 2614 2551 2668 vel
2574 2623 2785 2683 propter
2808 2613 3180 2685 Evangelium.
3217 2614 3371 2681 Quod
3400 2625 3454 2667 et
3486 2616 3529 2670 si
3564 2631 3691 2686 pro-

2099 2708 2217 2776 prie
2249 2705 2532 2774 Evangelii
2578 2707 2973 2775 pramissioues
3030 2707 3378 2776 requirenda:
3433 2716 3582 2772 sunt,
3633 2707 3690 2761 in

2100 2798 2383 2868 prophetis
2411 2799 2762 2852 abundanter
2794 2798 3062 2867 invenies,
3096 2808 3155 2851 ut
3178 2806 3263 2853 est
3300 2798 3431 2852 illud
3459 2816 3473 2852 :
3507 2798 3692 2852 Dami-

2100 2916 2199 2954 nus
2241 2900 2388 2953 dabit
2434 2899 2647 2953 verbum
2682 2895 3167 2966 euangelizantibus
3194 2898 3381 2949 uirtute
3414 2896 3580 2948 multa
3606 2895 3687 2957 “;

2098 2998 2187 3045 et:
2227 2987 2402 3053 Quam
2432 2988 2661 3058 speciosi
2701 2987 2857 3056 pedes
2886 2986 3366 3055 euangelizandum
3417 2985 3556 3038 bona
3598 2985 3687 3041 “i

419 3070 687 3127 dicitzEt
714 3085 882 3123 annos
925 3077 1150 3123 αἰενηοε
1196 3070 1252 3122 in
1286 3078 1457 3123 mente
1502 3069 1665 3123 habui
1710 3072 1776 3126 ".
1828 3071 1997 3141 Eique
2025 3091 2068 3150 α
2101 3079 2181 3134 Ad
2231 3080 2334 3134 hoc
2381 3079 2604 3147 respicit
2634 3087 2728 3131 et:
2764 3076 2825 3131 1η
2864 3094 3069 3130 omnem
3095 3088 3290 3131 terram
3320 3078 3481 3131 exivit
3524 3093 3688 3132 sanus

417 3162 636 3232 adiungi
676 3171 851 3231 potest
886 3171 934 3214 ct
981 3161 1070 3215 ille
1101 3159 1241 3215 liber
1266 3160 1413 3224 vitae,
1448 3162 1507 3216 in
1537 3177 1645 3232 qua
1672 3173 1994 3219 sanctarum

420 3259 636 3312 nomina
689 3255 892 3322 scripta
943 3255 1198 3306 dicuntur
1234 3253 1282 3286 ³⁸
1327 3270 1342 3307 :
1392 3256 1484 3308 sed
1518 3264 1575 3308 et
1617 3256 1690 3309 illi
1743 3256 1867 3311 libri
1900 3259 1994 3327 qui

416 3348 559 3419 apud
592 3346 866 3401 Danielem
893 3345 960 3409 θ’,
987 3360 1112 3398 cum
1132 3341 1400 3409 judicium
1428 3346 1789 3409 consedisset,
1823 3348 1996 3414 aperti

415 3449 543 3494 sunt
571 3457 585 3505 ;
622 3437 706 3492 vel
761 3437 850 3506 qui
880 3436 1018 3504 apud
1052 3434 1389 3489 Ezechieletn
1423 3437 1749 3505 proldtetam
1786 3439 1803 3469 ⁸
1838 3440 1994 3490 deiu-

416 3541 502 3586 tus
533 3540 591 3586 et
624 3529 827 3585 deforis
860 3528 1117 3582 dicuntur
1147 3525 1396 3595 inscripti
1440 3543 1455 3581 :
1502 3543 1623 3596 qua)
1661 3530 1842 3582 omnia
1883 3530 1995 3598 (16)

415 3643 521 3681 Itan
551 3632 875 3687 atramento,
906 3623 999 3676 sed
1031 3620 1228 3690 spiritu
1262 3622 1355 3676 Dei
1394 3622 1500 3674 vivi
1547 3623 1751 3691 scripta
1788 3639 1998 3679 memo-

416 3730 607 3776 rantur
634 3722 678 3771 ί.
702 3718 782 3771 De
810 3717 1008 3785 quibus
1039 3715 1295 3787 quamvis
1333 3715 1701 3786 periculosum
1739 3717 1993 3772 videatur

413 3813 679 3871 chartulis
722 3812 1067 3867 committere
1121 3824 1432 3868 sermonem
1485 3808 1621 3881 (17),
1674 3819 1857 3864 tamen
1885 3826 1991 3865 nou

2097 3188 2300 3235 eorum,
2349 3179 2398 3224 et
2441 3170 2494 3223 in
2540 3169 2672 3237 ﬁnes
2704 3169 2847 3221 orbis
2879 3179 3032 3220 terra:
3080 3167 3229 3219 verba
3265 3182 3447 3219 eorum
3493 3167 3559 3231 ",
3591 3176 3687 3219 et:

2105 3262 2367 3317 Velaciter
2392 3263 2558 3316 currit
2604 3276 2777 3313 sermo
2825 3260 2939 3327 ejus
2987 3257 3030 3288 ¹³
3065 3275 3079 3319 ;
3135 3260 3230 3310 sed
3272 3269 3370 3311 et:
3408 3255 3548 3310 Ecce
3589 3270 3685 3325 ego

2098 3360 2248 3411 mitto
2294 3365 2533 3427 pastores
2571 3354 2785 3419 multos,
2822 3363 2870 3406 et
2916 3363 3190 3406 venatores
3249 3350 3467 3415 multas,
3510 3358 3561 3402 et
3598 3366 3688 3402 ca-

2100 3451 2244 3517 pient
2276 3466 2364 3504 eos
2393 3463 2551 3516 super
2583 3463 2787 3500 omnem
2810 3456 3059 3508 montem,
3084 3455 3132 3497 et
3158 3459 3317 3511 super
3346 3457 3550 3495 omnem
3575 3440 3684 3493 cal-

2099 3542 2202 3594 lem
2229 3542 2295 3594 “.
2325 3540 2432 3595 Per
2451 3538 2747 3595 Jeremiam
2778 3537 3117 3606 promittitur
3148 3537 3214 3591 de
3243 3533 3539 3604 Evangelia
3568 3531 3687 3603 (20)

2099 3635 2243 3705 quod
2274 3615 2434 3690 nunc
2480 3632 2679 3688 Paulus
2722 3632 2874 3693 dicit,
2911 3632 3041 3701 quia
3088 3631 3330 3699 promisit
3388 3629 3534 3683 Deus
3591 3644 3687 3697 per

2098 3725 2380 3795 prophetas
2418 3740 2542 3779 suos
2573 3725 2631 3777 in
2670 3721 2960 3791 Scripturis
2989 3721 3188 3775 sanctis
3214 3720 3279 3773 de
3313 3717 3462 3773 Filio
3489 3735 3607 3772 suo.

2173 3819 2227 3873 5.
2256 3817 2369 3888 (21)
2400 3816 2505 3881 Qui
2546 3813 2716 3870 Filius
2763 3814 3055 3867 secundum
3094 3828 3308 3865 carnem
3352 3811 3574 3879 quidem
3616 3826 3686 3863 es

414 3907 590 3960 otiose
634 3903 1009 3974 prietereunda
1039 3910 1166 3957 sunt
1195 3903 1337 3958 dicta
1369 3901 1701 3972 sapientium
1742 3910 1797 3957 et
1855 3904 1995 3956 seni-

2101 3912 2291 3966 Iemine
2321 3910 2494 3979 factus
2538 3918 2614 3962 est
2659 3905 2834 3961 David
2872 3905 2938 3958 ³⁵.
2966 3903 3169 3960 Factus
3219 3913 3304 3958 est
3352 3914 3532 3957 autem
3564 3902 3686 3956 sine

417 4007 595 4067 gmata
614 3996 657 4063 ³,
699 3996 792 4051 sed
818 3994 1002 4049 subtili
1027 3995 1317 4049 admodum
1346 3994 1544 4048 mentis
1570 3993 1709 4058 acie,
1739 3993 1794 4047 in
1819 4009 1994 4064 quan»

417 4101 532 4143 tum
564 4104 652 4145 res
679 4089 903 4158 patitur,
935 4086 1082 4143 velut
1109 4102 1204 4158 per
1229 4088 1501 4158 quoddam
1541 4088 1823 4157 speculum
1864 4105 1997 4144 can-

416 4179 727 4249 tetnplauda
757 4194 771 4232 :
797 4194 864 4233 ne
887 4177 1026 4233 forte
1054 4179 1099 4233 is
1128 4180 1224 4248 qui
1265 4177 1502 4234 Verbum
1535 4194 1666 4233 caro
1694 4178 1876 4235 factus
1900 4198 1994 4252 ap-

2095 4001 2261 4056 dubio
2297 4000 2348 4055 id
2378 3999 2523 4069 quod
2573 3996 2727 4066 prius
2772 4010 2882 4049 non
2929 4005 3052 4048 erat
3094 3994 3391 4048 secundum
3435 4006 3676 4045 carnem.

2096 4094 2407 4150 Secundum
2442 4091 2694 4159 spiritum
2741 4103 2873 4143 vero
2912 4098 3032 4143 erat
3082 4089 3254 4155 prius,
3302 4096 3359 4139 et
3413 4100 3519 4138 non
3560 4094 3680 4137 erat

2097 4184 2316 4255 quando
2351 4180 2464 4254 (22)
2499 4196 2603 4236 non
2628 4190 2771 4240 erat.
2807 4178 3224 4236 Observandum
3261 4192 3344 4231 est
3371 4179 3517 4230 enim
3551 4177 3675 4244 quia

486 4332 719 4388 “Marc.
758 4336 868 4401 1,1,
892 4334 946 4387 2.
1012 4336 1059 4368 ⁹⁰
1090 4332 1243 4391 Joan.
1275 4352 1312 4391 ι.
1347 4336 1398 4391 1.
1456 4333 1859 4393 "Juau.x.50.
1933 4342 1979 4373 "

2101 4358 2165 4394 ιιι.
2190 4356 2325 4395 xvn.
2354 4340 2443 4393 10.
2520 4336 2617 4390 "ll
2640 4336 2779 4390 Tim.
2814 4351 2872 4403 ιι,
2897 4334 2961 4398 8;
3000 4334 3177 4389 Galat.
3201 4332 3322 4399 ",2.
3396 4333 3445 4366 ”
3474 4330 3514 4403 li
3548 4330 3674 4403 Ca_r.

416 4420 490 4466 tv,
514 4406 567 4479 ᾖ.
640 4404 866 4479 Ιξ’]ζριιι.
895 4420 931 4458 ι.
965 4405 1103 4479 2,}.
1163 4405 1225 4479 ff
1241 4408 1406 4473 Apoc.
1435 4421 1545 4479 xiv,
1661 4408 1742 4479 _‘?7
1768 4407 1908 4465 Psal.
1955 4426 2138 4471 Lxxv't,
2173 4415 2223 4466 6.
2301 4410 2346 4442 ”
2375 4413 2551 4479 Apoc.
2603 4423 2734 4479 xvn.
2759 4408 2813 4461 8.

418 4493 480 4537 tt,
511 4476 565 4531 9.
642 4477 663 4508 ²
689 4477 725 4529 ΙΙ
747 4475 873 4529 Cor.
922 4490 1003 4529 III.
1027 4476 1082 4532 5.
1159 4475 1356 4529 'Prov.
1382 4492 1419 4530 ι.
1447 4478 1502 4529 6.
1581 4476 1635 4528 ⁸1
1660 4475 1800 4531 Titii.
1826 4492 1910 4541 tn,
1946 4482 2001 4535 1(

418 4548 438 4578 ³
468 4549 621 4599 110m.
647 4563 689 4608 ι,
710 4546 767 4599 2.
868 4553 891 4585 ο
918 4546 1083 4599 Marc.
1118 4561 1171 4608 Χ,
1196 4545 1287 4599 29.
1397 4549 1440 4578 ¹⁰
1464 4546 1607 4600 Psal.
1631 4562 1795 4608 vau.
1822 4548 1907 4603 η.

2141 4484 2163 4514 ⁸
2195 4483 2293 4535 Isa.
2320 4497 2417 4534 ικιη

2101 4570 2221 4608 lout.
2248 4568 2303 4608 Χ.
2334 4552 2417 4604 15.

415 4548 438 4578 ⁸
468 4549 621 4599 110m.
647 4563 689 4610 ι,
710 4546 767 4599 2.
868 4553 891 4585 ο
918 4546 1083 4599 Marc.
1118 4561 1171 4609 Χ,
1196 4545 1287 4599 29.
1397 4549 1440 4578 ¹⁰
1464 4546 1607 4600 Psal.
1631 4562 1795 4611 vau,
1822 4548 1907 4603 η.

420 4616 465 4648 ¹⁶
486 4616 687 4672 Jerem.
710 4632 822 4681 xvu,
850 4615 936 4670 16.
1015 4616 1057 4646 ¹⁸
1081 4616 1236 4671 liam.
1283 4631 1323 4681 t,
1363 4615 1420 4671 2.

2909 4406 2954 4437 ⁸³
2981 4406 3111 4458 [).ιιι.
3138 4420 3235 4467 vn,
3259 4406 3347 4457 10.
3428 4404 3444 4434 ¹
3475 4398 3680 4458 Exerit.

2700 4478 2722 4509 ⁸
2749 4479 2915 4545 Apoc.
2943 4490 3053 4541 xiv,
3076 4478 3126 4527 6.
3182 4543 3193 4545 _
3241 4475 3461 4529 7Colos.
3501 4489 3538 4535 ι,
3581 4473 3676 4545 20.

2141 4484 2163 4514 ⁸
2195 4483 2293 4535 Isa.
2320 4478 2433 4545 uti,
2462 4481 2512 4541 1,
2532 4478 2586 4531 2.
2700 4478 2722 4509 ⁸
2749 4479 2915 4545 Apoc.
2943 4490 3053 4541 xiv,
3076 4478 3126 4527 6.
3241 4478 3260 4506 ⁷
3281 4478 3461 4529 Calas.
3501 4489 3538 4535 ι,
3581 4478 3673 4527 20.

2141 4570 2221 4605 ιιι.
2248 4568 2303 4607 x.
2334 4552 2417 4604 15.
2526 4548 2738 4602 “Psal.
2769 4562 2923 4607 svnt,
2948 4546 3005 4600 5.
3113 4545 3156 4576 "
3180 4543 3322 4599 Psal.
3352 4543 3673 4607 cvan,1.-‘i.

2526 4549 2569 4580 ⁸⁸
2588 4548 2738 4602 Psal.
2769 4562 2923 4610 svnt,
2948 4546 3005 4600 5.

488 4754 598 4825 (15)
650 4755 725 4811 Ita
782 4771 883 4809 ms.
924 4756 1129 4825 Regius
1188 4772 1335 4811 num.
1389 4757 1546 4812 1641.
1596 4757 1787 4812 Οτιειιιὶ
1842 4773 1972 4813 vero

2151 4757 2322 4825 (18‘)
2351 4754 2484 4809 Vide
2520 4756 2837 4824 Origenian.
2869 4753 2964 4807 lib.
3003 4768 3063 4818 ιι,
3091 4750 3362 4819 quzest.5,
3398 4764 3546 4802 nutu.
3579 4746 3671 4800 2'5.

415 4842 545 4881 mss.
576 4836 631 4881 et
656 4827 784 4880 editi
812 4867 827 4892 ,
872 4837 919 4879 et
950 4829 1005 4879 in
1030 4828 1291 4895 principio
1333 4839 1444 4881 erat
1473 4831 1614 4895 apud
1644 4828 1832 4894 Deum,
1864 4840 1971 4884 etc.

414 4896 620 4951 Deinde
652 4897 818 4963 editi,
848 4913 1013 4951 unum
1043 4908 1199 4965 atque
1220 4898 1359 4951 idem
1385 4898 1534 4960 dicit,
1560 4910 1663 4953 etc.

487 4966 598 5038 (14)
628 4964 1023 5039 Mss._quidat_n,
1057 4967 1343 5039 revelatum
1368 4978 1463 5022 est.
1486 4968 1685 5025 Deinde
1713 4984 1843 5024 mss.
1863 4970 1978 5039 ple-

2152 4829 2267 4895 (19)
2301 4826 2464 4889 Editi,
2496 4826 2742 4895 apparuit
2768 4826 2862 4885 eis,
2896 4826 3244 4895 annuntians,
3280 4833 3388 4875 etc.

2153 4889 2267 4969 (20)
2312 4889 2610 4969 Editi,pe:
2632 4892 2922 4969 Ieremiam
2955 4894 3303 4969 promittitur,
3341 4889 3483 4969 quod
3533 4905 3673 4941 nunc

2082 4962 2288 5022 Paulus
2311 4967 2436 5019 dicit
2468 4968 2532 5018 de
2564 4964 2871 5031 Evangelia,
2904 4977 3013 5017 etc.
3052 4962 3151 5018 bis.
3193 4978 3332 5016 unus
3359 4962 3510 5014 addit
3535 4976 3673 5031 quo-

415 5033 588 5110 riq'ue'
610 5046 667 5110 et
702 5033 832 5091 editi
864 5037 1119 5110 omit_tnnt
1144 5038 1383 5093 secundo
1416 5039 1547 5110 loco
1585 5033 1978 5104 nostrumfsed
2080 5036 2711 5110 queauteApromittitu‘r.
2742 5034 2935 5087 Caeteri
2970 5050 3100 5087 mss.
3133 5044 3192 5087 ut
3232 5033 3285 5086 in
3311 5041 3487 5110 ιιι-ξιιι.

415 5108 719 5178 restituitur
747 5121 813 5178 ex
853 5122 953 5162 ms.
985 5106 1154 5178 Regia
1195 5108 1529 5163 nutn.1641.

485 5176 722 5250 (15)_Sic_
748 5176 1151 5250 Ba_banus,_ms.
1183 5194 1323 5232 unus
1354 5179 1551 5250 Regius
1579 5196 1728 5234 nunt.
1759 5179 1898 5234 1610
1928 5190 1982 5234 et

414 5248 557 5302 alter
585 5245 974 5302 Vallis-clarae.
1006 5248 1201 5303 Caneri
1223 5263 1353 5304 vero
1382 5245 1514 5304 mss.
1539 5259 1595 5304 et
1623 5250 1776 5315 editi,
1808 5266 1842 5302 a
1870 5251 1977 5304 Deo

413 5323 810 5385 repromissum,
837 5319 907 5371 ad
931 5319 1338 5384 distinctionem,
1369 5329 1501 5385 etc.,
1533 5321 1735 5373 omisso
1764 5335 1855 5373 an.

486 5388 596 5459 (16)
627 5385 706 5442 ita
739 5387 1015 5459 Rabantts.
1051 5390 1254 5443 Omnes
1281 5403 1412 5445 vero
1454 5405 1586 5445 mss.
1631 5390 1827 5457 nostri,
1866 5405 1980 5444 om-
2013 5408 2022 5415 ·

412 5457 627 5526 nitique.
644 5459 823 5529 AEditi,
853 5457 1032 5512 omnia
1056 5475 1293 5529 qumque.

486 5529 600 5597 (17)
629 5527 954 5601 Sermonem.
981 5527 1231 5601 Ineditis
1259 5528 1529 5601 amittitur
1558 5540 1613 5584 et
1641 5529 1693 5584 iu
1729 5530 1979 5601 pluribus

417 5613 573 5661 mss.,
609 5600 703 5651 sed
728 5609 908 5651 exstat
932 5600 983 5650 iu
1016 5598 1137 5650 aliis
1167 5609 1223 5649 et
1263 5601 1401 5665 apud
1432 5597 1740 5654 Rabanutn.

486 5666 599 5741 (18)
628 5667 728 5743 bis.
757 5668 953 5743 Regius
987 5667 1297 5743 inuu._1639
1320 5679 1375 5743 et
1404 5667 1675 5736 Babanus,
1702 5674 1897 5743 positus
1929 5671 1984 5726 in

416 5738 594 5792 carne.
621 5738 812 5792 Ctetcri
846 5754 973 5791 mss.
1004 5749 1057 5790 et
1090 5740 1217 5791 editi
1248 5749 1304 5792 ut
1339 5740 1389 5793 in
1430 5749 1574 5795 textu
1600 5786 1613 5798 .

2081 5460 2210 5529 quia
2239 5459 2527 5511 secundum
2576 5472 2788 5508 carnem
2825 5471 2927 5508 non
2967 5464 3077 5508 erat
3115 5461 3261 5523 prius

2083 5525 2329 5595 spiritum
2375 5542 2499 5581 vero
2553 5535 2847 5591 eratante,
2897 5536 2943 5578 et
2991 5543 3095 5579 non
3138 5537 3251 5579 erat
3296 5525 3513 5595 quando
3570 5538 3674 5575 non

2161 5108 2273 5179 (21)
2329 5099 2385 5161 Si
2446 5107 2592 5179 hunc
2636 5105 3305 5179 locumAconuuemorat
3355 5099 3674 5179 Pamphilus

2091 5171 2301 5249 martj'r
2341 5180 2392 5230 in
2426 5176 2681 5249 Apologia
2719 5190 2813 5249 pro
2846 5171 3107 5249 Origene:
3151 5172 3672 5249 Quodpr-amisernt

2089 5265 2184 5316 per
2204 5238 2483 5314 prophetas
2505 5238 2629 5299 suos
2654 5238 3034 5314 in-Scriptu‘ris
3066 5238 3269 5298 sanctis
3299 5245 3363 5316 de
3394 5238 3538 5316 Filio
3572 5257 3670 5316 suo

2089 5310 2176 5370 'ui
2204 5310 2389 5386 '{actus
2439 5327 2512 5369 est
2555 5310 3091 5369 secundum'cnrnem
3127 5331 3193 5368 ea:
3238 5314 3434 5366 semine
3480 5310 3669 5363 David.

2083 5336 2289 5441 i'actus
2313 5399 2388 5440 est
2422 5387 2562 5441 auad
2592 5398 2713 5439 ante
2741 5401 2843 5437 non
2866 5396 3002 5440 erat.
3038 5385 3388 5441 Manifestum
3421 5384 3561 5434 enim
3594 5392 3669 5433 est

2140 5384 2289 5442 actus
2313 5399 2388 5440 est
2422 5387 2562 5455 quod
2592 5398 2713 5439 ante
2741 5401 2843 5437 non
2866 5396 3002 5440 erat.
3038 5385 3388 5454 Manifestum
3421 5384 3561 5434 enim
3594 5392 3671 5433 est

2140 5460 2210 5503 ιὶιι
2239 5459 2527 5503 secundant
2576 5472 2788 5503 cantem
2825 5471 2927 5503 non
2967 5464 3077 5503 erat
3115 5461 3261 5503 prius
3310 5471 3328 5503 :
3378 5450 3668 5503 secundum

3310 5471 3328 5520 ;
3378 5468 3668 5506 secundum

2086 5610 2273 5739 "((2:2)
2309 5668 2472 5731 Editi,
2513 5676 2560 5721 et
2595 5684 2699 5721 non
2735 5677 2848 5721 erat
2881 5672 3028 5734 prius
3060 5667 3184 5737 (ius.
3240 5679 3400 5730 unus,
3446 5664 3672 5732 tempus)

2087 5748 2324 5805 quando,
2354 5751 2458 5795 etc.
