  <div class='ocr_page' id='page_1' title='image "/cluster/home/n/w/nwhite01/storage/ocr_20150623/14:no.4/coo.31924054872928/436.png"; bbox 0 0 4182 6422; ppageno 0'>
   <div class='ocr_carea' id='block_1_1' title="bbox 492 410 602 467">
    <p class='ocr_par' dir='ltr' id='par_1_1' title="bbox 492 410 602 467">
     <span class='ocr_line' id='line_1_1' title="bbox 492 410 602 467; baseline 0 0"><span class='ocrx_word' id='word_1_1' title='bbox 492 410 602 467; x_wconf 61' lang='lat'><strong>859</strong></span> 
     </span>
    </p>
   </div>
   <div class='ocr_carea' id='block_1_2' title="bbox 1455 405 2767 487">
    <p class='ocr_par' dir='ltr' id='par_1_2' title="bbox 1455 405 2767 487">
     <span class='ocr_line' id='line_1_2' title="bbox 1455 405 2767 487; baseline 0.002 -16"><span class='ocrx_word' id='word_1_2' title='bbox 1455 405 1811 473; x_wconf 59' lang='lat' dir='ltr'><strong>COMHENT.</strong></span> <span class='ocrx_word' id='word_1_3' title='bbox 1847 414 1916 471; x_wconf 87' lang='lat' dir='ltr'><strong>IN</strong></span> <span class='ocrx_word' id='word_1_4' title='bbox 1949 416 2170 472; x_wconf 80' lang='lat' dir='ltr'><strong>EPIST.</strong></span> <span class='ocrx_word' id='word_1_5' title='bbox 2211 417 2305 487; x_wconf 85' lang='lat' dir='ltr'><strong>AD</strong></span> <span class='ocrx_word' id='word_1_6' title='bbox 2344 416 2513 475; x_wconf 81' lang='lat' dir='ltr'><strong>ROM.</strong></span> <span class='ocrx_word' id='word_1_7' title='bbox 2552 416 2683 474; x_wconf 86' lang='lat' dir='ltr'><strong>LIB.</strong></span> <span class='ocrx_word' id='word_1_8' title='bbox 2724 418 2767 475; x_wconf 87' lang='grc'>1.</span> 
     </span>
    </p>
   </div>
   <div class='ocr_carea' id='block_1_3' title="bbox 3654 426 3761 482">
    <p class='ocr_par' dir='ltr' id='par_1_3' title="bbox 3654 426 3761 482">
     <span class='ocr_line' id='line_1_3' title="bbox 3654 426 3761 482; baseline 0 0"><span class='ocrx_word' id='word_1_9' title='bbox 3654 426 3761 482; x_wconf 80' lang='lat'><strong>850</strong></span> 
     </span>
    </p>
   </div>
   <div class='ocr_carea' id='block_1_4' title="bbox 492 526 3755 604">
    <p class='ocr_par' dir='ltr' id='par_1_4' title="bbox 492 526 3755 604">
     <span class='ocr_line' id='line_1_4' title="bbox 492 526 3755 604; baseline 0.005 -23"><span class='ocrx_word' id='word_1_10' title='bbox 492 544 598 587; x_wconf 82' lang='lat' dir='ltr'><strong>non</strong></span> <span class='ocrx_word' id='word_1_11' title='bbox 628 526 774 580; x_wconf 86' lang='lat' dir='ltr'><strong>dicit</strong></span> <span class='ocrx_word' id='word_1_12' title='bbox 808 548 822 581; x_wconf 87' lang='lat'>:</span> <span class='ocrx_word' id='word_1_13' title='bbox 857 526 961 592; x_wconf 83' lang='lat' dir='ltr'><strong>Qui</strong></span> <span class='ocrx_word' id='word_1_14' title='bbox 989 530 1392 597; x_wconf 69' lang='lat' dir='ltr'><strong>prmdextinatus</strong></span> <span class='ocrx_word' id='word_1_15' title='bbox 1415 544 1491 586; x_wconf 85' lang='lat' dir='ltr'><strong>est</strong></span> <span class='ocrx_word' id='word_1_16' title='bbox 1535 532 1708 589; x_wconf 80' lang='lat' dir='ltr'><strong>Filius</strong></span> <span class='ocrx_word' id='word_1_17' title='bbox 1741 534 1842 590; x_wconf 88' lang='lat' dir='ltr'><strong>Dei</strong></span> <span class='ocrx_word' id='word_1_18' title='bbox 1870 536 1926 588; x_wconf 91' lang='lat' dir='ltr'><strong>in</strong></span> <span class='ocrx_word' id='word_1_19' title='bbox 1965 535 2072 589; x_wconf 80' lang='lat' dir='ltr'><strong>uir-</strong></span> <span class='ocrx_word' id='word_1_20' title='bbox 2104 539 2151 599; x_wconf 77' lang='grc' dir='ltr'><strong>Α</strong></span> <span class='ocrx_word' id='word_1_21' title='bbox 2179 536 2374 604; x_wconf 87' lang='lat' dir='ltr'><strong>spiritu</strong></span> <span class='ocrx_word' id='word_1_22' title='bbox 2397 536 2852 591; x_wconf 86' lang='lat' dir='ltr'><strong>sanctiﬁcationis</strong></span> <span class='ocrx_word' id='word_1_23' title='bbox 2873 535 2958 590; x_wconf 86' lang='lat' dir='ltr'><strong>vel</strong></span> <span class='ocrx_word' id='word_1_24' title='bbox 2984 537 3185 593; x_wconf 74' lang='lat' dir='ltr'><strong>divina:</strong></span> <span class='ocrx_word' id='word_1_25' title='bbox 3208 539 3427 596; x_wconf 90' lang='lat' dir='ltr'><strong>virtutis</strong></span> <span class='ocrx_word' id='word_1_26' title='bbox 3447 542 3755 599; x_wconf 77' lang='lat' dir='ltr'><strong>substantia</strong></span> 
     </span>
    </p>
   </div>
   <div class='ocr_carea' id='block_1_5' title="bbox 490 620 2073 693">
    <p class='ocr_par' dir='ltr' id='par_1_5' title="bbox 490 620 2073 693">
     <span class='ocr_line' id='line_1_5' title="bbox 490 620 2073 693; baseline 0.006 -24"><span class='ocrx_word' id='word_1_27' title='bbox 490 629 601 670; x_wconf 86' lang='lat' dir='ltr'><strong>tate</strong></span> <span class='ocrx_word' id='word_1_28' title='bbox 638 620 928 671; x_wconf 74' lang='lat' dir='ltr'><strong>secundum</strong></span> <span class='ocrx_word' id='word_1_29' title='bbox 964 621 1212 687; x_wconf 84' lang='lat' dir='ltr'><strong>spiritum</strong></span> <span class='ocrx_word' id='word_1_30' title='bbox 1247 624 1685 692; x_wconf 80' lang='lat' dir='ltr'><strong>sanctiﬁcationis</strong></span> <span class='ocrx_word' id='word_1_31' title='bbox 1717 628 1793 682; x_wconf 77' lang='lat' dir='ltr'><strong>“z</strong></span> <span class='ocrx_word' id='word_1_32' title='bbox 1827 628 1944 692; x_wconf 90' lang='lat' dir='ltr'><strong>sed,</strong></span> <span class='ocrx_word' id='word_1_33' title='bbox 1967 626 2073 693; x_wconf 82' lang='lat' dir='ltr'><strong>Qui</strong></span> 
     </span>
    </p>
   </div>
   <div class='ocr_carea' id='block_1_6' title="bbox 489 706 2072 783">
    <p class='ocr_par' dir='ltr' id='par_1_6' title="bbox 489 706 2072 783">
     <span class='ocr_line' id='line_1_6' title="bbox 489 706 2072 783; baseline 0.005 -23"><span class='ocrx_word' id='word_1_34' title='bbox 489 710 791 762; x_wconf 81' lang='lat' dir='ltr'><strong>destinatus</strong></span> <span class='ocrx_word' id='word_1_35' title='bbox 815 718 889 760; x_wconf 90' lang='lat' dir='ltr'><strong>est</strong></span> <span class='ocrx_word' id='word_1_36' title='bbox 914 706 1096 763; x_wconf 83' lang='lat' dir='ltr'><strong>Filius</strong></span> <span class='ocrx_word' id='word_1_37' title='bbox 1131 708 1230 763; x_wconf 87' lang='lat' dir='ltr'><strong>Dei</strong></span> <span class='ocrx_word' id='word_1_38' title='bbox 1256 708 1394 781; x_wconf 72' lang='grc'>(25).</span> <span class='ocrx_word' id='word_1_39' title='bbox 1426 711 1492 765; x_wconf 85' lang='lat' dir='ltr'><strong>Et</strong></span> <span class='ocrx_word' id='word_1_40' title='bbox 1523 728 1678 767; x_wconf 88' lang='lat' dir='ltr'><strong>nemo</strong></span> <span class='ocrx_word' id='word_1_41' title='bbox 1701 722 1853 783; x_wconf 88' lang='lat' dir='ltr'><strong>putet</strong></span> <span class='ocrx_word' id='word_1_42' title='bbox 1876 728 1975 767; x_wconf 86' lang='lat' dir='ltr'><strong>nos</strong></span> <span class='ocrx_word' id='word_1_43' title='bbox 2005 715 2072 769; x_wconf 88' lang='lat' dir='ltr'><strong>de</strong></span> 
     </span>
    </p>
   </div>
   <div class='ocr_carea' id='block_1_7' title="bbox 487 800 2073 875">
    <p class='ocr_par' dir='ltr' id='par_1_7' title="bbox 487 800 2073 875">
     <span class='ocr_line' id='line_1_7' title="bbox 487 800 2073 875; baseline 0.003 -21"><span class='ocrx_word' id='word_1_44' title='bbox 487 801 591 854; x_wconf 91' lang='lat' dir='ltr'><strong>hoc</strong></span> <span class='ocrx_word' id='word_1_45' title='bbox 613 814 873 855; x_wconf 85' lang='lat' dir='ltr'><strong>sermone</strong></span> <span class='ocrx_word' id='word_1_46' title='bbox 906 800 1180 856; x_wconf 83' lang='lat' dir='ltr'><strong>curiosius</strong></span> <span class='ocrx_word' id='word_1_47' title='bbox 1213 817 1379 872; x_wconf 88' lang='lat' dir='ltr'><strong>quam</strong></span> <span class='ocrx_word' id='word_1_48' title='bbox 1430 819 1518 858; x_wconf 89' lang='lat' dir='ltr'><strong>res</strong></span> <span class='ocrx_word' id='word_1_49' title='bbox 1564 805 1787 874; x_wconf 90' lang='lat' dir='ltr'><strong>patitur,</strong></span> <span class='ocrx_word' id='word_1_50' title='bbox 1821 820 2073 875; x_wconf 87' lang='lat' dir='ltr'><strong>perscru-</strong></span> 
     </span>
    </p>
   </div>
   <div class='ocr_carea' id='block_1_8' title="bbox 492 890 2069 968">
    <p class='ocr_par' dir='ltr' id='par_1_8' title="bbox 492 890 2069 968">
     <span class='ocr_line' id='line_1_8' title="bbox 492 890 2069 968; baseline 0.004 -23"><span class='ocrx_word' id='word_1_51' title='bbox 492 892 620 945; x_wconf 91' lang='lat' dir='ltr'><strong>tari.</strong></span> <span class='ocrx_word' id='word_1_52' title='bbox 671 890 935 957; x_wconf 84' lang='lat' dir='ltr'><strong>Quamvis</strong></span> <span class='ocrx_word' id='word_1_53' title='bbox 967 894 1113 948; x_wconf 90' lang='lat' dir='ltr'><strong>enim</strong></span> <span class='ocrx_word' id='word_1_54' title='bbox 1162 896 1216 949; x_wconf 90' lang='lat' dir='ltr'><strong>in</strong></span> <span class='ocrx_word' id='word_1_55' title='bbox 1268 895 1478 951; x_wconf 82' lang='lat' dir='ltr'><strong>Latinis</strong></span> <span class='ocrx_word' id='word_1_56' title='bbox 1526 896 1925 967; x_wconf 81' lang='lat' dir='ltr'><strong>exemplaribus</strong></span> <span class='ocrx_word' id='word_1_57' title='bbox 1955 898 2069 968; x_wconf 68' lang='grc'>(24)</span> 
     </span>
    </p>
   </div>
   <div class='ocr_carea' id='block_1_9' title="bbox 488 984 2071 1060">
    <p class='ocr_par' dir='ltr' id='par_1_9' title="bbox 488 984 2071 1060">
     <span class='ocr_line' id='line_1_9' title="bbox 488 984 2071 1060; baseline 0.008 -26"><span class='ocrx_word' id='word_1_58' title='bbox 488 984 901 1051; x_wconf 66' lang='lat' dir='ltr'><strong>praedes-tinctus</strong></span> <span class='ocrx_word' id='word_1_59' title='bbox 925 984 1098 1038; x_wconf 84' lang='lat' dir='ltr'><strong>soleat</strong></span> <span class='ocrx_word' id='word_1_60' title='bbox 1120 987 1376 1050; x_wconf 91' lang='lat' dir='ltr'><strong>inveniri,</strong></span> <span class='ocrx_word' id='word_1_61' title='bbox 1402 997 1582 1042; x_wconf 92' lang='lat' dir='ltr'><strong>tamen</strong></span> <span class='ocrx_word' id='word_1_62' title='bbox 1608 991 1902 1043; x_wconf 87' lang='lat' dir='ltr'><strong>secundum</strong></span> <span class='ocrx_word' id='word_1_63' title='bbox 1925 991 2071 1060; x_wconf 90' lang='lat' dir='ltr'><strong>quod</strong></span> 
     </span>
    </p>
   </div>
   <div class='ocr_carea' id='block_1_10' title="bbox 488 1074 2069 1148">
    <p class='ocr_par' dir='ltr' id='par_1_10' title="bbox 488 1074 2069 1148">
     <span class='ocr_line' id='line_1_10' title="bbox 488 1074 2069 1148; baseline 0.005 -22"><span class='ocrx_word' id='word_1_64' title='bbox 488 1074 973 1142; x_wconf 70' lang='lat' dir='ltr'><strong>interpretationis</strong></span> <span class='ocrx_word' id='word_1_65' title='bbox 1018 1075 1222 1129; x_wconf 89' lang='lat' dir='ltr'><strong>veritas</strong></span> <span class='ocrx_word' id='word_1_66' title='bbox 1254 1076 1437 1140; x_wconf 79' lang='lat' dir='ltr'><strong>habet,</strong></span> <span class='ocrx_word' id='word_1_67' title='bbox 1484 1078 1774 1132; x_wconf 84' lang='lat' dir='ltr'><strong>destinatus</strong></span> <span class='ocrx_word' id='word_1_68' title='bbox 1810 1081 2069 1148; x_wconf 90' lang='lat' dir='ltr'><strong>scriptum</strong></span> 
     </span>
    </p>
   </div>
   <div class='ocr_carea' id='block_1_11' title="bbox 486 1163 2070 1238">
    <p class='ocr_par' dir='ltr' id='par_1_11' title="bbox 486 1163 2070 1238">
     <span class='ocr_line' id='line_1_11' title="bbox 486 1163 2070 1238; baseline 0.008 -26"><span class='ocrx_word' id='word_1_69' title='bbox 486 1171 590 1227; x_wconf 79' lang='lat' dir='ltr'><strong>est,</strong></span> <span class='ocrx_word' id='word_1_70' title='bbox 638 1178 745 1215; x_wconf 88' lang='lat' dir='ltr'><strong>non</strong></span> <span class='ocrx_word' id='word_1_71' title='bbox 778 1163 1212 1231; x_wconf 75' lang='lat' dir='ltr'><strong>prwdestinatus.</strong></span> <span class='ocrx_word' id='word_1_72' title='bbox 1267 1163 1582 1220; x_wconf 83' lang='lat' dir='ltr'><strong>Destinatur</strong></span> <span class='ocrx_word' id='word_1_73' title='bbox 1640 1169 1786 1221; x_wconf 91' lang='lat' dir='ltr'><strong>enim</strong></span> <span class='ocrx_word' id='word_1_74' title='bbox 1836 1168 1926 1225; x_wconf 87' lang='lat' dir='ltr'><strong>ille</strong></span> <span class='ocrx_word' id='word_1_75' title='bbox 1976 1171 2070 1238; x_wconf 85' lang='lat' dir='ltr'><strong>qui</strong></span> 
     </span>
    </p>
   </div>
   <div class='ocr_carea' id='block_1_12' title="bbox 479 1256 2071 1327">
    <p class='ocr_par' dir='ltr' id='par_1_12' title="bbox 479 1256 2071 1327">
     <span class='ocr_line' id='line_1_12' title="bbox 479 1256 2071 1327; baseline 0.006 -21"><span class='ocrx_word' id='word_1_76' title='bbox 479 1264 590 1315; x_wconf 85' lang='lat' dir='ltr'><strong>est,</strong></span> <span class='ocrx_word' id='word_1_77' title='bbox 623 1256 1045 1322; x_wconf 68' lang='lat' dir='ltr'><strong>praedestinatur</strong></span> <span class='ocrx_word' id='word_1_78' title='bbox 1077 1270 1208 1310; x_wconf 89' lang='lat' dir='ltr'><strong>vero</strong></span> <span class='ocrx_word' id='word_1_79' title='bbox 1238 1256 1327 1311; x_wconf 90' lang='lat' dir='ltr'><strong>ille</strong></span> <span class='ocrx_word' id='word_1_80' title='bbox 1367 1260 1460 1327; x_wconf 89' lang='lat' dir='ltr'><strong>qui</strong></span> <span class='ocrx_word' id='word_1_81' title='bbox 1506 1259 1745 1313; x_wconf 90' lang='lat' dir='ltr'><strong>nondum</strong></span> <span class='ocrx_word' id='word_1_82' title='bbox 1791 1270 1897 1325; x_wconf 69' lang='lat' dir='ltr'><strong>est,</strong></span> <span class='ocrx_word' id='word_1_83' title='bbox 1927 1260 2071 1315; x_wconf 85' lang='lat' dir='ltr'><strong>sicut</strong></span> 
     </span>
    </p>
   </div>
   <div class='ocr_carea' id='block_1_13' title="bbox 488 1346 2069 1419">
    <p class='ocr_par' dir='ltr' id='par_1_13' title="bbox 488 1346 2069 1419">
     <span class='ocr_line' id='line_1_13' title="bbox 488 1346 2069 1419; baseline 0.004 -19"><span class='ocrx_word' id='word_1_84' title='bbox 488 1346 540 1400; x_wconf 93' lang='lat' dir='ltr'><strong>hi</strong></span> <span class='ocrx_word' id='word_1_85' title='bbox 574 1351 638 1401; x_wconf 84' lang='lat' dir='ltr'><strong>de</strong></span> <span class='ocrx_word' id='word_1_86' title='bbox 668 1350 867 1417; x_wconf 89' lang='lat' dir='ltr'><strong>quibtts</strong></span> <span class='ocrx_word' id='word_1_87' title='bbox 893 1347 1006 1419; x_wconf 68' lang='lat'><strong>(25)</strong></span> <span class='ocrx_word' id='word_1_88' title='bbox 1050 1349 1183 1403; x_wconf 84' lang='lat' dir='ltr'><strong>dicit</strong></span> <span class='ocrx_word' id='word_1_89' title='bbox 1221 1349 1515 1419; x_wconf 79' lang='lat' dir='ltr'><strong>Apostolus</strong></span> <span class='ocrx_word' id='word_1_90' title='bbox 1555 1350 1598 1382; x_wconf 83' lang='lat'><strong>&quot;</strong></span> <span class='ocrx_word' id='word_1_91' title='bbox 1645 1371 1658 1406; x_wconf 90' lang='lat'>:</span> <span class='ocrx_word' id='word_1_92' title='bbox 1707 1350 1852 1417; x_wconf 81' lang='lat' dir='ltr'><strong>Quos</strong></span> <span class='ocrx_word' id='word_1_93' title='bbox 1893 1363 2069 1407; x_wconf 87' lang='lat' dir='ltr'><strong>autem</strong></span> 
     </span>
    </p>
   </div>
   <div class='ocr_carea' id='block_1_14' title="bbox 483 1443 2070 1519">
    <p class='ocr_par' dir='ltr' id='par_1_14' title="bbox 483 1443 2070 1519">
     <span class='ocr_line' id='line_1_14' title="bbox 483 1443 2070 1519; baseline 0.008 -28"><span class='ocrx_word' id='word_1_94' title='bbox 483 1445 768 1510; x_wconf 73' lang='lat' dir='ltr'><strong>prcescivit,</strong></span> <span class='ocrx_word' id='word_1_95' title='bbox 806 1443 927 1497; x_wconf 86' lang='lat' dir='ltr'><strong>illos</strong></span> <span class='ocrx_word' id='word_1_96' title='bbox 981 1454 1031 1496; x_wconf 88' lang='lat' dir='ltr'><strong>et</strong></span> <span class='ocrx_word' id='word_1_97' title='bbox 1080 1445 1497 1512; x_wconf 64' lang='lat' dir='ltr'><strong>praedestinavit.</strong></span> <span class='ocrx_word' id='word_1_98' title='bbox 1544 1445 1796 1502; x_wconf 63' lang='lat' dir='ltr'><strong>Praesciri</strong></span> <span class='ocrx_word' id='word_1_99' title='bbox 1833 1464 1967 1519; x_wconf 77' lang='lat' dir='ltr'><strong>ergo</strong></span> <span class='ocrx_word' id='word_1_100' title='bbox 2014 1459 2070 1504; x_wconf 88' lang='lat' dir='ltr'><strong>et</strong></span> 
     </span>
    </p>
   </div>
   <div class='ocr_carea' id='block_1_15' title="bbox 485 1537 2069 1608">
    <p class='ocr_par' dir='ltr' id='par_1_15' title="bbox 485 1537 2069 1608">
     <span class='ocr_line' id='line_1_15' title="bbox 485 1537 2069 1608; baseline 0.006 -21"><span class='ocrx_word' id='word_1_101' title='bbox 485 1537 868 1604; x_wconf 77' lang='lat' dir='ltr'><strong>przedestiuari</strong></span> <span class='ocrx_word' id='word_1_102' title='bbox 904 1547 1130 1607; x_wconf 89' lang='lat' dir='ltr'><strong>possunt</strong></span> <span class='ocrx_word' id='word_1_103' title='bbox 1156 1537 1234 1592; x_wconf 90' lang='lat' dir='ltr'><strong>illi</strong></span> <span class='ocrx_word' id='word_1_104' title='bbox 1263 1540 1357 1608; x_wconf 90' lang='lat' dir='ltr'><strong>qui</strong></span> <span class='ocrx_word' id='word_1_105' title='bbox 1382 1540 1626 1594; x_wconf 89' lang='lat' dir='ltr'><strong>nondum</strong></span> <span class='ocrx_word' id='word_1_106' title='bbox 1658 1551 1827 1606; x_wconf 87' lang='lat' dir='ltr'><strong>sunt;</strong></span> <span class='ocrx_word' id='word_1_107' title='bbox 1859 1542 1949 1597; x_wconf 91' lang='lat' dir='ltr'><strong>ille</strong></span> <span class='ocrx_word' id='word_1_108' title='bbox 1971 1556 2069 1596; x_wconf 88' lang='lat' dir='ltr'><strong>au-</strong></span> 
     </span>
    </p>
   </div>
   <div class='ocr_carea' id='block_1_16' title="bbox 485 1630 2069 1702">
    <p class='ocr_par' dir='ltr' id='par_1_16' title="bbox 485 1630 2069 1702">
     <span class='ocr_line' id='line_1_16' title="bbox 485 1630 2069 1702; baseline 0.006 -21"><span class='ocrx_word' id='word_1_109' title='bbox 485 1638 595 1682; x_wconf 85' lang='lat' dir='ltr'><strong>tem</strong></span> <span class='ocrx_word' id='word_1_110' title='bbox 625 1630 716 1698; x_wconf 89' lang='lat' dir='ltr'><strong>qui</strong></span> <span class='ocrx_word' id='word_1_111' title='bbox 749 1639 855 1695; x_wconf 91' lang='lat' dir='ltr'><strong>est,</strong></span> <span class='ocrx_word' id='word_1_112' title='bbox 884 1641 937 1685; x_wconf 91' lang='lat' dir='ltr'><strong>et</strong></span> <span class='ocrx_word' id='word_1_113' title='bbox 964 1644 1183 1699; x_wconf 88' lang='lat' dir='ltr'><strong>semper</strong></span> <span class='ocrx_word' id='word_1_114' title='bbox 1213 1641 1318 1697; x_wconf 91' lang='lat' dir='ltr'><strong>est,</strong></span> <span class='ocrx_word' id='word_1_115' title='bbox 1350 1646 1458 1686; x_wconf 93' lang='lat' dir='ltr'><strong>non</strong></span> <span class='ocrx_word' id='word_1_116' title='bbox 1500 1635 1941 1702; x_wconf 69' lang='lat' dir='ltr'><strong>praedestinatur,</strong></span> <span class='ocrx_word' id='word_1_117' title='bbox 1973 1636 2069 1691; x_wconf 83' lang='lat' dir='ltr'><strong>sed</strong></span> 
     </span>
    </p>
   </div>
   <div class='ocr_carea' id='block_1_17' title="bbox 481 1720 2064 1797">
    <p class='ocr_par' dir='ltr' id='par_1_17' title="bbox 481 1720 2064 1797">
     <span class='ocr_line' id='line_1_17' title="bbox 481 1720 2064 1797; baseline 0.006 -24"><span class='ocrx_word' id='word_1_118' title='bbox 481 1720 809 1778; x_wconf 80' lang='lat' dir='ltr'><strong>destinatur.</strong></span> <span class='ocrx_word' id='word_1_119' title='bbox 847 1724 971 1779; x_wconf 81' lang='lat' dir='ltr'><strong>llaec</strong></span> <span class='ocrx_word' id='word_1_120' title='bbox 1007 1725 1152 1780; x_wconf 90' lang='lat' dir='ltr'><strong>dicta</strong></span> <span class='ocrx_word' id='word_1_121' title='bbox 1194 1725 1309 1779; x_wconf 88' lang='lat' dir='ltr'><strong>sint</strong></span> <span class='ocrx_word' id='word_1_122' title='bbox 1335 1740 1367 1779; x_wconf 91' lang='lat' dir='ltr'><strong>a</strong></span> <span class='ocrx_word' id='word_1_123' title='bbox 1402 1726 1560 1780; x_wconf 90' lang='lat' dir='ltr'><strong>nobis</strong></span> <span class='ocrx_word' id='word_1_124' title='bbox 1608 1736 1827 1797; x_wconf 83' lang='lat' dir='ltr'><strong>propter</strong></span> <span class='ocrx_word' id='word_1_125' title='bbox 1850 1742 1946 1783; x_wconf 87' lang='lat' dir='ltr'><strong>eos</strong></span> <span class='ocrx_word' id='word_1_126' title='bbox 1972 1727 2064 1795; x_wconf 91' lang='lat' dir='ltr'><strong>qui</strong></span> 
     </span>
    </p>
   </div>
   <div class='ocr_carea' id='block_1_18' title="bbox 477 1814 2066 1888">
    <p class='ocr_par' dir='ltr' id='par_1_18' title="bbox 477 1814 2066 1888">
     <span class='ocr_line' id='line_1_18' title="bbox 477 1814 2066 1888; baseline 0.005 -22"><span class='ocrx_word' id='word_1_127' title='bbox 477 1814 535 1867; x_wconf 86' lang='lat' dir='ltr'><strong>in</strong></span> <span class='ocrx_word' id='word_1_128' title='bbox 566 1814 906 1882; x_wconf 81' lang='lat' dir='ltr'><strong>unigenitum</strong></span> <span class='ocrx_word' id='word_1_129' title='bbox 939 1817 1136 1872; x_wconf 85' lang='lat' dir='ltr'><strong>Filium</strong></span> <span class='ocrx_word' id='word_1_130' title='bbox 1170 1816 1264 1872; x_wconf 95' lang='lat' dir='ltr'><strong>Dei</strong></span> <span class='ocrx_word' id='word_1_131' title='bbox 1293 1816 1631 1887; x_wconf 79' lang='lat' dir='ltr'><strong>impietatem</strong></span> <span class='ocrx_word' id='word_1_132' title='bbox 1663 1817 1979 1888; x_wconf 91' lang='lat' dir='ltr'><strong>loquuntur,</strong></span> <span class='ocrx_word' id='word_1_133' title='bbox 2010 1828 2066 1874; x_wconf 88' lang='lat' dir='ltr'><strong>et</strong></span> 
     </span>
    </p>
   </div>
   <div class='ocr_carea' id='block_1_19' title="bbox 2179 626 3753 700">
    <p class='ocr_par' dir='ltr' id='par_1_19' title="bbox 2179 626 3753 700">
     <span class='ocr_line' id='line_1_19' title="bbox 2179 626 3753 700; baseline 0.004 -22"><span class='ocrx_word' id='word_1_134' title='bbox 2179 626 2537 691; x_wconf 81' lang='lat' dir='ltr'><strong>nominatur;</strong></span> <span class='ocrx_word' id='word_1_135' title='bbox 2590 627 2655 680; x_wconf 91' lang='lat' dir='ltr'><strong>de</strong></span> <span class='ocrx_word' id='word_1_136' title='bbox 2707 640 2812 694; x_wconf 89' lang='lat' dir='ltr'><strong>qua</strong></span> <span class='ocrx_word' id='word_1_137' title='bbox 2850 626 2978 680; x_wconf 85' lang='lat' dir='ltr'><strong>alibi</strong></span> <span class='ocrx_word' id='word_1_138' title='bbox 3014 628 3133 697; x_wconf 89' lang='lat' dir='ltr'><strong>ipse</strong></span> <span class='ocrx_word' id='word_1_139' title='bbox 3172 626 3424 685; x_wconf 82' lang='lat' dir='ltr'><strong>Salvator</strong></span> <span class='ocrx_word' id='word_1_140' title='bbox 3450 632 3603 697; x_wconf 90' lang='lat' dir='ltr'><strong>dicit,</strong></span> <span class='ocrx_word' id='word_1_141' title='bbox 3630 633 3753 700; x_wconf 89' lang='lat' dir='ltr'><strong>quia</strong></span> 
     </span>
    </p>
   </div>
   <div class='ocr_carea' id='block_1_20' title="bbox 2175 717 3757 786">
    <p class='ocr_par' dir='ltr' id='par_1_20' title="bbox 2175 717 3757 786">
     <span class='ocr_line' id='line_1_20' title="bbox 2175 717 3757 786; baseline 0.005 -16"><span class='ocrx_word' id='word_1_142' title='bbox 2175 717 2343 771; x_wconf 76' lang='lat' dir='ltr'><strong>tristis</strong></span> <span class='ocrx_word' id='word_1_143' title='bbox 2375 728 2450 770; x_wconf 86' lang='lat' dir='ltr'><strong>est</strong></span> <span class='ocrx_word' id='word_1_144' title='bbox 2475 719 2656 770; x_wconf 89' lang='lat' dir='ltr'><strong>anima</strong></span> <span class='ocrx_word' id='word_1_145' title='bbox 2686 734 2804 771; x_wconf 88' lang='lat' dir='ltr'><strong>mea</strong></span> <span class='ocrx_word' id='word_1_146' title='bbox 2826 734 2988 786; x_wconf 83' lang='lat' dir='ltr'><strong>usque</strong></span> <span class='ocrx_word' id='word_1_147' title='bbox 3011 720 3080 770; x_wconf 84' lang='lat' dir='ltr'><strong>ad</strong></span> <span class='ocrx_word' id='word_1_148' title='bbox 3112 731 3331 774; x_wconf 87' lang='lat' dir='ltr'><strong>mortem</strong></span> <span class='ocrx_word' id='word_1_149' title='bbox 3354 722 3434 783; x_wconf 67' lang='grc' dir='ltr'>ἰς</span> <span class='ocrx_word' id='word_1_150' title='bbox 3462 733 3515 776; x_wconf 87' lang='lat' dir='ltr'><strong>et</strong></span> <span class='ocrx_word' id='word_1_151' title='bbox 3543 742 3558 777; x_wconf 89' lang='lat'><strong>:</strong></span> <span class='ocrx_word' id='word_1_152' title='bbox 3596 724 3757 778; x_wconf 86' lang='lat' dir='ltr'><strong>Nunc</strong></span> 
     </span>
    </p>
   </div>
   <div class='ocr_carea' id='block_1_21' title="bbox 2176 805 3756 881">
    <p class='ocr_par' dir='ltr' id='par_1_21' title="bbox 2176 805 3756 881">
     <span class='ocr_line' id='line_1_21' title="bbox 2176 805 3756 881; baseline 0.006 -23"><span class='ocrx_word' id='word_1_153' title='bbox 2176 805 2357 859; x_wconf 88' lang='lat' dir='ltr'><strong>anima</strong></span> <span class='ocrx_word' id='word_1_154' title='bbox 2382 822 2497 858; x_wconf 85' lang='lat' dir='ltr'><strong>mea</strong></span> <span class='ocrx_word' id='word_1_155' title='bbox 2528 806 2748 859; x_wconf 87' lang='lat' dir='ltr'><strong>turbata</strong></span> <span class='ocrx_word' id='word_1_156' title='bbox 2776 818 2851 861; x_wconf 87' lang='lat' dir='ltr'><strong>est</strong></span> <span class='ocrx_word' id='word_1_157' title='bbox 2873 808 2918 837; x_wconf 80' lang='lat'>“</span> <span class='ocrx_word' id='word_1_158' title='bbox 2944 825 2957 862; x_wconf 89' lang='lat'>:</span> <span class='ocrx_word' id='word_1_159' title='bbox 2987 823 3151 877; x_wconf 89' lang='lat' dir='ltr'><strong>quam</strong></span> <span class='ocrx_word' id='word_1_160' title='bbox 3180 820 3236 863; x_wconf 89' lang='lat' dir='ltr'><strong>et</strong></span> <span class='ocrx_word' id='word_1_161' title='bbox 3266 827 3294 862; x_wconf 90' lang='lat' dir='ltr'><strong>a</strong></span> <span class='ocrx_word' id='word_1_162' title='bbox 3323 813 3617 879; x_wconf 86' lang='lat' dir='ltr'><strong>semetipso</strong></span> <span class='ocrx_word' id='word_1_163' title='bbox 3659 829 3756 881; x_wconf 84' lang='lat' dir='ltr'><strong>po-</strong></span> 
     </span>
    </p>
   </div>
   <div class='ocr_carea' id='block_1_22' title="bbox 2173 895 3754 967">
    <p class='ocr_par' dir='ltr' id='par_1_22' title="bbox 2173 895 3754 967">
     <span class='ocr_line' id='line_1_22' title="bbox 2173 895 3754 967; baseline 0.006 -18"><span class='ocrx_word' id='word_1_164' title='bbox 2173 896 2305 959; x_wconf 86' lang='lat' dir='ltr'><strong>suit,</strong></span> <span class='ocrx_word' id='word_1_165' title='bbox 2342 895 2453 949; x_wconf 92' lang='lat' dir='ltr'><strong>imo</strong></span> <span class='ocrx_word' id='word_1_166' title='bbox 2479 910 2601 965; x_wconf 63' lang='lat' dir='ltr'><strong>quae</strong></span> <span class='ocrx_word' id='word_1_167' title='bbox 2629 895 2746 966; x_wconf 70' lang='lat'><strong>(29)</strong></span> <span class='ocrx_word' id='word_1_168' title='bbox 2788 912 2962 966; x_wconf 89' lang='lat' dir='ltr'><strong>usque</strong></span> <span class='ocrx_word' id='word_1_169' title='bbox 3012 899 3079 952; x_wconf 90' lang='lat' dir='ltr'><strong>ad</strong></span> <span class='ocrx_word' id='word_1_170' title='bbox 3124 899 3398 953; x_wconf 75' lang='lat' dir='ltr'><strong>infernum</strong></span> <span class='ocrx_word' id='word_1_171' title='bbox 3450 904 3754 967; x_wconf 86' lang='lat' dir='ltr'><strong>descendit,</strong></span> 
     </span>
    </p>
   </div>
   <div class='ocr_carea' id='block_1_23' title="bbox 2181 987 3755 1061">
    <p class='ocr_par' dir='ltr' id='par_1_23' title="bbox 2181 987 3755 1061">
     <span class='ocr_line' id='line_1_23' title="bbox 2181 987 3755 1061; baseline 0.006 -21"><span class='ocrx_word' id='word_1_172' title='bbox 2181 989 2247 1041; x_wconf 90' lang='lat' dir='ltr'><strong>de</strong></span> <span class='ocrx_word' id='word_1_173' title='bbox 2276 1002 2382 1056; x_wconf 85' lang='lat' dir='ltr'><strong>qua</strong></span> <span class='ocrx_word' id='word_1_174' title='bbox 2414 996 2471 1041; x_wconf 92' lang='lat' dir='ltr'><strong>et</strong></span> <span class='ocrx_word' id='word_1_175' title='bbox 2508 987 2709 1041; x_wconf 83' lang='lat' dir='ltr'><strong>dicitur</strong></span> <span class='ocrx_word' id='word_1_176' title='bbox 2737 1006 2751 1043; x_wconf 76' lang='grc' dir='ltr'>ε</span> <span class='ocrx_word' id='word_1_177' title='bbox 2785 987 2910 1042; x_wconf 84' lang='lat' dir='ltr'><strong>Non</strong></span> <span class='ocrx_word' id='word_1_178' title='bbox 2946 990 3278 1061; x_wconf 78' lang='lat' dir='ltr'><strong>derelinquas</strong></span> <span class='ocrx_word' id='word_1_179' title='bbox 3315 994 3548 1047; x_wconf 86' lang='lat' dir='ltr'><strong>animum</strong></span> <span class='ocrx_word' id='word_1_180' title='bbox 3586 1011 3755 1050; x_wconf 84' lang='lat' dir='ltr'><strong>meum</strong></span> 
     </span>
    </p>
   </div>
   <div class='ocr_carea' id='block_1_24' title="bbox 2174 1077 3758 1151">
    <p class='ocr_par' dir='ltr' id='par_1_24' title="bbox 2174 1077 3758 1151">
     <span class='ocr_line' id='line_1_24' title="bbox 2174 1077 3758 1151; baseline 0.006 -22"><span class='ocrx_word' id='word_1_181' title='bbox 2174 1077 2233 1131; x_wconf 89' lang='lat' dir='ltr'><strong>in</strong></span> <span class='ocrx_word' id='word_1_182' title='bbox 2263 1077 2475 1146; x_wconf 77' lang='lat' dir='ltr'><strong>inferno</strong></span> <span class='ocrx_word' id='word_1_183' title='bbox 2503 1078 2569 1133; x_wconf 80' lang='lat'><strong>&quot;.</strong></span> <span class='ocrx_word' id='word_1_184' title='bbox 2603 1079 2825 1133; x_wconf 80' lang='lat' dir='ltr'><strong>Certum</strong></span> <span class='ocrx_word' id='word_1_185' title='bbox 2856 1088 2940 1151; x_wconf 85' lang='lat' dir='ltr'><strong>est</strong></span> <span class='ocrx_word' id='word_1_186' title='bbox 2960 1079 3107 1132; x_wconf 82' lang='lat' dir='ltr'><strong>enim</strong></span> <span class='ocrx_word' id='word_1_187' title='bbox 3133 1080 3258 1149; x_wconf 88' lang='lat' dir='ltr'><strong>quia</strong></span> <span class='ocrx_word' id='word_1_188' title='bbox 3288 1082 3400 1136; x_wconf 72' lang='lat' dir='ltr'><strong>haec</strong></span> <span class='ocrx_word' id='word_1_189' title='bbox 3432 1097 3538 1136; x_wconf 89' lang='lat' dir='ltr'><strong>non</strong></span> <span class='ocrx_word' id='word_1_190' title='bbox 3570 1085 3635 1138; x_wconf 89' lang='lat' dir='ltr'><strong>de</strong></span> <span class='ocrx_word' id='word_1_191' title='bbox 3670 1100 3758 1138; x_wconf 60' lang='lat' dir='ltr'><strong>se»</strong></span> 
     </span>
    </p>
   </div>
   <div class='ocr_carea' id='block_1_25' title="bbox 2173 1169 3753 1244">
    <p class='ocr_par' dir='ltr' id='par_1_25' title="bbox 2173 1169 3753 1244">
     <span class='ocr_line' id='line_1_25' title="bbox 2173 1169 3753 1244; baseline 0.003 -20"><span class='ocrx_word' id='word_1_192' title='bbox 2173 1171 2323 1226; x_wconf 89' lang='lat' dir='ltr'><strong>mine</strong></span> <span class='ocrx_word' id='word_1_193' title='bbox 2370 1169 2538 1225; x_wconf 87' lang='lat' dir='ltr'><strong>David</strong></span> <span class='ocrx_word' id='word_1_194' title='bbox 2590 1180 2852 1240; x_wconf 78' lang='lat' dir='ltr'><strong>generata</strong></span> <span class='ocrx_word' id='word_1_195' title='bbox 2908 1169 3001 1225; x_wconf 86' lang='lat' dir='ltr'><strong>sit.</strong></span> <span class='ocrx_word' id='word_1_196' title='bbox 3056 1169 3199 1226; x_wconf 89' lang='lat' dir='ltr'><strong>Dicit</strong></span> <span class='ocrx_word' id='word_1_197' title='bbox 3235 1173 3380 1227; x_wconf 88' lang='lat' dir='ltr'><strong>cnim</strong></span> <span class='ocrx_word' id='word_1_198' title='bbox 3430 1173 3560 1243; x_wconf 87' lang='lat' dir='ltr'><strong>quia</strong></span> <span class='ocrx_word' id='word_1_199' title='bbox 3610 1176 3753 1244; x_wconf 90' lang='lat' dir='ltr'><strong>quod</strong></span> 
     </span>
    </p>
   </div>
   <div class='ocr_carea' id='block_1_26' title="bbox 2175 1260 3750 1325">
    <p class='ocr_par' dir='ltr' id='par_1_26' title="bbox 2175 1260 3750 1325">
     <span class='ocr_line' id='line_1_26' title="bbox 2175 1260 3750 1325; baseline 0.003 -12"><span class='ocrx_word' id='word_1_200' title='bbox 2175 1262 2378 1314; x_wconf 81' lang='lat' dir='ltr'><strong>factum</strong></span> <span class='ocrx_word' id='word_1_201' title='bbox 2432 1270 2515 1315; x_wconf 91' lang='lat' dir='ltr'><strong>est</strong></span> <span class='ocrx_word' id='word_1_202' title='bbox 2565 1276 2633 1314; x_wconf 83' lang='lat' dir='ltr'><strong>ex</strong></span> <span class='ocrx_word' id='word_1_203' title='bbox 2681 1262 2889 1315; x_wconf 81' lang='lat' dir='ltr'><strong>semine</strong></span> <span class='ocrx_word' id='word_1_204' title='bbox 2938 1260 3134 1325; x_wconf 83' lang='lat' dir='ltr'><strong>David,</strong></span> <span class='ocrx_word' id='word_1_205' title='bbox 3184 1262 3479 1317; x_wconf 88' lang='lat' dir='ltr'><strong>secundum</strong></span> <span class='ocrx_word' id='word_1_206' title='bbox 3531 1278 3750 1318; x_wconf 89' lang='lat' dir='ltr'><strong>carnem</strong></span> 
     </span>
    </p>
   </div>
   <div class='ocr_carea' id='block_1_27' title="bbox 2169 1354 3754 1425">
    <p class='ocr_par' dir='ltr' id='par_1_27' title="bbox 2169 1354 3754 1425">
     <span class='ocr_line' id='line_1_27' title="bbox 2169 1354 3754 1425; baseline 0 -18"><span class='ocrx_word' id='word_1_207' title='bbox 2169 1366 2254 1408; x_wconf 87' lang='lat' dir='ltr'><strong>est</strong></span> <span class='ocrx_word' id='word_1_208' title='bbox 2276 1354 2346 1410; x_wconf 72' lang='lat'><strong>&quot;.</strong></span> <span class='ocrx_word' id='word_1_209' title='bbox 2376 1354 2514 1420; x_wconf 85' lang='lat' dir='ltr'><strong>Quia</strong></span> <span class='ocrx_word' id='word_1_210' title='bbox 2571 1369 2703 1425; x_wconf 79' lang='lat' dir='ltr'><strong>ergo</strong></span> <span class='ocrx_word' id='word_1_211' title='bbox 2734 1368 2910 1423; x_wconf 74' lang='lat' dir='ltr'><strong>neque</strong></span> <span class='ocrx_word' id='word_1_212' title='bbox 2940 1355 2995 1409; x_wconf 91' lang='lat' dir='ltr'><strong>in</strong></span> <span class='ocrx_word' id='word_1_213' title='bbox 3026 1368 3094 1410; x_wconf 90' lang='lat' dir='ltr'><strong>eo</strong></span> <span class='ocrx_word' id='word_1_214' title='bbox 3118 1356 3263 1424; x_wconf 90' lang='lat' dir='ltr'><strong>quod</strong></span> <span class='ocrx_word' id='word_1_215' title='bbox 3303 1356 3601 1411; x_wconf 88' lang='lat' dir='ltr'><strong>secundum</strong></span> <span class='ocrx_word' id='word_1_216' title='bbox 3628 1371 3754 1409; x_wconf 87' lang='lat' dir='ltr'><strong>car-</strong></span> 
     </span>
    </p>
   </div>
   <div class='ocr_carea' id='block_1_28' title="bbox 2172 1445 3751 1515">
    <p class='ocr_par' dir='ltr' id='par_1_28' title="bbox 2172 1445 3751 1515">
     <span class='ocr_line' id='line_1_28' title="bbox 2172 1445 3751 1515; baseline 0.003 -17"><span class='ocrx_word' id='word_1_217' title='bbox 2172 1460 2293 1500; x_wconf 91' lang='lat' dir='ltr'><strong>nem</strong></span> <span class='ocrx_word' id='word_1_218' title='bbox 2322 1455 2427 1511; x_wconf 89' lang='lat' dir='ltr'><strong>est,</strong></span> <span class='ocrx_word' id='word_1_219' title='bbox 2449 1445 2660 1501; x_wconf 83' lang='lat' dir='ltr'><strong>videtur</strong></span> <span class='ocrx_word' id='word_1_220' title='bbox 2685 1448 3056 1514; x_wconf 85' lang='lat' dir='ltr'><strong>annumerari,</strong></span> <span class='ocrx_word' id='word_1_221' title='bbox 3084 1462 3260 1515; x_wconf 87' lang='lat' dir='ltr'><strong>neque</strong></span> <span class='ocrx_word' id='word_1_222' title='bbox 3285 1447 3335 1501; x_wconf 90' lang='lat' dir='ltr'><strong>in</strong></span> <span class='ocrx_word' id='word_1_223' title='bbox 3366 1460 3431 1500; x_wconf 86' lang='lat' dir='ltr'><strong>eo</strong></span> <span class='ocrx_word' id='word_1_224' title='bbox 3462 1447 3552 1501; x_wconf 92' lang='lat' dir='ltr'><strong>ubi</strong></span> <span class='ocrx_word' id='word_1_225' title='bbox 3586 1448 3751 1502; x_wconf 84' lang='lat' dir='ltr'><strong>desti-</strong></span> 
     </span>
    </p>
   </div>
   <div class='ocr_carea' id='block_1_29' title="bbox 2172 1536 3747 1609">
    <p class='ocr_par' dir='ltr' id='par_1_29' title="bbox 2172 1536 3747 1609">
     <span class='ocr_line' id='line_1_29' title="bbox 2172 1536 3747 1609; baseline 0.001 -18"><span class='ocrx_word' id='word_1_226' title='bbox 2172 1546 2331 1591; x_wconf 84' lang='lat' dir='ltr'><strong>natur</strong></span> <span class='ocrx_word' id='word_1_227' title='bbox 2351 1536 2465 1609; x_wconf 80' lang='lat'><strong>(50)</strong></span> <span class='ocrx_word' id='word_1_228' title='bbox 2490 1537 2667 1593; x_wconf 89' lang='lat' dir='ltr'><strong>Filius</strong></span> <span class='ocrx_word' id='word_1_229' title='bbox 2721 1536 2817 1592; x_wconf 89' lang='lat' dir='ltr'><strong>Dei</strong></span> <span class='ocrx_word' id='word_1_230' title='bbox 2844 1536 2900 1591; x_wconf 90' lang='lat' dir='ltr'><strong>in</strong></span> <span class='ocrx_word' id='word_1_231' title='bbox 2931 1537 3132 1592; x_wconf 86' lang='lat' dir='ltr'><strong>virtute</strong></span> <span class='ocrx_word' id='word_1_232' title='bbox 3175 1539 3470 1593; x_wconf 86' lang='lat' dir='ltr'><strong>secundum</strong></span> <span class='ocrx_word' id='word_1_233' title='bbox 3499 1539 3747 1607; x_wconf 85' lang='lat' dir='ltr'><strong>spiritum</strong></span> 
     </span>
    </p>
   </div>
   <div class='ocr_carea' id='block_1_30' title="bbox 2169 1630 3747 1701">
    <p class='ocr_par' dir='ltr' id='par_1_30' title="bbox 2169 1630 3747 1701">
     <span class='ocr_line' id='line_1_30' title="bbox 2169 1630 3747 1701; baseline -0.001 -16"><span class='ocrx_word' id='word_1_234' title='bbox 2169 1630 2627 1687; x_wconf 82' lang='lat' dir='ltr'><strong>sanctiﬁcationis</strong></span> <span class='ocrx_word' id='word_1_235' title='bbox 2673 1632 2751 1696; x_wconf 77' lang='lat'><strong>&quot;,</strong></span> <span class='ocrx_word' id='word_1_236' title='bbox 2802 1641 2936 1701; x_wconf 91' lang='lat' dir='ltr'><strong>puto</strong></span> <span class='ocrx_word' id='word_1_237' title='bbox 3004 1631 3149 1700; x_wconf 88' lang='lat' dir='ltr'><strong>quod</strong></span> <span class='ocrx_word' id='word_1_238' title='bbox 3211 1632 3600 1687; x_wconf 82' lang='lat' dir='ltr'><strong>consuetudine</strong></span> <span class='ocrx_word' id='word_1_239' title='bbox 3650 1647 3747 1687; x_wconf 85' lang='lat' dir='ltr'><strong>sua</strong></span> 
     </span>
    </p>
   </div>
   <div class='ocr_carea' id='block_1_31' title="bbox 2171 1722 3748 1790">
    <p class='ocr_par' dir='ltr' id='par_1_31' title="bbox 2171 1722 3748 1790">
     <span class='ocr_line' id='line_1_31' title="bbox 2171 1722 3748 1790; baseline 0.002 -14"><span class='ocrx_word' id='word_1_240' title='bbox 2171 1722 2470 1786; x_wconf 84' lang='lat' dir='ltr'><strong>Apostolus</strong></span> <span class='ocrx_word' id='word_1_241' title='bbox 2500 1730 2683 1777; x_wconf 87' lang='lat' dir='ltr'><strong>utatur</strong></span> <span class='ocrx_word' id='word_1_242' title='bbox 2708 1724 2881 1779; x_wconf 90' lang='lat' dir='ltr'><strong>etiam</strong></span> <span class='ocrx_word' id='word_1_243' title='bbox 2912 1723 2965 1778; x_wconf 91' lang='lat' dir='ltr'><strong>in</strong></span> <span class='ocrx_word' id='word_1_244' title='bbox 2997 1722 3099 1777; x_wconf 91' lang='lat' dir='ltr'><strong>hoc</strong></span> <span class='ocrx_word' id='word_1_245' title='bbox 3122 1723 3262 1790; x_wconf 88' lang='lat' dir='ltr'><strong>loco,</strong></span> <span class='ocrx_word' id='word_1_246' title='bbox 3292 1724 3473 1779; x_wconf 89' lang='lat' dir='ltr'><strong>sciens</strong></span> <span class='ocrx_word' id='word_1_247' title='bbox 3514 1724 3748 1779; x_wconf 88' lang='lat' dir='ltr'><strong>mediam</strong></span> 
     </span>
    </p>
   </div>
   <div class='ocr_carea' id='block_1_32' title="bbox 2169 1814 3750 1884">
    <p class='ocr_par' dir='ltr' id='par_1_32' title="bbox 2169 1814 3750 1884">
     <span class='ocr_line' id='line_1_32' title="bbox 2169 1814 3750 1884; baseline 0.002 -16"><span class='ocrx_word' id='word_1_248' title='bbox 2169 1828 2386 1883; x_wconf 90' lang='lat' dir='ltr'><strong>semper</strong></span> <span class='ocrx_word' id='word_1_249' title='bbox 2419 1828 2543 1868; x_wconf 85' lang='lat' dir='ltr'><strong>esse</strong></span> <span class='ocrx_word' id='word_1_250' title='bbox 2574 1817 2818 1869; x_wconf 88' lang='lat' dir='ltr'><strong>animam</strong></span> <span class='ocrx_word' id='word_1_251' title='bbox 2849 1815 2995 1870; x_wconf 88' lang='lat' dir='ltr'><strong>inter</strong></span> <span class='ocrx_word' id='word_1_252' title='bbox 3024 1814 3278 1884; x_wconf 90' lang='lat' dir='ltr'><strong>spiritum</strong></span> <span class='ocrx_word' id='word_1_253' title='bbox 3313 1824 3371 1869; x_wconf 86' lang='lat' dir='ltr'><strong>et</strong></span> <span class='ocrx_word' id='word_1_254' title='bbox 3408 1831 3651 1881; x_wconf 86' lang='lat' dir='ltr'><strong>carnem,</strong></span> <span class='ocrx_word' id='word_1_255' title='bbox 3692 1826 3750 1871; x_wconf 89' lang='lat' dir='ltr'><strong>et</strong></span> 
     </span>
    </p>
   </div>
   <div class='ocr_carea' id='block_1_33' title="bbox 479 1899 3746 1981">
    <p class='ocr_par' dir='ltr' id='par_1_33' title="bbox 479 1899 3746 1981">
     <span class='ocr_line' id='line_1_33' title="bbox 479 1899 3746 1981; baseline 0.003 -29"><span class='ocrx_word' id='word_1_256' title='bbox 479 1904 801 1973; x_wconf 72' lang='lat' dir='ltr'><strong>ignorantes</strong></span> <span class='ocrx_word' id='word_1_257' title='bbox 844 1908 1214 1966; x_wconf 68' lang='lat' dir='ltr'><strong>ameremiam</strong></span> <span class='ocrx_word' id='word_1_258' title='bbox 1269 1911 1526 1967; x_wconf 50' lang='lat' dir='ltr'><strong>destinati</strong></span> <span class='ocrx_word' id='word_1_259' title='bbox 1565 1921 1622 1966; x_wconf 72' lang='grc' dir='ltr'><strong>ει</strong></span> <span class='ocrx_word' id='word_1_260' title='bbox 1673 1912 2064 1981; x_wconf 58' lang='grc' dir='ltr'><strong>ριιωάεειῑηειί,</strong></span> <span class='ocrx_word' id='word_1_261' title='bbox 2095 1899 2141 1955; x_wconf 88' lang='grc' dir='ltr'><strong>Β</strong></span> <span class='ocrx_word' id='word_1_262' title='bbox 2170 1918 2263 1961; x_wconf 90' lang='lat' dir='ltr'><strong>aut</strong></span> <span class='ocrx_word' id='word_1_263' title='bbox 2284 1906 2522 1978; x_wconf 73' lang='lat' dir='ltr'><strong>iungere</strong></span> <span class='ocrx_word' id='word_1_264' title='bbox 2545 1923 2607 1963; x_wconf 87' lang='lat' dir='ltr'><strong>se</strong></span> <span class='ocrx_word' id='word_1_265' title='bbox 2633 1909 2811 1973; x_wconf 88' lang='lat' dir='ltr'><strong>carui,</strong></span> <span class='ocrx_word' id='word_1_266' title='bbox 2844 1918 2900 1962; x_wconf 92' lang='lat' dir='ltr'><strong>et</strong></span> <span class='ocrx_word' id='word_1_267' title='bbox 2921 1906 3059 1962; x_wconf 82' lang='lat' dir='ltr'><strong>eﬁici</strong></span> <span class='ocrx_word' id='word_1_268' title='bbox 3083 1922 3247 1961; x_wconf 89' lang='lat' dir='ltr'><strong>unum</strong></span> <span class='ocrx_word' id='word_1_269' title='bbox 3276 1924 3394 1963; x_wconf 93' lang='lat' dir='ltr'><strong>cum</strong></span> <span class='ocrx_word' id='word_1_270' title='bbox 3422 1924 3622 1973; x_wconf 87' lang='lat' dir='ltr'><strong>carne;</strong></span> <span class='ocrx_word' id='word_1_271' title='bbox 3653 1921 3746 1963; x_wconf 87' lang='lat' dir='ltr'><strong>aut</strong></span> 
     </span>
    </p>
   </div>
   <div class='ocr_carea' id='block_1_34' title="bbox 479 2001 2062 2072">
    <p class='ocr_par' dir='ltr' id='par_1_34' title="bbox 479 2001 2062 2072">
     <span class='ocr_line' id='line_1_34' title="bbox 479 2001 2062 2072; baseline 0.006 -23"><span class='ocrx_word' id='word_1_272' title='bbox 479 2006 812 2066; x_wconf 90' lang='lat' dir='ltr'><strong>putanteum</strong></span> <span class='ocrx_word' id='word_1_273' title='bbox 863 2001 1009 2055; x_wconf 85' lang='lat' dir='ltr'><strong>inter</strong></span> <span class='ocrx_word' id='word_1_274' title='bbox 1063 2017 1160 2057; x_wconf 84' lang='lat' dir='ltr'><strong>eos</strong></span> <span class='ocrx_word' id='word_1_275' title='bbox 1204 2002 1323 2072; x_wconf 81' lang='lat' dir='ltr'><strong>qui,</strong></span> <span class='ocrx_word' id='word_1_276' title='bbox 1366 2018 1489 2057; x_wconf 91' lang='lat' dir='ltr'><strong>cum</strong></span> <span class='ocrx_word' id='word_1_277' title='bbox 1530 2011 1658 2058; x_wconf 86' lang='lat' dir='ltr'><strong>ante</strong></span> <span class='ocrx_word' id='word_1_278' title='bbox 1690 2019 1797 2058; x_wconf 89' lang='lat' dir='ltr'><strong>non</strong></span> <span class='ocrx_word' id='word_1_279' title='bbox 1837 2003 2062 2070; x_wconf 80' lang='lat' dir='ltr'><strong>iuerint,</strong></span> 
     </span>
    </p>
   </div>
   <div class='ocr_carea' id='block_1_35' title="bbox 478 2088 2061 2165">
    <p class='ocr_par' dir='ltr' id='par_1_35' title="bbox 478 2088 2061 2165">
     <span class='ocr_line' id='line_1_35' title="bbox 478 2088 2061 2165; baseline 0.007 -26"><span class='ocrx_word' id='word_1_280' title='bbox 478 2088 857 2157; x_wconf 69' lang='lat' dir='ltr'><strong>prazdestinati</strong></span> <span class='ocrx_word' id='word_1_281' title='bbox 905 2101 1033 2148; x_wconf 85' lang='lat' dir='ltr'><strong>sunt</strong></span> <span class='ocrx_word' id='word_1_282' title='bbox 1085 2103 1145 2146; x_wconf 91' lang='lat' dir='ltr'><strong>ut</strong></span> <span class='ocrx_word' id='word_1_283' title='bbox 1198 2100 1407 2155; x_wconf 90' lang='lat' dir='ltr'><strong>essent,</strong></span> <span class='ocrx_word' id='word_1_284' title='bbox 1460 2096 1857 2148; x_wconf 91' lang='lat' dir='ltr'><strong>numerandum</strong></span> <span class='ocrx_word' id='word_1_285' title='bbox 1903 2114 1918 2150; x_wconf 85' lang='lat'><strong>:</strong></span> <span class='ocrx_word' id='word_1_286' title='bbox 1969 2096 2061 2165; x_wconf 89' lang='lat' dir='ltr'><strong>qui</strong></span> 
     </span>
    </p>
   </div>
   <div class='ocr_carea' id='block_1_36' title="bbox 474 2183 2065 2251">
    <p class='ocr_par' dir='ltr' id='par_1_36' title="bbox 474 2183 2065 2251">
     <span class='ocr_line' id='line_1_36' title="bbox 474 2183 2065 2251; baseline 0.006 -20"><span class='ocrx_word' id='word_1_287' title='bbox 474 2194 755 2249; x_wconf 85' lang='lat' dir='ltr'><strong>nunquam</strong></span> <span class='ocrx_word' id='word_1_288' title='bbox 779 2183 1204 2251; x_wconf 69' lang='lat' dir='ltr'><strong>praedestinatus</strong></span> <span class='ocrx_word' id='word_1_289' title='bbox 1226 2192 1310 2238; x_wconf 90' lang='lat' dir='ltr'><strong>est</strong></span> <span class='ocrx_word' id='word_1_290' title='bbox 1337 2192 1397 2238; x_wconf 94' lang='lat' dir='ltr'><strong>ut</strong></span> <span class='ocrx_word' id='word_1_291' title='bbox 1417 2195 1565 2239; x_wconf 85' lang='lat' dir='ltr'><strong>esset</strong></span> <span class='ocrx_word' id='word_1_292' title='bbox 1589 2184 1781 2249; x_wconf 89' lang='lat' dir='ltr'><strong>Filius,</strong></span> <span class='ocrx_word' id='word_1_293' title='bbox 1811 2188 1905 2242; x_wconf 91' lang='lat' dir='ltr'><strong>sed</strong></span> <span class='ocrx_word' id='word_1_294' title='bbox 1925 2203 2065 2243; x_wconf 77' lang='lat' dir='ltr'><strong>sein-</strong></span> 
     </span>
    </p>
   </div>
   <div class='ocr_carea' id='block_1_37' title="bbox 478 2272 2062 2348">
    <p class='ocr_par' dir='ltr' id='par_1_37' title="bbox 478 2272 2062 2348">
     <span class='ocr_line' id='line_1_37' title="bbox 478 2272 2062 2348; baseline 0.009 -26"><span class='ocrx_word' id='word_1_295' title='bbox 478 2287 576 2339; x_wconf 89' lang='lat' dir='ltr'><strong>per</strong></span> <span class='ocrx_word' id='word_1_296' title='bbox 609 2272 710 2326; x_wconf 82' lang='lat' dir='ltr'><strong>fuit</strong></span> <span class='ocrx_word' id='word_1_297' title='bbox 741 2284 797 2328; x_wconf 89' lang='lat' dir='ltr'><strong>et</strong></span> <span class='ocrx_word' id='word_1_298' title='bbox 830 2284 914 2329; x_wconf 89' lang='lat' dir='ltr'><strong>est</strong></span> <span class='ocrx_word' id='word_1_299' title='bbox 940 2275 1055 2347; x_wconf 73' lang='lat'><strong>(26)</strong></span> <span class='ocrx_word' id='word_1_300' title='bbox 1093 2278 1235 2331; x_wconf 86' lang='lat' dir='ltr'><strong>sicut</strong></span> <span class='ocrx_word' id='word_1_301' title='bbox 1270 2286 1328 2331; x_wconf 91' lang='lat' dir='ltr'><strong>et</strong></span> <span class='ocrx_word' id='word_1_302' title='bbox 1363 2276 1546 2332; x_wconf 88' lang='lat' dir='ltr'><strong>Pater.</strong></span> <span class='ocrx_word' id='word_1_303' title='bbox 1595 2279 1695 2344; x_wconf 89' lang='lat' dir='ltr'><strong>Qui</strong></span> <span class='ocrx_word' id='word_1_304' title='bbox 1745 2295 1875 2348; x_wconf 79' lang='lat' dir='ltr'><strong>ergo</strong></span> <span class='ocrx_word' id='word_1_305' title='bbox 1918 2296 2062 2336; x_wconf 89' lang='lat' dir='ltr'><strong>sem-</strong></span> 
     </span>
    </p>
   </div>
   <div class='ocr_carea' id='block_1_38' title="bbox 469 2368 2056 2442">
    <p class='ocr_par' dir='ltr' id='par_1_38' title="bbox 469 2368 2056 2442">
     <span class='ocr_line' id='line_1_38' title="bbox 469 2368 2056 2442; baseline 0.004 -21"><span class='ocrx_word' id='word_1_306' title='bbox 469 2382 573 2433; x_wconf 62' lang='lat' dir='ltr'><strong>per</strong></span> <span class='ocrx_word' id='word_1_307' title='bbox 599 2379 708 2433; x_wconf 87' lang='lat' dir='ltr'><strong>est,</strong></span> <span class='ocrx_word' id='word_1_308' title='bbox 734 2368 1064 2433; x_wconf 86' lang='lat' dir='ltr'><strong>destinatur,</strong></span> <span class='ocrx_word' id='word_1_309' title='bbox 1091 2380 1148 2423; x_wconf 92' lang='lat' dir='ltr'><strong>ut</strong></span> <span class='ocrx_word' id='word_1_310' title='bbox 1171 2370 1430 2435; x_wconf 80' lang='lat' dir='ltr'><strong>diximus,</strong></span> <span class='ocrx_word' id='word_1_311' title='bbox 1465 2387 1570 2426; x_wconf 90' lang='lat' dir='ltr'><strong>non</strong></span> <span class='ocrx_word' id='word_1_312' title='bbox 1599 2373 2056 2442; x_wconf 61' lang='lat' dir='ltr'><strong>praedestinatum</strong></span> 
     </span>
    </p>
   </div>
   <div class='ocr_carea' id='block_1_39' title="bbox 466 2461 2055 2530">
    <p class='ocr_par' dir='ltr' id='par_1_39' title="bbox 466 2461 2055 2530">
     <span class='ocr_line' id='line_1_39' title="bbox 466 2461 2055 2530; baseline 0.004 -16"><span class='ocrx_word' id='word_1_313' title='bbox 466 2461 564 2528; x_wconf 87' lang='lat' dir='ltr'><strong>qui</strong></span> <span class='ocrx_word' id='word_1_314' title='bbox 591 2469 774 2516; x_wconf 85' lang='lat' dir='ltr'><strong>autem</strong></span> <span class='ocrx_word' id='word_1_315' title='bbox 812 2461 1259 2530; x_wconf 83' lang='lat' dir='ltr'><strong>praedestinatur,</strong></span> <span class='ocrx_word' id='word_1_316' title='bbox 1317 2463 1555 2517; x_wconf 90' lang='lat' dir='ltr'><strong>nondum</strong></span> <span class='ocrx_word' id='word_1_317' title='bbox 1602 2474 1720 2518; x_wconf 88' lang='lat' dir='ltr'><strong>crat</strong></span> <span class='ocrx_word' id='word_1_318' title='bbox 1762 2473 1889 2519; x_wconf 90' lang='lat' dir='ltr'><strong>tunc</strong></span> <span class='ocrx_word' id='word_1_319' title='bbox 1931 2480 2055 2520; x_wconf 90' lang='lat' dir='ltr'><strong>cum</strong></span> 
     </span>
    </p>
   </div>
   <div class='ocr_carea' id='block_1_40' title="bbox 471 2551 2055 2624">
    <p class='ocr_par' dir='ltr' id='par_1_40' title="bbox 471 2551 2055 2624">
     <span class='ocr_line' id='line_1_40' title="bbox 471 2551 2055 2624; baseline 0.008 -25"><span class='ocrx_word' id='word_1_320' title='bbox 471 2551 979 2616; x_wconf 65' lang='lat' dir='ltr'><strong>praedestinaretnr,</strong></span> <span class='ocrx_word' id='word_1_321' title='bbox 1010 2552 1105 2606; x_wconf 90' lang='lat' dir='ltr'><strong>sed</strong></span> <span class='ocrx_word' id='word_1_322' title='bbox 1143 2555 1318 2624; x_wconf 69' lang='lat' dir='ltr'><strong>cmpit</strong></span> <span class='ocrx_word' id='word_1_323' title='bbox 1349 2571 1418 2609; x_wconf 80' lang='lat' dir='ltr'><strong>ex</strong></span> <span class='ocrx_word' id='word_1_324' title='bbox 1448 2564 1712 2624; x_wconf 87' lang='lat' dir='ltr'><strong>tempore.</strong></span> <span class='ocrx_word' id='word_1_325' title='bbox 1740 2554 2055 2612; x_wconf 85' lang='lat' dir='ltr'><strong>Necessaria</strong></span> 
     </span>
    </p>
   </div>
   <div class='ocr_carea' id='block_1_41' title="bbox 469 2642 2057 2719">
    <p class='ocr_par' dir='ltr' id='par_1_41' title="bbox 469 2642 2057 2719">
     <span class='ocr_line' id='line_1_41' title="bbox 469 2642 2057 2719; baseline 0.007 -25"><span class='ocrx_word' id='word_1_326' title='bbox 469 2642 637 2710; x_wconf 81' lang='lat' dir='ltr'><strong>igitur</strong></span> <span class='ocrx_word' id='word_1_327' title='bbox 692 2644 1045 2700; x_wconf 87' lang='lat' dir='ltr'><strong>distinctione</strong></span> <span class='ocrx_word' id='word_1_328' title='bbox 1097 2647 1396 2713; x_wconf 81' lang='lat' dir='ltr'><strong>Apostolus</strong></span> <span class='ocrx_word' id='word_1_329' title='bbox 1444 2649 1637 2713; x_wconf 89' lang='lat' dir='ltr'><strong>utitur,</strong></span> <span class='ocrx_word' id='word_1_330' title='bbox 1691 2663 1816 2704; x_wconf 90' lang='lat' dir='ltr'><strong>eum</strong></span> <span class='ocrx_word' id='word_1_331' title='bbox 1859 2652 1955 2719; x_wconf 88' lang='lat' dir='ltr'><strong>qui</strong></span> <span class='ocrx_word' id='word_1_332' title='bbox 1987 2666 2057 2705; x_wconf 73' lang='lat' dir='ltr'><strong>ex</strong></span> 
     </span>
    </p>
   </div>
   <div class='ocr_carea' id='block_1_42' title="bbox 466 2732 2050 2811">
    <p class='ocr_par' dir='ltr' id='par_1_42' title="bbox 466 2732 2050 2811">
     <span class='ocr_line' id='line_1_42' title="bbox 466 2732 2050 2811; baseline 0.008 -26"><span class='ocrx_word' id='word_1_333' title='bbox 466 2732 679 2787; x_wconf 79' lang='lat' dir='ltr'><strong>semine</strong></span> <span class='ocrx_word' id='word_1_334' title='bbox 703 2732 877 2790; x_wconf 83' lang='lat' dir='ltr'><strong>David</strong></span> <span class='ocrx_word' id='word_1_335' title='bbox 899 2738 1199 2792; x_wconf 89' lang='lat' dir='ltr'><strong>secundum</strong></span> <span class='ocrx_word' id='word_1_336' title='bbox 1224 2753 1447 2794; x_wconf 87' lang='lat' dir='ltr'><strong>carnem</strong></span> <span class='ocrx_word' id='word_1_337' title='bbox 1473 2749 1579 2805; x_wconf 86' lang='lat' dir='ltr'><strong>est,</strong></span> <span class='ocrx_word' id='word_1_338' title='bbox 1604 2740 1809 2794; x_wconf 72' lang='lat' dir='ltr'><strong>factum</strong></span> <span class='ocrx_word' id='word_1_339' title='bbox 1833 2744 2050 2811; x_wconf 89' lang='lat' dir='ltr'><strong>dicens;</strong></span> 
     </span>
    </p>
   </div>
   <div class='ocr_carea' id='block_1_43' title="bbox 464 2811 2053 2899">
    <p class='ocr_par' dir='ltr' id='par_1_43' title="bbox 464 2811 2053 2899">
     <span class='ocr_line' id='line_1_43' title="bbox 464 2811 2053 2899; baseline 0.009 -22"><span class='ocrx_word' id='word_1_340' title='bbox 464 2841 588 2881; x_wconf 89' lang='lat' dir='ltr'><strong>emn</strong></span> <span class='ocrx_word' id='word_1_341' title='bbox 636 2842 767 2883; x_wconf 86' lang='lat' dir='ltr'><strong>vero</strong></span> <span class='ocrx_word' id='word_1_342' title='bbox 810 2844 971 2899; x_wconf 88' lang='lat' dir='ltr'><strong>quem</strong></span> <span class='ocrx_word' id='word_1_343' title='bbox 1010 2811 1217 2887; x_wconf 56' lang='lat' dir='ltr'><strong>’Filium</strong></span> <span class='ocrx_word' id='word_1_344' title='bbox 1270 2832 1368 2887; x_wconf 90' lang='lat' dir='ltr'><strong>Dei</strong></span> <span class='ocrx_word' id='word_1_345' title='bbox 1414 2835 1470 2886; x_wconf 89' lang='lat' dir='ltr'><strong>in</strong></span> <span class='ocrx_word' id='word_1_346' title='bbox 1524 2834 1716 2889; x_wconf 83' lang='lat' dir='ltr'><strong>virtute</strong></span> <span class='ocrx_word' id='word_1_347' title='bbox 1765 2837 2053 2891; x_wconf 84' lang='lat' dir='ltr'><strong>secundum</strong></span> 
     </span>
    </p>
   </div>
   <div class='ocr_carea' id='block_1_44' title="bbox 464 2919 2049 2991">
    <p class='ocr_par' dir='ltr' id='par_1_44' title="bbox 464 2919 2049 2991">
     <span class='ocr_line' id='line_1_44' title="bbox 464 2919 2049 2991; baseline 0.007 -19"><span class='ocrx_word' id='word_1_348' title='bbox 464 2919 714 2985; x_wconf 76' lang='lat' dir='ltr'><strong>spiritum</strong></span> <span class='ocrx_word' id='word_1_349' title='bbox 759 2922 1211 2991; x_wconf 73' lang='lat' dir='ltr'><strong>sanctiﬁcationis</strong></span> <span class='ocrx_word' id='word_1_350' title='bbox 1266 2925 1310 2957; x_wconf 82' lang='grc'><strong>¹⁸</strong></span> <span class='ocrx_word' id='word_1_351' title='bbox 1362 2926 1638 2991; x_wconf 88' lang='lat' dir='ltr'><strong>nominat,</strong></span> <span class='ocrx_word' id='word_1_352' title='bbox 1700 2927 2049 2983; x_wconf 84' lang='lat' dir='ltr'><strong>deSIiuatum.</strong></span> 
     </span>
    </p>
   </div>
   <div class='ocr_carea' id='block_1_45' title="bbox 465 3011 2056 3088">
    <p class='ocr_par' dir='ltr' id='par_1_45' title="bbox 465 3011 2056 3088">
     <span class='ocr_line' id='line_1_45' title="bbox 465 3011 2056 3088; baseline 0.006 -22"><span class='ocrx_word' id='word_1_353' title='bbox 465 3011 678 3067; x_wconf 84' lang='lat' dir='ltr'><strong>Etenim</strong></span> <span class='ocrx_word' id='word_1_354' title='bbox 709 3028 835 3069; x_wconf 89' lang='lat' dir='ltr'><strong>cum</strong></span> <span class='ocrx_word' id='word_1_355' title='bbox 867 3015 1094 3071; x_wconf 81' lang='lat' dir='ltr'><strong>dixisset</strong></span> <span class='ocrx_word' id='word_1_356' title='bbox 1122 3014 1169 3068; x_wconf 89' lang='lat' dir='ltr'><em>F</em></span> <span class='ocrx_word' id='word_1_357' title='bbox 1173 3016 1325 3070; x_wconf 87' lang='lat' dir='ltr'><strong>ilium</strong></span> <span class='ocrx_word' id='word_1_358' title='bbox 1369 3016 1493 3083; x_wconf 87' lang='lat' dir='ltr'><strong>Dei,</strong></span> <span class='ocrx_word' id='word_1_359' title='bbox 1521 3032 1628 3072; x_wconf 92' lang='lat' dir='ltr'><strong>non</strong></span> <span class='ocrx_word' id='word_1_360' title='bbox 1654 3018 1933 3088; x_wconf 78' lang='lat' dir='ltr'><strong>superﬂuo</strong></span> <span class='ocrx_word' id='word_1_361' title='bbox 1962 3022 2056 3075; x_wconf 86' lang='lat' dir='ltr'><strong>ad-</strong></span> 
     </span>
    </p>
   </div>
   <div class='ocr_carea' id='block_1_46' title="bbox 466 3104 2054 3177">
    <p class='ocr_par' dir='ltr' id='par_1_46' title="bbox 466 3104 2054 3177">
     <span class='ocr_line' id='line_1_46' title="bbox 466 3104 2054 3177; baseline 0.008 -21"><span class='ocrx_word' id='word_1_362' title='bbox 466 3104 624 3171; x_wconf 90' lang='lat' dir='ltr'><strong>didit,</strong></span> <span class='ocrx_word' id='word_1_363' title='bbox 657 3105 711 3159; x_wconf 86' lang='lat' dir='ltr'><strong>in</strong></span> <span class='ocrx_word' id='word_1_364' title='bbox 748 3106 953 3171; x_wconf 86' lang='lat' dir='ltr'><strong>virtute,</strong></span> <span class='ocrx_word' id='word_1_365' title='bbox 977 3107 1223 3163; x_wconf 87' lang='lat' dir='ltr'><strong>indicans</strong></span> <span class='ocrx_word' id='word_1_366' title='bbox 1251 3108 1461 3177; x_wconf 88' lang='lat' dir='ltr'><strong>perboc</strong></span> <span class='ocrx_word' id='word_1_367' title='bbox 1477 3110 1618 3177; x_wconf 91' lang='lat' dir='ltr'><strong>quod</strong></span> <span class='ocrx_word' id='word_1_368' title='bbox 1637 3111 1941 3167; x_wconf 86' lang='lat' dir='ltr'><strong>substantia</strong></span> <span class='ocrx_word' id='word_1_369' title='bbox 1968 3112 2054 3168; x_wconf 81' lang='lat' dir='ltr'><strong>Fi-</strong></span> 
     </span>
    </p>
   </div>
   <div class='ocr_carea' id='block_1_47' title="bbox 465 3194 2049 3267">
    <p class='ocr_par' dir='ltr' id='par_1_47' title="bbox 465 3194 2049 3267">
     <span class='ocr_line' id='line_1_47' title="bbox 465 3194 2049 3267; baseline 0.008 -19"><span class='ocrx_word' id='word_1_370' title='bbox 465 3194 572 3249; x_wconf 75' lang='lat' dir='ltr'><strong>lius</strong></span> <span class='ocrx_word' id='word_1_371' title='bbox 599 3196 672 3250; x_wconf 89' lang='lat' dir='ltr'><strong>sit</strong></span> <span class='ocrx_word' id='word_1_372' title='bbox 697 3199 993 3252; x_wconf 88' lang='lat' dir='ltr'><strong>secundum</strong></span> <span class='ocrx_word' id='word_1_373' title='bbox 1020 3199 1270 3267; x_wconf 91' lang='lat' dir='ltr'><strong>spiritum</strong></span> <span class='ocrx_word' id='word_1_374' title='bbox 1298 3199 1771 3256; x_wconf 89' lang='lat' dir='ltr'><strong>sanctiﬁcationis.</strong></span> <span class='ocrx_word' id='word_1_375' title='bbox 1799 3203 2049 3260; x_wconf 89' lang='lat' dir='ltr'><strong>Christus</strong></span> 
     </span>
    </p>
   </div>
   <div class='ocr_carea' id='block_1_48' title="bbox 459 3285 2047 3358">
    <p class='ocr_par' dir='ltr' id='par_1_48' title="bbox 459 3285 2047 3358">
     <span class='ocr_line' id='line_1_48' title="bbox 459 3285 2047 3358; baseline 0.002 -16"><span class='ocrx_word' id='word_1_376' title='bbox 459 3285 633 3358; x_wconf 65' lang='grc'><strong>466</strong></span> <span class='ocrx_word' id='word_1_377' title='bbox 658 3287 804 3343; x_wconf 89' lang='lat' dir='ltr'><strong>enim</strong></span> <span class='ocrx_word' id='word_1_378' title='bbox 852 3286 948 3340; x_wconf 90' lang='lat' dir='ltr'><strong>Dei</strong></span> <span class='ocrx_word' id='word_1_379' title='bbox 1001 3288 1177 3341; x_wconf 84' lang='lat' dir='ltr'><strong>virtus</strong></span> <span class='ocrx_word' id='word_1_380' title='bbox 1225 3297 1279 3341; x_wconf 90' lang='lat' dir='ltr'><strong>et</strong></span> <span class='ocrx_word' id='word_1_381' title='bbox 1323 3286 1418 3340; x_wconf 93' lang='lat' dir='ltr'><strong>Dei</strong></span> <span class='ocrx_word' id='word_1_382' title='bbox 1450 3287 1719 3356; x_wconf 87' lang='lat' dir='ltr'><strong>sapientia</strong></span> <span class='ocrx_word' id='word_1_383' title='bbox 1748 3289 1953 3345; x_wconf 90' lang='lat' dir='ltr'><strong>dicitur</strong></span> <span class='ocrx_word' id='word_1_384' title='bbox 1980 3292 2047 3358; x_wconf 83' lang='grc'><strong>¹⁹,</strong></span> 
     </span>
    </p>
   </div>
   <div class='ocr_carea' id='block_1_49' title="bbox 463 3379 2051 3449">
    <p class='ocr_par' dir='ltr' id='par_1_49' title="bbox 463 3379 2051 3449">
     <span class='ocr_line' id='line_1_49' title="bbox 463 3379 2051 3449; baseline 0.003 -18"><span class='ocrx_word' id='word_1_385' title='bbox 463 3380 555 3447; x_wconf 89' lang='lat' dir='ltr'><strong>qui</strong></span> <span class='ocrx_word' id='word_1_386' title='bbox 586 3391 641 3432; x_wconf 86' lang='lat' dir='ltr'><strong>et</strong></span> <span class='ocrx_word' id='word_1_387' title='bbox 670 3394 842 3448; x_wconf 83' lang='lat' dir='ltr'><strong>vapor</strong></span> <span class='ocrx_word' id='word_1_388' title='bbox 885 3380 1103 3433; x_wconf 72' lang='lat' dir='ltr'><strong>virtutis</strong></span> <span class='ocrx_word' id='word_1_389' title='bbox 1147 3379 1263 3445; x_wconf 77' lang='lat' dir='ltr'><strong>Dei,</strong></span> <span class='ocrx_word' id='word_1_390' title='bbox 1296 3388 1352 3432; x_wconf 90' lang='lat' dir='ltr'><strong>et</strong></span> <span class='ocrx_word' id='word_1_391' title='bbox 1383 3380 1619 3433; x_wconf 76' lang='lat' dir='ltr'><strong>ntanatio</strong></span> <span class='ocrx_word' id='word_1_392' title='bbox 1649 3382 1834 3449; x_wconf 69' lang='lat' dir='ltr'><strong>gloria:</strong></span> <span class='ocrx_word' id='word_1_393' title='bbox 1862 3382 2051 3437; x_wconf 90' lang='lat' dir='ltr'><strong>Omni-</strong></span> 
     </span>
    </p>
   </div>
   <div class='ocr_carea' id='block_1_50' title="bbox 467 3469 2050 3539">
    <p class='ocr_par' dir='ltr' id='par_1_50' title="bbox 467 3469 2050 3539">
     <span class='ocr_line' id='line_1_50' title="bbox 467 3469 2050 3539; baseline 0.005 -17"><span class='ocrx_word' id='word_1_394' title='bbox 467 3473 703 3538; x_wconf 89' lang='lat' dir='ltr'><strong>potentis</strong></span> <span class='ocrx_word' id='word_1_395' title='bbox 746 3471 1065 3539; x_wconf 78' lang='lat' dir='ltr'><strong>purissima,</strong></span> <span class='ocrx_word' id='word_1_396' title='bbox 1117 3481 1172 3525; x_wconf 91' lang='lat' dir='ltr'><strong>et</strong></span> <span class='ocrx_word' id='word_1_397' title='bbox 1216 3469 1473 3539; x_wconf 86' lang='lat' dir='ltr'><strong>splendor</strong></span> <span class='ocrx_word' id='word_1_398' title='bbox 1513 3471 1649 3525; x_wconf 87' lang='lat' dir='ltr'><strong>lucis</strong></span> <span class='ocrx_word' id='word_1_399' title='bbox 1700 3483 1940 3538; x_wconf 58' lang='lat' dir='ltr'><strong>arteriae,</strong></span> <span class='ocrx_word' id='word_1_400' title='bbox 1993 3486 2050 3530; x_wconf 88' lang='lat' dir='ltr'><strong>et</strong></span> 
     </span>
    </p>
   </div>
   <div class='ocr_carea' id='block_1_51' title="bbox 467 3564 2049 3637">
    <p class='ocr_par' dir='ltr' id='par_1_51' title="bbox 467 3564 2049 3637">
     <span class='ocr_line' id='line_1_51' title="bbox 467 3564 2049 3637; baseline 0.004 -21"><span class='ocrx_word' id='word_1_401' title='bbox 467 3565 647 3634; x_wconf 80' lang='lat' dir='ltr'><strong>imago</strong></span> <span class='ocrx_word' id='word_1_402' title='bbox 686 3565 956 3620; x_wconf 86' lang='lat' dir='ltr'><strong>bonitatis</strong></span> <span class='ocrx_word' id='word_1_403' title='bbox 989 3564 1085 3620; x_wconf 89' lang='lat' dir='ltr'><strong>Dei</strong></span> <span class='ocrx_word' id='word_1_404' title='bbox 1115 3564 1423 3633; x_wconf 87' lang='lat' dir='ltr'><strong>appellatur</strong></span> <span class='ocrx_word' id='word_1_405' title='bbox 1448 3566 1515 3619; x_wconf 85' lang='grc'><strong>²⁰.</strong></span> <span class='ocrx_word' id='word_1_406' title='bbox 1544 3565 1657 3636; x_wconf 70' lang='lat'>(2&#39;7)</span> <span class='ocrx_word' id='word_1_407' title='bbox 1683 3564 1789 3620; x_wconf 88' lang='lat' dir='ltr'><strong>Sed</strong></span> <span class='ocrx_word' id='word_1_408' title='bbox 1823 3567 2049 3637; x_wconf 86' lang='lat' dir='ltr'><strong>requiri-</strong></span> 
     </span>
    </p>
   </div>
   <div class='ocr_carea' id='block_1_52' title="bbox 466 3653 2052 3729">
    <p class='ocr_par' dir='ltr' id='par_1_52' title="bbox 466 3653 2052 3729">
     <span class='ocr_line' id='line_1_52' title="bbox 466 3653 2052 3729; baseline 0.004 -23"><span class='ocrx_word' id='word_1_409' title='bbox 466 3662 578 3719; x_wconf 92' lang='lat' dir='ltr'><strong>tur,</strong></span> <span class='ocrx_word' id='word_1_410' title='bbox 613 3657 656 3709; x_wconf 92' lang='lat' dir='ltr'><strong>si</strong></span> <span class='ocrx_word' id='word_1_411' title='bbox 686 3657 738 3710; x_wconf 87' lang='lat' dir='ltr'><strong>id</strong></span> <span class='ocrx_word' id='word_1_412' title='bbox 770 3657 914 3726; x_wconf 90' lang='lat' dir='ltr'><strong>quod</strong></span> <span class='ocrx_word' id='word_1_413' title='bbox 954 3656 1021 3712; x_wconf 86' lang='lat' dir='ltr'><strong>de</strong></span> <span class='ocrx_word' id='word_1_414' title='bbox 1047 3656 1260 3711; x_wconf 87' lang='lat' dir='ltr'><strong>semine</strong></span> <span class='ocrx_word' id='word_1_415' title='bbox 1293 3653 1461 3708; x_wconf 88' lang='lat' dir='ltr'><strong>David</strong></span> <span class='ocrx_word' id='word_1_416' title='bbox 1498 3657 1748 3711; x_wconf 87' lang='lat' dir='ltr'><strong>nascitur</strong></span> <span class='ocrx_word' id='word_1_417' title='bbox 1776 3656 1916 3729; x_wconf 69' lang='grc'>(28),</span> <span class='ocrx_word' id='word_1_418' title='bbox 1960 3673 2052 3713; x_wconf 85' lang='lat' dir='ltr'><strong>se-</strong></span> 
     </span>
    </p>
   </div>
   <div class='ocr_carea' id='block_1_53' title="bbox 466 3747 2052 3816">
    <p class='ocr_par' dir='ltr' id='par_1_53' title="bbox 466 3747 2052 3816">
     <span class='ocr_line' id='line_1_53' title="bbox 466 3747 2052 3816; baseline 0.004 -18"><span class='ocrx_word' id='word_1_419' title='bbox 466 3747 707 3800; x_wconf 90' lang='lat' dir='ltr'><strong>cundum</strong></span> <span class='ocrx_word' id='word_1_420' title='bbox 740 3762 960 3803; x_wconf 89' lang='lat' dir='ltr'><strong>carnem</strong></span> <span class='ocrx_word' id='word_1_421' title='bbox 997 3756 1105 3811; x_wconf 90' lang='lat' dir='ltr'><strong>est,</strong></span> <span class='ocrx_word' id='word_1_422' title='bbox 1136 3747 1283 3816; x_wconf 90' lang='lat' dir='ltr'><strong>quod</strong></span> <span class='ocrx_word' id='word_1_423' title='bbox 1313 3760 1442 3801; x_wconf 83' lang='lat' dir='ltr'><strong>vero</strong></span> <span class='ocrx_word' id='word_1_424' title='bbox 1473 3748 1529 3802; x_wconf 89' lang='lat' dir='ltr'><strong>in</strong></span> <span class='ocrx_word' id='word_1_425' title='bbox 1562 3750 1765 3803; x_wconf 87' lang='lat' dir='ltr'><strong>virtute</strong></span> <span class='ocrx_word' id='word_1_426' title='bbox 1807 3751 2052 3804; x_wconf 87' lang='lat' dir='ltr'><strong>destina-</strong></span> 
     </span>
    </p>
   </div>
   <div class='ocr_carea' id='block_1_54' title="bbox 462 3837 2051 3908">
    <p class='ocr_par' dir='ltr' id='par_1_54' title="bbox 462 3837 2051 3908">
     <span class='ocr_line' id='line_1_54' title="bbox 462 3837 2051 3908; baseline 0.002 -16"><span class='ocrx_word' id='word_1_427' title='bbox 462 3845 555 3892; x_wconf 76' lang='lat' dir='ltr'><strong>tur</strong></span> <span class='ocrx_word' id='word_1_428' title='bbox 584 3839 885 3893; x_wconf 89' lang='lat' dir='ltr'><strong>secundum</strong></span> <span class='ocrx_word' id='word_1_429' title='bbox 929 3839 1186 3908; x_wconf 84' lang='lat' dir='ltr'><strong>spiritum</strong></span> <span class='ocrx_word' id='word_1_430' title='bbox 1228 3839 1707 3905; x_wconf 87' lang='lat' dir='ltr'><strong>sanctiﬁcationis,</strong></span> <span class='ocrx_word' id='word_1_431' title='bbox 1743 3837 1915 3895; x_wconf 79' lang='lat' dir='ltr'><strong>Filius</strong></span> <span class='ocrx_word' id='word_1_432' title='bbox 1957 3841 2051 3897; x_wconf 85' lang='lat' dir='ltr'><strong>Dei</strong></span> 
     </span>
    </p>
   </div>
   <div class='ocr_carea' id='block_1_55' title="bbox 464 3930 2054 4004">
    <p class='ocr_par' dir='ltr' id='par_1_55' title="bbox 464 3930 2054 4004">
     <span class='ocr_line' id='line_1_55' title="bbox 464 3930 2054 4004; baseline 0.003 -20"><span class='ocrx_word' id='word_1_433' title='bbox 464 3940 522 3984; x_wconf 89' lang='lat' dir='ltr'><strong>et</strong></span> <span class='ocrx_word' id='word_1_434' title='bbox 545 3930 599 3984; x_wconf 90' lang='lat' dir='ltr'><strong>in</strong></span> <span class='ocrx_word' id='word_1_435' title='bbox 635 3931 942 3985; x_wconf 87' lang='lat' dir='ltr'><strong>substantia</strong></span> <span class='ocrx_word' id='word_1_436' title='bbox 981 3931 1075 3986; x_wconf 87' lang='lat' dir='ltr'><strong>Dei</strong></span> <span class='ocrx_word' id='word_1_437' title='bbox 1109 3941 1216 3996; x_wconf 87' lang='lat' dir='ltr'><strong>est,</strong></span> <span class='ocrx_word' id='word_1_438' title='bbox 1243 3933 1515 4004; x_wconf 89' lang='lat' dir='ltr'><strong>quomodo</strong></span> <span class='ocrx_word' id='word_1_439' title='bbox 1552 3933 1932 4003; x_wconf 87' lang='lat' dir='ltr'><strong>accipiendum</strong></span> <span class='ocrx_word' id='word_1_440' title='bbox 1967 3942 2054 3988; x_wconf 90' lang='lat' dir='ltr'><strong>est</strong></span> 
     </span>
    </p>
   </div>
   <div class='ocr_carea' id='block_1_56' title="bbox 464 4021 2052 4095">
    <p class='ocr_par' dir='ltr' id='par_1_56' title="bbox 464 4021 2052 4095">
     <span class='ocr_line' id='line_1_56' title="bbox 464 4021 2052 4095; baseline 0.003 -17"><span class='ocrx_word' id='word_1_441' title='bbox 464 4024 531 4078; x_wconf 91' lang='lat' dir='ltr'><strong>de</strong></span> <span class='ocrx_word' id='word_1_442' title='bbox 566 4022 746 4077; x_wconf 83' lang='lat' dir='ltr'><strong>anima</strong></span> <span class='ocrx_word' id='word_1_443' title='bbox 780 4021 934 4086; x_wconf 75' lang='lat' dir='ltr'><strong>Iesu,</strong></span> <span class='ocrx_word' id='word_1_444' title='bbox 970 4038 1091 4092; x_wconf 69' lang='lat' dir='ltr'><strong>quae</strong></span> <span class='ocrx_word' id='word_1_445' title='bbox 1132 4026 1219 4081; x_wconf 92' lang='lat' dir='ltr'><strong>hic</strong></span> <span class='ocrx_word' id='word_1_446' title='bbox 1259 4042 1601 4095; x_wconf 87' lang='lat' dir='ltr'><strong>nequaquam</strong></span> <span class='ocrx_word' id='word_1_447' title='bbox 1637 4041 1761 4080; x_wconf 89' lang='lat' dir='ltr'><strong>cum</strong></span> <span class='ocrx_word' id='word_1_448' title='bbox 1809 4041 1974 4080; x_wconf 89' lang='lat' dir='ltr'><strong>carne</strong></span> <span class='ocrx_word' id='word_1_449' title='bbox 1997 4037 2052 4082; x_wconf 91' lang='lat' dir='ltr'><strong>et</strong></span> 
     </span>
    </p>
   </div>
   <div class='ocr_carea' id='block_1_57' title="bbox 572 4112 1529 4183">
    <p class='ocr_par' dir='ltr' id='par_1_57' title="bbox 572 4112 1529 4183">
     <span class='ocr_line' id='line_1_57' title="bbox 572 4112 1529 4183; baseline 0.004 -19"><span class='ocrx_word' id='word_1_450' title='bbox 572 4112 616 4144; x_wconf 71' lang='grc'>³⁸</span> <span class='ocrx_word' id='word_1_451' title='bbox 640 4113 797 4183; x_wconf 79' lang='lat' dir='ltr'><strong>Rom.</strong></span> <span class='ocrx_word' id='word_1_452' title='bbox 827 4130 862 4178; x_wconf 85' lang='grc' dir='ltr'><strong>ι,</strong></span> <span class='ocrx_word' id='word_1_453' title='bbox 894 4112 947 4168; x_wconf 70' lang='grc'>4.</span> <span class='ocrx_word' id='word_1_454' title='bbox 1028 4116 1069 4146; x_wconf 74' lang='grc'>³⁷</span> <span class='ocrx_word' id='word_1_455' title='bbox 1100 4115 1261 4169; x_wconf 76' lang='lat' dir='ltr'><strong>Rom.</strong></span> <span class='ocrx_word' id='word_1_456' title='bbox 1293 4134 1411 4183; x_wconf 81' lang='lat' dir='ltr'><strong>vttt,</strong></span> <span class='ocrx_word' id='word_1_457' title='bbox 1437 4119 1529 4171; x_wconf 67' lang='grc' dir='ltr'>ἓξ).</span> 
     </span>
    </p>
   </div>
   <div class='ocr_carea' id='block_1_58' title="bbox 461 4181 1628 4252">
    <p class='ocr_par' dir='ltr' id='par_1_58' title="bbox 461 4181 1628 4252">
     <span class='ocr_line' id='line_1_58' title="bbox 461 4181 1628 4252; baseline 0.006 -18"><span class='ocrx_word' id='word_1_458' title='bbox 461 4181 554 4236; x_wconf 72' lang='lat'><strong>38.</strong></span> <span class='ocrx_word' id='word_1_459' title='bbox 632 4184 676 4214; x_wconf 84' lang='grc'><strong><em>²²</em></strong></span> <span class='ocrx_word' id='word_1_460' title='bbox 713 4182 866 4239; x_wconf 82' lang='lat' dir='ltr'><strong>Juan.</strong></span> <span class='ocrx_word' id='word_1_461' title='bbox 892 4200 986 4246; x_wconf 77' lang='lat' dir='ltr'><strong>xu.</strong></span> <span class='ocrx_word' id='word_1_462' title='bbox 1014 4186 1103 4240; x_wconf 68' lang='lat'><strong>27.</strong></span> <span class='ocrx_word' id='word_1_463' title='bbox 1183 4188 1227 4218; x_wconf 81' lang='grc'>³³</span> <span class='ocrx_word' id='word_1_464' title='bbox 1251 4181 1511 4252; x_wconf 60' lang='grc' dir='ltr'><strong>Ρεειιζχν,</strong></span> <span class='ocrx_word' id='word_1_465' title='bbox 1541 4189 1628 4241; x_wconf 77' lang='lat' dir='ltr'><strong>ll).</strong></span> 
     </span>
    </p>
   </div>
   <div class='ocr_carea' id='block_1_59' title="bbox 462 4252 1432 4323">
    <p class='ocr_par' dir='ltr' id='par_1_59' title="bbox 462 4252 1432 4323">
     <span class='ocr_line' id='line_1_59' title="bbox 462 4252 1432 4323; baseline 0.006 -16"><span class='ocrx_word' id='word_1_466' title='bbox 462 4254 510 4286; x_wconf 76' lang='grc'><strong>’⁸</strong></span> <span class='ocrx_word' id='word_1_467' title='bbox 538 4252 731 4307; x_wconf 84' lang='lat' dir='ltr'><strong>Matth.</strong></span> <span class='ocrx_word' id='word_1_468' title='bbox 761 4255 948 4318; x_wconf 77' lang='lat' dir='ltr'><strong>xrx,6.</strong></span> <span class='ocrx_word' id='word_1_469' title='bbox 1029 4258 1074 4288; x_wconf 76' lang='grc'><strong>’³</strong></span> <span class='ocrx_word' id='word_1_470' title='bbox 1096 4256 1114 4309; x_wconf 91' lang='grc'><strong>1</strong></span> <span class='ocrx_word' id='word_1_471' title='bbox 1134 4256 1258 4312; x_wconf 90' lang='lat' dir='ltr'><strong>Cor.</strong></span> <span class='ocrx_word' id='word_1_472' title='bbox 1284 4275 1321 4323; x_wconf 87' lang='grc' dir='ltr'><strong>ι,</strong></span> <span class='ocrx_word' id='word_1_473' title='bbox 1342 4257 1432 4313; x_wconf 83' lang='grc'><strong>50.</strong></span> 
     </span>
    </p>
   </div>
   <div class='ocr_carea' id='block_1_60' title="bbox 537 4347 2127 4421">
    <p class='ocr_par' dir='ltr' id='par_1_60' title="bbox 537 4347 2127 4421">
     <span class='ocr_line' id='line_1_60' title="bbox 537 4347 2127 4421; baseline 0.004 -19"><span class='ocrx_word' id='word_1_474' title='bbox 537 4347 651 4421; x_wconf 73' lang='grc'>(25)</span> <span class='ocrx_word' id='word_1_475' title='bbox 683 4349 845 4413; x_wconf 87' lang='lat' dir='ltr'><strong>Editi,</strong></span> <span class='ocrx_word' id='word_1_476' title='bbox 882 4354 974 4421; x_wconf 87' lang='lat' dir='ltr'><strong>qui</strong></span> <span class='ocrx_word' id='word_1_477' title='bbox 1016 4352 1310 4407; x_wconf 82' lang='lat' dir='ltr'><strong>destinatus</strong></span> <span class='ocrx_word' id='word_1_478' title='bbox 1352 4364 1428 4407; x_wconf 80' lang='lat' dir='ltr'><strong>est</strong></span> <span class='ocrx_word' id='word_1_479' title='bbox 1476 4351 1653 4406; x_wconf 81' lang='lat' dir='ltr'><strong>Filius</strong></span> <span class='ocrx_word' id='word_1_480' title='bbox 1696 4352 1793 4408; x_wconf 86' lang='lat' dir='ltr'><strong>Dei</strong></span> <span class='ocrx_word' id='word_1_481' title='bbox 1836 4359 1890 4407; x_wconf 85' lang='lat' dir='ltr'><strong>in</strong></span> <span class='ocrx_word' id='word_1_482' title='bbox 1943 4355 2051 4409; x_wconf 83' lang='lat' dir='ltr'><strong>vir-</strong></span> <span class='ocrx_word' id='word_1_483' title='bbox 2082 4359 2127 4415; x_wconf 90' lang='lat' dir='ltr'><strong>D</strong></span> 
     </span>
    </p>
   </div>
   <div class='ocr_carea' id='block_1_61' title="bbox 462 4428 595 4475">
    <p class='ocr_par' dir='ltr' id='par_1_61' title="bbox 462 4428 595 4475">
     <span class='ocr_line' id='line_1_61' title="bbox 462 4428 595 4475; baseline 0.015 -2"><span class='ocrx_word' id='word_1_484' title='bbox 462 4428 595 4475; x_wconf 76' lang='lat' dir='ltr'><strong>tute.</strong></span> 
     </span>
    </p>
   </div>
   <div class='ocr_carea' id='block_1_62' title="bbox 537 4489 2042 4565">
    <p class='ocr_par' dir='ltr' id='par_1_62' title="bbox 537 4489 2042 4565">
     <span class='ocr_line' id='line_1_62' title="bbox 537 4489 2042 4565; baseline 0.007 -22"><span class='ocrx_word' id='word_1_485' title='bbox 537 4490 651 4565; x_wconf 58' lang='grc'>(24)</span> <span class='ocrx_word' id='word_1_486' title='bbox 678 4489 845 4565; x_wconf 82' lang='lat' dir='ltr'><strong>Etliti,</strong></span> <span class='ocrx_word' id='word_1_487' title='bbox 878 4491 933 4544; x_wconf 90' lang='lat' dir='ltr'><strong>in</strong></span> <span class='ocrx_word' id='word_1_488' title='bbox 964 4489 1181 4565; x_wconf 10' lang='lat' dir='ltr'><strong>Latinis!</strong></span> <span class='ocrx_word' id='word_1_489' title='bbox 1220 4494 1489 4549; x_wconf 85' lang='lat' dir='ltr'><strong>codicibus</strong></span> <span class='ocrx_word' id='word_1_490' title='bbox 1533 4508 1582 4550; x_wconf 90' lang='lat' dir='ltr'><strong>et</strong></span> <span class='ocrx_word' id='word_1_491' title='bbox 1631 4496 2042 4565; x_wconf 68' lang='lat' dir='ltr'><strong>exemplaribus.</strong></span> 
     </span>
    </p>
   </div>
   <div class='ocr_carea' id='block_1_63' title="bbox 468 4559 1295 4617">
    <p class='ocr_par' dir='ltr' id='par_1_63' title="bbox 468 4559 1295 4617">
     <span class='ocr_line' id='line_1_63' title="bbox 468 4559 1295 4617; baseline 0.005 -4"><span class='ocrx_word' id='word_1_492' title='bbox 468 4559 669 4614; x_wconf 86' lang='lat' dir='ltr'><strong>Deinde</strong></span> <span class='ocrx_word' id='word_1_493' title='bbox 695 4562 959 4616; x_wconf 90' lang='lat' dir='ltr'><strong>omittunt</strong></span> <span class='ocrx_word' id='word_1_494' title='bbox 984 4563 1295 4617; x_wconf 87' lang='lat' dir='ltr'><strong>secundum.</strong></span> 
     </span>
    </p>
   </div>
   <div class='ocr_carea' id='block_1_64' title="bbox 540 4630 2044 4701">
    <p class='ocr_par' dir='ltr' id='par_1_64' title="bbox 540 4630 2044 4701">
     <span class='ocr_line' id='line_1_64' title="bbox 540 4630 2044 4701; baseline 0.007 -19"><span class='ocrx_word' id='word_1_495' title='bbox 540 4630 670 4701; x_wconf 15' lang='lat'><strong>(25),</strong></span> <span class='ocrx_word' id='word_1_496' title='bbox 702 4630 793 4684; x_wconf 86' lang='lat' dir='ltr'><strong>Sic</strong></span> <span class='ocrx_word' id='word_1_497' title='bbox 842 4648 949 4686; x_wconf 88' lang='lat' dir='ltr'><strong>ms.</strong></span> <span class='ocrx_word' id='word_1_498' title='bbox 1005 4633 1208 4701; x_wconf 74' lang='lat' dir='ltr'><strong>Regius</strong></span> <span class='ocrx_word' id='word_1_499' title='bbox 1253 4649 1404 4687; x_wconf 89' lang='lat' dir='ltr'><strong>num.</strong></span> <span class='ocrx_word' id='word_1_500' title='bbox 1459 4635 1616 4689; x_wconf 69' lang='lat' dir='ltr'><strong>l6“.</strong></span> <span class='ocrx_word' id='word_1_501' title='bbox 1669 4633 1861 4691; x_wconf 61' lang='lat' dir='ltr'><strong>Cameri</strong></span> <span class='ocrx_word' id='word_1_502' title='bbox 1910 4653 2044 4692; x_wconf 91' lang='lat' dir='ltr'><strong>vero</strong></span> 
     </span>
    </p>
   </div>
   <div class='ocr_carea' id='block_1_65' title="bbox 467 4700 2043 4777">
    <p class='ocr_par' dir='ltr' id='par_1_65' title="bbox 467 4700 2043 4777">
     <span class='ocr_line' id='line_1_65' title="bbox 467 4700 2043 4777; baseline 0.007 -25"><span class='ocrx_word' id='word_1_503' title='bbox 467 4714 623 4777; x_wconf 50' lang='lat' dir='ltr'><strong>mss&quot;</strong></span> <span class='ocrx_word' id='word_1_504' title='bbox 658 4700 932 4777; x_wconf 52' lang='lat' dir='ltr'><strong>Iiabanus,</strong></span> <span class='ocrx_word' id='word_1_505' title='bbox 969 4709 1026 4755; x_wconf 88' lang='lat' dir='ltr'><strong>et</strong></span> <span class='ocrx_word' id='word_1_506' title='bbox 1052 4700 1353 4777; x_wconf 87' lang='lat' dir='ltr'><strong>e_d_iti,__alii,</strong></span> <span class='ocrx_word' id='word_1_507' title='bbox 1385 4706 1522 4758; x_wconf 82' lang='lat' dir='ltr'><strong>sicut</strong></span> <span class='ocrx_word' id='word_1_508' title='bbox 1553 4705 1725 4777; x_wconf 81' lang='lat' dir='ltr'><strong>dehis</strong></span> <span class='ocrx_word' id='word_1_509' title='bbox 1756 4707 1822 4761; x_wconf 87' lang='lat' dir='ltr'><strong>de</strong></span> <span class='ocrx_word' id='word_1_510' title='bbox 1855 4710 2043 4777; x_wconf 81' lang='lat' dir='ltr'><strong>quibus</strong></span> 
     </span>
    </p>
   </div>
   <div class='ocr_carea' id='block_1_66' title="bbox 466 4771 2044 4844">
    <p class='ocr_par' dir='ltr' id='par_1_66' title="bbox 466 4771 2044 4844">
     <span class='ocr_line' id='line_1_66' title="bbox 466 4771 2044 4844; baseline 0.011 -27"><span class='ocrx_word' id='word_1_511' title='bbox 466 4771 578 4844; x_wconf 60' lang='lat' dir='ltr'><strong>(at.</strong></span> <span class='ocrx_word' id='word_1_512' title='bbox 595 4771 780 4836; x_wconf 81' lang='lat' dir='ltr'><strong>quibus</strong></span> <span class='ocrx_word' id='word_1_513' title='bbox 823 4773 1029 4844; x_wconf 76' lang='lat' dir='ltr'><strong>omisso</strong></span> <span class='ocrx_word' id='word_1_514' title='bbox 1053 4772 1138 4844; x_wconf 86' lang='lat' dir='ltr'><strong>de)</strong></span> <span class='ocrx_word' id='word_1_515' title='bbox 1187 4774 1337 4840; x_wconf 84' lang='lat' dir='ltr'><strong>dicit,</strong></span> <span class='ocrx_word' id='word_1_516' title='bbox 1384 4784 1494 4830; x_wconf 91' lang='lat' dir='ltr'><strong>etc.</strong></span> <span class='ocrx_word' id='word_1_517' title='bbox 1531 4793 1546 4841; x_wconf 89' lang='lat'><strong>;</strong></span> <span class='ocrx_word' id='word_1_518' title='bbox 1586 4776 1748 4843; x_wconf 91' lang='lat' dir='ltr'><strong>alius,</strong></span> <span class='ocrx_word' id='word_1_519' title='bbox 1799 4771 1936 4832; x_wconf 74' lang='lat' dir='ltr'><strong>sicut</strong></span> <span class='ocrx_word' id='word_1_520' title='bbox 1979 4782 2044 4835; x_wconf 87' lang='lat' dir='ltr'><strong>de</strong></span> 
     </span>
    </p>
   </div>
   <div class='ocr_carea' id='block_1_67' title="bbox 463 4839 1101 4909">
    <p class='ocr_par' dir='ltr' id='par_1_67' title="bbox 463 4839 1101 4909">
     <span class='ocr_line' id='line_1_67' title="bbox 463 4839 1101 4909; baseline 0.009 -20"><span class='ocrx_word' id='word_1_521' title='bbox 463 4839 780 4909; x_wconf 71' lang='lat' dir='ltr'><strong>quibusdam</strong></span> <span class='ocrx_word' id='word_1_522' title='bbox 812 4842 961 4909; x_wconf 84' lang='lat' dir='ltr'><strong>dicit,</strong></span> <span class='ocrx_word' id='word_1_523' title='bbox 994 4852 1101 4895; x_wconf 89' lang='lat' dir='ltr'><strong>etc.</strong></span> 
     </span>
    </p>
   </div>
   <div class='ocr_carea' id='block_1_68' title="bbox 538 4908 2042 4984">
    <p class='ocr_par' dir='ltr' id='par_1_68' title="bbox 538 4908 2042 4984">
     <span class='ocr_line' id='line_1_68' title="bbox 538 4908 2042 4984; baseline 0.009 -23"><span class='ocrx_word' id='word_1_524' title='bbox 538 4908 780 4984; x_wconf 71' lang='lat' dir='ltr'><strong>(26)_lt_a</strong></span> <span class='ocrx_word' id='word_1_525' title='bbox 837 4908 952 4965; x_wconf 69' lang='lat' dir='ltr'><strong>ms.</strong></span> <span class='ocrx_word' id='word_1_526' title='bbox 985 4910 1186 4984; x_wconf 77' lang='lat' dir='ltr'><strong>Regius</strong></span> <span class='ocrx_word' id='word_1_527' title='bbox 1232 4932 1383 4970; x_wconf 91' lang='lat' dir='ltr'><strong>num.</strong></span> <span class='ocrx_word' id='word_1_528' title='bbox 1432 4914 1565 4970; x_wconf 71' lang='lat' dir='ltr'><strong>16M</strong></span> <span class='ocrx_word' id='word_1_529' title='bbox 1613 4934 1629 4984; x_wconf 92' lang='lat'><strong>;</strong></span> <span class='ocrx_word' id='word_1_530' title='bbox 1679 4919 1863 4973; x_wconf 70' lang='lat' dir='ltr'><strong>caeteri</strong></span> <span class='ocrx_word' id='word_1_531' title='bbox 1914 4934 2042 4976; x_wconf 91' lang='lat' dir='ltr'><strong>vero</strong></span> 
     </span>
    </p>
   </div>
   <div class='ocr_carea' id='block_1_69' title="bbox 464 4979 1649 5042">
    <p class='ocr_par' dir='ltr' id='par_1_69' title="bbox 464 4979 1649 5042">
     <span class='ocr_line' id='line_1_69' title="bbox 464 4979 1649 5042; baseline 0.006 -8"><span class='ocrx_word' id='word_1_532' title='bbox 464 4995 626 5042; x_wconf 79' lang='lat' dir='ltr'><strong>mss.,</strong></span> <span class='ocrx_word' id='word_1_533' title='bbox 660 4979 915 5035; x_wconf 84' lang='lat' dir='ltr'><strong>Rabanus</strong></span> <span class='ocrx_word' id='word_1_534' title='bbox 946 4993 1000 5035; x_wconf 92' lang='lat' dir='ltr'><strong>et</strong></span> <span class='ocrx_word' id='word_1_535' title='bbox 1032 4979 1161 5038; x_wconf 80' lang='lat' dir='ltr'><strong>editi</strong></span> <span class='ocrx_word' id='word_1_536' title='bbox 1192 4988 1451 5041; x_wconf 88' lang='lat' dir='ltr'><strong>omittunt</strong></span> <span class='ocrx_word' id='word_1_537' title='bbox 1476 4997 1523 5040; x_wconf 87' lang='lat' dir='ltr'><strong>et</strong></span> <span class='ocrx_word' id='word_1_538' title='bbox 1549 4979 1649 5041; x_wconf 78' lang='lat' dir='ltr'><strong>esi.</strong></span> 
     </span>
    </p>
   </div>
   <div class='ocr_carea' id='block_1_70' title="bbox 536 5050 2041 5126">
    <p class='ocr_par' dir='ltr' id='par_1_70' title="bbox 536 5050 2041 5126">
     <span class='ocr_line' id='line_1_70' title="bbox 536 5050 2041 5126; baseline 0.007 -23"><span class='ocrx_word' id='word_1_539' title='bbox 536 5050 652 5120; x_wconf 69' lang='lat'><strong>(27)</strong></span> <span class='ocrx_word' id='word_1_540' title='bbox 699 5050 827 5126; x_wconf 72' lang='lat' dir='ltr'><strong>line</strong></span> <span class='ocrx_word' id='word_1_541' title='bbox 869 5052 1211 5126; x_wconf 81' lang='lat' dir='ltr'><strong>referendum</strong></span> <span class='ocrx_word' id='word_1_542' title='bbox 1258 5057 1475 5111; x_wconf 81' lang='lat' dir='ltr'><strong>videtur</strong></span> <span class='ocrx_word' id='word_1_543' title='bbox 1518 5056 1663 5124; x_wconf 89' lang='lat' dir='ltr'><strong>quod</strong></span> <span class='ocrx_word' id='word_1_544' title='bbox 1722 5056 2041 5126; x_wconf 83' lang='lat' dir='ltr'><strong>Pamphilus</strong></span> 
     </span>
    </p>
   </div>
   <div class='ocr_carea' id='block_1_71' title="bbox 464 5120 2037 5196">
    <p class='ocr_par' dir='ltr' id='par_1_71' title="bbox 464 5120 2037 5196">
     <span class='ocr_line' id='line_1_71' title="bbox 464 5120 2037 5196; baseline 0.005 -21"><span class='ocrx_word' id='word_1_545' title='bbox 464 5130 675 5196; x_wconf 63' lang='lat' dir='ltr'><strong>martyr</strong></span> <span class='ocrx_word' id='word_1_546' title='bbox 707 5120 759 5175; x_wconf 90' lang='lat' dir='ltr'><strong>in</strong></span> <span class='ocrx_word' id='word_1_547' title='bbox 779 5121 1049 5196; x_wconf 84' lang='lat' dir='ltr'><strong>_Apologia</strong></span> <span class='ocrx_word' id='word_1_548' title='bbox 1080 5139 1176 5178; x_wconf 90' lang='lat' dir='ltr'><strong>sua</strong></span> <span class='ocrx_word' id='word_1_549' title='bbox 1199 5141 1266 5180; x_wconf 77' lang='lat' dir='ltr'><strong>ex</strong></span> <span class='ocrx_word' id='word_1_550' title='bbox 1297 5128 1439 5180; x_wconf 89' lang='lat' dir='ltr'><strong>libro</strong></span> <span class='ocrx_word' id='word_1_551' title='bbox 1466 5120 1642 5196; x_wconf 84' lang='lat' dir='ltr'><strong>primo</strong></span> <span class='ocrx_word' id='word_1_552' title='bbox 1687 5120 1943 5196; x_wconf 69' lang='lat' dir='ltr'><strong>Epistdlze</strong></span> <span class='ocrx_word' id='word_1_553' title='bbox 1971 5133 2037 5183; x_wconf 88' lang='lat' dir='ltr'><strong>ad</strong></span> 
     </span>
    </p>
   </div>
   <div class='ocr_carea' id='block_1_72' title="bbox 464 5191 2038 5266">
    <p class='ocr_par' dir='ltr' id='par_1_72' title="bbox 464 5191 2038 5266">
     <span class='ocr_line' id='line_1_72' title="bbox 464 5191 2038 5266; baseline 0.005 -20"><span class='ocrx_word' id='word_1_554' title='bbox 464 5191 743 5266; x_wconf 65' lang='lat' dir='ltr'><strong>Romanos</strong></span> <span class='ocrx_word' id='word_1_555' title='bbox 764 5191 1107 5266; x_wconf 62' lang='lat' dir='ltr'><strong>desumptum</strong></span> <span class='ocrx_word' id='word_1_556' title='bbox 1142 5191 1554 5266; x_wconf 79' lang='lat' dir='ltr'><strong>commemorat.</strong></span> <span class='ocrx_word' id='word_1_557' title='bbox 1588 5191 1807 5261; x_wconf 75' lang='lat' dir='ltr'><strong>Quazrat</strong></span> <span class='ocrx_word' id='word_1_558' title='bbox 1841 5198 2038 5266; x_wconf 79' lang='lat' dir='ltr'><strong>fortas-</strong></span> 
     </span>
    </p>
   </div>
   <div class='ocr_carea' id='block_1_73' title="bbox 463 5259 2039 5336">
    <p class='ocr_par' dir='ltr' id='par_1_73' title="bbox 463 5259 2039 5336">
     <span class='ocr_line' id='line_1_73' title="bbox 463 5259 2039 5336; baseline 0.003 -22"><span class='ocrx_word' id='word_1_559' title='bbox 463 5265 538 5336; x_wconf 82' lang='lat' dir='ltr'><strong>sis</strong></span> <span class='ocrx_word' id='word_1_560' title='bbox 567 5262 761 5336; x_wconf 75' lang='lat' dir='ltr'><strong>aliquis</strong></span> <span class='ocrx_word' id='word_1_561' title='bbox 803 5261 849 5336; x_wconf 88' lang='lat' dir='ltr'><strong>s_i</strong></span> <span class='ocrx_word' id='word_1_562' title='bbox 897 5259 1076 5318; x_wconf 80' lang='lat' dir='ltr'><strong>Filius</strong></span> <span class='ocrx_word' id='word_1_563' title='bbox 1111 5264 1346 5336; x_wconf 83' lang='lat' dir='ltr'><strong>charitas</strong></span> <span class='ocrx_word' id='word_1_564' title='bbox 1387 5280 1485 5336; x_wconf 82' lang='lat' dir='ltr'><strong>est,</strong></span> <span class='ocrx_word' id='word_1_565' title='bbox 1524 5259 1785 5336; x_wconf 61' lang='lat' dir='ltr'><strong>priicipue</strong></span> <span class='ocrx_word' id='word_1_566' title='bbox 1825 5259 2039 5335; x_wconf 70' lang='lat' dir='ltr'><strong>propter</strong></span> 
     </span>
    </p>
   </div>
   <div class='ocr_carea' id='block_1_74' title="bbox 463 5330 2039 5401">
    <p class='ocr_par' dir='ltr' id='par_1_74' title="bbox 463 5330 2039 5401">
     <span class='ocr_line' id='line_1_74' title="bbox 463 5330 2039 5401; baseline 0.006 -17"><span class='ocrx_word' id='word_1_567' title='bbox 463 5330 759 5401; x_wconf 76' lang='lat' dir='ltr'><strong>hoc,‘quod</strong></span> <span class='ocrx_word' id='word_1_568' title='bbox 797 5330 1035 5388; x_wconf 76' lang='lat' dir='ltr'><strong>Joannes</strong></span> <span class='ocrx_word' id='word_1_569' title='bbox 1072 5341 1141 5387; x_wconf 86' lang='lat' dir='ltr'><strong>ad</strong></span> <span class='ocrx_word' id='word_1_570' title='bbox 1186 5335 1357 5390; x_wconf 81' lang='lat' dir='ltr'><strong>Deum</strong></span> <span class='ocrx_word' id='word_1_571' title='bbox 1405 5330 1622 5390; x_wconf 78' lang='lat' dir='ltr'><strong>Patrem</strong></span> <span class='ocrx_word' id='word_1_572' title='bbox 1670 5330 1851 5391; x_wconf 73' lang='lat' dir='ltr'><strong>retulit</strong></span> <span class='ocrx_word' id='word_1_573' title='bbox 1901 5330 2039 5393; x_wconf 78' lang='lat' dir='ltr'><strong>lianc</strong></span> 
     </span>
    </p>
   </div>
   <div class='ocr_carea' id='block_1_75' title="bbox 462 5403 2035 5477">
    <p class='ocr_par' dir='ltr' id='par_1_75' title="bbox 462 5403 2035 5477">
     <span class='ocr_line' id='line_1_75' title="bbox 462 5403 2035 5477; baseline 0.006 -24"><span class='ocrx_word' id='word_1_574' title='bbox 462 5419 661 5477; x_wconf 55' lang='lat' dir='ltr'><strong>uocent,</strong></span> <span class='ocrx_word' id='word_1_575' title='bbox 689 5403 868 5477; x_wconf 83' lang='lat' dir='ltr'><strong>dicens</strong></span> <span class='ocrx_word' id='word_1_576' title='bbox 885 5418 905 5455; x_wconf 91' lang='lat'><strong><em>:</em></strong></span> <span class='ocrx_word' id='word_1_577' title='bbox 928 5404 1062 5469; x_wconf 80' lang='lat' dir='ltr'><strong>Quia</strong></span> <span class='ocrx_word' id='word_1_578' title='bbox 1086 5405 1225 5460; x_wconf 90' lang='lat' dir='ltr'><strong>Deus</strong></span> <span class='ocrx_word' id='word_1_579' title='bbox 1252 5406 1494 5477; x_wconf 86' lang='lat' dir='ltr'><strong>charitas</strong></span> <span class='ocrx_word' id='word_1_580' title='bbox 1516 5417 1598 5461; x_wconf 85' lang='lat' dir='ltr'><strong>est</strong></span> <span class='ocrx_word' id='word_1_581' title='bbox 1621 5405 1678 5477; x_wconf 84' lang='grc' dir='ltr'>(ι</span> <span class='ocrx_word' id='word_1_582' title='bbox 1692 5405 1855 5462; x_wconf 83' lang='lat' dir='ltr'><strong>Joan.</strong></span> <span class='ocrx_word' id='word_1_583' title='bbox 1877 5424 1954 5472; x_wconf 90' lang='lat' dir='ltr'><strong>tv,</strong></span> <span class='ocrx_word' id='word_1_584' title='bbox 1980 5409 2035 5473; x_wconf 88' lang='lat'><strong>8,</strong></span> 
     </span>
    </p>
   </div>
   <div class='ocr_carea' id='block_1_76' title="bbox 465 5470 2033 5546">
    <p class='ocr_par' dir='ltr' id='par_1_76' title="bbox 465 5470 2033 5546">
     <span class='ocr_line' id='line_1_76' title="bbox 465 5470 2033 5546; baseline 0.005 -21"><span class='ocrx_word' id='word_1_585' title='bbox 465 5470 713 5546; x_wconf 75' lang='lat' dir='ltr'><strong>16).Sed</strong></span> <span class='ocrx_word' id='word_1_586' title='bbox 754 5488 965 5546; x_wconf 78' lang='lat' dir='ltr'><strong>rursum</strong></span> <span class='ocrx_word' id='word_1_587' title='bbox 1001 5491 1066 5546; x_wconf 71' lang='lat' dir='ltr'><strong>ea;</strong></span> <span class='ocrx_word' id='word_1_588' title='bbox 1106 5478 1221 5543; x_wconf 82' lang='lat' dir='ltr'><strong>ipsa</strong></span> <span class='ocrx_word' id='word_1_589' title='bbox 1258 5477 1374 5545; x_wconf 84' lang='lat' dir='ltr'><strong>ejus</strong></span> <span class='ocrx_word' id='word_1_590' title='bbox 1421 5470 1667 5541; x_wconf 78' lang='lat' dir='ltr'><strong>Epistula</strong></span> <span class='ocrx_word' id='word_1_591' title='bbox 1699 5470 2033 5546; x_wconf 67' lang='lat' dir='ltr'><strong>proieremui</strong></span> 
     </span>
    </p>
   </div>
   <div class='ocr_carea' id='block_1_77' title="bbox 460 5543 2031 5615">
    <p class='ocr_par' dir='ltr' id='par_1_77' title="bbox 460 5543 2031 5615">
     <span class='ocr_line' id='line_1_77' title="bbox 460 5543 2031 5615; baseline 0.003 -21"><span class='ocrx_word' id='word_1_592' title='bbox 460 5551 509 5594; x_wconf 85' lang='lat' dir='ltr'><strong>ct</strong></span> <span class='ocrx_word' id='word_1_593' title='bbox 536 5543 672 5615; x_wconf 87' lang='lat' dir='ltr'><strong>illud</strong></span> <span class='ocrx_word' id='word_1_594' title='bbox 695 5546 838 5615; x_wconf 83' lang='lat' dir='ltr'><strong>quod</strong></span> <span class='ocrx_word' id='word_1_595' title='bbox 874 5544 953 5596; x_wconf 87' lang='lat' dir='ltr'><strong>ait</strong></span> <span class='ocrx_word' id='word_1_596' title='bbox 982 5560 1000 5598; x_wconf 92' lang='lat'><em>:</em></span> <span class='ocrx_word' id='word_1_597' title='bbox 1034 5543 1380 5610; x_wconf 83' lang='lat' dir='ltr'><strong>Charissimi,</strong></span> <span class='ocrx_word' id='word_1_598' title='bbox 1432 5543 1725 5615; x_wconf 77' lang='lat' dir='ltr'><strong>diligamus</strong></span> <span class='ocrx_word' id='word_1_599' title='bbox 1777 5543 2031 5611; x_wconf 87' lang='lat' dir='ltr'><strong>invicem,</strong></span> 
     </span>
    </p>
   </div>
   <div class='ocr_carea' id='block_1_78' title="bbox 461 5613 2035 5687">
    <p class='ocr_par' dir='ltr' id='par_1_78' title="bbox 461 5613 2035 5687">
     <span class='ocr_line' id='line_1_78' title="bbox 461 5613 2035 5687; baseline 0.005 -24"><span class='ocrx_word' id='word_1_600' title='bbox 461 5614 720 5687; x_wconf 78' lang='lat' dir='ltr'><strong>quoniam</strong></span> <span class='ocrx_word' id='word_1_601' title='bbox 750 5613 1010 5687; x_wconf 71' lang='lat' dir='ltr'><strong>_charitas</strong></span> <span class='ocrx_word' id='word_1_602' title='bbox 1038 5633 1122 5687; x_wconf 79' lang='lat' dir='ltr'><strong>ex</strong></span> <span class='ocrx_word' id='word_1_603' title='bbox 1176 5616 1285 5670; x_wconf 89' lang='lat' dir='ltr'><strong>Deo</strong></span> <span class='ocrx_word' id='word_1_604' title='bbox 1326 5626 1410 5671; x_wconf 89' lang='lat' dir='ltr'><strong>est</strong></span> <span class='ocrx_word' id='word_1_605' title='bbox 1458 5613 1588 5686; x_wconf 85' lang='lat' dir='ltr'><strong>(ibid</strong></span> <span class='ocrx_word' id='word_1_606' title='bbox 1624 5618 1703 5687; x_wconf 87' lang='grc'><strong>7).</strong></span> <span class='ocrx_word' id='word_1_607' title='bbox 1759 5617 1865 5687; x_wconf 82' lang='lat' dir='ltr'><strong>Qui</strong></span> <span class='ocrx_word' id='word_1_608' title='bbox 1913 5633 2035 5687; x_wconf 76' lang='lat' dir='ltr'><strong>ergo</strong></span> 
     </span>
    </p>
   </div>
   <div class='ocr_carea' id='block_1_79' title="bbox 460 5682 2036 5754">
    <p class='ocr_par' dir='ltr' id='par_1_79' title="bbox 460 5682 2036 5754">
     <span class='ocr_line' id='line_1_79' title="bbox 460 5682 2036 5754; baseline 0.004 -21"><span class='ocrx_word' id='word_1_609' title='bbox 460 5682 636 5735; x_wconf 78' lang='lat' dir='ltr'><strong>dixit:</strong></span> <span class='ocrx_word' id='word_1_610' title='bbox 661 5682 798 5748; x_wconf 85' lang='lat' dir='ltr'><strong>Quia</strong></span> <span class='ocrx_word' id='word_1_611' title='bbox 838 5684 979 5738; x_wconf 91' lang='lat' dir='ltr'><strong>Deus</strong></span> <span class='ocrx_word' id='word_1_612' title='bbox 1003 5686 1245 5740; x_wconf 88' lang='lat' dir='ltr'><strong>charitas</strong></span> <span class='ocrx_word' id='word_1_613' title='bbox 1284 5696 1389 5753; x_wconf 89' lang='lat' dir='ltr'><strong>est,</strong></span> <span class='ocrx_word' id='word_1_614' title='bbox 1422 5682 1535 5754; x_wconf 79' lang='lat' dir='ltr'><strong>ipse</strong></span> <span class='ocrx_word' id='word_1_615' title='bbox 1581 5682 1769 5741; x_wconf 79' lang='lat' dir='ltr'><strong>iterum</strong></span> <span class='ocrx_word' id='word_1_616' title='bbox 1804 5682 2036 5740; x_wconf 76' lang='lat' dir='ltr'><strong>charito-</strong></span> 
     </span>
    </p>
   </div>
   <div class='ocr_carea' id='block_1_80' title="bbox 465 5755 2036 5823">
    <p class='ocr_par' dir='ltr' id='par_1_80' title="bbox 465 5755 2036 5823">
     <span class='ocr_line' id='line_1_80' title="bbox 465 5755 2036 5823; baseline 0.006 -21"><span class='ocrx_word' id='word_1_617' title='bbox 465 5760 567 5804; x_wconf 85' lang='lat' dir='ltr'><strong>tem</strong></span> <span class='ocrx_word' id='word_1_618' title='bbox 593 5755 739 5806; x_wconf 86' lang='lat' dir='ltr'><strong>docet</strong></span> <span class='ocrx_word' id='word_1_619' title='bbox 775 5769 887 5808; x_wconf 88' lang='lat' dir='ltr'><strong>esse</strong></span> <span class='ocrx_word' id='word_1_620' title='bbox 921 5771 986 5809; x_wconf 80' lang='lat' dir='ltr'><strong>ea:</strong></span> <span class='ocrx_word' id='word_1_621' title='bbox 1014 5756 1122 5811; x_wconf 86' lang='lat' dir='ltr'><strong>Deo</strong></span> <span class='ocrx_word' id='word_1_622' title='bbox 1157 5772 1176 5810; x_wconf 92' lang='lat'><strong><em>:</em></strong></span> <span class='ocrx_word' id='word_1_623' title='bbox 1214 5773 1371 5823; x_wconf 90' lang='lat' dir='ltr'><strong>quam</strong></span> <span class='ocrx_word' id='word_1_624' title='bbox 1398 5756 1708 5811; x_wconf 82' lang='lat' dir='ltr'><strong>charitatem</strong></span> <span class='ocrx_word' id='word_1_625' title='bbox 1739 5773 1844 5810; x_wconf 89' lang='lat' dir='ltr'><strong>non</strong></span> <span class='ocrx_word' id='word_1_626' title='bbox 1878 5760 2036 5812; x_wconf 85' lang='lat' dir='ltr'><strong>credo</strong></span> 
     </span>
    </p>
   </div>
   <div class='ocr_carea' id='block_1_81' title="bbox 463 5823 2036 5896">
    <p class='ocr_par' dir='ltr' id='par_1_81' title="bbox 463 5823 2036 5896">
     <span class='ocr_line' id='line_1_81' title="bbox 463 5823 2036 5896; baseline 0.004 -20"><span class='ocrx_word' id='word_1_627' title='bbox 463 5824 796 5896; x_wconf 75' lang='lat' dir='ltr'><strong>esse_alium,</strong></span> <span class='ocrx_word' id='word_1_628' title='bbox 829 5826 930 5879; x_wconf 85' lang='lat' dir='ltr'><strong>nisi</strong></span> <span class='ocrx_word' id='word_1_629' title='bbox 961 5823 1301 5895; x_wconf 83' lang='lat' dir='ltr'><strong>Unigenituut</strong></span> <span class='ocrx_word' id='word_1_630' title='bbox 1325 5824 1531 5881; x_wconf 88' lang='lat' dir='ltr'><strong>Filium</strong></span> <span class='ocrx_word' id='word_1_631' title='bbox 1549 5827 1685 5896; x_wconf 84' lang='lat' dir='ltr'><strong>ejus,</strong></span> <span class='ocrx_word' id='word_1_632' title='bbox 1708 5829 1843 5880; x_wconf 87' lang='lat' dir='ltr'><strong>sicut</strong></span> <span class='ocrx_word' id='word_1_633' title='bbox 1868 5826 2036 5883; x_wconf 85' lang='lat' dir='ltr'><strong>Deum</strong></span> 
     </span>
    </p>
   </div>
   <div class='ocr_carea' id='block_1_82' title="bbox 469 5891 1887 5969">
    <p class='ocr_par' dir='ltr' id='par_1_82' title="bbox 469 5891 1887 5969">
     <span class='ocr_line' id='line_1_82' title="bbox 469 5891 1887 5969; baseline 0.008 -24"><span class='ocrx_word' id='word_1_634' title='bbox 469 5905 535 5946; x_wconf 73' lang='lat' dir='ltr'><strong>es</strong></span> <span class='ocrx_word' id='word_1_635' title='bbox 562 5891 690 5964; x_wconf 80' lang='lat' dir='ltr'><strong>Deo,</strong></span> <span class='ocrx_word' id='word_1_636' title='bbox 721 5897 798 5951; x_wconf 81' lang='lat' dir='ltr'><strong>ita</strong></span> <span class='ocrx_word' id='word_1_637' title='bbox 822 5891 1133 5955; x_wconf 74' lang='lat' dir='ltr'><strong>citaritatém</strong></span> <span class='ocrx_word' id='word_1_638' title='bbox 1158 5913 1224 5954; x_wconf 73' lang='lat' dir='ltr'><strong>ea:</strong></span> <span class='ocrx_word' id='word_1_639' title='bbox 1245 5897 1507 5955; x_wconf 75' lang='lat' dir='ltr'><strong>charitate</strong></span> <span class='ocrx_word' id='word_1_640' title='bbox 1532 5891 1887 5969; x_wconf 68' lang='lat' dir='ltr'><strong>progenitum.</strong></span> 
     </span>
    </p>
   </div>
   <div class='ocr_carea' id='block_1_83' title="bbox 1610 4112 3215 4245">
    <p class='ocr_par' dir='ltr' id='par_1_83' title="bbox 1610 4112 3215 4245">
     <span class='ocr_line' id='line_1_83' title="bbox 1610 4112 3215 4198; baseline -0.004 -29"><span class='ocrx_word' id='word_1_641' title='bbox 1610 4118 1651 4148; x_wconf 81' lang='grc'><strong>¹⁸</strong></span> <span class='ocrx_word' id='word_1_642' title='bbox 1687 4115 1846 4171; x_wconf 77' lang='lat' dir='ltr'><strong>Rom.</strong></span> <span class='ocrx_word' id='word_1_643' title='bbox 1893 4133 1933 4183; x_wconf 85' lang='grc' dir='ltr'><strong>ι,</strong></span> <span class='ocrx_word' id='word_1_644' title='bbox 1968 4118 2025 4175; x_wconf 79' lang='grc'>4.</span> <span class='ocrx_word' id='word_1_645' title='bbox 2100 4120 2144 4151; x_wconf 84' lang='grc'><strong>¹⁹</strong></span> <span class='ocrx_word' id='word_1_646' title='bbox 2190 4117 2207 4171; x_wconf 95' lang='lat' dir='ltr'><strong>l</strong></span> <span class='ocrx_word' id='word_1_647' title='bbox 2247 4118 2372 4198; x_wconf 77' lang='lat' dir='ltr'><strong>Cor.</strong></span> <span class='ocrx_word' id='word_1_648' title='bbox 2417 4114 2570 4177; x_wconf 62' lang='lat'><strong>1.9.4.</strong></span> <span class='ocrx_word' id='word_1_649' title='bbox 2646 4113 2694 4144; x_wconf 86' lang='grc'><strong>¹⁰</strong></span> <span class='ocrx_word' id='word_1_650' title='bbox 2726 4112 2854 4181; x_wconf 86' lang='lat' dir='ltr'><strong>Sap.</strong></span> <span class='ocrx_word' id='word_1_651' title='bbox 2885 4129 2981 4178; x_wconf 87' lang='lat' dir='ltr'><strong>vtt,</strong></span> <span class='ocrx_word' id='word_1_652' title='bbox 3006 4114 3100 4177; x_wconf 78' lang='lat'><strong>9.5,</strong></span> <span class='ocrx_word' id='word_1_653' title='bbox 3125 4112 3215 4166; x_wconf 74' lang='lat'><strong>‘26.</strong></span> 
     </span>
     <span class='ocr_line' id='line_1_84' title="bbox 1613 4182 3209 4245; baseline -0.003 -4"><span class='ocrx_word' id='word_1_654' title='bbox 1613 4227 1628 4241; x_wconf 95' lang='lat'><strong>.</strong></span> <span class='ocrx_word' id='word_1_655' title='bbox 1708 4187 1754 4219; x_wconf 71' lang='lat'>“</span> <span class='ocrx_word' id='word_1_656' title='bbox 1776 4186 1937 4243; x_wconf 80' lang='lat' dir='ltr'><strong>Rom.</strong></span> <span class='ocrx_word' id='word_1_657' title='bbox 1963 4204 2003 4245; x_wconf 87' lang='grc'>1.</span> <span class='ocrx_word' id='word_1_658' title='bbox 2028 4189 2083 4245; x_wconf 80' lang='lat'><strong>3.</strong></span> <span class='ocrx_word' id='word_1_659' title='bbox 2187 4189 2234 4221; x_wconf 76' lang='grc'><strong>³⁸</strong></span> <span class='ocrx_word' id='word_1_660' title='bbox 2272 4189 2401 4240; x_wconf 84' lang='lat' dir='ltr'><strong>tbtd.</strong></span> <span class='ocrx_word' id='word_1_661' title='bbox 2440 4190 2493 4238; x_wconf 77' lang='grc'>4.</span> <span class='ocrx_word' id='word_1_662' title='bbox 2606 4185 2651 4216; x_wconf 73' lang='grc' dir='ltr'><strong>’θ</strong></span> <span class='ocrx_word' id='word_1_663' title='bbox 2680 4182 2839 4237; x_wconf 81' lang='lat' dir='ltr'><strong>Rom.</strong></span> <span class='ocrx_word' id='word_1_664' title='bbox 2872 4200 2981 4245; x_wconf 78' lang='lat' dir='ltr'><strong>tut,</strong></span> <span class='ocrx_word' id='word_1_665' title='bbox 3005 4186 3060 4238; x_wconf 81' lang='lat'><strong>9.</strong></span> <span class='ocrx_word' id='word_1_666' title='bbox 3165 4183 3209 4213; x_wconf 75' lang='grc'><strong>³⁷</strong></span> 
     </span>
    </p>
   </div>
   <div class='ocr_carea' id='block_1_84' title="bbox 1828 4203 2083 4257">
    <p class='ocr_par' dir='ltr' id='par_1_84' title="bbox 1828 4203 2083 4257">
     <span class='ocr_line' id='line_1_85' title="bbox 1828 4203 2083 4257; baseline 0.012 -15"><span class='ocrx_word' id='word_1_667' title='bbox 1828 4203 1937 4243; x_wconf 92' lang='lat' dir='ltr'><strong>om.</strong></span> <span class='ocrx_word' id='word_1_668' title='bbox 1963 4204 2003 4257; x_wconf 84' lang='grc' dir='ltr'><strong>ι,</strong></span> <span class='ocrx_word' id='word_1_669' title='bbox 2028 4203 2083 4245; x_wconf 77' lang='lat' dir='ltr'><strong>a.</strong></span> 
     </span>
    </p>
   </div>
   <div class='ocr_carea' id='block_1_85' title="bbox 2169 2000 3743 2071">
    <p class='ocr_par' dir='ltr' id='par_1_85' title="bbox 2169 2000 3743 2071">
     <span class='ocr_line' id='line_1_86' title="bbox 2169 2000 3743 2071; baseline 0.001 -18"><span class='ocrx_word' id='word_1_670' title='bbox 2169 2000 2382 2055; x_wconf 85' lang='lat' dir='ltr'><strong>sociare</strong></span> <span class='ocrx_word' id='word_1_671' title='bbox 2415 2014 2476 2055; x_wconf 90' lang='lat' dir='ltr'><strong>se</strong></span> <span class='ocrx_word' id='word_1_672' title='bbox 2507 2000 2752 2070; x_wconf 89' lang='lat' dir='ltr'><strong>spiritui,</strong></span> <span class='ocrx_word' id='word_1_673' title='bbox 2789 2009 2845 2053; x_wconf 87' lang='lat' dir='ltr'><strong>et</strong></span> <span class='ocrx_word' id='word_1_674' title='bbox 2875 2015 3001 2057; x_wconf 86' lang='lat' dir='ltr'><strong>esse</strong></span> <span class='ocrx_word' id='word_1_675' title='bbox 3035 2018 3203 2057; x_wconf 84' lang='lat' dir='ltr'><strong>unum</strong></span> <span class='ocrx_word' id='word_1_676' title='bbox 3230 2016 3353 2056; x_wconf 89' lang='lat' dir='ltr'><strong>cum</strong></span> <span class='ocrx_word' id='word_1_677' title='bbox 3384 2001 3578 2071; x_wconf 86' lang='lat' dir='ltr'><strong>spiritu</strong></span> <span class='ocrx_word' id='word_1_678' title='bbox 3622 2014 3639 2053; x_wconf 93' lang='lat'><strong>:</strong></span> <span class='ocrx_word' id='word_1_679' title='bbox 3675 2015 3743 2056; x_wconf 77' lang='lat' dir='ltr'><strong>ex</strong></span> 
     </span>
    </p>
   </div>
   <div class='ocr_carea' id='block_1_86' title="bbox 2162 2091 3746 2159">
    <p class='ocr_par' dir='ltr' id='par_1_86' title="bbox 2162 2091 3746 2159">
     <span class='ocr_line' id='line_1_87' title="bbox 2162 2091 3746 2159; baseline 0.002 -16"><span class='ocrx_word' id='word_1_680' title='bbox 2162 2104 2298 2159; x_wconf 91' lang='lat' dir='ltr'><strong>quo,</strong></span> <span class='ocrx_word' id='word_1_681' title='bbox 2344 2092 2390 2145; x_wconf 91' lang='lat' dir='ltr'><strong>si</strong></span> <span class='ocrx_word' id='word_1_682' title='bbox 2431 2091 2650 2158; x_wconf 87' lang='lat' dir='ltr'><strong>quidem</strong></span> <span class='ocrx_word' id='word_1_683' title='bbox 2706 2107 2827 2145; x_wconf 92' lang='lat' dir='ltr'><strong>cum</strong></span> <span class='ocrx_word' id='word_1_684' title='bbox 2881 2109 3051 2151; x_wconf 86' lang='lat' dir='ltr'><strong>carne</strong></span> <span class='ocrx_word' id='word_1_685' title='bbox 3080 2095 3171 2158; x_wconf 87' lang='lat' dir='ltr'><strong>sit,</strong></span> <span class='ocrx_word' id='word_1_686' title='bbox 3213 2093 3458 2148; x_wconf 81' lang='lat' dir='ltr'><strong>carnales</strong></span> <span class='ocrx_word' id='word_1_687' title='bbox 3496 2092 3746 2146; x_wconf 88' lang='lat' dir='ltr'><strong>homines</strong></span> 
     </span>
    </p>
   </div>
   <div class='ocr_carea' id='block_1_87' title="bbox 2167 2181 3743 2255">
    <p class='ocr_par' dir='ltr' id='par_1_87' title="bbox 2167 2181 3743 2255">
     <span class='ocr_line' id='line_1_88' title="bbox 2167 2181 3743 2255; baseline 0.004 -21"><span class='ocrx_word' id='word_1_688' title='bbox 2167 2181 2344 2246; x_wconf 87' lang='lat' dir='ltr'><strong>ﬁant;</strong></span> <span class='ocrx_word' id='word_1_689' title='bbox 2393 2182 2437 2236; x_wconf 92' lang='lat' dir='ltr'><strong>si</strong></span> <span class='ocrx_word' id='word_1_690' title='bbox 2488 2197 2622 2238; x_wconf 90' lang='lat' dir='ltr'><strong>vero</strong></span> <span class='ocrx_word' id='word_1_691' title='bbox 2659 2196 2783 2237; x_wconf 91' lang='lat' dir='ltr'><strong>cum</strong></span> <span class='ocrx_word' id='word_1_692' title='bbox 2820 2186 3038 2253; x_wconf 88' lang='lat' dir='ltr'><strong>spiritu,</strong></span> <span class='ocrx_word' id='word_1_693' title='bbox 3079 2185 3373 2255; x_wconf 88' lang='lat' dir='ltr'><strong>spiritales.</strong></span> <span class='ocrx_word' id='word_1_694' title='bbox 3431 2184 3497 2237; x_wconf 87' lang='lat' dir='ltr'><strong>Et</strong></span> <span class='ocrx_word' id='word_1_695' title='bbox 3538 2185 3743 2240; x_wconf 90' lang='lat' dir='ltr'><strong>idcirco</strong></span> 
     </span>
    </p>
   </div>
   <div class='ocr_carea' id='block_1_88' title="bbox 2163 2262 3738 2335">
    <p class='ocr_par' dir='ltr' id='par_1_88' title="bbox 2163 2262 3738 2335">
     <span class='ocr_line' id='line_1_89' title="bbox 2163 2262 3738 2335; baseline 0.002 -10"><span class='ocrx_word' id='word_1_696' title='bbox 2163 2262 2509 2326; x_wconf 83' lang='lat' dir='ltr'><strong>extrinsecus</strong></span> <span class='ocrx_word' id='word_1_697' title='bbox 2531 2287 2650 2327; x_wconf 90' lang='lat' dir='ltr'><strong>eam</strong></span> <span class='ocrx_word' id='word_1_698' title='bbox 2691 2288 2797 2327; x_wconf 93' lang='lat' dir='ltr'><strong>non</strong></span> <span class='ocrx_word' id='word_1_699' title='bbox 2827 2274 3096 2335; x_wconf 83' lang='lat' dir='ltr'><strong>nominat.</strong></span> <span class='ocrx_word' id='word_1_700' title='bbox 3122 2275 3215 2329; x_wconf 87' lang='lat' dir='ltr'><strong>sed</strong></span> <span class='ocrx_word' id='word_1_701' title='bbox 3248 2290 3473 2330; x_wconf 86' lang='lat' dir='ltr'><strong>carnem</strong></span> <span class='ocrx_word' id='word_1_702' title='bbox 3509 2284 3738 2335; x_wconf 87' lang='lat' dir='ltr'><strong>tantum.</strong></span> 
     </span>
    </p>
   </div>
   <div class='ocr_carea' id='block_1_89' title="bbox 2164 2362 3741 2431">
    <p class='ocr_par' dir='ltr' id='par_1_89' title="bbox 2164 2362 3741 2431">
     <span class='ocr_line' id='line_1_90' title="bbox 2164 2362 3741 2431; baseline 0.004 -16"><span class='ocrx_word' id='word_1_703' title='bbox 2164 2362 2251 2415; x_wconf 89' lang='lat' dir='ltr'><strong>vel</strong></span> <span class='ocrx_word' id='word_1_704' title='bbox 2304 2363 2606 2431; x_wconf 88' lang='lat' dir='ltr'><strong>spiritum;</strong></span> <span class='ocrx_word' id='word_1_705' title='bbox 2644 2365 2749 2418; x_wconf 84' lang='lat' dir='ltr'><strong>scit</strong></span> <span class='ocrx_word' id='word_1_706' title='bbox 2800 2364 2949 2421; x_wconf 89' lang='lat' dir='ltr'><strong>enim</strong></span> <span class='ocrx_word' id='word_1_707' title='bbox 2989 2364 3149 2418; x_wconf 86' lang='lat' dir='ltr'><strong>alteri</strong></span> <span class='ocrx_word' id='word_1_708' title='bbox 3193 2366 3382 2420; x_wconf 86' lang='lat' dir='ltr'><strong>horum</strong></span> <span class='ocrx_word' id='word_1_709' title='bbox 3430 2368 3741 2422; x_wconf 86' lang='lat' dir='ltr'><strong>necessario</strong></span> 
     </span>
    </p>
   </div>
   <div class='ocr_carea' id='block_1_90' title="bbox 2164 2455 3723 2526">
    <p class='ocr_par' dir='ltr' id='par_1_90' title="bbox 2164 2455 3723 2526">
     <span class='ocr_line' id='line_1_91' title="bbox 2164 2455 3723 2526; baseline 0.004 -18"><span class='ocrx_word' id='word_1_710' title='bbox 2164 2455 2403 2508; x_wconf 88' lang='lat' dir='ltr'><strong>animam</strong></span> <span class='ocrx_word' id='word_1_711' title='bbox 2439 2456 2744 2522; x_wconf 68' lang='lat' dir='ltr'><strong>cohaerere,</strong></span> <span class='ocrx_word' id='word_1_712' title='bbox 2777 2456 2919 2511; x_wconf 88' lang='lat' dir='ltr'><strong>sicut</strong></span> <span class='ocrx_word' id='word_1_713' title='bbox 2959 2466 3014 2512; x_wconf 90' lang='lat' dir='ltr'><strong>et</strong></span> <span class='ocrx_word' id='word_1_714' title='bbox 3060 2458 3113 2512; x_wconf 89' lang='lat' dir='ltr'><strong>in</strong></span> <span class='ocrx_word' id='word_1_715' title='bbox 3149 2458 3236 2512; x_wconf 88' lang='lat' dir='ltr'><strong>his</strong></span> <span class='ocrx_word' id='word_1_716' title='bbox 3267 2458 3337 2512; x_wconf 83' lang='lat' dir='ltr'><strong>ad</strong></span> <span class='ocrx_word' id='word_1_717' title='bbox 3379 2459 3519 2526; x_wconf 81' lang='lat' dir='ltr'><strong>quos</strong></span> <span class='ocrx_word' id='word_1_718' title='bbox 3563 2458 3723 2516; x_wconf 86' lang='lat' dir='ltr'><strong>dicit:</strong></span> 
     </span>
    </p>
   </div>
   <div class='ocr_carea' id='block_1_91' title="bbox 2170 2544 3737 2617">
    <p class='ocr_par' dir='ltr' id='par_1_91' title="bbox 2170 2544 3737 2617">
     <span class='ocr_line' id='line_1_92' title="bbox 2170 2544 3737 2617; baseline 0.003 -18"><span class='ocrx_word' id='word_1_719' title='bbox 2170 2544 2277 2599; x_wconf 85' lang='lat' dir='ltr'><strong>Vos</strong></span> <span class='ocrx_word' id='word_1_720' title='bbox 2300 2554 2478 2599; x_wconf 88' lang='lat' dir='ltr'><strong>autem</strong></span> <span class='ocrx_word' id='word_1_721' title='bbox 2520 2547 2577 2599; x_wconf 90' lang='lat' dir='ltr'><strong>in</strong></span> <span class='ocrx_word' id='word_1_722' title='bbox 2610 2564 2768 2601; x_wconf 88' lang='lat' dir='ltr'><strong>carne</strong></span> <span class='ocrx_word' id='word_1_723' title='bbox 2797 2563 2907 2601; x_wconf 91' lang='lat' dir='ltr'><strong>non</strong></span> <span class='ocrx_word' id='word_1_724' title='bbox 2936 2549 3078 2614; x_wconf 75' lang='lat' dir='ltr'><strong>satis,</strong></span> <span class='ocrx_word' id='word_1_725' title='bbox 3101 2548 3192 2602; x_wconf 87' lang='lat' dir='ltr'><strong>sed</strong></span> <span class='ocrx_word' id='word_1_726' title='bbox 3222 2550 3277 2603; x_wconf 89' lang='lat' dir='ltr'><strong>in</strong></span> <span class='ocrx_word' id='word_1_727' title='bbox 3310 2550 3500 2617; x_wconf 84' lang='lat' dir='ltr'><strong>spiritu</strong></span> <span class='ocrx_word' id='word_1_728' title='bbox 3527 2549 3573 2580; x_wconf 78' lang='lat'>&quot;</span> <span class='ocrx_word' id='word_1_729' title='bbox 3599 2565 3613 2614; x_wconf 91' lang='lat'><strong>;</strong></span> <span class='ocrx_word' id='word_1_730' title='bbox 3640 2558 3698 2603; x_wconf 90' lang='lat' dir='ltr'><strong>et</strong></span> <span class='ocrx_word' id='word_1_731' title='bbox 3722 2566 3737 2604; x_wconf 88' lang='lat'><strong>:</strong></span> 
     </span>
    </p>
   </div>
   <div class='ocr_carea' id='block_1_92' title="bbox 2163 2638 3739 2713">
    <p class='ocr_par' dir='ltr' id='par_1_92' title="bbox 2163 2638 3739 2713">
     <span class='ocr_line' id='line_1_93' title="bbox 2163 2638 3739 2713; baseline 0.003 -21"><span class='ocrx_word' id='word_1_732' title='bbox 2163 2638 2269 2704; x_wconf 85' lang='lat' dir='ltr'><strong>Qui</strong></span> <span class='ocrx_word' id='word_1_733' title='bbox 2297 2655 2353 2693; x_wconf 86' lang='lat' dir='ltr'><strong>se</strong></span> <span class='ocrx_word' id='word_1_734' title='bbox 2381 2639 2563 2709; x_wconf 88' lang='lat' dir='ltr'><strong>jungit</strong></span> <span class='ocrx_word' id='word_1_735' title='bbox 2598 2640 2887 2706; x_wconf 87' lang='lat' dir='ltr'><strong>meretrici,</strong></span> <span class='ocrx_word' id='word_1_736' title='bbox 2917 2656 3076 2693; x_wconf 83' lang='lat' dir='ltr'><strong>unum</strong></span> <span class='ocrx_word' id='word_1_737' title='bbox 3105 2656 3302 2709; x_wconf 86' lang='lat' dir='ltr'><strong>corpus</strong></span> <span class='ocrx_word' id='word_1_738' title='bbox 3345 2649 3422 2694; x_wconf 85' lang='lat' dir='ltr'><strong>est</strong></span> <span class='ocrx_word' id='word_1_739' title='bbox 3464 2639 3739 2713; x_wconf 83' lang='lat' dir='ltr'><strong>(meretri-</strong></span> 
     </span>
    </p>
   </div>
   <div class='ocr_carea' id='block_1_93' title="bbox 2161 2731 3744 2802">
    <p class='ocr_par' dir='ltr' id='par_1_93' title="bbox 2161 2731 3744 2802">
     <span class='ocr_line' id='line_1_94' title="bbox 2161 2731 3744 2802; baseline 0.002 -16"><span class='ocrx_word' id='word_1_740' title='bbox 2161 2746 2278 2786; x_wconf 88' lang='lat' dir='ltr'><strong>cem</strong></span> <span class='ocrx_word' id='word_1_741' title='bbox 2310 2731 2400 2785; x_wconf 86' lang='lat' dir='ltr'><strong>hic</strong></span> <span class='ocrx_word' id='word_1_742' title='bbox 2428 2746 2654 2786; x_wconf 87' lang='lat' dir='ltr'><strong>carnem</strong></span> <span class='ocrx_word' id='word_1_743' title='bbox 2699 2731 2784 2785; x_wconf 85' lang='lat' dir='ltr'><strong>vel</strong></span> <span class='ocrx_word' id='word_1_744' title='bbox 2832 2747 3031 2801; x_wconf 88' lang='lat' dir='ltr'><strong>corpus</strong></span> <span class='ocrx_word' id='word_1_745' title='bbox 3080 2736 3325 2802; x_wconf 88' lang='lat' dir='ltr'><strong>vocans),</strong></span> <span class='ocrx_word' id='word_1_746' title='bbox 3352 2732 3444 2802; x_wconf 82' lang='lat' dir='ltr'><strong>qui</strong></span> <span class='ocrx_word' id='word_1_747' title='bbox 3476 2742 3652 2787; x_wconf 75' lang='lat' dir='ltr'><strong>autem</strong></span> <span class='ocrx_word' id='word_1_748' title='bbox 3684 2749 3744 2790; x_wconf 73' lang='lat' dir='ltr'><strong>cs</strong></span> 
     </span>
    </p>
   </div>
   <div class='ocr_carea' id='block_1_94' title="bbox 2149 2823 3737 2894">
    <p class='ocr_par' dir='ltr' id='par_1_94' title="bbox 2149 2823 3737 2894">
     <span class='ocr_line' id='line_1_95' title="bbox 2149 2823 3737 2894; baseline 0.001 -16"><span class='ocrx_word' id='word_1_749' title='bbox 2149 2824 2332 2894; x_wconf 86' lang='lat' dir='ltr'><strong>jungit</strong></span> <span class='ocrx_word' id='word_1_750' title='bbox 2361 2823 2611 2889; x_wconf 88' lang='lat' dir='ltr'><strong>Domina,</strong></span> <span class='ocrx_word' id='word_1_751' title='bbox 2659 2842 2796 2879; x_wconf 85' lang='lat' dir='ltr'><strong>unus</strong></span> <span class='ocrx_word' id='word_1_752' title='bbox 2836 2825 3054 2893; x_wconf 81' lang='lat' dir='ltr'><strong>spiritus</strong></span> <span class='ocrx_word' id='word_1_753' title='bbox 3099 2835 3177 2879; x_wconf 82' lang='lat' dir='ltr'><strong>est</strong></span> <span class='ocrx_word' id='word_1_754' title='bbox 3207 2826 3275 2880; x_wconf 83' lang='grc'><strong>³⁷.</strong></span> <span class='ocrx_word' id='word_1_755' title='bbox 3308 2826 3387 2879; x_wconf 88' lang='lat' dir='ltr'><strong>Ita</strong></span> <span class='ocrx_word' id='word_1_756' title='bbox 3412 2840 3541 2894; x_wconf 75' lang='lat' dir='ltr'><strong>ergo</strong></span> <span class='ocrx_word' id='word_1_757' title='bbox 3573 2826 3737 2880; x_wconf 83' lang='lat' dir='ltr'><strong>etiam</strong></span> 
     </span>
    </p>
   </div>
   <div class='ocr_carea' id='block_1_95' title="bbox 2161 2915 3735 2984">
    <p class='ocr_par' dir='ltr' id='par_1_95' title="bbox 2161 2915 3735 2984">
     <span class='ocr_line' id='line_1_96' title="bbox 2161 2915 3735 2984; baseline 0.001 -14"><span class='ocrx_word' id='word_1_758' title='bbox 2161 2932 2306 2970; x_wconf 89' lang='lat' dir='ltr'><strong>nunc</strong></span> <span class='ocrx_word' id='word_1_759' title='bbox 2337 2918 2520 2971; x_wconf 89' lang='lat' dir='ltr'><strong>sciens</strong></span> <span class='ocrx_word' id='word_1_760' title='bbox 2556 2918 2623 2968; x_wconf 87' lang='lat' dir='ltr'><strong>de</strong></span> <span class='ocrx_word' id='word_1_761' title='bbox 2650 2918 2834 2971; x_wconf 87' lang='lat' dir='ltr'><strong>anitua</strong></span> <span class='ocrx_word' id='word_1_762' title='bbox 2864 2915 3016 2984; x_wconf 82' lang='lat' dir='ltr'><strong>Jesu,</strong></span> <span class='ocrx_word' id='word_1_763' title='bbox 3057 2917 3182 2984; x_wconf 90' lang='lat' dir='ltr'><strong>quia</strong></span> <span class='ocrx_word' id='word_1_764' title='bbox 3227 2918 3434 2973; x_wconf 87' lang='lat' dir='ltr'><strong>sociata</strong></span> <span class='ocrx_word' id='word_1_765' title='bbox 3481 2917 3735 2982; x_wconf 87' lang='lat' dir='ltr'><strong>Domino,</strong></span> 
     </span>
    </p>
   </div>
   <div class='ocr_carea' id='block_1_96' title="bbox 2156 3009 3738 3078">
    <p class='ocr_par' dir='ltr' id='par_1_96' title="bbox 2156 3009 3738 3078">
     <span class='ocr_line' id='line_1_97' title="bbox 2156 3009 3738 3078; baseline 0.002 -16"><span class='ocrx_word' id='word_1_766' title='bbox 2156 3021 2211 3062; x_wconf 87' lang='lat' dir='ltr'><strong>et</strong></span> <span class='ocrx_word' id='word_1_767' title='bbox 2239 3009 2525 3063; x_wconf 73' lang='lat' dir='ltr'><strong>cohaerens</strong></span> <span class='ocrx_word' id='word_1_768' title='bbox 2549 3009 2625 3077; x_wconf 91' lang='lat' dir='ltr'><strong>ei,</strong></span> <span class='ocrx_word' id='word_1_769' title='bbox 2665 3024 2806 3063; x_wconf 92' lang='lat' dir='ltr'><strong>unus</strong></span> <span class='ocrx_word' id='word_1_770' title='bbox 2834 3024 2958 3063; x_wconf 92' lang='lat' dir='ltr'><strong>cum</strong></span> <span class='ocrx_word' id='word_1_771' title='bbox 3006 3009 3126 3078; x_wconf 89' lang='lat' dir='ltr'><strong>ipso</strong></span> <span class='ocrx_word' id='word_1_772' title='bbox 3173 3009 3350 3064; x_wconf 82' lang='lat' dir='ltr'><strong>lactus</strong></span> <span class='ocrx_word' id='word_1_773' title='bbox 3393 3010 3465 3064; x_wconf 89' lang='lat' dir='ltr'><strong>sit</strong></span> <span class='ocrx_word' id='word_1_774' title='bbox 3511 3010 3738 3078; x_wconf 87' lang='lat' dir='ltr'><strong>spiritus</strong></span> 
     </span>
    </p>
   </div>
   <div class='ocr_carea' id='block_1_97' title="bbox 2157 3102 3731 3167">
    <p class='ocr_par' dir='ltr' id='par_1_97' title="bbox 2157 3102 3731 3167">
     <span class='ocr_line' id='line_1_98' title="bbox 2157 3102 3731 3167; baseline 0.002 -12"><span class='ocrx_word' id='word_1_775' title='bbox 2157 3102 2638 3167; x_wconf 88' lang='lat' dir='ltr'><strong>sanctiﬁcationis,</strong></span> <span class='ocrx_word' id='word_1_776' title='bbox 2696 3118 2806 3156; x_wconf 92' lang='lat' dir='ltr'><strong>non</strong></span> <span class='ocrx_word' id='word_1_777' title='bbox 2859 3116 2978 3156; x_wconf 88' lang='lat' dir='ltr'><strong>eam</strong></span> <span class='ocrx_word' id='word_1_778' title='bbox 3030 3102 3330 3157; x_wconf 86' lang='lat' dir='ltr'><strong>nominavit</strong></span> <span class='ocrx_word' id='word_1_779' title='bbox 3366 3103 3731 3165; x_wconf 84' lang='lat' dir='ltr'><strong>extrinsecus,</strong></span> 
     </span>
    </p>
   </div>
   <div class='ocr_carea' id='block_1_98' title="bbox 2158 3193 3735 3267">
    <p class='ocr_par' dir='ltr' id='par_1_98' title="bbox 2158 3193 3735 3267">
     <span class='ocr_line' id='line_1_99' title="bbox 2158 3193 3735 3267; baseline -0.001 -18"><span class='ocrx_word' id='word_1_780' title='bbox 2158 3212 2225 3251; x_wconf 81' lang='lat' dir='ltr'><strong>ne</strong></span> <span class='ocrx_word' id='word_1_781' title='bbox 2248 3194 2483 3251; x_wconf 86' lang='lat' dir='ltr'><strong>solveret</strong></span> <span class='ocrx_word' id='word_1_782' title='bbox 2516 3193 2698 3250; x_wconf 81' lang='lat' dir='ltr'><strong>Jesum</strong></span> <span class='ocrx_word' id='word_1_783' title='bbox 2726 3211 2741 3249; x_wconf 90' lang='lat'><strong>:</strong></span> <span class='ocrx_word' id='word_1_784' title='bbox 2770 3195 2923 3258; x_wconf 79' lang='lat' dir='ltr'><strong>Quod</strong></span> <span class='ocrx_word' id='word_1_785' title='bbox 2950 3196 3089 3249; x_wconf 86' lang='lat' dir='ltr'><strong>enim</strong></span> <span class='ocrx_word' id='word_1_786' title='bbox 3109 3196 3224 3267; x_wconf 76' lang='lat'><strong>(3|)</strong></span> <span class='ocrx_word' id='word_1_787' title='bbox 3265 3194 3408 3249; x_wconf 87' lang='lat' dir='ltr'><strong>Deus</strong></span> <span class='ocrx_word' id='word_1_788' title='bbox 3432 3194 3735 3265; x_wconf 73' lang='lat' dir='ltr'><strong>conjunxit,</strong></span> 
     </span>
    </p>
   </div>
   <div class='ocr_carea' id='block_1_99' title="bbox 2154 3286 3737 3355">
    <p class='ocr_par' dir='ltr' id='par_1_99' title="bbox 2154 3286 3737 3355">
     <span class='ocr_line' id='line_1_100' title="bbox 2154 3286 3737 3355; baseline 0 -15"><span class='ocrx_word' id='word_1_789' title='bbox 2154 3288 2311 3341; x_wconf 85' lang='lat' dir='ltr'><strong>homo</strong></span> <span class='ocrx_word' id='word_1_790' title='bbox 2345 3303 2451 3342; x_wconf 88' lang='lat' dir='ltr'><strong>non</strong></span> <span class='ocrx_word' id='word_1_791' title='bbox 2481 3297 2686 3355; x_wconf 80' lang='lat' dir='ltr'><strong>separet</strong></span> <span class='ocrx_word' id='word_1_792' title='bbox 2711 3286 2776 3340; x_wconf 74' lang='grc'><strong>⁸⁸.</strong></span> <span class='ocrx_word' id='word_1_793' title='bbox 2813 3286 3284 3341; x_wconf 86' lang='lat' dir='ltr'><strong>Sanctiﬁcationis</strong></span> <span class='ocrx_word' id='word_1_794' title='bbox 3330 3300 3462 3340; x_wconf 85' lang='lat' dir='ltr'><strong>vero</strong></span> <span class='ocrx_word' id='word_1_795' title='bbox 3507 3286 3737 3354; x_wconf 88' lang='lat' dir='ltr'><strong>spiritus</strong></span> 
     </span>
    </p>
   </div>
   <div class='ocr_carea' id='block_1_100' title="bbox 2156 3378 3735 3449">
    <p class='ocr_par' dir='ltr' id='par_1_100' title="bbox 2156 3378 3735 3449">
     <span class='ocr_line' id='line_1_101' title="bbox 2156 3378 3735 3449; baseline -0.003 -15"><span class='ocrx_word' id='word_1_796' title='bbox 2156 3379 2358 3434; x_wconf 85' lang='lat' dir='ltr'><strong>dicitur</strong></span> <span class='ocrx_word' id='word_1_797' title='bbox 2387 3379 2685 3433; x_wconf 87' lang='lat' dir='ltr'><strong>secundmn</strong></span> <span class='ocrx_word' id='word_1_798' title='bbox 2730 3380 2832 3433; x_wconf 80' lang='lat' dir='ltr'><strong>hoc</strong></span> <span class='ocrx_word' id='word_1_799' title='bbox 2861 3379 3005 3449; x_wconf 91' lang='lat' dir='ltr'><strong>quod</strong></span> <span class='ocrx_word' id='word_1_800' title='bbox 3053 3379 3261 3447; x_wconf 74' lang='lat' dir='ltr'><strong>przebet</strong></span> <span class='ocrx_word' id='word_1_801' title='bbox 3305 3378 3558 3433; x_wconf 89' lang='lat' dir='ltr'><strong>omnibus</strong></span> <span class='ocrx_word' id='word_1_802' title='bbox 3607 3394 3735 3431; x_wconf 90' lang='lat' dir='ltr'><strong>san-</strong></span> 
     </span>
    </p>
   </div>
   <div class='ocr_carea' id='block_1_101' title="bbox 2155 3465 3733 3537">
    <p class='ocr_par' dir='ltr' id='par_1_101' title="bbox 2155 3465 3733 3537">
     <span class='ocr_line' id='line_1_102' title="bbox 2155 3465 3733 3537; baseline -0.003 -12"><span class='ocrx_word' id='word_1_803' title='bbox 2155 3473 2425 3531; x_wconf 84' lang='lat' dir='ltr'><strong>ctitatem,</strong></span> <span class='ocrx_word' id='word_1_804' title='bbox 2462 3469 2695 3524; x_wconf 84' lang='lat' dir='ltr'><strong>sicut&#39;et</strong></span> <span class='ocrx_word' id='word_1_805' title='bbox 2725 3469 2856 3523; x_wconf 89' lang='lat' dir='ltr'><strong>alibi</strong></span> <span class='ocrx_word' id='word_1_806' title='bbox 2884 3471 2929 3501; x_wconf 80' lang='grc'><strong>²⁹</strong></span> <span class='ocrx_word' id='word_1_807' title='bbox 2955 3468 3021 3522; x_wconf 84' lang='lat' dir='ltr'><strong>de</strong></span> <span class='ocrx_word' id='word_1_808' title='bbox 3050 3484 3116 3524; x_wconf 85' lang='lat' dir='ltr'><strong>eo</strong></span> <span class='ocrx_word' id='word_1_809' title='bbox 3159 3468 3420 3537; x_wconf 87' lang='lat' dir='ltr'><strong>scriptum</strong></span> <span class='ocrx_word' id='word_1_810' title='bbox 3455 3476 3539 3521; x_wconf 82' lang='lat' dir='ltr'><strong>est</strong></span> <span class='ocrx_word' id='word_1_811' title='bbox 3573 3485 3586 3521; x_wconf 93' lang='lat'><strong>:</strong></span> <span class='ocrx_word' id='word_1_812' title='bbox 3626 3465 3733 3533; x_wconf 84' lang='lat' dir='ltr'><strong>Qui</strong></span> 
     </span>
    </p>
   </div>
   <div class='ocr_carea' id='block_1_102' title="bbox 2155 3559 3705 3633">
    <p class='ocr_par' dir='ltr' id='par_1_102' title="bbox 2155 3559 3705 3633">
     <span class='ocr_line' id='line_1_103' title="bbox 2155 3559 3705 3633; baseline 0 -19"><span class='ocrx_word' id='word_1_813' title='bbox 2155 3564 2329 3633; x_wconf 81' lang='lat' dir='ltr'><strong>[actus</strong></span> <span class='ocrx_word' id='word_1_814' title='bbox 2360 3574 2437 3616; x_wconf 85' lang='lat' dir='ltr'><strong>est</strong></span> <span class='ocrx_word' id='word_1_815' title='bbox 2468 3562 2730 3633; x_wconf 80' lang='lat' dir='ltr'><strong>sapientia</strong></span> <span class='ocrx_word' id='word_1_816' title='bbox 2758 3561 2906 3615; x_wconf 90' lang='lat' dir='ltr'><strong>nobis</strong></span> <span class='ocrx_word' id='word_1_817' title='bbox 2933 3578 2964 3614; x_wconf 82' lang='grc' dir='ltr'><em>α</em></span> <span class='ocrx_word' id='word_1_818' title='bbox 2999 3559 3131 3624; x_wconf 87' lang='lat' dir='ltr'><strong>Deo,</strong></span> <span class='ocrx_word' id='word_1_819' title='bbox 3183 3572 3230 3613; x_wconf 90' lang='lat' dir='ltr'><strong>et</strong></span> <span class='ocrx_word' id='word_1_820' title='bbox 3255 3560 3496 3629; x_wconf 85' lang='lat' dir='ltr'><strong>justitia,</strong></span> <span class='ocrx_word' id='word_1_821' title='bbox 3527 3571 3575 3613; x_wconf 87' lang='lat' dir='ltr'><strong>et</strong></span> <span class='ocrx_word' id='word_1_822' title='bbox 3608 3575 3705 3614; x_wconf 82' lang='lat' dir='ltr'><strong>san</strong></span> 
     </span>
    </p>
   </div>
   <div class='ocr_carea' id='block_1_103' title="bbox 2151 3650 3733 3721">
    <p class='ocr_par' dir='ltr' id='par_1_103' title="bbox 2151 3650 3733 3721">
     <span class='ocr_line' id='line_1_104' title="bbox 2151 3650 3733 3721; baseline -0.004 -14"><span class='ocrx_word' id='word_1_823' title='bbox 2151 3654 2428 3721; x_wconf 79' lang='lat' dir='ltr'><strong>ctiﬁcatio,</strong></span> <span class='ocrx_word' id='word_1_824' title='bbox 2451 3664 2497 3706; x_wconf 89' lang='lat' dir='ltr'><strong>et</strong></span> <span class='ocrx_word' id='word_1_825' title='bbox 2518 3652 2830 3721; x_wconf 85' lang='lat' dir='ltr'><strong>redemptio.</strong></span> <span class='ocrx_word' id='word_1_826' title='bbox 2860 3651 3056 3705; x_wconf 78' lang='lat' dir='ltr'><strong>Verum</strong></span> <span class='ocrx_word' id='word_1_827' title='bbox 3090 3658 3394 3705; x_wconf 89' lang='lat' dir='ltr'><strong>occurrunt</strong></span> <span class='ocrx_word' id='word_1_828' title='bbox 3423 3650 3582 3705; x_wconf 91' lang='lat' dir='ltr'><strong>nobis</strong></span> <span class='ocrx_word' id='word_1_829' title='bbox 3609 3650 3733 3718; x_wconf 90' lang='lat' dir='ltr'><strong>qui-</strong></span> 
     </span>
    </p>
   </div>
   <div class='ocr_carea' id='block_1_104' title="bbox 2149 3743 3733 3815">
    <p class='ocr_par' dir='ltr' id='par_1_104' title="bbox 2149 3743 3733 3815">
     <span class='ocr_line' id='line_1_105' title="bbox 2149 3743 3733 3815; baseline -0.002 -16"><span class='ocrx_word' id='word_1_830' title='bbox 2149 3749 2274 3800; x_wconf 86' lang='lat' dir='ltr'><strong>dam</strong></span> <span class='ocrx_word' id='word_1_831' title='bbox 2318 3746 2651 3815; x_wconf 69' lang='lat' dir='ltr'><strong>quaestiones</strong></span> <span class='ocrx_word' id='word_1_832' title='bbox 2707 3744 3090 3799; x_wconf 86' lang='lat' dir='ltr'><strong>acerbissimas</strong></span> <span class='ocrx_word' id='word_1_833' title='bbox 3137 3753 3543 3798; x_wconf 87' lang='lat' dir='ltr'><strong>commoventes</strong></span> <span class='ocrx_word' id='word_1_834' title='bbox 3591 3743 3733 3813; x_wconf 70' lang='lat'><strong>(52),</strong></span> 
     </span>
    </p>
   </div>
   <div class='ocr_carea' id='block_1_105' title="bbox 2149 3834 3731 3908">
    <p class='ocr_par' dir='ltr' id='par_1_105' title="bbox 2149 3834 3731 3908">
     <span class='ocr_line' id='line_1_106' title="bbox 2149 3834 3731 3908; baseline 0.001 -17"><span class='ocrx_word' id='word_1_835' title='bbox 2149 3838 2425 3908; x_wconf 90' lang='lat' dir='ltr'><strong>quomodo</strong></span> <span class='ocrx_word' id='word_1_836' title='bbox 2458 3838 2712 3891; x_wconf 89' lang='lat' dir='ltr'><strong>videatur</strong></span> <span class='ocrx_word' id='word_1_837' title='bbox 2752 3834 3006 3893; x_wconf 85' lang='lat' dir='ltr'><strong>Christus</strong></span> <span class='ocrx_word' id='word_1_838' title='bbox 3054 3837 3388 3893; x_wconf 87' lang='lat' dir='ltr'><strong>descendere</strong></span> <span class='ocrx_word' id='word_1_839' title='bbox 3419 3851 3487 3891; x_wconf 76' lang='lat' dir='ltr'><strong>es</strong></span> <span class='ocrx_word' id='word_1_840' title='bbox 3521 3837 3731 3892; x_wconf 87' lang='lat' dir='ltr'><strong>semine</strong></span> 
     </span>
    </p>
   </div>
   <div class='ocr_carea' id='block_1_106' title="bbox 2151 3926 3727 3998">
    <p class='ocr_par' dir='ltr' id='par_1_106' title="bbox 2151 3926 3727 3998">
     <span class='ocr_line' id='line_1_107' title="bbox 2151 3926 3727 3998; baseline -0.001 -14"><span class='ocrx_word' id='word_1_841' title='bbox 2151 3932 2344 3993; x_wconf 81' lang='lat' dir='ltr'><strong>David,</strong></span> <span class='ocrx_word' id='word_1_842' title='bbox 2376 3945 2536 3998; x_wconf 89' lang='lat' dir='ltr'><strong>quem</strong></span> <span class='ocrx_word' id='word_1_843' title='bbox 2562 3936 2777 3985; x_wconf 85' lang='lat' dir='ltr'><strong>constat</strong></span> <span class='ocrx_word' id='word_1_844' title='bbox 2814 3944 2923 3985; x_wconf 86' lang='lat' dir='ltr'><strong>non</strong></span> <span class='ocrx_word' id='word_1_845' title='bbox 2957 3943 3080 3984; x_wconf 89' lang='lat' dir='ltr'><strong>esse</strong></span> <span class='ocrx_word' id='word_1_846' title='bbox 3106 3943 3174 3984; x_wconf 75' lang='lat' dir='ltr'><strong>ex</strong></span> <span class='ocrx_word' id='word_1_847' title='bbox 3199 3926 3395 3993; x_wconf 84' lang='lat' dir='ltr'><strong>Joseph</strong></span> <span class='ocrx_word' id='word_1_848' title='bbox 3429 3936 3639 3996; x_wconf 87' lang='lat' dir='ltr'><strong>natum,</strong></span> <span class='ocrx_word' id='word_1_849' title='bbox 3673 3929 3727 3983; x_wconf 91' lang='lat' dir='ltr'><strong>in</strong></span> 
     </span>
    </p>
   </div>
   <div class='ocr_carea' id='block_1_107' title="bbox 2148 4020 3729 4095">
    <p class='ocr_par' dir='ltr' id='par_1_107' title="bbox 2148 4020 3729 4095">
     <span class='ocr_line' id='line_1_108' title="bbox 2148 4020 3729 4095; baseline -0.003 -16"><span class='ocrx_word' id='word_1_850' title='bbox 2148 4042 2308 4095; x_wconf 88' lang='lat' dir='ltr'><strong>quem</strong></span> <span class='ocrx_word' id='word_1_851' title='bbox 2341 4022 2541 4091; x_wconf 84' lang='lat' dir='ltr'><strong>Joseph</strong></span> <span class='ocrx_word' id='word_1_852' title='bbox 2576 4022 2749 4076; x_wconf 88' lang='lat' dir='ltr'><strong>series</strong></span> <span class='ocrx_word' id='word_1_853' title='bbox 2773 4037 2841 4074; x_wconf 81' lang='lat' dir='ltr'><strong>ex</strong></span> <span class='ocrx_word' id='word_1_854' title='bbox 2870 4020 3040 4075; x_wconf 87' lang='lat' dir='ltr'><strong>David</strong></span> <span class='ocrx_word' id='word_1_855' title='bbox 3085 4020 3465 4075; x_wconf 85' lang='lat' dir='ltr'><strong>descendentis</strong></span> <span class='ocrx_word' id='word_1_856' title='bbox 3495 4036 3729 4090; x_wconf 79' lang='lat' dir='ltr'><strong>genera-</strong></span> 
     </span>
    </p>
   </div>
   <div class='ocr_carea' id='block_1_108' title="bbox 3294 4111 3724 4175">
    <p class='ocr_par' dir='ltr' id='par_1_108' title="bbox 3294 4111 3724 4175">
     <span class='ocr_line' id='line_1_109' title="bbox 3294 4111 3724 4175; baseline 0.005 -10"><span class='ocrx_word' id='word_1_857' title='bbox 3294 4111 3337 4142; x_wconf 78' lang='lat'>“</span> <span class='ocrx_word' id='word_1_858' title='bbox 3358 4111 3549 4169; x_wconf 83' lang='lat' dir='ltr'><strong>Matth.</strong></span> <span class='ocrx_word' id='word_1_859' title='bbox 3574 4128 3724 4175; x_wconf 69' lang='lat' dir='ltr'><strong>xxvn.</strong></span> 
     </span>
    </p>
   </div>
   <div class='ocr_carea' id='block_1_109' title="bbox 2187 4180 3723 4249">
    <p class='ocr_par' dir='ltr' id='par_1_109' title="bbox 2187 4180 3723 4249">
     <span class='ocr_line' id='line_1_110' title="bbox 2187 4180 3723 4249; baseline -0.001 -9"><span class='ocrx_word' id='word_1_860' title='bbox 2187 4189 2234 4221; x_wconf 76' lang='lat'>”</span> <span class='ocrx_word' id='word_1_861' title='bbox 2272 4187 2401 4240; x_wconf 87' lang='lat' dir='ltr'><strong>ibid.</strong></span> <span class='ocrx_word' id='word_1_862' title='bbox 2440 4190 2493 4238; x_wconf 77' lang='grc'>4.</span> <span class='ocrx_word' id='word_1_863' title='bbox 2606 4185 2651 4216; x_wconf 73' lang='grc' dir='ltr'><strong>’θ</strong></span> <span class='ocrx_word' id='word_1_864' title='bbox 2680 4180 2839 4237; x_wconf 82' lang='lat' dir='ltr'><strong>Rom.</strong></span> <span class='ocrx_word' id='word_1_865' title='bbox 2872 4200 2981 4248; x_wconf 78' lang='lat' dir='ltr'><strong>tut,</strong></span> <span class='ocrx_word' id='word_1_866' title='bbox 3005 4186 3060 4238; x_wconf 81' lang='lat'><strong>9.</strong></span> <span class='ocrx_word' id='word_1_867' title='bbox 3165 4182 3388 4236; x_wconf 71' lang='lat' dir='ltr'><strong>27lCur.</strong></span> <span class='ocrx_word' id='word_1_868' title='bbox 3417 4197 3490 4248; x_wconf 75' lang='lat' dir='ltr'><strong>Vl,</strong></span> <span class='ocrx_word' id='word_1_869' title='bbox 3520 4186 3604 4249; x_wconf 82' lang='lat' dir='ltr'><strong>lb,</strong></span> <span class='ocrx_word' id='word_1_870' title='bbox 3637 4180 3723 4238; x_wconf 81' lang='grc'><strong>17.</strong></span> 
     </span>
    </p>
   </div>
   <div class='ocr_carea' id='block_1_110' title="bbox 2227 4346 3726 4423">
    <p class='ocr_par' dir='ltr' id='par_1_110' title="bbox 2227 4346 3726 4423">
     <span class='ocr_line' id='line_1_111' title="bbox 2227 4346 3726 4423; baseline -0.001 -17"><span class='ocrx_word' id='word_1_871' title='bbox 2227 4352 2341 4423; x_wconf 71' lang='lat'><strong>(28)</strong></span> <span class='ocrx_word' id='word_1_872' title='bbox 2374 4349 2871 4423; x_wconf 28' lang='lat' dir='ltr'><strong>NascituraDeest</strong></span> <span class='ocrx_word' id='word_1_873' title='bbox 2899 4349 2952 4402; x_wconf 93' lang='lat' dir='ltr'><strong>iu</strong></span> <span class='ocrx_word' id='word_1_874' title='bbox 2993 4358 3150 4401; x_wconf 87' lang='lat' dir='ltr'><strong>antea</strong></span> <span class='ocrx_word' id='word_1_875' title='bbox 3192 4346 3572 4423; x_wconf 77' lang='lat' dir='ltr'><strong>editi_s._Panlo</strong></span> <span class='ocrx_word' id='word_1_876' title='bbox 3603 4359 3726 4420; x_wconf 87' lang='lat' dir='ltr'><strong>post.</strong></span> 
     </span>
    </p>
   </div>
   <div class='ocr_carea' id='block_1_111' title="bbox 2155 4418 3514 4491">
    <p class='ocr_par' dir='ltr' id='par_1_111' title="bbox 2155 4418 3514 4491">
     <span class='ocr_line' id='line_1_112' title="bbox 2155 4418 3514 4491; baseline -0.004 -15"><span class='ocrx_word' id='word_1_877' title='bbox 2155 4418 2286 4478; x_wconf 83' lang='lat' dir='ltr'><strong>mss.</strong></span> <span class='ocrx_word' id='word_1_878' title='bbox 2320 4418 2501 4491; x_wconf 85' lang='lat' dir='ltr'><strong>plures</strong></span> <span class='ocrx_word' id='word_1_879' title='bbox 2523 4438 2538 4473; x_wconf 88' lang='lat'><strong>;</strong></span> <span class='ocrx_word' id='word_1_880' title='bbox 2564 4419 2742 4473; x_wconf 87' lang='lat' dir='ltr'><strong>Filius</strong></span> <span class='ocrx_word' id='word_1_881' title='bbox 2772 4420 2872 4472; x_wconf 88' lang='lat' dir='ltr'><strong>Dei</strong></span> <span class='ocrx_word' id='word_1_882' title='bbox 2898 4430 2944 4471; x_wconf 88' lang='lat' dir='ltr'><strong>et</strong></span> <span class='ocrx_word' id='word_1_883' title='bbox 2970 4422 3265 4471; x_wconf 82' lang='lat' dir='ltr'><strong>substantia</strong></span> <span class='ocrx_word' id='word_1_884' title='bbox 3292 4418 3514 4491; x_wconf 77' lang='lat' dir='ltr'><strong>Deiest.</strong></span> 
     </span>
    </p>
   </div>
   <div class='ocr_carea' id='block_1_112' title="bbox 2223 4489 3723 4567">
    <p class='ocr_par' dir='ltr' id='par_1_112' title="bbox 2223 4489 3723 4567">
     <span class='ocr_line' id='line_1_113' title="bbox 2223 4489 3723 4567; baseline -0.002 -20"><span class='ocrx_word' id='word_1_885' title='bbox 2223 4489 2336 4567; x_wconf 75' lang='grc'>(29)</span> <span class='ocrx_word' id='word_1_886' title='bbox 2366 4492 2506 4567; x_wconf 80' lang='lat' dir='ltr'><strong>E_dit_i</strong></span> <span class='ocrx_word' id='word_1_887' title='bbox 2536 4503 2592 4546; x_wconf 89' lang='lat' dir='ltr'><strong>et</strong></span> <span class='ocrx_word' id='word_1_888' title='bbox 2625 4507 2728 4567; x_wconf 68' lang='lat' dir='ltr'><strong>ms.</strong></span> <span class='ocrx_word' id='word_1_889' title='bbox 2759 4504 2919 4554; x_wconf 87' lang='lat' dir='ltr'><strong>unus,</strong></span> <span class='ocrx_word' id='word_1_890' title='bbox 2957 4491 3061 4541; x_wconf 89' lang='lat' dir='ltr'><strong>imo</strong></span> <span class='ocrx_word' id='word_1_891' title='bbox 3088 4504 3215 4558; x_wconf 86' lang='lat' dir='ltr'><strong>qua,</strong></span> <span class='ocrx_word' id='word_1_892' title='bbox 3252 4499 3358 4543; x_wconf 90' lang='lat' dir='ltr'><strong>etc.</strong></span> <span class='ocrx_word' id='word_1_893' title='bbox 3392 4489 3502 4544; x_wconf 83' lang='lat' dir='ltr'><strong>Sed</strong></span> <span class='ocrx_word' id='word_1_894' title='bbox 3540 4491 3723 4545; x_wconf 70' lang='lat' dir='ltr'><strong>caeteri</strong></span> 
     </span>
    </p>
   </div>
   <div class='ocr_carea' id='block_1_113' title="bbox 2149 4561 3093 4628">
    <p class='ocr_par' dir='ltr' id='par_1_113' title="bbox 2149 4561 3093 4628">
     <span class='ocr_line' id='line_1_114' title="bbox 2149 4561 3093 4628; baseline -0.008 -7"><span class='ocrx_word' id='word_1_895' title='bbox 2149 4561 2283 4621; x_wconf 80' lang='lat' dir='ltr'><strong>mss.</strong></span> <span class='ocrx_word' id='word_1_896' title='bbox 2311 4561 2367 4618; x_wconf 85' lang='lat' dir='ltr'><strong>et</strong></span> <span class='ocrx_word' id='word_1_897' title='bbox 2392 4561 2674 4627; x_wconf 81' lang='lat' dir='ltr'><strong>Rabanus,</strong></span> <span class='ocrx_word' id='word_1_898' title='bbox 2705 4562 2811 4613; x_wconf 88' lang='lat' dir='ltr'><strong>imo</strong></span> <span class='ocrx_word' id='word_1_899' title='bbox 2834 4574 2960 4628; x_wconf 83' lang='lat' dir='ltr'><strong>qua,</strong></span> <span class='ocrx_word' id='word_1_900' title='bbox 2983 4569 3093 4613; x_wconf 89' lang='lat' dir='ltr'><strong>etc.</strong></span> 
     </span>
    </p>
   </div>
   <div class='ocr_carea' id='block_1_114' title="bbox 2222 4629 3721 4719">
    <p class='ocr_par' dir='ltr' id='par_1_114' title="bbox 2222 4629 3721 4719">
     <span class='ocr_line' id='line_1_115' title="bbox 2222 4629 3721 4719; baseline -0.003 -31"><span class='ocrx_word' id='word_1_901' title='bbox 2222 4636 2333 4719; x_wconf 71' lang='grc' dir='ltr'>(ὄρ)</span> <span class='ocrx_word' id='word_1_902' title='bbox 2358 4631 2449 4687; x_wconf 90' lang='lat' dir='ltr'><strong>Sic</strong></span> <span class='ocrx_word' id='word_1_903' title='bbox 2471 4645 2616 4719; x_wconf 43' lang='lat' dir='ltr'><strong>mss;</strong></span> <span class='ocrx_word' id='word_1_904' title='bbox 2624 4641 2681 4684; x_wconf 90' lang='lat' dir='ltr'><strong>et</strong></span> <span class='ocrx_word' id='word_1_905' title='bbox 2712 4629 2968 4719; x_wconf 57' lang='lat' dir='ltr'><strong>[tabanus</strong></span> <span class='ocrx_word' id='word_1_906' title='bbox 2999 4630 3178 4719; x_wconf 32' lang='lat' dir='ltr'><strong>pediti</strong></span> <span class='ocrx_word' id='word_1_907' title='bbox 3209 4631 3637 4719; x_wconf 33' lang='lat' dir='ltr'><strong>veromnequein</strong></span> <span class='ocrx_word' id='word_1_908' title='bbox 3661 4647 3721 4719; x_wconf 69' lang='lat' dir='ltr'><strong>eo</strong></span> 
     </span>
    </p>
   </div>
   <div class='ocr_carea' id='block_1_115' title="bbox 2146 4699 3721 4770">
    <p class='ocr_par' dir='ltr' id='par_1_115' title="bbox 2146 4699 3721 4770">
     <span class='ocr_line' id='line_1_116' title="bbox 2146 4699 3721 4770; baseline -0.004 -11"><span class='ocrx_word' id='word_1_909' title='bbox 2146 4699 2239 4759; x_wconf 83' lang='lat' dir='ltr'><strong>ubi</strong></span> <span class='ocrx_word' id='word_1_910' title='bbox 2258 4699 2550 4769; x_wconf 82' lang='lat' dir='ltr'><strong>descendit,</strong></span> <span class='ocrx_word' id='word_1_911' title='bbox 2580 4701 2647 4755; x_wconf 85' lang='lat' dir='ltr'><strong>de</strong></span> <span class='ocrx_word' id='word_1_912' title='bbox 2674 4717 2779 4770; x_wconf 88' lang='lat' dir='ltr'><strong>qua</strong></span> <span class='ocrx_word' id='word_1_913' title='bbox 2812 4701 3010 4770; x_wconf 71' lang='lat' dir='ltr'><strong>dicitur</strong></span> <span class='ocrx_word' id='word_1_914' title='bbox 3030 4714 3050 4753; x_wconf 92' lang='lat'><strong><em>:</em></strong></span> <span class='ocrx_word' id='word_1_915' title='bbox 3078 4699 3192 4754; x_wconf 81' lang='lat' dir='ltr'><strong>Non</strong></span> <span class='ocrx_word' id='word_1_916' title='bbox 3225 4699 3570 4770; x_wconf 87' lang='lat' dir='ltr'><strong>derelinques</strong></span> <span class='ocrx_word' id='word_1_917' title='bbox 3604 4702 3721 4754; x_wconf 87' lang='lat' dir='ltr'><strong>aui-</strong></span> 
     </span>
    </p>
   </div>
   <div class='ocr_carea' id='block_1_116' title="bbox 2148 4767 3718 4843">
    <p class='ocr_par' dir='ltr' id='par_1_116' title="bbox 2148 4767 3718 4843">
     <span class='ocr_line' id='line_1_117' title="bbox 2148 4767 3718 4843; baseline -0.004 -14"><span class='ocrx_word' id='word_1_918' title='bbox 2148 4792 2289 4829; x_wconf 87' lang='lat' dir='ltr'><strong>tuatn</strong></span> <span class='ocrx_word' id='word_1_919' title='bbox 2333 4767 2598 4829; x_wconf 82' lang='lat' dir='ltr'><strong>tueaurin</strong></span> <span class='ocrx_word' id='word_1_920' title='bbox 2627 4767 2842 4826; x_wconf 81' lang='lat' dir='ltr'><strong>inl&#39;eruo</strong></span> <span class='ocrx_word' id='word_1_921' title='bbox 2870 4767 3051 4841; x_wconf 82' lang='lat' dir='ltr'><strong>(Psal.</strong></span> <span class='ocrx_word' id='word_1_922' title='bbox 3104 4786 3195 4835; x_wconf 78' lang='lat' dir='ltr'><strong>xv,</strong></span> <span class='ocrx_word' id='word_1_923' title='bbox 3241 4768 3351 4843; x_wconf 74' lang='grc'>10).</span> <span class='ocrx_word' id='word_1_924' title='bbox 3385 4770 3718 4836; x_wconf 85' lang='lat' dir='ltr'><strong>Destinatur,</strong></span> 
     </span>
    </p>
   </div>
   <div class='ocr_carea' id='block_1_117' title="bbox 2144 4858 3718 4988">
    <p class='ocr_par' dir='ltr' id='par_1_117' title="bbox 2144 4858 3718 4988">
     <span class='ocr_line' id='line_1_118' title="bbox 2144 4858 3718 4988; baseline -0.004 -17"><span class='ocrx_word' id='word_1_925' title='bbox 2144 4858 2548 4988; x_wconf 53' lang='grc' dir='ltr'><strong>ειῗῦυβηῇηι.</strong></span> <span class='ocrx_word' id='word_1_926' title='bbox 2583 4912 2746 4988; x_wconf 77' lang='lat' dir='ltr'><strong>Deest</strong></span> <span class='ocrx_word' id='word_1_927' title='bbox 2792 4910 2843 4962; x_wconf 91' lang='lat' dir='ltr'><strong>iu</strong></span> <span class='ocrx_word' id='word_1_928' title='bbox 2889 4909 3073 4966; x_wconf 87' lang='lat' dir='ltr'><strong>editis.</strong></span> <span class='ocrx_word' id='word_1_929' title='bbox 3122 4910 3326 4965; x_wconf 90' lang='lat' dir='ltr'><strong>Deinde</strong></span> <span class='ocrx_word' id='word_1_930' title='bbox 3355 4925 3467 4988; x_wconf 52' lang='lat' dir='ltr'><strong>ius.</strong></span> <span class='ocrx_word' id='word_1_931' title='bbox 3512 4908 3718 4988; x_wconf 65' lang='lat' dir='ltr'><strong>Regius</strong></span> 
     </span>
    </p>
   </div>
   <div class='ocr_carea' id='block_1_118' title="bbox 2144 4981 3784 5050">
    <p class='ocr_par' dir='ltr' id='par_1_118' title="bbox 2144 4981 3784 5050">
     <span class='ocr_line' id='line_1_119' title="bbox 2144 4981 3784 5050; baseline -0.002 -11"><span class='ocrx_word' id='word_1_932' title='bbox 2144 4981 2293 5039; x_wconf 83' lang='lat' dir='ltr'><strong>num.</strong></span> <span class='ocrx_word' id='word_1_933' title='bbox 2315 4981 2492 5048; x_wconf 62' lang='lat'><strong>1659,</strong></span> <span class='ocrx_word' id='word_1_934' title='bbox 2529 4994 2586 5039; x_wconf 89' lang='lat' dir='ltr'><strong>et</strong></span> <span class='ocrx_word' id='word_1_935' title='bbox 2640 4982 2916 5042; x_wconf 67' lang='lat' dir='ltr'><strong>llabanus,</strong></span> <span class='ocrx_word' id='word_1_936' title='bbox 2948 4994 3052 5035; x_wconf 87' lang='lat' dir='ltr'><strong>nou</strong></span> <span class='ocrx_word' id='word_1_937' title='bbox 3080 4993 3315 5050; x_wconf 84' lang='lat' dir='ltr'><strong>separat.</strong></span> <span class='ocrx_word' id='word_1_938' title='bbox 3348 4981 3543 5035; x_wconf 67' lang='lat' dir='ltr'><strong>Caneri</strong></span> <span class='ocrx_word' id='word_1_939' title='bbox 3578 4996 3713 5035; x_wconf 85' lang='lat' dir='ltr'><strong>mss.</strong></span> <span class='ocrx_word' id='word_1_940' title='bbox 3780 5045 3784 5048; x_wconf 32' lang='grc'><em>,</em></span> 
     </span>
    </p>
   </div>
   <div class='ocr_carea' id='block_1_119' title="bbox 2142 5057 2767 5122">
    <p class='ocr_par' dir='ltr' id='par_1_119' title="bbox 2142 5057 2767 5122">
     <span class='ocr_line' id='line_1_120' title="bbox 2142 5057 2767 5122; baseline -0.01 -11"><span class='ocrx_word' id='word_1_941' title='bbox 2142 5069 2195 5111; x_wconf 89' lang='lat' dir='ltr'><strong>et</strong></span> <span class='ocrx_word' id='word_1_942' title='bbox 2224 5057 2379 5120; x_wconf 88' lang='lat' dir='ltr'><strong>editi,</strong></span> <span class='ocrx_word' id='word_1_943' title='bbox 2415 5070 2519 5107; x_wconf 89' lang='lat' dir='ltr'><strong>non</strong></span> <span class='ocrx_word' id='word_1_944' title='bbox 2543 5062 2767 5122; x_wconf 87' lang='lat' dir='ltr'><strong>separet.</strong></span> 
     </span>
    </p>
   </div>
   <div class='ocr_carea' id='block_1_120' title="bbox 2214 5119 3715 5208">
    <p class='ocr_par' dir='ltr' id='par_1_120' title="bbox 2214 5119 3715 5208">
     <span class='ocr_line' id='line_1_121' title="bbox 2214 5119 3715 5208; baseline -0.003 -28"><span class='ocrx_word' id='word_1_945' title='bbox 2214 5127 2327 5207; x_wconf 61' lang='grc' dir='ltr'><strong>(ᾷὲ)</strong></span> <span class='ocrx_word' id='word_1_946' title='bbox 2353 5119 2520 5208; x_wconf 53' lang='lat' dir='ltr'><strong>Epid,</strong></span> <span class='ocrx_word' id='word_1_947' title='bbox 2545 5119 2608 5177; x_wconf 77' lang='lat' dir='ltr'><strong>et</strong></span> <span class='ocrx_word' id='word_1_948' title='bbox 2628 5138 2727 5204; x_wconf 83' lang='lat' dir='ltr'><strong>ms.</strong></span> <span class='ocrx_word' id='word_1_949' title='bbox 2762 5135 2933 5208; x_wconf 39' lang='lat' dir='ltr'><strong>\unus,</strong></span> <span class='ocrx_word' id='word_1_950' title='bbox 2972 5119 3212 5208; x_wconf 65' lang='lat' dir='ltr'><strong>quaedam</strong></span> <span class='ocrx_word' id='word_1_951' title='bbox 3243 5125 3545 5208; x_wconf 44' lang='lat' dir='ltr'><strong>questiones.</strong></span> <span class='ocrx_word' id='word_1_952' title='bbox 3569 5137 3715 5208; x_wconf 83' lang='lat' dir='ltr'><strong>acer-</strong></span> 
     </span>
    </p>
   </div>
   <div class='ocr_carea' id='block_1_121' title="bbox 2142 5193 3706 5266">
    <p class='ocr_par' dir='ltr' id='par_1_121' title="bbox 2142 5193 3706 5266">
     <span class='ocr_line' id='line_1_122' title="bbox 2142 5193 3706 5266; baseline -0.001 -18"><span class='ocrx_word' id='word_1_953' title='bbox 2142 5193 2351 5250; x_wconf 80' lang='lat' dir='ltr'><strong>bissime</strong></span> <span class='ocrx_word' id='word_1_954' title='bbox 2380 5196 2475 5266; x_wconf 90' lang='lat' dir='ltr'><strong>(al.</strong></span> <span class='ocrx_word' id='word_1_955' title='bbox 2501 5193 2775 5266; x_wconf 82' lang='lat' dir='ltr'><strong>acerrime)</strong></span> <span class='ocrx_word' id='word_1_956' title='bbox 2802 5202 3200 5266; x_wconf 76' lang='lat' dir='ltr'><strong>commoventes.</strong></span> <span class='ocrx_word' id='word_1_957' title='bbox 3240 5193 3345 5248; x_wconf 78' lang='lat' dir='ltr'><strong>Sed</strong></span> <span class='ocrx_word' id='word_1_958' title='bbox 3367 5197 3547 5249; x_wconf 64' lang='lat' dir='ltr'><strong>ueteri</strong></span> <span class='ocrx_word' id='word_1_959' title='bbox 3574 5207 3706 5266; x_wconf 70' lang='lat' dir='ltr'><strong>mss.</strong></span> 
     </span>
    </p>
   </div>
   <div class='ocr_carea' id='block_1_122' title="bbox 2140 5260 3755 5323">
    <p class='ocr_par' dir='ltr' id='par_1_122' title="bbox 2140 5260 3755 5323">
     <span class='ocr_line' id='line_1_123' title="bbox 2140 5260 3755 5323; baseline 0.002 -6"><span class='ocrx_word' id='word_1_960' title='bbox 2140 5278 2195 5318; x_wconf 88' lang='lat' dir='ltr'><strong>et</strong></span> <span class='ocrx_word' id='word_1_961' title='bbox 2222 5260 2504 5323; x_wconf 79' lang='lat' dir='ltr'><strong>Rabaitus.</strong></span> <span class='ocrx_word' id='word_1_962' title='bbox 2541 5264 2760 5318; x_wconf 88' lang='lat' dir='ltr'><strong>rectius.</strong></span> <span class='ocrx_word' id='word_1_963' title='bbox 2814 5271 2871 5313; x_wconf 80' lang='grc' dir='ltr'>ιιι</span> <span class='ocrx_word' id='word_1_964' title='bbox 2921 5260 2971 5312; x_wconf 91' lang='lat' dir='ltr'><strong>itt</strong></span> <span class='ocrx_word' id='word_1_965' title='bbox 3028 5270 3200 5317; x_wconf 82' lang='lat' dir='ltr'><strong>textu.</strong></span> <span class='ocrx_word' id='word_1_966' title='bbox 3259 5267 3517 5321; x_wconf 77' lang='lat' dir='ltr'><strong>Socrates</strong></span> <span class='ocrx_word' id='word_1_967' title='bbox 3563 5263 3708 5317; x_wconf 85' lang='lat' dir='ltr'><strong>Hisl.</strong></span> <span class='ocrx_word' id='word_1_968' title='bbox 3752 5318 3755 5321; x_wconf 38' lang='grc' dir='ltr'><strong>λ</strong></span> 
     </span>
    </p>
   </div>
   <div class='ocr_carea' id='block_1_123' title="bbox 2130 5331 3710 5406">
    <p class='ocr_par' dir='ltr' id='par_1_123' title="bbox 2130 5331 3710 5406">
     <span class='ocr_line' id='line_1_124' title="bbox 2130 5331 3710 5406; baseline -0.003 -15"><span class='ocrx_word' id='word_1_969' title='bbox 2130 5336 2259 5392; x_wconf 86' lang='lat' dir='ltr'><strong>cccl.</strong></span> <span class='ocrx_word' id='word_1_970' title='bbox 2328 5337 2423 5391; x_wconf 90' lang='lat' dir='ltr'><strong>lib.</strong></span> <span class='ocrx_word' id='word_1_971' title='bbox 2453 5351 2547 5400; x_wconf 87' lang='lat' dir='ltr'><strong>vn,</strong></span> <span class='ocrx_word' id='word_1_972' title='bbox 2580 5350 2700 5406; x_wconf 76' lang='lat' dir='ltr'><strong>cap.</strong></span> <span class='ocrx_word' id='word_1_973' title='bbox 2737 5333 2826 5392; x_wconf 73' lang='lat'><strong>52.</strong></span> <span class='ocrx_word' id='word_1_974' title='bbox 2858 5342 2965 5406; x_wconf 68' lang='lat' dir='ltr'><strong>att:</strong></span> <span class='ocrx_word' id='word_1_975' title='bbox 2993 5332 3104 5384; x_wconf 76' lang='grc' dir='ltr'><strong>Καὶ</strong></span> <span class='ocrx_word' id='word_1_976' title='bbox 3132 5333 3429 5406; x_wconf 20' lang='grc' dir='ltr'><strong>κὨριγένης</strong></span> <span class='ocrx_word' id='word_1_977' title='bbox 3452 5335 3511 5390; x_wconf 82' lang='grc' dir='ltr'>δὲ</span> <span class='ocrx_word' id='word_1_978' title='bbox 3538 5339 3597 5388; x_wconf 79' lang='grc' dir='ltr'><strong>ὲν</strong></span> <span class='ocrx_word' id='word_1_979' title='bbox 3630 5331 3710 5400; x_wconf 83' lang='grc' dir='ltr'><strong>τῷ</strong></span> 
     </span>
    </p>
   </div>
   <div class='ocr_carea' id='block_1_124' title="bbox 2139 5399 3708 5479">
    <p class='ocr_par' dir='ltr' id='par_1_124' title="bbox 2139 5399 3708 5479">
     <span class='ocr_line' id='line_1_125' title="bbox 2139 5399 3708 5479; baseline -0.002 -19"><span class='ocrx_word' id='word_1_980' title='bbox 2139 5407 2340 5479; x_wconf 68' lang='grc' dir='ltr'>πρώτῳ</span> <span class='ocrx_word' id='word_1_981' title='bbox 2390 5399 2697 5479; x_wconf 56' lang='grc' dir='ltr'><strong>τὸμῳεῶν</strong></span> <span class='ocrx_word' id='word_1_982' title='bbox 2741 5399 2989 5479; x_wconf 33' lang='grc' dir='ltr'><strong>εὶςλτὴφς</strong></span> <span class='ocrx_word' id='word_1_983' title='bbox 3037 5399 3553 5479; x_wconf 40' lang='grc' dir='ltr'><strong>πρὸς-’Ῥωιεὶιίρυς</strong></span> <span class='ocrx_word' id='word_1_984' title='bbox 3598 5399 3708 5479; x_wconf 67' lang='grc' dir='ltr'><strong>ςτοῦ</strong></span> 
     </span>
    </p>
   </div>
   <div class='ocr_carea' id='block_1_125' title="bbox 2150 5471 3708 5543">
    <p class='ocr_par' dir='ltr' id='par_1_125' title="bbox 2150 5471 3708 5543">
     <span class='ocr_line' id='line_1_126' title="bbox 2150 5471 3708 5543; baseline -0.001 -12"><span class='ocrx_word' id='word_1_985' title='bbox 2150 5471 2524 5531; x_wconf 73' lang='grc' dir='ltr'><strong>’Ᾱποὰτόλὸύ</strong></span> <span class='ocrx_word' id='word_1_986' title='bbox 2561 5471 2938 5539; x_wconf 72' lang='grc' dir='ltr'><strong>Ἐπιστολὴν,</strong></span> <span class='ocrx_word' id='word_1_987' title='bbox 2964 5474 3280 5543; x_wconf 82' lang='grc' dir='ltr'><strong>ἑρμηνεύων</strong></span> <span class='ocrx_word' id='word_1_988' title='bbox 3312 5471 3428 5539; x_wconf 65' lang='grc' dir='ltr'><strong>⁸πξῶς</strong></span> <span class='ocrx_word' id='word_1_989' title='bbox 3461 5475 3708 5540; x_wconf 81' lang='grc' dir='ltr'><strong>Θεοτόκος</strong></span> 
     </span>
    </p>
   </div>
   <div class='ocr_carea' id='block_1_126' title="bbox 2138 5544 3706 5618">
    <p class='ocr_par' dir='ltr' id='par_1_126' title="bbox 2138 5544 3706 5618">
     <span class='ocr_line' id='line_1_127' title="bbox 2138 5544 3706 5618; baseline -0.001 -18"><span class='ocrx_word' id='word_1_990' title='bbox 2138 5547 2374 5618; x_wconf 83' lang='grc' dir='ltr'><strong>λέγεται,</strong></span> <span class='ocrx_word' id='word_1_991' title='bbox 2404 5547 2651 5610; x_wconf 80' lang='grc' dir='ltr'><strong>πλατέως</strong></span> <span class='ocrx_word' id='word_1_992' title='bbox 2679 5546 2930 5618; x_wconf 52' lang='grc' dir='ltr'><strong>ἐξήτασε.</strong></span> <span class='ocrx_word' id='word_1_993' title='bbox 2961 5544 3066 5618; x_wconf 48' lang='lat' dir='ltr'><strong>Sed</strong></span> <span class='ocrx_word' id='word_1_994' title='bbox 3093 5555 3141 5597; x_wconf 86' lang='lat' dir='ltr'><strong>et</strong></span> <span class='ocrx_word' id='word_1_995' title='bbox 3162 5544 3429 5618; x_wconf 67' lang='lat' dir='ltr'><strong>Origenes</strong></span> <span class='ocrx_word' id='word_1_996' title='bbox 3443 5549 3510 5618; x_wconf 83' lang='lat' dir='ltr'><strong>in</strong></span> <span class='ocrx_word' id='word_1_997' title='bbox 3537 5551 3706 5618; x_wconf 77' lang='lat' dir='ltr'><strong>primo</strong></span> 
     </span>
    </p>
   </div>
   <div class='ocr_carea' id='block_1_127' title="bbox 2139 5613 3691 5681">
    <p class='ocr_par' dir='ltr' id='par_1_127' title="bbox 2139 5613 3691 5681">
     <span class='ocr_line' id='line_1_128' title="bbox 2139 5613 3691 5681; baseline 0.001 -10"><span class='ocrx_word' id='word_1_998' title='bbox 2139 5613 2275 5673; x_wconf 73' lang='lat' dir='ltr'><strong>torno</strong></span> <span class='ocrx_word' id='word_1_999' title='bbox 2314 5613 2841 5675; x_wconf 84' lang='lat' dir='ltr'><strong>Commentariorum</strong></span> <span class='ocrx_word' id='word_1_1000' title='bbox 2886 5615 2935 5667; x_wconf 92' lang='lat' dir='ltr'><strong>itt</strong></span> <span class='ocrx_word' id='word_1_1001' title='bbox 2974 5613 3454 5681; x_wconf 71' lang='lat' dir='ltr'><strong>EpistolamPauli</strong></span> <span class='ocrx_word' id='word_1_1002' title='bbox 3493 5613 3561 5670; x_wconf 83' lang='lat' dir='ltr'><strong>ad</strong></span> <span class='ocrx_word' id='word_1_1003' title='bbox 3601 5616 3691 5672; x_wconf 71' lang='lat' dir='ltr'><strong>Ro</strong></span> 
     </span>
    </p>
   </div>
   <div class='ocr_carea' id='block_1_128' title="bbox 2144 5685 3703 5758">
    <p class='ocr_par' dir='ltr' id='par_1_128' title="bbox 2144 5685 3703 5758">
     <span class='ocr_line' id='line_1_129' title="bbox 2144 5685 3703 5758; baseline -0.004 -15"><span class='ocrx_word' id='word_1_1004' title='bbox 2144 5704 2354 5754; x_wconf 86' lang='lat' dir='ltr'><strong>manus,</strong></span> <span class='ocrx_word' id='word_1_1005' title='bbox 2379 5702 2640 5758; x_wconf 72' lang='lat' dir='ltr'><strong>exponens</strong></span> <span class='ocrx_word' id='word_1_1006' title='bbox 2684 5702 2788 5754; x_wconf 88' lang='lat' dir='ltr'><strong>qua</strong></span> <span class='ocrx_word' id='word_1_1007' title='bbox 2825 5687 3026 5738; x_wconf 86' lang='lat' dir='ltr'><strong>ratione</strong></span> <span class='ocrx_word' id='word_1_1008' title='bbox 3062 5687 3271 5758; x_wconf 72' lang='lat' dir='ltr'><strong>dicatur</strong></span> <span class='ocrx_word' id='word_1_1009' title='bbox 3302 5685 3552 5754; x_wconf 85' lang='lat' dir='ltr'><strong>Deipara,</strong></span> <span class='ocrx_word' id='word_1_1010' title='bbox 3590 5703 3703 5741; x_wconf 84' lang='lat' dir='ltr'><strong>eam</strong></span> 
     </span>
    </p>
   </div>
   <div class='ocr_carea' id='block_1_129' title="bbox 2143 5756 3700 5829">
    <p class='ocr_par' dir='ltr' id='par_1_129' title="bbox 2143 5756 3700 5829">
     <span class='ocr_line' id='line_1_130' title="bbox 2143 5756 3700 5829; baseline -0.001 -17"><span class='ocrx_word' id='word_1_1011' title='bbox 2143 5756 2490 5828; x_wconf 72' lang='lat' dir='ltr'><strong>qumstionein</strong></span> <span class='ocrx_word' id='word_1_1012' title='bbox 2529 5757 2785 5810; x_wconf 81' lang='lat' dir='ltr'><strong>latissime</strong></span> <span class='ocrx_word' id='word_1_1013' title='bbox 2810 5756 3330 5829; x_wconf 65' lang='lat' dir='ltr'><strong>pertractatvit.Quod</strong></span> <span class='ocrx_word' id='word_1_1014' title='bbox 3357 5760 3433 5829; x_wconf 71' lang='lat' dir='ltr'><strong>ab</strong></span> <span class='ocrx_word' id='word_1_1015' title='bbox 3471 5758 3700 5829; x_wconf 77' lang='lat' dir='ltr'><strong>Origene</strong></span> 
     </span>
    </p>
   </div>
   <div class='ocr_carea' id='block_1_130' title="bbox 2143 5824 3562 5900">
    <p class='ocr_par' dir='ltr' id='par_1_130' title="bbox 2143 5824 3562 5900">
     <span class='ocr_line' id='line_1_131' title="bbox 2143 5824 3562 5900; baseline -0.001 -14"><span class='ocrx_word' id='word_1_1016' title='bbox 2143 5824 2246 5887; x_wconf 81' lang='lat' dir='ltr'><strong>hoc</strong></span> <span class='ocrx_word' id='word_1_1017' title='bbox 2279 5831 2334 5887; x_wconf 89' lang='lat' dir='ltr'><strong>iu</strong></span> <span class='ocrx_word' id='word_1_1018' title='bbox 2362 5830 2484 5887; x_wconf 86' lang='lat' dir='ltr'><strong>loco</strong></span> <span class='ocrx_word' id='word_1_1019' title='bbox 2510 5836 2906 5900; x_wconf 85' lang='lat' dir='ltr'><strong>pertractatum</strong></span> <span class='ocrx_word' id='word_1_1020' title='bbox 2930 5824 3100 5890; x_wconf 79' lang='lat' dir='ltr'><strong>fuisse</strong></span> <span class='ocrx_word' id='word_1_1021' title='bbox 3128 5826 3425 5884; x_wconf 84' lang='lat' dir='ltr'><strong>verisimile</strong></span> <span class='ocrx_word' id='word_1_1022' title='bbox 3458 5836 3562 5885; x_wconf 82' lang='lat' dir='ltr'><strong>est.</strong></span> 
     </span>
    </p>
   </div>
  </div>
