4182 6418
390 428 488 484 851

1841 429 2169 487 ORlGENIS

3544 426 3655 483 852

390 538 558 593 tionis
586 538 892 597 adducitur.
924 541 1134 608 Quibus
1186 558 1478 600 occurrere
1506 546 1753 615 quamvis
1805 548 1975 603 mole.
2002 553 2050 610 Α
2080 545 2189 600 lius
2237 542 2333 597 Dei
2366 542 2439 596 sit
2470 555 2535 597 ex
2594 540 2995 596 resurrectione
3042 549 3404 609 mortuorum,
3439 541 3655 597 dillicile

389 640 535 685 stum
557 629 631 684 sit
659 632 955 685 secundum
995 633 1190 687 litterae
1216 634 1505 700 rationem,
1534 644 1714 691 tamen
1749 649 1971 705 respon-

392 721 599 776 tletura
628 724 861 790 nostris,
890 726 1034 796 quod
1065 725 1242 780 Maria
1279 743 1403 797 qum
1433 729 1748 796 desponsata
1773 728 1970 797 Ioseph

391 823 679 885 antequam
725 818 1060 870 convenirent
1103 818 1315 872 inventa
1359 830 1435 872 est
1494 820 1548 874 in
1583 833 1730 874 utero
1776 821 1972 873 habens

391 906 459 976 de
486 905 693 976 Spiritu
738 918 922 962 sancto
970 909 1039 975 ³⁸,
1075 912 1370 965 secundum
1428 912 1602 981 legem
1643 913 1760 966 sine
1808 912 1973 965 dubio

394 1000 688 1053 rontribuli
727 1015 826 1055 suo
848 1011 903 1055 et
927 1010 1162 1072 cognato
1189 1004 1479 1073 conjuncta
1506 1012 1607 1058 est.
1639 1004 1700 1057 Et
1726 1005 1975 1070 quamvis

395 1091 609 1144 dicatur
640 1093 706 1145 ad
748 1108 868 1146 eam
914 1095 983 1148 ab
1027 1095 1241 1167 angelo,
1289 1095 1419 1166 quia
1470 1106 1517 1149 et
1572 1094 1839 1149 Elisabeth
1885 1111 1975 1149 co-

397 1192 558 1251 gnata
594 1193 686 1236 tua
714 1186 875 1239 etiam
901 1187 1016 1253 ipsa
1042 1191 1214 1256 pariet
1234 1187 1407 1256 ﬁlium
1428 1188 1486 1241 in
1512 1196 1777 1241 senectute
1801 1204 1898 1241 sua
1927 1187 1972 1219 ³¹

397 1271 701 1340 (Elisabeth
740 1286 944 1329 autem-
973 1290 1039 1330 ex
1088 1276 1306 1331 ﬁliabus
1346 1276 1528 1330 Aaron
1569 1291 1690 1331 esse
1719 1276 1973 1344 (dicitur),

400 1376 581 1420 tamen
621 1364 927 1419 aﬁirmatur
964 1380 994 1419 a
1041 1368 1248 1421 nostris
1292 1366 1405 1436 (33)
1451 1369 1594 1436 quod
1636 1367 1979 1436 cognationis

397 1472 594 1512 nomen
622 1472 728 1511 non
760 1459 933 1512 solum
982 1459 1049 1512 ad
1096 1458 1448 1525 contribules,
1482 1459 1576 1512 sed
1604 1468 1654 1512 et
1687 1459 1753 1511 ad
1788 1473 1980 1512 omnes

395 1548 489 1619 qui
529 1559 653 1603 sunt
686 1565 751 1604 ex
779 1565 981 1620 genere
1008 1550 1207 1613 lsrael,
1239 1551 1385 1603 inter
1429 1565 1488 1604 se
1536 1551 1772 1604 invicem
1821 1564 1975 1604 com-

396 1650 648 1709 petenter
673 1642 846 1711 possit
876 1642 1078 1712 aptari,
1132 1641 1274 1696 sicut
1303 1651 1357 1695 et
1390 1642 1530 1694 idem
1565 1641 1845 1710 apostolus
1912 1642 1978 1696 de

397 1731 652 1784 omnibus
690 1730 855 1784 simul
899 1731 1033 1784 dicit
1067 1731 1115 1762 ³³
1140 1743 1155 1783 :
1183 1729 1287 1794 Qui
1341 1742 1460 1783 sunt
1511 1730 1721 1797 cognati
1759 1730 1858 1781 mei
1898 1743 1984 1779 se-

396 1823 635 1875 cundum
677 1837 912 1876 carnem.
957 1820 1085 1875 Haec
1143 1819 1367 1888 quidem
1426 1828 1481 1871 et
1532 1818 1639 1871 alia
1687 1819 1771 1872 his
1833 1818 1983 1872 simi-

396 1910 470 1964 lia
505 1909 619 1979 (54)
646 1912 1090 1979 respondentur;
1127 1925 1316 1964 verum
1352 1924 1515 1975 quam
1546 1910 1657 1962 sint
1681 1908 1855 1963 valida
1880 1909 1979 1961 ad-

399 2017 617 2057 versum
648 2002 982 2057 assertiones
1004 2016 1194 2056 eorum
1225 2000 1319 2070 qui
1352 2015 1451 2053 nos
1477 2001 1545 2054 de
1568 1999 1975 2070 Scripturarum

403 2094 735 2149 testimoniis
760 2101 1079 2162 perurgent,
1115 2093 1347 2161 probato
1376 2102 1453 2146 ιιιι
1496 2092 1590 2159 qui
1628 2092 1781 2161 legis.
1814 2092 1979 2146 Nobis

405 2196 585 2241 tamen
635 2186 752 2240 inec
797 2186 1150 2256 intelligenda
1186 2184 1481 2239 secundum
1540 2186 1842 2253 spiritalem
1897 2186 1979 2241 vel

397 2277 759 2348 ,allegoricatn
814 2280 1081 2333 rationem
1125 2278 1301 2347 magis
1356 2278 1629 2345 Videntur,
1679 2279 1979 2333 secundum

403 2371 549 2436 quod
583 2370 715 2425 nihil
753 2371 913 2425 obest
941 2372 1108 2425 etiam
1144 2374 1290 2438 quod
1333 2370 1536 2440 Joseph
1581 2381 1740 2440 pater
1778 2371 1979 2426 Christi

403 2461 632 2526 dicitur,
675 2462 798 2515 cum'
833 2463 1060 2516 onmiuo
1094 2480 1204 2519 non
1258 2464 1327 2517 sit
1379 2463 1498 2530 ejus
1541 2476 1740 2533 pater;
1774 2464 1899 2532 quia
1928 2474 1983 2516 et

405 2553 462 2609 in
494 2554 951 2626 generationibus
977 2571 1005 2608 a
1034 2555 1288 2610 Matthaao
1318 2557 1555 2611 refertur
1576 2557 1641 2622 ³³,
1667 2558 1807 2623 quod
1835 2554 1986 2610 Josa-

406 2648 541 2717 pltat
567 2647 816 2718 genuerit
839 2647 1043 2708 Joram,
1080 2657 1135 2703 et
1163 2647 1345 2703 Joram
1378 2651 1631 2716 genuerit
1668 2649 1896 2714 Oziam;
1931 2651 1981 2703 in

406 2749 601 2807 quarto
656 2749 836 2793 autem
895 2740 1208 2811 Regnorum
1262 2741 1406 2797 libro
1467 2744 1729 2810 scriptum
1790 2754 1875 2797 est
1916 2742 1981 2807 ³³,

407 2832 553 2897 quod
583 2829 767 2886 Joram
809 2833 1067 2902 genuerit
1114 2832 1432 2897 Ochoziam,
1484 2843 1541 2888 et
1578 2834 1847 2889 Ochozias
1892 2851 1986 2906 ge-

407 2923 589 2977 nuerit
620 2921 769 2990 Joas,
816 2933 871 2977 et
922 2922 1051 2978 Joas
1080 2927 1327 2993 genuerit
1378 2927 1682 2987 Amasiutu,
1735 2928 1986 2981 Amasias

407 3029 538 3067 vero
569 3016 816 3085 genuerit
842 3015 1124 3080 Azariam,
1160 3017 1331 3085 ipsum
1371 3019 1462 3086 qui
1486 3018 1771 3072 interdum
1824 3018 1986 3074 Ozias

410 3107 772 3172 nominatur;
808 3117 863 3161 et
892 3109 1121 3163 Azarias
1167 3107 1444 3163 Joatham.
1494 3109 1593 3163 llic
1638 3124 1769 3174 ergo
1798 3110 1983 3171 Ozias.

411 3200 504 3268 qui
540 3209 597 3255 et
623 3199 870 3264 Azarias,
899 3215 1022 3255 cum
1051 3200 1103 3253 in
1133 3210 1331 3269 quarto
1360 3200 1676 3267 Regnorum
1716 3202 1851 3255 libro
1869 3199 1982 3271 (35)

412 3291 625 3345 dicatur
675 3290 914 3345 Amasis:
953 3305 1075 3345 esse
1119 3290 1279 3354 ﬁlius,
1326 3306 1355 3344 a
1399 3291 1651 3347 Matthtco
1674 3291 1816 3347 lora:
1847 3292 1988 3348 ﬁlius

411 3384 694 3448 scribitur,
748 3383 921 3438 tribus
957 3384 1009 3438 in
1055 3385 1234 3439 medio
1266 3386 1712 3454 generationibus
1765 3394 1990 3455 praeter-

412 3475 616 3532 missis.
667 3473 832 3543 Cujus
887 3475 963 3529 rei
1007 3476 1288 3541 dissertio,
1330 3486 1541 3531 certum
1580 3485 1663 3531 est
1703 3476 1846 3546 quod
1881 3490 1986 3530 non

411 3567 714 3625 secundum
742 3564 1049 3631 historiam,
1095 3566 1189 3621 sed
1234 3565 1534 3621 secundum
1576 3564 1876 3633 spiritalem
1907 3566 1990 3618 in-

411 3658 761 3729 telligentiam
814 3667 1027 3715 constet
1071 3675 1087 3725 ;
1129 3672 1251 3727 qua:
1287 3673 1390 3711 non
1429 3667 1515 3711 est
1548 3656 1705 3710 nobis
1740 3671 1885 3710 nunc
1934 3658 1987 3710 in

416 3752 651 3805 transitu
676 3750 981 3821 pulsanda:
1011 3750 1063 3802 in
1101 3764 1199 3803 suo
1233 3750 1377 3803 enim
1414 3747 1535 3803 loco
1572 3756 1826 3818 tangetur
1851 3746 1987 3821 (36).

413 3840 635 3897 Interim
666 3841 867 3896 sufﬁcit
890 3841 1044 3895 nobis
1072 3841 1146 3893 ad
1161 3855 1256 3895 eos
1272 3841 1363 3911 qui
1378 3840 1732 3895 adversantur
1760 3826 1989 3911 respon-

417 3937 574 4001 dere,
621 3918 771 4006 quod
833 3935 978 3989 sicut
1024 3932 1184 3989 Jesus
1240 3931 1441 4002 Josepb
1498 3932 1644 3987 ﬁlius
1691 3948 1815 3988 esse
1855 3935 1992 3989 dici-

418 4039 529 4093 tur,
557 4043 624 4082 ex
650 4042 761 4097 quo
792 4043 898 4083 non
927 4037 1013 4083 est
1040 4036 1331 4096 generatus
1357 4044 1372 4094 ;
1401 4037 1456 4080 et
1479 4025 1642 4081 Ozias
1679 4028 1894 4093 genitus
1923 4043 1991 4082 ex

416 4120 622 4187 duram,
647 4134 714 4174 ex
746 4135 853 4189 quo
886 4135 994 4175 non
1025 4128 1111 4174 est
1145 4118 1360 4189 genitus
1403 4135 1419 4171 :
1467 4117 1542 4171 ita
1586 4129 1642 4172 et
1669 4133 1736 4171 ex
1781 4121 1993 4173 semine

418 4211 590 4266 David
637 4212 934 4266 secundum
961 4225 1181 4266 carnem
1211 4208 1462 4264 Christus
1490 4218 1666 4277 putest
1705 4210 1897 4277 accipi,
1936 4220 1994 4263 ut

418 4303 681 4380 quidquid
729 4302 891 4379 46⁷
936 4301 1164 4357 rationis
1215 4300 1297 4355 vel
1337 4300 1660 4355 assertionis
1710 4300 1763 4355 in
1809 4301 1990 4358 Joram

417 4395 788 4466 protulerunt,
819 4404 875 4450 et
907 4394 961 4448 in
999 4393 1221 4462 10mph,
1265 4394 1369 4448 hoc
1399 4401 1455 4447 et
1508 4393 1562 4448 in
1605 4391 1775 4447 David
1818 4394 1995 4449 susci-

419 4490 681 4561 piendum
718 4488 988 4543 dicamus.

2074 652 2183 692 non
2215 644 2299 690 est
2331 634 2614 689 advertere
2638 632 2688 687 ei
2721 632 2810 701 qui
2838 631 3029 702 legerit
3050 632 3181 686 illud
3213 632 3357 702 quod
3388 636 3654 700 scriptum

2073 740 2158 785 est
2191 730 2239 761 ³⁸
2265 743 2279 781 :
2318 727 2542 781 Decebat
2565 726 2703 780 enim
2735 741 2854 779 eum
2874 741 2966 793 per
2987 740 3138 794 quem
3159 727 3363 789 omnia,
3386 734 3435 779 et
3466 726 3522 778 in
3551 741 3656 794 quo

2076 824 2275 882 omnia.
2309 819 2504 874 mullos
2529 819 2672 888 ﬁlios
2711 818 2767 871 in
2793 818 3024 889 gloriam
3068 818 3444 881 adducentem,
3470 826 3656 870 aucto-

2075 930 2185 967 rem
2214 913 2402 967 salutis
2451 926 2633 965 eorum
2679 924 2773 977 per
2816 908 3084 977 passiones
3128 908 3483 962 consummari
3515 908 3653 979 (37).

2074 1006 2227 1061 Finis
2270 1016 2455 1060 autem
2490 1003 2800 1075 passionum
2831 1000 3058 1063 Christi,
3093 999 3425 1053 resurrectio
3446 1007 3563 1062 est;
3599 1004 3657 1051 et

2075 1099 2203 1169 quia
2238 1106 2362 1167 post
2389 1095 2846 1151 resurrectionem
2896 1091 3042 1145 ultra
3086 1091 3204 1159 jam
3258 1106 3362 1144 non
3406 1088 3657 1155 moritur,

2077 1206 2241 1262 neque
2263 1206 2407 1243 mors
2431 1189 2481 1242 ei
2503 1188 2646 1241 ultra
2668 1180 3199 1248 dominaﬁitur-""‘;
3222 1191 3276 1237 et
3299 1182 3495 1235 iterum
3514 1180 3657 1234 dici-

2079 1295 2187 1346 tur,
2219 1284 2346 1351 quia
2369 1283 2467 1337 etsi
2492 1282 2799 1352 agnovimus
2824 1278 3090 1331 Christum
3116 1276 3402 1329 secundum
3419 1290 3662 1338 carnem.

2077 1375 2170 1428 sed
2197 1390 2337 1426 nunc
2363 1373 2482 1441 jam
2533 1388 2639 1425 non
2682 1372 2920 1423 novimus
2947 1368 3013 1431 3’,
3053 1366 3181 1420 ideo
3213 1381 3377 1420 omne
3402 1367 3543 1435 quod
3574 1374 3661 1421 est

2079 1472 2134 1523 in
2167 1467 2541 1534 Christo,jam
2580 1480 2725 1518 nunc
2776 1462 2947 1516 Filius
2985 1462 3075 1516 Dei
3110 1472 3213 1517 est.
3245 1461 3527 1527 Quomodo
3561 1477 3659 1514 au-

2084 1570 2189 1613 tem
2231 1559 2337 1612 hoc
2375 1565 2431 1609 et
2458 1556 2523 1609 ad
2564 1570 2688 1607 cum
2718 1554 2811 1623 qui
2840 1552 3015 1606 Filius
3047 1553 3137 1607 Dei
3168 1556 3221 1606 in
3252 1554 3454 1605 virtute
3492 1551 3661 1605 desti-

2081 1660 2242 1705 natus
2282 1659 2367 1704 est
2394 1648 2440 1680 ⁸⁰
2476 1648 2771 1709 referatur,
2817 1654 3065 1698 coarctat
3094 1645 3508 1715 intelligentiam
3561 1659 3660 1696 non

2084 1752 2282 1808 stram,
2345 1740 2448 1794 nisi
2478 1740 2619 1808 quod
2651 1752 2748 1807 per
2778 1732 3210 1791 indissolubilem
3237 1736 3497 1789 unitatem
3526 1733 3661 1787 Ver-

2081 1834 2135 1888 bi
2172 1845 2224 1887 et
2255 1834 2467 1896 carnis,
2503 1830 2687 1884 omnia
2713 1844 2834 1898 qua:
2855 1830 3037 1882 carnis
3074 1838 3203 1883 sunt
3237 1828 3585 1883 ascribuntur
3606 1834 3664 1883 et

2007 1904 2053 1964 Β
2081 1925 2285 1987 Verbo,
2335 1923 2611 1993 quomodo.
2636 1930 2835 1989 etquae
2860 1919 3018 1974 Verbi
3054 1929 3180 1974 sunt
3208 1920 3573 1988 praedicantur
3603 1919 3659 1972 in

2083 2035 2270 2073 carne.
2309 2017 2493 2071 Jesum
2541 2030 2694 2082 vero,
2741 2025 2796 2068 et
2825 2014 3125 2077 Christum,
3154 2023 3210 2065 et
3240 2011 3523 2065 Dominum
3577 2012 3662 2066 in-

2087 2114 2334 2165 venimus
2366 2123 2509 2180 saepe
2546 2112 2613 2161 ad
2657 2118 2944 2176 utramque
2976 2115 3225 2158 naturam
3255 2103 3471 2170 referri,
3498 2115 3554 2157 ut
3577 2115 3661 2157 est

2090 2204 2221 2259 illud
2257 2224 2269 2258 :
2302 2201 2455 2255 Unus
2510 2199 2769 2254 Dominus
2822 2209 3000 2253 noster
3036 2198 3196 2251 Iesus
3237 2195 3476 2250 Christus
3507 2236 3523 2261 ,
3570 2210 3673 2264 per

2083 2312 2234 2367 quem
2277 2295 2455 2348 omnia
2483 2293 2565 2360 ";
2613 2301 2667 2347 et
2716 2292 2958 2346 iterum:
2994 2289 3055 2345 Si
3094 2291 3231 2343 enim
3278 2289 3660 2357 cognovissent,

2087 2402 2359 2456 nunquam
2389 2384 2677 2438 Dominum
2707 2381 3002 2451 majestatis
3037 2378 3150 2451 (38)
3183 2379 3564 2447 cruciﬁxissent
3592 2378 3658 2431 ".

2092 2476 2412 2528 Primitivus
2456 2490 2588 2544 ergo
2638 2473 2722 2527 vel
2774 2473 3151 2541 primogenitae
3179 2488 3244 2525 ex
3269 2472 3490 2523 mortuis
3529 2469 3666 2523 diciv

2091 2578 2179 2619 tur
2210 2565 2256 2597 ”
2282 2562 2552 2619 Christus.
2587 2563 2692 2619 Sed
2737 2563 3126 2630 requirendum
3164 2561 3319 2615 nobis
3359 2570 3465 2626 est,
3494 2562 3536 2614 si
3568 2575 3664 2613 son

2091 2660 2173 2715 Ius
2218 2668 2303 2714 est
2338 2658 2741 2728 primogenitus
2774 2656 2855 2710 vel
2886 2655 3193 2726 primitivus
3236 2670 3300 2707 ex
3331 2653 3581 2713 mortuis,
3607 2661 3663 2705 et

2091 2764 2197 2803 nou
2235 2749 2399 2802 habet
2426 2748 2640 2815 aliquos
2679 2760 2863 2800 secum
2899 2745 3065 2799 etiam
3097 2744 3150 2796 in
3179 2742 3512 2813 primitivatu
3548 2739 3664 2811 (39)

2089 2840 2407 2912 participes,
2440 2840 2508 2893 de
2533 2839 2730 2908 quibus
2753 2837 2884 2891 dicit
2910 2836 3201 2907 Apostolus
3236 2838 3364 2906 quia
3394 2835 3664 2889 suscitavit

2089 2950 2183 2987 nos
2216 2949 2333 2985 cum
2381 2931 2616 2995 Christo,
2657 2929 2924 2999 simulque
2972 2929 3093 2999 fecit
3126 2928 3304 2981 sedere
3342 2928 3399 2980 in
3436 2926 3662 2979 ccclesti-

2091 3023 2186 3075 bus
2216 3020 2281 3073 “.
2324 3018 2402 3075 Ne
2456 3019 2601 3075 forte
2639 3033 2769 3089 ergo
2813 3028 2868 3072 et
2904 3018 2994 3072 isti
3044 3033 3182 3086 quos
3225 3016 3357 3070 dicit
3396 3017 3673 3070 excitatos

2088 3127 2209 3167 esse
2241 3126 2365 3167 cum
2405 3112 2645 3173 Christo,
2675 3120 2877 3164 etcum
2909 3124 2976 3164 eo
3007 3111 3200 3163 sedere
3238 3107 3291 3160 in
3327 3106 3668 3169 cadesﬁbuu,

2091 3215 2146 3262 et
2175 3207 2278 3277 ipsi
2310 3203 2660 3275 primogeniti
2714 3203 2849 3267 sint,
2880 3199 2967 3254 vel
3013 3198 3274 3268 primitivi
3309 3212 3378 3251 ex
3410 3196 3671 3261 mortuis,

2091 3301 2232 3354 sicut
2256 3308 2311 3353 et
2341 3297 2412 3352 illi
2444 3296 2669 3352 luerunt
2699 3295 2794 3363 qui
2829 3309 2954 3349 cum
3006 3292 3097 3347 illo
3127 3290 3377 3345 suscitati
3424 3302 3546 3345 esse
3585 3290 3667 3343 di-

2090 3401 2313 3454 cuntur,
2345 3406 2469 3443 cum
2505 3396 2842 3442 monumenta
2884 3394 3067 3452 aperta
3092 3392 3240 3446 sunt,
3284 3391 3334 3436 et
3380 3380 3668 3434 multorum

2090 3496 2398 3538 sanctorum
2425 3498 2645 3550 corpora
2676 3486 3036 3548 apparuerunt
3065 3485 3116 3532 et
3141 3477 3377 3547 ingressa
3403 3483 3525 3528 sunt
3552 3473 3668 3545 (40)

2089 3576 2146 3627 in
2194 3583 2496 3627 sanctorum
2543 3572 2807 3625 civitatem
2857 3568 2927 3622 “.
2966 3568 3032 3622 Et
3072 3569 3139 3622 de
3186 3567 3271 3621 his
3322 3566 3522 3620 talibus
3553 3565 3665 3619 for-

2094 3665 2253 3719 tassis
2285 3662 2577 3732 Apostolus
2611 3661 2744 3715 dicit
2772 3658 2819 3690 “
2850 3672 2972 3712 esse
3002 3657 3150 3711 illam
3202 3656 3505 3711 Ecclesium
3557 3656 3670 3726 pri,-

2091 3756 2427 3818 mitivorum,
2463 3767 2624 3822 quam
2681 3749 2973 3817 ascriptam
3018 3755 3282 3801 memorat
3320 3747 3376 3800 in
3409 3746 3585 3801 ccelis.

2167 3850 2222 3906 7.
2278 3848 2387 3903 Per
2413 3863 2567 3918 quem
2616 3844 2909 3912 accepimus
2953 3842 3182 3911 gratiam
3228 3854 3279 3895 et
3309 3839 3669 3906 apostolatum

2093 3946 2162 4000 ad
2188 3941 2536 3997 obediendum
2559 3937 2683 4006 ﬁdei
2711 3937 2769 3989 in
2798 3937 3035 3988 omnibus
3063 3933 3300 4003 gentibus
3333 3948 3430 3999 pro
3464 3931 3675 3984 nomine

2094 4032 2207 4103 ejus
2235 4033 2301 4087 ".
2341 4029 2445 4084 Per
2473 4028 2752 4085 Christum
2785 4024 3064 4095 accepisse
3089 4036 3148 4077 se
3190 4024 3321 4076 dicit
3359 4022 3591 4092 gratiam
3615 4028 3674 4074 et

2095 4122 2483 4193 apostolatum,
2513 4129 2703 4189 utpote
2731 4118 3086 4172 mediatorem
3109 4114 3273 4169 Deiet
3303 4115 3580 4170 hominum
3599 4112 3667 4167 ⁸⁸.

2098 4216 2341 4272 Gratiam
2374 4222 2425 4268 et
2454 4212 2824 4282 apostolatum.
2856 4209 3041 4265 Gratia
3083 4209 3149 4262 ad
3190 4208 3435 4263 laborum
3464 4207 3670 4277 patien-

2098 4311 2229 4364 tiam
2279 4307 2566 4364 rcl‘ereuda
2617 4314 2738 4368 est;
2786 4302 3123 4372 apostolatus
3155 4301 3222 4354 ad
3268 4299 3675 4369 prmdicatiunis

2101 4403 2511 4466 auctoritatem,
2543 4399 2672 4468 quia
2718 4407 2774 4452 et
2799 4398 2918 4466 ipse
2948 4396 3201 4451 Christus
3229 4393 3506 4464 apostolus
3537 4392 3673 4447 dici-

2099 4506 2188 4551 tur
2216 4495 2285 4558 ",
2317 4495 2371 4549 id
2396 4504 2481 4548 est
2514 4495 2709 4547 tnissus
2749 4508 2777 4544 a
2815 4489 2994 4553 Patre,
3027 4487 3231 4557 quippe
3263 4489 3352 4556 qui
3400 4488 3465 4540 ad
3510 4501 3676 4540 evan-

491 4603 546 4667 6.
574 4603 658 4658 Ea:
699 4600 1078 4657 resurrectione
1124 4606 1450 4653 mortuorum
1476 4595 1608 4652 Iesu
1651 4596 1851 4654 Christi
1887 4597 1997 4654 Do-
2026 4610 2076 4671 ι)
2103 4586 2445 4657 gelizandum
2495 4584 2825 4655 pauperibus
2860 4583 3088 4637 missum
3121 4594 3180 4634 se
3212 4578 3343 4634 dicit
3364 4578 3432 4632 “.
3479 4575 3675 4671 omnia

421 4696 555 4750 mini
582 4694 755 4751 nostri
779 4692 846 4745 "-.
879 4691 1165 4759 Quomodo
1190 4689 1409 4760 quidem
1460 4688 1509 4744 is
1550 4690 1642 4759 qui
1695 4691 1992 4745 secundum

422 4802 646 4843 carnem
686 4785 863 4841 factus
915 4798 1035 4839 esse
1069 4784 1269 4840 dicitur
1315 4798 1384 4839 ex
1420 4781 1630 4837 semine
1678 4782 1870 4849 David,
1903 4782 1995 4838 Fi-

533 4973 579 5005 ³⁶
604 4972 795 5033 Matth.
820 4988 861 5036 t,
888 4970 973 5035 18.
1050 4968 1090 5011 δι
1121 4968 1314 5034 [ιιιοεῃ
1336 4965 1426 5021 36.

1506 4965 1550 4997 ”
1590 4965 1744 5019 Rom.
1768 4981 1846 5031 vs,
1870 4967 1925 5020 3.
2001 4967 2046 4999 ³³
2071 4965 2261 5020 Matth.
2284 4978 2323 5027 ι,
2350 4962 2401 5014 7.

2104 4695 2234 4748 ergo
2262 4693 2381 4747 qum
2419 4691 2514 4731 sua
2541 4684 2690 4742 sunt,
2724 4676 2819 4729 dat
2856 4676 3021 4729 etiam
3053 4673 3333 4742 discipulis
3382 4671 3516 4725 suis.
3546 4668 3683 4723 Gra-

2106 4773 2178 4825 tia
2213 4770 2419 4825 dicitur
2459 4767 2656 4823 dill‘usa
2690 4767 2743 4819 in
2778 4765 2936 4820 labiis
2971 4764 3088 4833 eius
3113 4766 3181 4818 “.
3213 4764 3314 4817 Dat
3335 4771 3391 4816 et
3415 4759 3677 4829 apostolis

2485 4960 2529 4991 ³⁸
2556 4958 2623 5014 IV
2645 4957 2779 5025 Reg.
2805 4974 2914 5021 vni,
2942 4958 3051 5019 9.5;
3093 4958 3238 5023 x13;
3276 4957 3480 5022 itu/,1;
3510 4971 3597 5015 xv,
3624 4956 3677 5022 l,

422 5040 479 5103 τ,
501 5039 591 5106 50,
613 5027 703 5108 δέ,
726 5043 816 5096 st.
848 5027 860 5036 '
892 5027 935 5072 ει
964 5041 1120 5095 Rom.
1149 5055 1188 5102 ι,
1216 5027 1312 5108 4.(
1348 5037 1394 5108 ξε
1428 5035 1590 5088 Hebr.
1624 5035 1800 5108 .510,
1832 5027 1983 5108 λετ...

2086 5052 2183 5091 )tll.
2209 5050 2285 5097 γι,
2321 5033 2374 5087 9.
2426 5033 2494 5108 _f’
2588 5032 2713 5108 Cor.
2743 5045 2795 5090 ν,
2829 5032 2914 5082 Hi.
3060 5028 3370 5108 Reum-igni.
3446 5027 3488 5059 δι
3555 5027 3677 5108 C95.

736 5112 780 5142 δ’
812 5111 980 5169 lCor.
1006 5127 1064 5168 ιι.
1101 5110 1155 5163 8.

916 5180 960 5213 ⁸⁸
989 5181 1011 5235 ι
1038 5180 1178 5235 Tim.
1208 5195 1241 5233 ιι
1269 5219 1283 5244 ,
1325 5178 1380 5232 5.

423 5127 544 5175 νιιι.
576 5105 629 5168 6.
689 5105 697 5108 ⁷
736 5112 780 5142 δ’
812 5111 980 5169 lCor.
1006 5127 1064 5168 ιι.
1101 5110 1155 5163 8.
1266 5107 1311 5138 ’⁸³
1337 5106 1521 5161 Colos.
1552 5121 1595 5175 Vl,
1637 5105 1723 5161 18.

430 5182 474 5214 ⁸⁷
506 5183 665 5239 Rom.
697 5201 734 5251 ι,
769 5179 822 5238 5.

500 5339 621 5412 (55)-
659 5341 829 5403 Editi,
882 5342 1248 5412 afﬁrmabitur
1304 5356 1351 5412 a_
1376 5336 1596 5412 nostris.
1645 5336 1743 5412 bis.
1801 5337 2006 5410 Regius

429 5408 600 5466 num.’
623 5413 781 5473 1639,
814 5408 1178 5481 afﬁrntabitur
1205 5429 1238 5463 a
1263 5409 1411 5463 nobis
1431 5425 1451 5471 ;
1484 5408 1666 5461 caeleri
1704 5423 1836 5463 vero
1871 5408 2001 5466 mss.

426 5491 489 5536 ut
512 5483 564 5534 iu
609 5491 778 5537 textu.

500 5550 614 5622 (34)
648 5553 811 5613 Editi,
843 5562 891 5605 et
910 5551 1018 5605 alia
1051 5549 1318 5622 similiter.

503 5619 618 5690 (35)
645 5622 786 5676 Editi
820 5631 875 5675 et
912 5638 1042 5675 mss.
1094 5620 1263 5672 nostri
1299 5620 1413 5690 fere
1460 5632 1653 5673 omnes
1692 5619 1917 5686 habent,
1948 5622 2002 5675 in

435 5688 917 5760 tertio‘Regnorum
949 5690 1119 5754 libro;
1154 5689 1248 5743 sed
1277 5688 1439 5751 male,
1481 5704 1601 5742 cum
1637 5698 1851 5745 constet
1891 5706 2000 5745 non

435 5761 490 5814 in
532 5761 692 5813 tertio
730 5762 868 5821 haec,
899 5761 991 5813 sed
1026 5762 1076 5813 in
1111 5767 1305 5828 quarto
1331 5769 1573 5812 exstare.

510 5829 623 5898 (56)
655 5829 755 5898 Sic
768 5840 916 5898 recte
942 5844 1041 5881 ms.
1067 5827 1265 5898 Regius
1284 5844 1437 5881 num.
1466 5827 1638 5893 {639;
1663 5830 1841 5883 ctcteri
1874 5845 2016 5885 vero.

439 5895 572 5952 mss.
605 5895 666 5962 et.
692 5895 844 5962 editi,
868 5895 1158 5977 iungetur.
1186 5895 1498 5975 Verisimile.
1514 5908 1604 5973 est
1627 5900 1914 5981 Origenem
1939 5902 2005 5959 de

1827 5106 2096 5177 M’l;‘.phes.
2156 5122 2214 5169 ιι,
2262 5108 2313 5157 6.

1476 5176 1521 5206 ⁸⁹
1545 5174 1711 5231 Hebr.
1742 5193 1795 5231 nt
1817 5217 1833 5242 ,
1877 5174 1961 5235 1.’
2003 5178 2049 5209 ’⁵⁸
2076 5175 2208 5231 Luc.
2245 5174 2411 5240 tv,l8.

2423 5104 2467 5135 ⁸⁸
2508 5100 2700 5153 Matth.
2741 5115 2911 5159 xxvn.
2941 5099 3031 5154 5‘2.

2517 5172 2560 5202 δι
2597 5170 2738 5224 l’sal.
2773 5186 2914 5233 λων.
2942 5174 2995 5225 3.

3148 5098 3192 5128 ‘°
3224 5098 3390 5151 llebr.
3447 5112 3545 5162 xu,
3585 5094 3680 5151 Ἡ).

2112 5339 2202 5393 his
2251 5333 2576 5391 disseruisse
2622 5341 2771 5387 tomo
2831 5347 2847 5385 l
2888 5329 3397 5386 Commentariorum
3442 5327 3497 5378 in
3536 5322 3650 5379 Mat

2118 5410 2348 5470 thwum;
2381 5405 2473 5458 sed
2510 5404 2629 5458 haec
2658 5405 2820 5456 modo
2849 5418 2953 5455 non
2988 5412 3220 5455 exstant.

2184 5474 2299 5548 (57)
2323 5474 2474 5548 Editi
2504 5487 2560 5527 et
2589 5488 2689 5526 tus.
2723 5488 2887 5533 unus,
2912 5483 3295 5548 consummare.

2185 5543 2300 5613 (38)
2321 5546 2461 5600 Editi
2491 5550 2546 5596 et
2576 5559 2677 5596 ms.
2716 5558 2874 5607 unus,
2899 5543 3100 5613 glorite.

2185 5550 2277 5613 (38
2321 5550 2461 5600 Editi
2491 5550 2546 5596 et
2576 5559 2677 5596 ms.
2716 5558 2874 5607 unus,
2899 5550 3100 5609 gtoriw.

2183 5550 2300 5690 (39;
2333 5616 2426 5671 Sic
2457 5629 2589 5668 mss.
2626 5614 2903 5682 plerique;
2935 5612 3063 5665 editi
3095 5623 3221 5663 vero
3264 5615 3318 5660 et
3359 5621 3463 5662 ius.
3497 5621 3638 5661 unus
3661 5644 3681 5671 ,

2106 5700 2430 5830 pn('23)méic
2463 5770 2606 5830 mss.
2654 5753 2725 5830 At
2765 5765 2897 5807 vero
2932 5749 3081 5812 editi,
3105 5757 3154 5802 et
3179 5747 3345 5830 multa
3374 5755 3688 5830 sanctorum

2111 5819 2333 5895 corpora
2385 5827 2474 5895 qui
2516 5825 2861 5887 dormierunt,
2912 5828 3295 5885 surrexerunt,
3348 5826 3398 5871 et
3452 5819 3689 5887 ingressi.

2112 5910 2268 5973 sunt.
2284 5907 2390 5957 εω.
2740 5903 2743 5906 ’
