4182 6412
372 402 479 462 855

1328 404 1687 463 COMMENT.
1722 402 1790 457 IN
1830 397 2051 455 EPIST.
2093 397 2392 470 AD-ROM.
2428 396 2559 454 LIB.
2598 397 2636 452 Ῑ.

3520 393 3629 448 854

370 530 486 580 suis
512 526 743 596 gratiam
774 568 788 592 ,
835 542 957 583 cum
991 543 1098 598 qua
1146 527 1456 582 laborantes
1504 525 1690 580 dicant
1716 541 1730 577 :
1761 522 1944 575 Abun—
1970 523 2019 578 Α
2046 517 2278 573 rinthios
2302 517 2521 587 quidem
2546 515 2601 569 in
2634 512 2808 583 prima
2842 518 2897 568 et
2921 512 3181 577 secunda,
3207 518 3264 566 et
3291 510 3359 563 ad
3377 508 3620 572 Galatas,

369 629 585 672 acutius
615 635 732 673 vero
778 636 936 687 quam
968 635 1144 673 omnes
1182 621 1264 673 illi
1295 617 1534 672 laboravi
1567 633 1585 670 :
1617 633 1722 671 non
1770 625 1949 669 autem

370 725 487 776 ego,
526 712 616 764 sed
653 713 826 779 gratia
874 711 973 765 Dei
1023 728 1223 765 mecum
1269 711 1337 763 ³³.
1369 710 1437 764 Et
1462 709 1587 778 quia
1621 709 1688 763 de
1718 708 1836 776 ipso
1865 706 1950 761 di-

371 813 515 855 ctum
548 811 633 855 est
667 819 681 855 :
714 800 980 856 Habentes
1012 803 1175 871 igitur
1207 800 1519 870 Pontiﬁcem
1550 811 1598 854 et
1638 798 1947 869 Apostolum

370 889 717 959 confessionis
749 905 945 947 nostra:
974 891 1246 947 Christum
1276 894 1344 957 ”,
1374 893 1468 947 dat
1514 891 1799 960 discipulis
1832 891 1947 945 suis

370 983 702 1049 apostolatus
731 984 1119 1053 dtgnatinnem,
1155 995 1211 1037 ut
1240 992 1295 1038 et
1340 984 1441 1052 ipsi
1484 982 1793 1037 elliciantur
1815 997 1947 1051 apo-

370 1073 494 1128 stoli
528 1074 646 1129 Dei.
676 1074 862 1143 Neque
886 1077 1028 1130 enim
1065 1088 1275 1144 gemes,
1313 1091 1434 1145 qua:
1473 1084 1633 1130 erant
1681 1074 1872 1128 aliena:
1912 1092 1944 1128 a

370 1172 682 1219 testamento
731 1166 850 1231 Dei,
899 1176 949 1220 et
995 1168 1395 1222 conversatione
1427 1165 1698 1232 Israel“,
1721 1167 1945 1221 credere

370 1262 618 1321 poterant
646 1254 961 1326 Evangelio,
985 1256 1088 1310 nisi
1125 1271 1220 1325 per
1247 1258 1478 1324 gratiam
1513 1269 1635 1323 qua:
1672 1254 1945 1323 apostolis

367 1345 547 1400 fuerat
587 1350 748 1414 data,
784 1363 877 1417 per
921 1364 1079 1416 quam
1129 1347 1550 1417 praedicantibus
1584 1346 1841 1415 apostolis
1889 1346 1941 1399 in

368 1437 528 1490 ﬁdem
557 1437 777 1492 obedire
797 1438 1064 1492 dicitur"
1085 1437 1219 1507 (41),
1244 1446 1296 1491 et
1320 1436 1373 1490 in
1396 1452 1612 1492 omnem
1651 1446 1852 1492 terram
1877 1438 1942 1491 de

368 1530 588 1583 nomine
617 1528 814 1584 Christi
846 1545 1010 1585 sonus
1040 1531 1227 1598 gratia:
1257 1544 1445 1587 eorum
1477 1540 1941 1584 commemoratur

367 1618 574 1673 exiisse
605 1619 674 1685 “,
702 1620 773 1673 ita
808 1629 867 1673 ut
894 1621 962 1674 ad
996 1635 1089 1675 eos
1127 1621 1219 1690 qui
1248 1619 1433 1675 Romae
1463 1630 1589 1675 sunt
1611 1620 1939 1688 perveniret,

364 1712 433 1760 ad
461 1724 598 1778 quos
630 1714 708 1764 ait
731 1711 1022 1780 Apostolus
1052 1732 1063 1765 :
1100 1709 1171 1765 In
1196 1712 1384 1781 quibus
1415 1713 1543 1766 estis
1583 1720 1633 1764 et
1662 1728 1749 1765 vos
1772 1710 1940 1764 vocati

360 1798 492 1852 Jesu
543 1799 738 1852 Christi
773 1802 838 1853 ⁸⁷.
875 1801 1074 1855 Paulus
1106 1812 1332 1857 vocatus
1382 1802 1666 1873 apostolus
1716 1803 1935 1867 dicitur,

359 1902 419 1944 et
446 1893 670 1945 Romani
704 1893 880 1947 vocati
911 1894 1155 1963 quidem,
1189 1910 1297 1948 non
1352 1906 1531 1949 tamen
1559 1897 1817 1965 apostoli,
1846 1898 1938 1951 sed
1970 1881 2014 1935 Β

363 1984 538 2037 vocati
580 1986 757 2040 sancti
812 1987 866 2040 in
910 1987 1277 2042 obedientiam
1310 1989 1458 2043 ﬁdei.
1501 1987 1580 2042 De
1624 1989 1941 2043 diversitate

363 2083 542 2127 autem
570 2082 885 2129 vocatorum
910 2076 1020 2145 jam
1054 2078 1305 2143 superius
1333 2075 1571 2130 diximus
1602 2075 1762 2145 (41“).

433 2162 487 2217 8.
546 2162 801 2219 Omnibus
829 2167 920 2235 qui
950 2175 1070 2218 sunt
1108 2165 1287 2220 Roma:
1331 2167 1536 2221 dilectis
1589 2166 1686 2220 Dei
1715 2206 1731 2231 ,
1766 2167 1942 2237 gratia

363 2256 507 2309 vobis
549 2269 599 2310 et
642 2275 748 2324 pax
774 2277 807 2312 a
855 2259 963 2313 Deo
997 2258 1159 2313 Patre
1205 2270 1406 2327 nostra,
1437 2272 1487 2315 et
1534 2261 1761 2316 Domino
1811 2260 1941 2315 Jesu

314 2404 330 2414 θ
363 2344 574 2401 Christo
623 2346 690 2399 ⁵⁸.
740 2348 1056 2405 Benedictio
1106 2351 1223 2405 haec
1272 2352 1423 2420 pacis
1468 2350 1583 2422 (42)
1629 2361 1685 2408 et
1726 2354 1937 2423 gratiae,

363 2454 539 2499 quam
575 2439 667 2494 dat
717 2441 931 2496 dilectis
984 2444 1074 2497 Dei
1127 2445 1193 2498 ad
1247 2458 1385 2513 quos
1419 2444 1610 2499 scribit
1659 2445 1941 2513 apostolus

361 2529 580 2593 Paulus,
615 2541 744 2602 puto
777 2537 919 2603 quod
954 2550 1059 2589 non
1093 2537 1163 2590 sit
1194 2537 1374 2589 minor
1402 2553 1569 2605 quam
1625 2535 1729 2589 fuit
1781 2538 1941 2591 bene-

360 2623 531 2676 dictio
556 2622 670 2677 Noe
704 2625 757 2679 in
801 2626 926 2681 Sem
961 2635 1016 2680 ct
1058 2627 1109 2679 in
1149 2626 1382 2697 Japheth
1412 2628 1484 2693 '9,
1535 2644 1655 2697 quae
1689 2643 1788 2697 per
1818 2627 1942 2695 Spi-

364 2714 528 2766 ritum
564 2714 787 2785 impleta
831 2724 914 2770 est
941 2732 1068 2786 erga
1103 2732 1198 2773 eos
1227 2720 1321 2788 qui
1368 2719 1588 2774 fuerant
1617 2720 1885 2775 benedicti
1921 2739 1933 2774 :

357 2806 619 2861 similiter
669 2818 725 2861 et
750 2823 814 2862 ea
867 2809 918 2863 in
968 2827 1073 2879 qua
1110 2812 1429 2865 benedictus
1461 2820 1547 2866 est
1591 2812 1870 2866 Abraham
1906 2829 1935 2867 a

354 2890 756 2954 Melchisedech
792 2900 866 2976 σο,
895 2909 949 2954 et
993 2900 1163 2957 Jacob
1196 2919 1224 2956 a
1264 2912 1423 2971 patre
1470 2918 1570 2958 suo
1603 2903 1754 2959 Isaac
1778 2906 1844 2969 ⁸⁸,
1880 2917 1936 2960 et

353 2984 640 3041 duodecim
670 2989 996 3056 patriarchae
1027 3006 1136 3059 qua
1168 2990 1570 3047 benedicuntur
1598 3009 1627 3047 τι
1660 3004 1813 3063 patre
1839 3011 1937 3049 suo

355 3073 523 3128 lsrael
555 3076 635 3144 ⁶²;
674 3078 757 3134 vel
806 3080 1113 3135 benedictio
1149 3081 1321 3153 Moysi
1359 3084 1471 3155 (45)
1506 3100 1612 3154 qua
1660 3087 1940 3142 benedixit

356 3167 646 3221 duodecim
697 3170 873 3224 tribus
922 3170 1087 3225 Israel
1117 3172 1183 3224 ⁸³.
1232 3170 1347 3226 Non
1398 3189 1528 3245 ergo
1564 3176 1649 3229 his
1679 3178 1939 3232 omnibus

352 3257 669 3317 inferiorem
705 3261 846 3315 duco
872 3261 984 3333 (41)
1016 3263 1158 3318 hanc
1185 3265 1423 3335 Apostoli
1462 3235 1934 3334 benedictionem,
1964 3235 2007 3294 θ

355 3365 458 3414 qua
494 3351 770 3406 benedixit
793 3353 1067 3410 Ecclesias
1095 3355 1322 3410 Christi.
1347 3359 1435 3412 Ait
1476 3361 1621 3413 enim
1653 3370 1706 3413 et
1728 3362 1842 3429 ipse
1865 3364 1934 3417 de

358 3456 419 3490 se
449 3437 498 3473 “
528 3459 542 3494 :
577 3440 720 3496 Puto
746 3445 880 3496 enim
924 3446 1050 3512 quia
1092 3455 1141 3499 et
1170 3462 1263 3514 ego
1310 3445 1575 3516 Spiritum
1607 3449 1703 3504 Dei
1741 3452 1928 3509 habeo.

354 3530 410 3583 ln
455 3532 663 3598 Spiritu
710 3550 841 3603 ergo
880 3536 971 3590 Dei
1004 3538 1198 3591 scribit
1234 3538 1521 3607 Apostolus
1555 3549 1611 3594 et
1646 3542 1700 3595 in
1726 3542 1930 3610 Spiritu

354 3620 649 3675 henedicit.
689 3621 795 3678 Per
839 3625 1015 3695 ipsum
1047 3642 1176 3696 ergo
1227 3627 1491 3697 Spiritum
1523 3632 1932 3689 hencdictiones

353 3709 577 3778 capient
603 3711 658 3764 hi
688 3712 779 3780 qui
819 3713 1219 3771 benedicunzur
1253 3720 1321 3773 ab
1354 3720 1633 3788 Apostolo,
1666 3723 1714 3775 si
1749 3732 1929 3778 tamen

350 3800 503 3869 digni
540 3802 653 3873 (45)
687 3804 1032 3860 inveniantur
1063 3823 1225 3878 super
1253 3825 1390 3879 quos
1412 3812 1592 3865 veniat
1619 3814 1930 3871 benedictio

350 3895 488 3959 ejus.
525 3895 775 3965 Alioquin
824 3898 919 3952 ﬁet
962 3898 1101 3961 illud
1143 3903 1285 3970 quod
1331 3905 1596 3974 seriptum
1627 3917 1712 3963 est
1740 3910 1785 3941 ”
1819 3927 1833 3963 :
1867 3909 1929 3965 Si

347 3988 510 4054 fuerit
551 3988 621 4040 ibi
653 3988 800 4055 [ilius
824 3991 994 4057 pacis,
1029 4009 1136 4061 pax
1162 4002 1334 4048 vestra
1381 3997 1548 4049 veniet
1575 4014 1735 4069 super
1758 4018 1877 4056 eum
1905 4020 1926 4069 ;

347 4081 431 4133 sin
465 4092 662 4146 autem,
697 4099 804 4151 pax
830 4094 1001 4139 vestra
1028 4087 1098 4139 ad
1120 4102 1208 4142 vos
1243 4099 1550 4146 revertetur.
1582 4091 1738 4158 Quod
1789 4096 1927 4150 scri-

346 4181 499 4241 ptum
534 4183 618 4229 est
643 4189 774 4247 ergo
804 4178 870 4234 de
902 4192 1057 4247 pace,
1088 4177 1192 4232 hoc
1227 4180 1376 4235 etde
1416 4186 1591 4251 gratia
1638 4184 1754 4250 ﬁet,
1798 4188 1923 4257 quia

345 4268 576 4334 gratiam
603 4269 764 4323 simul
791 4286 912 4326 cum
943 4286 1072 4338 pace
1095 4272 1392 4342 oonjungit.
1418 4273 1708 4331 Sciendum
1744 4287 1921 4336 tamen

346 4368 451 4420 est.
486 4360 631 4429 quod
665 4362 778 4416 haec
801 4362 1047 4432 Apostoli
1095 4366 1434 4421 consuetudo
1465 4368 1764 4435 scribendi,
1811 4389 1918 4428 non

2046 619 2103 664 et
2149 611 2216 664 ad
2245 609 2535 678 Ephesios,
2581 617 2638 661 et
2677 605 2747 659 ad
2794 604 3173 674 Philippenses
3207 602 3465 656 similiter
3493 604 3626 657 scri-

2046 702 2128 758 bit
2158 702 2223 754 “.
2251 702 2333 756 Ad
2371 701 2723 756 Colossenses
2768 712 2898 752 vero
2924 697 2989 760 ⁸⁷,
3032 693 3219 749 Gratia
3251 696 3392 748 vobis
3426 704 3472 747 et
3518 708 3627 762 pax

2046 811 2079 847 a
2119 792 2230 847 Deo
2266 791 2426 845 Patre
2450 800 2630 844 nostra
2669 789 2836 853 dicit;
2873 797 2928 842 et
2962 802 3069 841 non
3102 786 3270 850 addit,
3299 794 3346 839 et
3396 783 3626 837 Domina

2047 897 2226 939 nostra
2255 884 2385 938 Jesu
2412 881 2644 937 Christo.
2688 881 2769 934 Ad
2813 879 3330 934 Thessalonicenses
3358 892 3491 931 vero
3516 878 3628 946 pri-

2047 993 2133 1032 ma
2165 977 2239 1031 ita
2267 976 2434 1031 habet
2468 974 2514 1006 ⁸⁸
2547 995 2559 1029 :
2585 973 2771 1028 Gratia
2813 971 2957 1025 vobis
2985 978 3033 1023 et
3061 985 3187 1037 pax,
3211 967 3378 1039 468
3405 978 3461 1022 et
3487 967 3624 1021 nihil

2046 1069 2218 1123 ultra.
2251 1068 2306 1122 In
2335 1068 2575 1123 secunda
2615 1079 2746 1119 vero
2772 1083 2786 1120 :
2815 1060 3002 1116 Gratia
3034 1063 3199 1124 vobis,
3236 1073 3280 1113 et
3310 1077 3416 1128 pax
3459 1079 3489 1113 a
3516 1061 3621 1114 Dea

2045 1159 2212 1216 Patre
2241 1172 2439 1224 nostra,
2477 1171 2525 1213 et
2555 1158 2778 1211 Domina
2816 1154 2943 1209 Jesu
2976 1154 3185 1208 Christo
3212 1155 3276 1206 ⁵³.
3313 1154 3397 1207 Ad
3433 1151 3624 1205 Timu-

2046 1252 2232 1307 theum
2276 1252 2447 1320 prima
2483 1257 2536 1304 et
2585 1233 2865 1303 secunda:
2903 1243 3115 1308 Gratia,
3157 1244 3533 1309 misericordia
3575 1250 3624 1294 et

2043 1360 2150 1412 pas;
2173 1361 2203 1396 a
2244 1342 2354 1396 Deo
2389 1340 2570 1403 Patre,
2607 1350 2653 1393 et
2679 1336 2886 1393 Christo
2918 1336 3048 1390 Jesu
3080 1335 3308 1389 Domino
3344 1344 3524 1387 nostra
3553 1332 3622 1386 ⁷⁸.

2043 1436 2124 1488 Ad
2149 1434 2328 1488 Titum
2356 1448 2483 1487 vero
2508 1432 2552 1463 ⁷³
2583 1448 2596 1484 :
2619 1428 3216 1493 Gratia,misericordia
3245 1436 3295 1481 et
3336 1443 3441 1494 pax
3458 1441 3488 1479 a
3513 1425 3624 1481 Deo

2046 1523 2232 1590 Patre,
2268 1537 2317 1579 et
2345 1525 2555 1581 Christo
2580 1524 2710 1578 Jesu
2731 1520 3008 1576 Saluatore
3037 1530 3241 1575 nostra.
3277 1520 3346 1573 Et
3374 1519 3625 1589 quamvis

2043 1620 2313 1674 curiosior
2354 1618 2602 1674 videatur
2641 1615 3013 1684 hujuscemodi
3053 1612 3386 1678 observatio,
3441 1623 3621 1666 tamen

2042 1713 2134 1782 qui
2178 1712 2312 1766 nihil
2345 1713 2582 1767 otiosum
2629 1709 2801 1765 credit
2845 1720 2968 1762 esse
3004 1706 3057 1760 in
3083 1705 3382 1774 Scripturis
3403 1705 3622 1771 divinis,

2042 1808 2204 1861 etiam
2236 1806 2431 1860 horum
2457 1800 2795 1860 dilferentias
2833 1807 2889 1853 et
2924 1798 3271 1854 diversitates
3292 1812 3397 1852 non
3432 1797 3623 1852 inanes

2043 1898 2274 1966 putabit.
3076 1898 3081 1903 ’

2114 1988 2169 2041 9.
2209 1984 2452 2040 Primum
2485 1987 2695 2057 quidem
2735 1988 2940 2057 gratias
2976 2001 3074 2055 ago
3112 1985 3222 2039 Deo
3253 1999 3367 2036 meo
3405 1998 3495 2050 per
3523 1981 3621 2035 Je-

2044 2094 2159 2132 sum
2213 2076 2488 2132 Christum
2524 2095 2619 2145 pro
2659 2079 2899 2131 omnibus
2950 2077 3135 2140 vobis,
3187 2075 3436 2144 quoniam
3488 2072 3620 2133 ﬁdes

2043 2181 2213 2223 vestra
2250 2169 2603 2222 annuntiatur
2639 2168 2696 2222 in
2744 2170 2985 2222 universo
3028 2168 3224 2220 mundo
3251 2165 3318 2218 τ’.
3351 2163 3618 2230 Quoniam

2042 2261 2108 2312 ad
2135 2258 2397 2328 quosdam
2425 2258 2671 2313 scribens
2700 2259 3020 2327 Apostolus,
3054 2257 3185 2310 dicit
3219 2270 3316 2325 pro
3364 2253 3621 2307 omnibus

2042 2365 2100 2404 se
2126 2351 2330 2419 gratias
2377 2365 2540 2421 agere
2574 2350 2710 2419 (46),
2755 2352 2894 2405 sicut
2944 2360 3001 2403 et
3034 2364 3177 2403 nunc
3204 2350 3269 2401 ad
3299 2346 3616 2413 Romanos;

2042 2443 2109 2494 ad
2136 2440 2273 2495 alios
2303 2456 2430 2495 vero
2463 2441 2711 2497 scribens
2742 2442 2948 2511 gratias
2980 2441 3198 2509 quidem
3222 2441 3355 2508 agit,
3381 2440 3479 2493 sed
3509 2454 3617 2492 non

2042 2531 2195 2585 addit
2227 2529 2363 2602 (47),
2392 2547 2488 2599 pro
2522 2533 2807 2595 omnibus;
2840 2533 3146 2586 observans
3194 2530 3440 2583 invenies
3472 2528 3617 2598 quod

2040 2625 2131 2679 ubi
2157 2625 2290 2679 dicit
2316 2642 2411 2694 pro
2442 2623 2681 2677 omnibus
2710 2639 2772 2678 se
2810 2624 3016 2690 gratias
3059 2637 3244 2693 agere,
3285 2620 3470 2691 culpas
3500 2620 3612 2673 ali-

2041 2730 2177 2785 quas
2221 2730 2423 2786 graves
2446 2725 2539 2770 aut
2569 2715 2768 2788 probra
2794 2715 2848 2767 in
2875 2727 2970 2767 eos
2995 2729 3100 2768 non
3131 2719 3427 2780 exaggerat
3455 2712 3568 2782 (48)
3594 2731 3611 2780 ;

2040 2809 2132 2863 ubi
2171 2819 2356 2864 autem
2401 2816 2557 2863 notat
2605 2807 2823 2875 aliquos
2854 2807 2939 2873 vel
2963 2808 3162 2878 arguit,
3211 2825 3319 2863 non
3371 2811 3523 2864 addit
3551 2811 3618 2866 ad

2041 2902 2341 2973 gratiarum
2382 2901 2650 2955 actionem
2678 2898 2816 2971 (49),
2846 2899 2990 2967 quod
3009 2915 3104 2967 pro
3143 2901 3384 2955 omnibus
3413 2902 3619 2972 gratias

2041 3002 2186 3062 agat,
2216 2992 2359 3046 sicut
2393 3003 2447 3046 et
2467 2993 2535 3044 ad
2565 2990 2883 3045 Corinthios
2907 2989 2953 3020 ⁷³
2979 2990 3063 3044 vel
3091 2991 3157 3045 ad
3178 2991 3616 3049 Colossenses”.

2039 3088 2125 3140 Ad
2154 3085 2381 3142 Galatas
2406 3098 2538 3139 vero
2564 3084 2610 3114 ⁷⁸
2650 3084 2874 3138 omnino
2899 3098 3002 3139 nec
3036 3087 3189 3153 ponit
3209 3088 3506 3154 gratiarum
3534 3102 3621 3142 ac-

2043 3176 2268 3240 tionem,
2296 3175 2442 3244 quod
2465 3189 2561 3229 eos
2609 3174 2842 3227 miratur
2881 3184 2989 3227 tam
3017 3177 3122 3229 cito
3153 3177 3437 3233 transferri
3462 3180 3527 3233 ab
3555 3196 3618 3235 eo

2041 3269 2130 3338 qui
2174 3268 2372 3322 vocavit
2402 3283 2521 3335 eos,
2557 3267 2615 3321 in
2651 3267 2802 3321 aliud
2847 3265 3217 3336 Evangelium.
3252 3270 3433 3325 Prima
3485 3287 3617 3344 ergo

2040 3377 2146 3420 vox
2191 3361 2383 3430 incipit
2409 3378 2439 3415 a
2480 3361 2783 3431 gratiarum
2808 3363 3025 3417 actione
3057 3362 3194 3434 (50).
3228 3365 3409 3434 Agere
3432 3379 3614 3421 autem

2042 3456 2154 3510 Deo
2176 3455 2405 3524 gratias,
2444 3455 2550 3508 hoc
2580 3463 2665 3507 est
2695 3452 3028 3519 sacriﬁcium
3072 3454 3247 3510 laudis
3273 3456 3472 3512 oll'erre
3500 3474 3515 3522 ;
3559 3466 3616 3513 et

2039 3550 2163 3604 ideo
2191 3548 2365 3614 addit,
2396 3546 2499 3601 Per
2532 3547 2715 3601 Jesum
2746 3544 3039 3612 Christum,
3082 3547 3230 3603 velut
3265 3564 3363 3618 per
3386 3548 3614 3607 Pontili-

2037 3657 2154 3695 cem
2189 3656 2469 3711 magnum.
2499 3640 2724 3710 Oportet
2747 3642 2890 3696 enim
2918 3641 3062 3694 seire
3101 3656 3223 3694 eum
3266 3643 3357 3711 qui
3390 3641 3502 3705 vth
3528 3642 3588 3695 ol‘
3604 3671 3615 3680 -

2034 3732 2183 3787 ferre
2236 3733 2569 3788 sacriticium
2607 3733 2715 3787 Deo
2741 3772 2756 3798 ,
2806 3732 2959 3801 quod,
2985 3746 3082 3801 per
3118 3747 3309 3787 manus
3332 3733 3616 3800 pontiﬁcis

2035 3825 2195 3879 debet
2239 3820 2441 3878 oiierie
2469 3825 2539 3879 ⁷⁸.
2577 3823 2684 3878 Sed
2724 3834 2780 3880 et
2812 3826 2933 3879 hoc
2970 3825 3114 3894 quod
3144 3824 3302 3890 dixit,
3333 3824 3444 3881 Deo
3474 3842 3613 3890 meo,

2036 3931 2145 3971 non
2176 3926 2260 3971 est
2289 3917 2465 3971 otiose
2487 3915 2888 3985 accipiendum.
2922 3915 3038 3971 Non
3071 3916 3215 3970 enim
3250 3932 3351 3970 vox
3386 3917 3487 3972 ista
3518 3932 3616 3987 po-

2037 4018 2138 4063 test
2169 4024 2290 4063 esse
2315 4009 2419 4063 nisi
2450 4020 2789 4075 sanctorum,
2816 4025 3046 4079 quorum
3076 4009 3216 4064 Deus
3237 4009 3463 4075 dicitur,
3498 4010 3612 4064 sic-

2033 4110 2095 4153 ut
2124 4099 2268 4155 Deus
2296 4102 2593 4167 Abraham,
2625 4101 2706 4156 vel
2778 4103 2950 4165 Isaac,
2974 4101 3059 4155 vel
3087 4083 3257 4157 Jacob
3278 4102 3344 4153 ⁷⁷.
3370 4100 3485 4163 Non
3512 4117 3611 4170 po»

2036 4200 2142 4244 test
2178 4190 2462 4245 Dominum
2497 4192 2662 4245 Deum
2684 4208 2840 4247 suum
2874 4192 3058 4246 dicere
3082 4192 3129 4245 is
3151 4192 3444 4249 cuiventer
3468 4191 3615 4248 Deus

2031 4293 2116 4337 est
2141 4283 2207 4347 ⁷⁸,
2245 4292 2340 4338 aut
2376 4284 2463 4338 cui
2490 4286 2718 4339 avaritia
2749 4285 2894 4340 Deus
2921 4295 3029 4350 est,
3053 4295 3151 4339 aut
3176 4284 3260 4339 cui
3296 4284 3469 4355 gloria
3499 4299 3611 4338 saa-

1988 4382 1998 4389 ‘
2030 4376 2159 4441 culi,
2182 4387 2237 4430 et
2267 4390 2466 4444 pompa
2498 4378 2708 4441 mundi,
2741 4386 2836 4431 aut
2875 4377 3115 4447 potentia
3151 4392 3333 4431 rerum
3377 4375 3613 4430 caduca-

346 4462 473 4516 crga
499 4464 691 4506 omnes
722 4452 791 4506 ab
831 4468 898 4509 eo
934 4463 1189 4509 servatur
1218 4453 1512 4512 Ecclesias.
1542 4458 1677 4514 Nam
1702 4462 1772 4517 ad
1819 4464 1921 4521 ϐο·
1954 4465 2000 4520 D
2029 4483 2148 4520 rum
2196 4468 2336 4522 Deus
2364 4481 2466 4523 est.
2519 4469 2790 4540 Quidquid
2837 4473 2984 4525 enim
3016 4470 3393 4539 unusquisque
3438 4481 3602 4537 supra

432 4588 525 4663 es!
554 4588 808 4663 ροηηχν,
837 4592 926 4649 10,
1014 4568 1257 4652 “diem.
1299 4605 1376 4661 ιιι,
1406 4598 1457 4661 1,
1482 4597 1540 4663 4,
1572 4599 1659 4656 14.

344 4658 551 4730 1t,_18.
657 4662 705 4693 ⁸⁷
728 4662 888 4717 Rom.
922 4679 976 4730 1,
1026 4665 1081 4719 6.
1176 4667 1223 4699 ⁵⁸
1248 4658 1378 4722 ibid.
1410 4658 1462 4721 7.

346 4729 391 4810 ξς
418 4726 557 4810 Gen.
590 4726 972 4810 x1._1x._1’_5,_seq.'
1024 4734 1084 4810 ξε
1116 4736 1273 4810 Deut.
1296 4753 1486 4810 xxxnt,
1519 4739 1572 4799 6.
1604 4756 1722 4810 seq.

346 4866 388 4917 ll
437 4868 578 4941 Tim.
612 4887 649 4933 ι,
676 4872 731 4941 2.
790 4866 853 4903 ’⁷³
888 4866 994 4928 Tit.
1023 4866 1142 4941 ι,’4.
1264 4866 1308 4909 ²¹²
1344 4866 1498 4933 Rom.
1529 4896 1567 4941 1,
1598 4880 1655 4934 8.

342 4950 471 5004 Vill,
501 4938 559 4993 3.
636 4940 680 4972 ⁷⁷
712 4941 888 4997 Exod.
915 4959 998 5008 111,
1030 4938 1084 5001 6.
1157 4947 1204 4979 ⁷⁸
1233 4941 1433 5019 Philip.
1457 4938 1665 5014 111,—19.

414 5048 662 5127 (HLMs.
688 5066 827 5107 unus
858 5053 1067 5127 Regius
1089 5071 1241 5115 num.
1277 5057 1436 5125 1641,
1473 5060 1602 5127 ﬁdei
1634 5062 1921 5120 obedirent.

341 5119 496 5195 Alter
521 5118 721 5195 Regius
755 5137 912 5195 nutu.
940 5118 1100 5187 i659,
1126 5129 1181 5182 in
1213 5128 1373 5195 fidem
1397 5118 1609 5184 obedire
1641 5118 1918 5192 dicuntur.

338 5191 538 5314 ἓξὲξιί
571 5206 728 5258 1nss.,
755 5191 1010 5251 Rabanus
1035 5206 1106 5260 et
1136 5191 1292 5263 editi,
1321 5199 1379 5253 in
1415 5198 1577 5267 ﬁdem
1605 5203 1818 5259 obedire
1839 5191 1924 5259 di;

410 5327 732 5402 (difLVide
757 5347 943 5402 supra,
970 5350 1119 5389 num.
1155 5335 1209 5391 2.

411 5397 850 5478 (42)’Βίιιιειιιυβ’,
871 5397 934 5458 ει
958 5421 1078 5478 ιιιε.
1099 5405 1299 5478 Regius
1326 5423 1480 5467 num.
1506 5410 1665 5478 1639,
1690 5411 1922 5469 Benedi-

336 5472 440 5523 rtio
486 5479 661 5555 autem
688 5472 855 5536 pacis,
896 5483 1010 5555 etc.‘
1051 5472 1744 5555 _Deitide__idem_111s.,puto
1783 5487 1922 5555 quod

339 5555 443 5592 non
465 5547 534 5613 sit
563 5547 737 5613 minor
757 5560 818 5595 ea
841 5560 960 5613 qua:
983 5547 1086 5613 fuit
1118 5548 1411 5602 benedictio
1436 5552 1492 5604 in
1522 5547 1644 5606 Sent
1662 5564 1710 5606 et
1730 5547 1920 5608 in'Ja-

336 5608 797 5691 pheth3quoniam
833 5608 925 5681 per
954 5608 1239 5691 Spiritum,
1267 5618 1533 5691 e_tc._VSed
1568 5625 1753 5691 cazteri
1788 5640 1920 5679 mss.

334 5690 392 5764 et
421 5680 559 5764 editi
599 5691 658 5734 ut
699 5681 751 5734 in
806 5680 1124 5764 testu,’nisi
1166 5688 1311 5756 quod
1338 5689 1473 5743 editi
1515 5689 1775 5761 habeant,
1803 5713 1923 5764 qua:

336 5748 502 5820 datur
535 5765 633 5820 pro
658 5767 818 5820 quam
838 5753 953 5810 dat.

412 5818 892 5898 (45)’Ms.‘liegius
917 5840 1067 5885 num.
1105 5825 1270 5900 1659,
1315 5829 1674 5890 benedictione
1723 5833 1919 5911 Moysi,

1572 4604 1659 4656 14.
1756 4604 1803 4635 ⁸⁸
1832 4607 2036 4676 Ephes.
2062 4623 2123 4666 ιι,
2158 4604 2247 4659 ην

1567 4670 1612 4701 ”
1635 4669 1774 4728 Gen.
1800 4692 1875 4733 1x.
1909 4679 1999 4733 ‘26.
2024 4676 2115 4732 27.
2221 4677 2247 4707 ⁸⁴

346 4729 391 4756 δ’
418 4726 557 4785 Gen.
590 4746 735 4792 xux.
763 4731 816 4794 5,
845 4711 976 4798 seq:
1039 4734 1084 4768 ⁸³
1116 4736 1273 4792 Deut.
1296 4753 1486 4805 χχχιιι,
1519 4739 1572 4799 6,
1801 4711 1938 4802 ii];

344 4796 521 4843 Calai-
565 4815 602 4843 ι-
640 4800 704 4843 3-
749 4801 923 4843 Ιηῖηιιρα
951 4821 964 4843 ι
1020 4804 1088 4843 9-
1122 4806 1295 4843 Dnittn
1349 4824 1363 4843 .
1411 4808 1444 4843 ς)
1546 4810 1588 4841 or
1626 4812 1814 4843 n.1,..-
1865 4834 1877 4843 .
1937 4822 1938 4833 ι

2039 4711 2115 4732 bl.
2291 4711 2427 4732 vum
2464 4711 2576 4744 λιν,
2609 4711 2693 4743 sa,
2728 4711 2815 4733 ιυ-
2926 4711 2959 4712 η
2995 4711 3131 4734 uc".
3176 4711 3345 4741 ang".
3394 4711 3480 4741 anu,
3518 4711 3607 4729 ιν.

2039 4791 2046 4805 .
2077 4762 2170 4809 VII,
2203 4747 2296 4803 40.
2372 4748 2416 4780 π
2439 4747 2572 4803 Luc.
2599 4765 2654 4809 χ,
2679 4750 2731 4805 6.
2811 4751 2855 4782 ⁶⁶
2880 4748 2902 4803 l
2928 4751 3056 4805 Cor.
3090 4767 3129 4818 1,
3157 4751 3225 4811 5;
3252 4744 3295 4798 ll
3313 4747 3441 4799 Cor.
3471 4761 3509 4810 ι,
3535 4746 3607 4809 2;

2071 4819 2115 4843 an
2140 4819 2152 4843 I
2185 4818 2353 4843 T1”.--
2402 4834 2414 4843 .
2459 4818 2493 4843 ο
2618 4818 2663 4843 ιιι
2688 4821 2724 4843 Il
2753 4819 2925 4843 m1-_--
2970 4837 2982 4843 -
3037 4820 3070 4843 cn
3189 4819 3234 4843 'm
3265 4815 3281 4843 1
3311 4815 3427 4843 φιτ...
3476 4831 3487 4843 .
3534 4815 3601 4843 ω.

370 4798 522 4882 iam.
565 4815 604 4865 ι,
640 4800 710 4882 5A;
744 4801 988 4882 criticis,
1020 4804 1316 4882 2;_Pl1ilip.
1348 4824 1385 4882 ι.
1411 4798 1483 4862 a.’
1546 4798 1588 4841 στ
1609 4798 1836 4882 ᾼΟόιοεε.
1865 4798 1938 4882 {,1

2039 4798 2046 4805 '
2140 4798 2376 4872 ι’τιίές...
2402 4798 2514 4879 .ie:

1770 4886 1816 4918 "
1848 4888 1865 4941 Ι
1892 4888 2021 4944 Cor.
2064 4906 2105 4954 1,
2140 4887 2195 4941 4.

2340 4607 2389 4638 ⁸⁸
2428 4606 2587 4661 Rom.
2620 4624 2658 4674 1,
2689 4608 2743 4664 5.

2221 4677 2264 4708 ⁸ο
2290 4674 2427 4732 Gen.
2463 4694 2576 4744 XIV,
2606 4679 2693 4743 19,
2723 4679 2815 4733 ‘20.

2840 4610 2889 4641 ⁸⁸
2924 4608 3071 4664 Psal.
3121 4622 3248 4661 xvm
3274 4646 3290 4671 ,
3323 4604 3396 4673 5;
3440 4604 3605 4663 Rom.

2919 4680 2963 4712 “
2995 4679 3131 4734 Gen.
3176 4692 3345 4741 xxvn.
3390 4675 3480 4741 Q8,
3515 4676 3607 4729 29.

3189 4819 3234 4849 ⁷ο
3264 4815 3284 4868 l
3311 4815 3453 4870 Tim.
3476 4831 3512 4879 t,
3534 4815 3604 4880 2;

2618 4818 2663 4851 ⁸³
2684 4821 2725 4873 ll
2753 4819 2948 4875 Thess.
2970 4837 3008 4883 1,
3037 4820 3092 4874 2.
3189 4819 3234 4849 ⁷ο
3264 4818 3284 4868 l
3311 4818 3453 4870 Tim.
3476 4831 3512 4879 t,
3534 4818 3604 4880 2;

2618 4904 2656 4945 ι.
2693 4891 2746 4944 ’5.
2842 4891 2887 4922 ⁷⁵
2921 4890 3098 4945 Galat.
3133 4907 3171 4945 1.
3211 4888 3265 4943 6.
3359 4885 3406 4916 ⁷⁸
3438 4884 3605 4945 Hebr.

2291 4889 2338 4920 ⁷⁸
2365 4888 2574 4943 Coloss.
2616 4904 2656 4957 1,
2693 4891 2746 4944 '5.
2842 4891 2887 4922 ⁷⁵
2921 4890 3098 4953 Galat.
3133 4907 3171 4958 1,
3211 4888 3265 4943 6.

2034 5067 2236 5122 Deinde
2273 5068 2427 5139 editi,
2458 5069 2551 5139 qui
2594 5069 2857 5124 benedixit
2888 5070 3086 5134 tribus,
3120 5078 3224 5125 etc.
3263 5066 3374 5126 Sed
3420 5070 3607 5126 cmleri

2029 5154 2162 5192 mss.
2189 5150 2242 5192 et
2269 5138 2528 5194 Rabanus
2553 5148 2613 5194 ut
2640 5142 2691 5193 in
2727 5149 2896 5195 textu.

2125 5205 2216 5279 44)
2248 5208 2387 5263 Editi
2422 5219 2477 5262 et
2502 5225 2604 5264 ms.
2632 5226 2793 5271 unus,
2819 5211 2961 5277 dico,
3004 5209 3170 5265 male.

2125 5210 2216 5279 44)
2248 5210 2387 5263 Editi
2422 5219 2477 5262 et
2502 5225 2604 5264 ms.
2632 5226 2793 5271 unus,
2819 5211 2961 5277 dico,
3004 5210 3170 5265 male.

2101 5210 2192 5350 ἒ45
2246 5279 2345 5333 Ms.
2368 5279 2566 5348 Regius
2596 5296 2744 5333 num.
2767 5279 2927 5343 1659,
2948 5284 2993 5335 si
3022 5297 3126 5334 non
3147 5279 3393 5350 indigni.‘

2101 5289 2214 5418 (46)
2241 5349 2342 5403 Ms.
2373 5349 2572 5418 Regius
2601 5365 2753 5407 num.
2781 5349 2939 5416 1659,
2962 5354 3196 5418 quando.
3223 5350 3390 5406 Deind

2100 5349 2212 5419 (46)
2241 5349 2342 5403 Ms.
2373 5349 2572 5430 ltegius
2601 5365 2753 5407 num.
2781 5349 2939 5416 1659,
2962 5354 3196 5421 quando.
3223 5349 3426 5407 Deinde
3446 5350 3604 5418 editi.

2100 5435 2230 5475 nner
2259 5431 2460 5475 arattas
2490 5435 2665 5475 aaere.
2691 5431 2799 5475 etc.

2026 5435 2230 5485 semper
2258 5431 2460 5500 gratias
2490 5435 2665 5488 agere,
2691 5431 2799 5475 etc.

2097 5487 2395 5631 (473Ed1't1,
2423 5505 2598 5560 agere,
2628 5491 2719 5543 sed
2741 5506 2845 5544 non
2874 5491 3103 5546 addidit.

2097 5559 2188 5631 (48
2240 5560 2407 5631 Etim,
2435 5571 2527 5613 aut
2550 5562 2742 5631 probra
2767 5577 2871 5613 non
2893 5577 3103 5631 exagget

2097 5559 2212 5631 (48)
2240 5560 2407 5631 Editi,
2435 5559 2527 5613 aut
2550 5562 2742 5631 probra
2767 5577 2871 5613 non
2893 5571 3189 5631 exaggeret.

2095 5629 2209 5699 (49)
2241 5629 2410 5695 Editi,
2440 5646 2546 5683 non
2571 5630 2778 5683 addidit
2816 5629 3110 5699 gratiarum
3139 5633 3420 5687 actionem.

2024 5700 2339 5825 “(glomere
2366 5714 2500 5761 mss.
2534 5709 2587 5757 et
2621 5699 2900 5761 Rabanus.
2934 5704 3003 5762 At
3025 5702 3180 5769 editi,
3210 5702 3280 5766 ad
3302 5704 3609 5780 gratiarum

2113 5787 2199 5824 ton
2291 5806 2308 5824 ο
