4182 6422
478 412 583 469 855

1937 410 2260 469 ORIGENIS

3642 412 3750 467 836

476 543 677 588 cetera
712 531 861 593 colit.
894 533 996 589 hoe
1026 532 1101 586 illi
1142 533 1281 586 Dens
1327 543 1428 588 est.
1468 533 1577 589 Sed
1607 534 1890 591 videamus
1925 536 2053 604 quid
2083 541 2130 595 Α
2162 535 2276 602 ipse
2311 534 2570 590 Dominus
2611 535 2827 590 dicebat
2862 535 2930 589 ad
2969 534 3374 589 Samaritanam
3412 533 3691 589 mulierem
3725 553 3742 589 :

476 635 560 679 est
609 642 707 695 pro
740 642 847 694 quo
876 626 1170 695 Apostolus
1201 616 1429 695 gratias
1456 630 1565 697 agit
1610 629 1720 685 Deo
1749 646 1868 685 suo.
1911 628 2057 695 Quo-

479 717 651 779 niam,
700 718 901 785 inquit,
939 717 1071 785 ﬁdes
1107 712 1282 772 uestra
1325 722 1683 773 annuntiatur
1721 721 1778 773 in
1815 722 2054 774 uniuerso

476 809 696 865 mundo.
739 807 808 862 In
835 809 1077 863 universo
1128 809 1324 863 mundo
1369 810 1413 863 si
1447 809 1774 880 simpliciter
1820 810 2057 877 accipia-

479 916 619 968 mus,
665 902 769 956 hoc
799 902 1012 957 videtur
1061 903 1349 971 designare
1394 903 1536 974 (5i),
1586 905 1728 971 quod
1779 904 1834 958 in
1872 903 2057 957 multis

476 988 612 1045 locis
661 990 870 1055 mundi,
917 990 1022 1045 hoc
1054 999 1140 1045 est
1184 999 1342 1045 terra:
1379 992 1567 1059 huius,
1597 1008 1786 1045 eorum
1820 993 1911 1061 qui
1945 992 2055 1045 Ro-

464 1095 578 1141 mae
603 1090 731 1134 sunt
763 1080 898 1136 lldes
925 1090 981 1136 et.
1009 1071 1200 1152 religio
1231 1082 1576 1151 praedicetur.
1606 1083 1666 1137 Si
1701 1098 1855 1147 vero,
1894 1092 1952 1135 ut
2005 1086 2056 1136 in

476 1173 781 1233 nonnullis.
815 1174 978 1227 etiam
1032 1174 1085 1226 in
1138 1174 1240 1227 hoc
1293 1174 1415 1239 loco
1463 1177 1696 1229 mundus
1744 1176 2060 1245 designatur

477 1264 573 1331 qui
605 1279 669 1318 ex
703 1264 844 1318 calo
887 1273 1104 1317 constat
1149 1273 1205 1317 et
1249 1273 1415 1323 terra.
1450 1275 1613 1331 atque
1638 1267 1890 1321 omnibus
1935 1283 2060 1336 quae

479 1355 537 1409 in
568 1355 650 1409 eis
684 1366 833 1418 sunt,
866 1364 1047 1422 potest
1073 1355 1240 1408 etiam
1272 1354 1400 1408 illud
1442 1356 1666 1427 intelligi
1714 1358 1856 1425 quod
1889 1360 2059 1413 virtu-

476 1457 578 1511 tes,
614 1447 683 1502 de
706 1448 905 1515 quibus
929 1447 1133 1502 dicitur
1161 1448 1289 1517 quia
1336 1449 1595 1517 gaudium
1639 1449 1863 1503 habeant
1904 1468 2061 1521 super

473 1556 579 1594 uno
613 1553 884 1609 peccatore
915 1542 1276 1611 paenitentiam
1317 1551 1506 1611 agente
1544 1542 1618 1607 ",
1662 1542 1837 1598 multo
1889 1544 2060 1614 magis

474 1635 544 1689 de
569 1632 930 1690 conversione
957 1648 1178 1704 quoque
1221 1642 1276 1688 et
1313 1635 1422 1688 ﬁde
1470 1632 1840 1690 Romanorum
1875 1635 2061 1691 helen-

475 1736 586 1791 tur,
630 1727 1017 1782 nuntiantibus
1064 1726 1167 1779 sibi
1220 1726 1432 1797 angelis
1478 1727 1591 1782 illis
1631 1728 1723 1798 qui
1757 1728 2062 1783 ascendunt

472 1828 529 1874 et
560 1820 899 1875 descendunt
937 1820 1003 1875 ad
1039 1819 1236 1875 Filium
1273 1820 1513 1874 hominis
1534 1821 1625 1875 π’.
1662 1821 1726 1875 Ει
1774 1821 1876 1891 ipsi
1911 1823 2057 1876 enim

2172 623 2320 679 Venit
2367 631 2499 679 liora
2542 624 2679 697 (54),
2741 635 2789 679 et
2840 642 2979 679 nunc
3018 636 3117 691 est,
3168 626 3379 694 quando
3412 625 3517 678 aeri
3560 628 3749 677 adora--

2160 729 2298 772 tores
2343 720 2645 773 adorabunt
2706 718 2923 772 Patrem
2971 719 3026 772 in
3075 719 3267 788 spiritu
3315 727 3362 769 et
3411 719 3630 769 ueritate
3673 717 3742 769 ⁸9.

2160 812 2266 867 Sed
2318 810 2517 866 Paulus
2574 826 2681 865 non
2729 810 2903 865 solum
2957 813 3147 864 adorat
3192 809 3248 863 in
3303 807 3517 872 spiritu.
3554 823 3742 862 verum

2158 914 2213 957 et
2273 903 2512 958 deservit
2579 902 2634 956 in
2689 902 2916 972 spiritu.
2978 899 3113 954 Nam
3172 900 3399 954 adorare
3465 898 3590 968 quis
3647 915 3743 967 po-

2162 1004 2267 1049 test
2299 1002 2354 1049 et
2390 994 2508 1049 sine
2532 992 2767 1059 alTectu;
2801 992 3076 1046 deservire
3127 1006 3256 1044 vero
3295 989 3414 1059 ejus
3457 998 3541 1042 est
3577 1003 3740 1057 quem

2158 1086 2487 1150 constringit
2525 1083 2769 1139 allectus.
2822 1083 3071 1137 Deservit
3113 1096 3243 1149 ergo
3285 1078 3574 1145 Apostolus
3610 1078 3741 1142 Deo,

2161 1195 2267 1233 non
2301 1179 2352 1231 in
2383 1192 2638 1246 corpore,
2672 1191 2848 1244 neque
2876 1177 2927 1228 in
2955 1174 3162 1236 anima,
3193 1173 3287 1226 sed
3314 1172 3367 1224 in
3407 1170 3632 1224 meliore
3657 1171 3741 1223 sui

2160 1281 2337 1340 parte.
2363 1272 2414 1324 id
2432 1281 2516 1324 est
2538 1271 2589 1322 in
2618 1268 2837 1338 spiritu.
2865 1267 2989 1321 llaec
3008 1267 3152 1320 enim
3177 1264 3278 1317 tria
3300 1277 3423 1317 esse
3448 1266 3501 1315 in
3521 1261 3742 1316 homine

2159 1365 2409 1430 designat
2439 1363 2507 1416 ad
2531 1360 3055 1416 Thessalonicenses
3080 1355 3352 1419 scribens,
3372 1371 3493 1409 cum
3515 1354 3740 1409 dicit”:

2159 1452 2231 1507 Ut
2264 1455 2532 1522 integrum
2575 1466 2768 1520 corpus
2806 1458 3061 1511 uestrum,
3090 1456 3138 1500 et
3172 1447 3353 1499 anima
3383 1487 3397 1509 ,
3429 1455 3479 1500 et
3519 1445 3746 1513 spiritus

2158 1546 2217 1600 in
2255 1544 2343 1597 die
2387 1542 2604 1597 Domini
2633 1541 2802 1595 nostri
2839 1539 2971 1592 Iesu
3001 1537 3202 1592 Christi
3231 1549 3488 1591 servetur.
3526 1537 3591 1589 Et
3640 1537 3743 1589 Da-

2161 1635 2267 1689 niel
2311 1635 2484 1690 dicit:
2522 1633 2763 1687 Laudate
2788 1672 2805 1695 ,
2844 1630 3065 1697 spiritus
3114 1638 3162 1682 et
3211 1630 3403 1683 animus
3444 1629 3740 1695 justorum,

2162 1730 2447 1781 Dominum
2471 1727 2539 1780 ".
2580 1725 2873 1795 Apostolus
2898 1738 3030 1793 ergo
3060 1722 3264 1789 ubique
3306 1720 3557 1790 spiritum
3602 1736 3745 1790 pra:-

2162 1817 2289 1882 lert,
2314 1828 2372 1872 et
2405 1816 2655 1885 repudiat
2687 1829 2909 1869 carnem
2963 1813 3049 1866 vel
3082 1828 3203 1882 quae
3231 1812 3414 1865 carnis
3450 1820 3596 1867 sunt.
3632 1810 3739 1865 De-

473 1911 746 1965 mirantur
793 1914 859 1966 de
901 1913 1264 1967 conversione
1288 1913 1555 1982 gentium,
1586 1921 1640 1967 et
1672 1886 1816 1982 quod
1851 1915 1904 1967 in
1936 1930 2056 1969 om-
2088 1886 2132 1941 Β
2161 1910 2331 1978 nique
2361 1918 2417 1963 et
2450 1907 2587 1978 legis
2618 1909 2787 1975 ipsius
2811 1906 3063 1974 spiritum
3091 1902 3309 1963 laudat;
3339 1902 3575 1956 litteram
3608 1917 3742 1955 vero

473 2017 597 2059 nem
623 2015 826 2059 terram
858 2007 1028 2060 exivit
1066 2020 1237 2061 sonus
1265 2007 1637 2074 apostolorum
1665 2006 1868 2063 Christi
1904 2004 2052 2062 les".

454 2093 718 2163 .Deniqne
739 2104 794 2146 et
821 2109 1024 2165 agones
1052 2095 1291 2161 ipsorum
1325 2105 1637 2163 spectantes
1672 2095 1726 2149 in
1764 2096 1867 2148 hoc
1895 2112 2054 2148 mun-

471 2188 542 2240 da
577 2186 852 2252 laetantur,
882 2186 1023 2239 sicut
1080 2186 1377 2252 Apostolus
1416 2186 1617 2240 dicit“
1645 2203 1658 2239 :
1688 2186 1827 2253 Quia
1854 2199 2056 2255 specta-

473 2277 654 2331 culum
691 2276 822 2346 facti
853 2292 1036 2330 sumus
1081 2276 1203 2330 huic
1230 2277 1451 2340 mundo,
1479 2286 1526 2329 et
1563 2278 1787 2347 angelis,
1816 2289 1863 2332 et
1889 2280 2029 2331 hami

471 2368 652 2421 nibus.
698 2364 887 2420 Potest
920 2376 1101 2419 tamen
1134 2375 1191 2420 et
1220 2366 1296 2419 ita
1327 2365 1579 2434 intelligi.
1609 2368 1754 2436 quod
1789 2368 1921 2422 fides
1952 2369 2052 2420 ista

471 2472 636 2525 quam
678 2455 910 2511 Romani
951 2457 1199 2520 habent,
1240 2458 1359 2526 ipsa
1403 2460 1703 2526 eademque
1739 2460 1828 2524 sit,
1858 2470 1913 2514 et
1949 2477 2053 2514 non

471 2549 599 2610 alia.
632 2564 796 2619 quam
826 2564 949 2617 qum
990 2549 1041 2601 in
1092 2548 1350 2603 universo
1388 2550 1591 2604 mundo
1617 2552 1973 2604 antmntiatur
2001 2562 2054 2605 et

471 2642 740 2705 creditur,
779 2657 899 2712 qua:
923 2657 1028 2695 non
1056 2643 1233 2696 solum
1258 2642 1312 2695 in
1346 2652 1512 2702 terra.
1543 2643 1637 2696 sed
1664 2644 1827 2697 etiam
1859 2645 1912 2696 in
1943 2658 2054 2699 cte-

470 2737 540 2790 lis
568 2736 900 2806 praedicatur
932 2753 945 2789 :
977 2736 1103 2804 quia
1137 2734 1299 2790 .lesus
1341 2734 1656 2805 paciﬁcavit
1699 2750 1796 2804 per
1834 2736 2055 2805 sangui-

472 2846 597 2885 nem
624 2846 779 2884 suum
816 2844 920 2882 non
946 2829 1121 2883 solum
1141 2844 1262 2897 qua:
1290 2828 1342 2882 in
1371 2829 1537 2883 terris
1569 2838 1717 2890 sunt,
1745 2828 1840 2883 sed
1863 2839 1913 2882 et
1931 2843 2054 2897 qua:

472 2926 525 2978 in
582 2924 738 2978 caelis
763 2923 842 2987 δίς
894 2933 950 2977 et
988 2923 1041 2975 in
1091 2923 1310 2978 nomine
1343 2924 1463 2991 ejus
1509 2937 1650 2991 genu
1697 2921 1919 2977 ﬂectunt
1947 2937 2050 2975 non

471 3017 647 3069 solum
700 3015 1013 3077 terrestria,
1057 3015 1152 3068 sed
1189 3026 1246 3068 et
1288 3013 1531 3069 cmlestia
1561 3022 1612 3068 et
1649 3014 1860 3069 inferna
1888 3014 1955 3067 ⁸³.
1987 3013 2053 3066 Et

471 3106 578 3160 hoc
605 3117 692 3161 est
732 3106 788 3157 in
846 3105 1103 3159 universo
1147 3104 1350 3158 mundo
1391 3104 1549 3160 Iidem
1593 3104 1879 3173 praulicari
1904 3143 1921 3169 ,
1956 3121 2052 3173 per

471 3211 635 3264 quam
667 3195 847 3250 omnis
884 3194 1116 3248 mundus
1147 3194 1219 3249 sit
1246 3194 1362 3265 (52)
1391 3195 1644 3249 subditus
1690 3196 1798 3250 Deo
1832 3196 1902 3248 ⁸³.
1935 3195 2049 3250 Oh-
2079 3228 2120 3285 ε

470 3291 797 3347 servandum
825 3305 959 3343 sane
988 3297 1075 3343 est
1096 3290 1221 3359 quia
1243 3289 1309 3343 ad
1346 3290 1447 3344 hoc
1474 3291 1617 3358 quod
1642 3290 1803 3357 dixit,
1826 3293 2051 3360 primum

468 3384 705 3454 quidem,
734 3398 842 3438 non
882 3382 1141 3447 reddidit,
1173 3381 1325 3437 verbi
1359 3385 1557 3450 gratia.
1583 3394 1642 3437 ut
1670 3385 1877 3439 diceret
1906 3404 1919 3439 :
1955 3384 2055 3440 Se-

470 3476 653 3531 cundo
686 3486 866 3529 autem
889 3492 904 3541 ;
931 3474 1030 3528 sed
1064 3483 1123 3526 ut
1168 3476 1523 3543 praediximus
1562 3475 1631 3530 de
1659 3476 2071 3533 elocutionihns‘

472 3572 659 3625 minus
701 3570 910 3631 ﬁnitis;
952 3567 1056 3620 nisi
1090 3566 1233 3621 forte
1263 3568 1513 3621 videatur
1546 3567 1600 3620 in
1646 3582 1712 3621 eo
1745 3570 1894 3623 reddi
1931 3585 2052 3624 cum

471 3664 608 3718 dicit
632 3680 647 3717 :
687 3659 827 3714 Nolo
862 3671 1037 3713 autem
1062 3675 1147 3713 vos
1174 3660 1442 3726 ignorare,
1460 3658 1674 3727 .fratres
1698 3658 1769 3712 “.

544 3755 635 3809 10.
660 3751 830 3807 Testis
862 3752 1001 3804 enim
1026 3751 1157 3804 mihi
1191 3761 1266 3804 est
1308 3749 1472 3812 Deus,
1520 3750 1608 3803 cui
1649 3749 1820 3803 seruio
1860 3752 1916 3803 in
1946 3751 2055 3821 spi-

472 3846 583 3901 ritu
612 3860 751 3908 meo,
793 3844 849 3896 in
892 3840 1180 3911 Evangelia
1211 3839 1344 3895 Filii
1369 3841 1485 3911 ejus
1512 3841 1580 3895 ⁸³.
1613 3840 1758 3896 Deus
1783 3843 1939 3898 testis
1971 3851 2056 3899 est

471 3940 678 3996 sanctis
693 3938 831 4000 suis,
857 3937 982 4004 quia
1009 3945 1064 3989 et
1095 3934 1194 4004 ipsi
1239 3944 1402 3990 testes
1445 3945 1573 3990 sunt
1597 3935 1717 4003 Dei,
1754 3937 2052 3993 secundum

472 4030 616 4097 quod
643 4029 771 4083 dicit
813 4024 1245 4098 propheta(5'5):
1290 4026 1457 4080 Erilis
1486 4029 1614 4082 mihi
1656 4038 1833 4096 testes,
1873 4037 1928 4084 et
1956 4046 2054 4100 ego

474 4123 647 4184 testis,
671 4121 799 4174 dicit
840 4119 1091 4173 Dominus
1111 4118 1180 4172 ⁸⁸.
1208 4117 1315 4173 Sed
1348 4129 1404 4173 et
1433 4119 1688 4174 Salvator
1719 4122 1786 4176 ad
1811 4122 2056 4191 discipu-

472 4216 558 4268 los
592 4213 723 4268 dicit
750 4213 795 4245 ⁸⁷
828 4230 841 4265 :
875 4212 1041 4264 liritis
1081 4212 1208 4263 mihi
1259 4220 1414 4264 testes
1447 4212 1505 4265 in
1556 4210 1878 4278 Jerusalem,
1923 4215 2054 4267 etin

470 4302 744 4365 Samaria,
771 4312 817 4355 et
844 4302 900 4354 in
923 4301 1167 4354 omnibus
1185 4301 1380 4367 ﬁnibus
1396 4309 1573 4364 term,
1597 4301 1899 4356 secmtdum
1925 4301 2054 4356 illud

472 4394 616 4465 quod
644 4394 905 4462 scriptum
930 4402 1017 4446 est
1031 4391 1079 4424 ⁸⁸
1117 4407 1132 4445 :
1159 4391 1264 4457 Qui
1295 4392 1565 4462 confessus
1587 4393 1746 4462 fuerit
1782 4395 1837 4447 in
1874 4409 1977 4457 me,
2005 4403 2055 4447 et

472 4502 569 4558 ego
614 4486 905 4555 confitebor
950 4486 1007 4539 in
1043 4501 1104 4538 eo
1149 4500 1329 4539 coram
1375 4483 1539 4539 Patre
1583 4502 1717 4541 meo.
1761 4484 2054 4541 Videamus

2158 2010 2415 2071 tauquam
2438 2013 2661 2055 carnem
2688 1998 2920 2068 spernit,
2954 2011 3075 2050 cum
3110 1995 3242 2048 dicit
3263 1996 3344 2048 "z
3376 1992 3576 2048 Littera
3605 1995 3745 2046 acri-

2155 2095 2269 2156 dit,
2314 2095 2535 2162 spiritus
2583 2108 2706 2146 vero
2762 2093 3017 2161 viuiﬁcat.
3071 2090 3179 2146 Sed
3227 2101 3283 2144 et
3330 2107 3451 2143 cum
3492 2089 3736 2144 dicit”:

2154 2185 2322 2258 469
2351 2185 2560 2240 Etenim
2596 2187 2649 2240 in
2674 2202 2780 2256 quo
2815 2186 3189 2271 inﬁrmabatur
3246 2186 3333 2239 lex
3370 2200 3460 2251 per
3503 2199 3741 2245 carnem,

2154 2281 2298 2335 Deus
2348 2277 2558 2333 Filium
2613 2296 2768 2333 suum
2812 2281 3028 2333 mittens
3074 2280 3130 2332 in
3170 2278 3517 2332 similitudine
3564 2277 3743 2330 carnis

2155 2375 2376 2443 peccati,
2407 2387 2629 2427 carnem
2681 2374 2836 2442 legis,
2877 2374 2997 2426 sine
3028 2349 3193 2425 dubii)
3231 2374 3464 2426 litteram
3496 2372 3633 2441 legis
3661 2372 3741 2424 di-
3832 2406 3852 2422 .

2154 2466 2250 2520 cit.
2275 2463 2379 2519 Per
2428 2464 2664 2517 litteram
2706 2479 2941 2531 namque
2981 2463 3363 2518 intirmabatur
3392 2464 3499 2527 lex,
3541 2472 3600 2515 ut
3633 2477 3739 2517 non

2156 2564 2343 2625 posset
2375 2555 2611 2624 impleri.
2644 2553 2782 2620 Quis
2803 2555 2947 2607 enim
2993 2554 3242 2623 impleret
3280 2555 3365 2609 vel
3388 2555 3455 2609 de
3499 2554 3743 2608 Sahbato

2154 2647 2295 2716 quod
2318 2648 2581 2715 scriptum
2607 2658 2691 2701 est
2714 2648 2762 2678 ”
2793 2664 2808 2702 :
2847 2647 2971 2702 Non
2994 2656 3044 2701 te
3068 2648 3294 2700 movebis
3321 2652 3386 2700 de
3424 2645 3538 2698 loco
3570 2647 3745 2699 tuoin

2154 2740 2240 2792 die
2265 2737 2623 2793 Sabbatorum
2659 2732 2953 2808 (quomodo'
2986 2738 3130 2791 enim
3166 2738 3287 2792 ﬁeri
3330 2745 3566 2804 poterat,
3591 2746 3654 2790 ut
3682 2751 3747 2791 se

2154 2830 2352 2900 aliquis
2381 2832 2600 2900 penitus
2631 2846 2739 2885 non
2772 2840 3014 2885 moveret
3044 2831 3110 2884 de
3143 2831 3263 2883 loco
3291 2830 3462 2884 snoin
3485 2828 3574 2883 die
3603 2827 3741 2883 Sab-

2154 2923 2403 2977 batorum
2426 2920 2495 2991 ?),
2516 2922 2600 2976 vel
2633 2923 2700 2977 dc
2733 2922 2944 2992 legibus
2982 2922 3147 2990 lepra:
3178 2923 3232 2974 in
3278 2920 3536 2983 stamine,
3575 2919 3657 2974 vel
3688 2921 3744 2972 in

2156 3014 2391 3084 pariete,
2428 3014 2511 3067 vel
2555 3015 2607 3067 in
2633 3014 2887 3084 pellicula
2915 3024 3119 3068 exortze
3142 3014 3213 3077 ",
3240 3023 3295 3068 et
3325 3012 3472 3067 mille
3499 3012 3601 3089 alia
3626 3011 3744 3081 (55)

2154 3107 2208 3161 in
2258 3106 2457 3176 quibus
2509 3108 2810 3160 secundum
2850 3106 3087 3159 litteram
3133 3116 3386 3175 tanquam
3439 3104 3738 3159 secundum

2155 3212 2376 3252 carnem
2401 3197 2678 3251 intirmata
2715 3209 2798 3251 est
2831 3196 2966 3251 lex?
3000 3196 3296 3265 Propterea
3332 3210 3465 3264 ergo
3506 3196 3742 3264 Aposto-

2160 3290 2243 3343 lus
2268 3289 2401 3343 dicit
2421 3288 2491 3355 ”,
2522 3290 2648 3356 quia
2684 3289 2769 3342 lea:
2800 3288 3092 3356 spiritualis
3121 3300 3217 3342 est.
3251 3288 3354 3354 Qui
3380 3287 3544 3357 igitur
3567 3287 3742 3357 legem

2157 3381 2414 3450 intelligit
2459 3396 2583 3436 esse
2634 3381 2997 3450 spiritualem,
3039 3381 3125 3435 hic
3171 3381 3365 3449 spiritu
3396 3380 3565 3434 servit
3608 3380 3741 3433 Deo.

2161 3471 2313 3527 Unde
2341 3482 2398 3526 et
2428 3473 2563 3526 alias
2594 3473 2729 3526 dicit
2751 3472 2795 3504 ’⁷
2827 3492 2840 3526 :
2868 3472 2933 3527 Si
2952 3474 3091 3525 enim
3113 3473 3400 3525 secundum
3425 3486 3634 3524 carnem
3657 3471 3742 3523 vi-

2154 3570 2364 3634 xeritis,
2398 3568 2719 3635 moriemini,
2747 3570 2850 3623 hoc
2872 3577 2976 3633 est,
3019 3569 3315 3623 secundum
3344 3568 3581 3621 litteram
3620 3580 3746 3638 qua:

2155 3661 2356 3716 occidit
2390 3662 2663 3728 ;siautem
2684 3661 2875 3729 spiritu
2894 3672 3042 3714 actus
3068 3662 3244 3713 carnis
3276 3658 3738 3728 morti/innueritis,

2154 3754 2357 3808 vinetis.
2400 3752 2808 3823 Requirendum
2840 3766 2972 3807 sane
3013 3761 3097 3806 est
3136 3753 3183 3806 si
3212 3761 3266 3806 et
3294 3762 3477 3820 patres
3508 3750 3746 3819 antiqui,

2154 3847 2506 3915 patriarchae,
2540 3847 2623 3900 vel
2665 3848 2970 3916 prophetat,
3003 3847 3094 3915 qui
3145 3845 3309 3899 etiam
3367 3844 3467 3914 ipsi
3524 3843 3744 3897 fuerunt

2155 3937 2406 4008 pet-lecti,
2437 3940 2489 3991 in
2526 3937 2719 4005 spiritu
2750 3937 2863 3991 Deo
2889 3941 3125 3993 servisse
3153 3935 3268 4007 (56)
3296 3935 3556 3991 credendi
3588 3946 3742 3998 sunt,

2156 4029 2286 4099 quia
2312 4038 2368 4084 et
2396 4030 2662 4082 Abraham
2687 4028 3004 4083 desiderauit
3042 4038 3098 4080 ut
3121 4028 3314 4082 uideret
3346 4026 3484 4079 diem
3507 4025 3743 4089 Domini,

2155 4128 2205 4174 et
2228 4122 2377 4185 uidit,
2406 4131 2454 4174 et
2482 4120 2691 4175 laetatus
2716 4132 2794 4175 est
2816 4122 2864 4154 ⁹³¹
2892 4137 2908 4187 ;
2955 4129 3011 4175 et
3040 4119 3248 4189 Moyses
3280 4131 3329 4174 et
3372 4117 3526 4172 Elius
3578 4133 3745 4186 appa-

2156 4224 2372 4268 ruerunt
2398 4215 2450 4268 in
2483 4215 2653 4283 gloria
2684 4215 3036 4282 colloquentes
3076 4231 3196 4268 cum
3226 4211 3355 4268 Jesu
3382 4214 3435 4267 in
3467 4220 3652 4267 monte
3673 4211 3741 4263 '9.

2159 4307 2212 4360 In
2243 4321 2351 4375 quo
2379 4306 2686 4361 ostenditur
2713 4304 2913 4378 Legem
2938 4316 2993 4361 et
3020 4306 3323 4376 Prophetas
3344 4320 3467 4359 cum
3500 4305 3746 4373 Evange-

2157 4392 2246 4453 liis
2266 4412 2595 4463 consonare,
2634 4408 2689 4453 et
2745 4400 2799 4453 in
2853 4400 3041 4453 eadem
3072 4399 3246 4469 gloria
3284 4395 3549 4468 spiritalis
3579 4409 3740 4464 aspe-

2159 4499 2280 4543 ctus
2310 4501 2473 4559 atque
2508 4490 2880 4561 intelligentiae
2918 4491 3209 4560 refulgere.

474 4586 656 4632 autem
681 4576 812 4646 quid
844 4583 927 4630 est
951 4576 1096 4645 quod
1133 4577 1284 4641 dicit,
1311 4577 1397 4630 cui
1423 4579 1590 4631 servio
1610 4579 1667 4631 in
1693 4578 1883 4646 spiritu
1915 4593 2052 4633 meo.
2082 4577 2136 4637 Ι)
2233 4584 2324 4641 ll.
2364 4582 2642 4648 Quomodo
2672 4585 2788 4637 sine
2826 4584 3218 4637 intermissione
3263 4581 3572 4636 memoriam
3588 4581 3749 4636 vestri

474 4668 695 4724 Servire
728 4667 780 4722 in
808 4666 1003 4737 spiritu
1040 4668 1220 4722 simile
1266 4670 1393 4723 mihi
1436 4669 1653 4724 videtur
1689 4683 1832 4732 esse,
1865 4668 1976 4724 imo
1999 4677 2055 4723 et

472 4760 710 4831 amplius
753 4759 960 4829 aliquid
1008 4773 1171 4829 quam
1224 4761 1454 4816 adorare
1491 4762 1544 4814 in
1574 4760 1789 4831 spiritu,
1831 4760 1973 4816 sicut
1999 4771 2055 4815 et

544 4925 592 4957 "’
625 4923 761 4982 Luc.
788 4940 882 4986 ιν,
928 4923 1017 4978 10.
1093 4924 1163 4957 7"
1192 4922 1352 4979 Joan.
1386 4942 1424 4991 ι,
1455 4925 1546 4979 52.
1622 4925 1669 4957 ⁸⁸
1709 4924 1723 4978 l
1759 4924 1887 4980 Cor.
1920 4941 1993 4986 IV,
2025 4927 2078 4982 9.

544 4994 678 5027 ns\m
729 5012 744 5027 1
799 4996 861 5027 ιιι
958 4993 1004 5026 ⁸8
1033 4993 1140 5027 ἰιιῖΛ
1196 4999 1229 5027 u
1346 4995 1393 5027 86
1419 4996 1516 5027 Iun:
1568 5012 1620 5027 ιη
1638 5010 1696 5027 III
1772 4996 1837 5027 IQ
1948 4996 1993 5027 8⁸1
2022 5000 2078 5027 Α,

1804 4998 1859 5048 2.
1948 4998 2133 5051 1"’Act.
2166 5014 2206 5058 ι,
2241 4998 2296 5051 8.

1797 5066 1843 5097 "
1874 5065 2034 5120 Rom.
2061 5083 2173 5133 vui,
2224 5069 2278 5123 5.

1633 5136 1679 5169 ’⁸
1713 5134 1870 5192 Joan.
1899 5152 2016 5204 rm,
2042 5137 2130 5193 56.
2207 5136 2446 5191 "Matth.
2478 5152 2611 5200 χιιι,
2639 5136 2693 5194 5.

471 4996 520 5028 ⁸*
542 4994 703 5050 an.
729 5012 767 5057 I,
799 4996 882 5051 15.
958 4993 1004 5026 ⁸⁵
1033 4993 1163 5048 ibid.
1196 4999 1250 5050 9.
1346 4995 1393 5028 ⁸⁸
1417 4996 1540 5050 lsai.
1567 5010 1696 5049 sun
1724 5035 1740 5063 ,
1772 4996 1859 5049 ιιι.

469 5081 526 5132 v,
550 5065 643 5121 25.
720 5066 765 5098 ’ί
793 5066 931 5121 Dan.
965 5079 1046 5127 ut,
1072 5063 1163 5118 86.
1238 5067 1284 5100 "
1314 5066 1351 5120 ll
1372 5066 1498 5122 Cor.
1528 5081 1607 5132 nt,
1633 5069 1685 5119 ϐ.

470 5137 520 5170 ’⁸
550 5136 711 5191 Rom.
744 5152 841 5199 vn,
877 5134 965 5189 14.
1040 5134 1085 5166 ³⁷
1118 5133 1275 5191 Rom.
1306 5152 1424 5201 vm,
1455 5136 1544 5192 15.

559 5294 705 5371 (Si)
754 5294 856 5351 Ms.
911 5296 1116 5368 Regius
1170 5314 1321 5353 num.
1376 5300 1554 5364 1659,
1613 5303 1713 5354 hoc
1761 5306 1870 5355 uult
1917 5306 2060 5356 dest-

473 5387 663 5512 ﬁgi;
709 5442 881 5508 Alias,
913 5442 1001 5496 sit.
1050 5440 1117 5494 Et
1145 5437 1311 5503 infra,
1356 5441 1449 5494 sed
1485 5441 1855 5509 praediximus,
1886 5443 2057 5497 eruis-

475 5521 665 5647 ﬂ)(gg)
704 5581 803 5637 Ms.
829 5595 991 5645 unus,
1026 5580 1318 5651 secundum
1355 5583 1496 5651 quod
1518 5581 1658 5651 dicit
1695 5598 1789 5649 per
1834 5584 2057 5650 prophe-

481 5662 611 5722 tam.
637 5652 703 5707 Et
726 5653 887 5722 paulo
915 5660 1041 5721 post
1071 5649 1210 5722 alter
1239 5667 1339 5722 ms.
1369 5649 1426 5705 et
1463 5650 1617 5715 editi,
1644 5651 1750 5716 Qui
1784 5649 2054 5720 confessus

484 5720 642 5788 fuerit
684 5720 790 5783 me,
835 5731 884 5775 et
913 5720 1006 5791 ego
1048 5720 1339 5788 confitebor
1381 5739 1532 5787 eum,
1567 5733 1674 5778 etc.
1715 5722 1824 5779 Sed
1869 5726 2053 5779 caeteri

482 5806 615 5844 mss.
652 5803 709 5844 et
729 5792 987 5845 Rabanus
1014 5803 1073 5843 ut
1104 5792 1157 5844 in
1191 5802 1360 5845 textu.

556 5859 671 5927 εει)
709 5860 847 5916 Mss.
888 5862 1119 5930 aliquot,
1153 5860 1337 5917 Veniet
1365 5864 1518 5930 hora,
1570 5875 1680 5920 etc.
1731 5862 1881 5918 Alter
1926 5879 2061 5924 ms"

2164 4674 2302 4742 facio
2344 4691 2548 4743 semper
2595 4677 2651 4728 in
2690 4676 3022 4729 orationibus
3067 4676 3221 4739 meis,
3253 4676 3532 4728 obsecrans
3558 4676 3607 4726 si
3641 4688 3747 4742 quo

2162 4765 2318 4817 modo
2346 4766 2556 4818 tandem
2607 4765 2895 4836 aliquando
2939 4780 3247 4834 prosperum
3289 4765 3392 4817 iter
3443 4762 3660 4817 habeant
3690 4762 3751 4815 in

2157 4927 2199 4959 "
2238 4925 2421 4980 Colos.
2457 4942 2493 4981 ι.
2534 4924 2625 4979 ‘20.
2703 4924 2750 4956 δ’
2783 4924 2981 4989 Philip.
3003 4940 3062 4989 ιι,
3094 4923 3180 4980 10.
3288 4923 3333 4955 ⁸³
3358 4922 3513 4979 Rom.
3546 4937 3627 4982 ιιι,
3658 4921 3744 4974 l9.

2374 4996 2421 5029 "‘
2446 4996 2637 5050 Matth.
2663 5012 2718 5052 1.
2751 4995 2842 5050 52.
2916 4995 2963 5028 "
2986 4993 3145 5048 Joan.
3172 5009 3245 5057 tv,
3270 4992 3361 5048 23.
3438 4993 3483 5024 ⁹⁰
3508 4992 3525 5046 l
3552 4992 3743 5045 Thess.

2385 5066 2430 5098 ’⁸⁵
2452 5066 2622 5122 Exod.
2676 5081 2790 5133 κη,
2845 5065 2937 5121 29.
3037 5064 3085 5098 ⁸⁸
3118 5065 3292 5119 Levit.
3339 5080 3461 5129 xm,
3515 5064 3586 5119 L8
3626 5077 3741 5129 seq.

2172 5301 2391 5382 diulier,
2423 5302 2563 5357 uenit
2593 5302 2748 5368 liora,
2790 5310 2899 5358 etc.
2939 5301 3049 5357 Sed
3078 5301 3260 5355 caeteri
3289 5312 3421 5353 mss.
3454 5307 3508 5352 et
3529 5297 3659 5352 editi
3692 5309 3746 5351 ut

2170 5382 2501 5514 l"(liflgi‘quim
2533 5458 2669 5498 mss.
2703 5442 2971 5512 plerique.
3016 5441 3380 5514 Cmteri__vero
3424 5447 3479 5491 et
3515 5438 3747 5514 editi,”

2164 5508 2346 5635 magia"
2373 5515 2519 5579 alia,
2553 5521 2661 5567 etc.
2693 5508 2762 5568 Et
2792 5508 2957 5585 paulo
3007 5521 3167 5583 post:
3203 5508 3356 5564 Unde
3405 5520 3452 5562 et
3494 5515 3562 5562 aa
3613 5508 3747 5562 alios

2202 5594 2315 5635 10".

2202 5594 2350 5721 uigili)
2386 5654 2552 5722 Editi,
2578 5656 2632 5709 in
2660 5653 2851 5721 spiritu
2887 5653 2995 5707 Deo
3035 5652 3173 5707 servi
3216 5667 3328 5704 esse
3361 5649 3488 5721 (ms.
3513 5649 3746 5722 unus,in

2165 5719 2369 5795 Spiritu
2416 5719 2599 5807 sancto
2629 5719 2767 5779 servi
2784 5724 2915 5795 esse)
2954 5737 2999 5778 et
3029 5727 3240 5794 gavisus
3277 5719 3512 5786 est,lctc.
3550 5719 3751 5774 (lateri

2165 5812 2296 5852 mss.
2330 5806 2387 5853 ut
2416 5803 2469 5850 in
2503 5803 2677 5851 textu.
