4182 6380
426 392 532 449 857

1379 390 1733 451 COMMENT.
1774 394 1842 450 IN
1883 393 2105 449 EPIST.
2150 395 2240 447 AD
2275 395 2444 453 ROM.
2486 398 2615 454 LIB.
2656 398 2698 454 1.

3579 407 3684 464 858

424 514 693 569 uoluntate
751 512 847 567 Dei
884 513 1119 567 veniendi
1150 514 1220 567 ad
1272 531 1360 568 vos
1385 516 1427 568 ί.
1469 516 1622 583 Quod
1671 518 1791 573 sine
1835 518 2003 572 inter-
2033 520 2075 574 Α
2107 532 2280 585 neque
2313 518 2773 573 circnml‘erantur
2792 519 2938 573 omni
2954 528 3127 581 ,vento
3164 520 3426 577 doctrina:
3455 524 3499 578 ⁸.
3530 524 3684 590 Quod

427 607 685 660 missione
708 620 803 674 pro
836 606 918 661 his
942 607 1139 674 quibus
1157 606 1370 672 scribit,
1399 622 1562 663 orare
1591 624 1650 664 se
1669 609 1821 674 dicit,
1850 626 2003 663 man-

423 694 535 747 dati
575 695 659 747 sui
685 709 892 768 memor
924 697 1160 763 complet
1187 711 1352 765 opere
1375 698 1517 764 quod
1539 714 1791 755 sermone
1815 702 2003 769 praeci-

422 787 562 855 pit”.
605 786 742 853 Quia
784 796 964 842 autem
1016 788 1147 841 dicit
1176 789 1481 853 .obsecrare
1526 803 1585 842 se
1631 792 1675 844 si
1730 792 2000 858 quomodo

422 879 638 934 tandem
662 878 948 949 aliquando
978 896 1297 950 prosperum
1332 883 1435 937 iter
1459 884 1676 948 haheat,
1703 894 1761 936 ut
1813 885 1865 937 in
1906 899 2005 938 vo-

420 966 624 1022 luntate
647 969 741 1023 Dei
778 969 958 1023 veniat
988 968 1052 1021 ad
1085 969 1381 1034 Romanos,
1417 971 1868 1025 considerandum
1914 980 2001 1024 est

419 1063 563 1129 quod
619 1062 898 1130 apostolus
930 1062 1024 1118 Dei
1070 1064 1136 1117 ad
1169 1078 1304 1133 opus
1352 1073 1634 1130 sanctum,
1675 1064 1725 1118 id
1760 1072 1843 1118 est
1862 1077 1999 1132 Opus

421 1151 725 1219 Evangelii,
763 1151 1140 1220 proﬁciscens,
1171 1160 1453 1220 exspectat
1481 1153 1650 1206 donec
1675 1154 2000 1207 obsecratio-

418 1243 579 1296 nibus
608 1243 863 1312 impetret
890 1259 994 1297 non
1025 1244 1199 1299 solum
1245 1243 1358 1314 (57)
1395 1260 1715 1314 prosperum
1747 1246 1848 1300 sibi
1893 1246 1997 1300 iter

420 1333 559 1397 ﬁeri,
585 1335 679 1388 sed
704 1346 762 1389 et
790 1336 843 1388 in
873 1336 1149 1389 voluntate
1182 1335 1274 1389 Dei
1304 1352 1625 1406 prosperum
1662 1336 1802 1402 ﬁeri.
1840 1336 1996 1393 Unde

415 1433 470 1477 et
518 1424 689 1478 multo
738 1426 909 1494 magis
959 1425 1137 1489 nobis,
1188 1427 1390 1496 quibus
1429 1443 1535 1481 non
1586 1436 1669 1482 est
1696 1428 1781 1481 vel
1813 1429 1997 1497 operis

418 1526 569 1570 tanta
619 1517 704 1571 vel
766 1516 947 1571 meriti
995 1518 1354 1583 conscientia,
1416 1533 1538 1573 cum
1591 1518 1794 1588 aliquid
1831 1532 1994 1588 agere

413 1605 776 1675 disponimus,
813 1621 844 1660 a
870 1605 982 1662 Deo
1033 1608 1249 1663 itineris
1287 1611 1624 1678 prosperitas
1675 1609 1991 1678 postulanda

412 1707 517 1750 est.
544 1697 684 1752 Puto
707 1706 885 1753 tamen
912 1699 1054 1768 quod
1080 1701 1242 1753 etiam
1268 1699 1372 1753 hoc
1401 1700 1572 1752 voluit
1594 1699 1823 1769 intelligi
1848 1700 1993 1768 Apo-

410 1787 605 1854 stolas,
632 1789 763 1859 quia
809 1804 916 1843 non
972 1805 1187 1855 semper
1241 1790 1458 1843 itineris
1508 1791 1842 1860 prosperitas
1893 1790 1988 1845 Dei

407 1881 685 1938 voluntate
723 1882 1022 1953 perﬁcitur.
1052 1883 1292 1953 Denique
1315 1894 1370 1937 et
1416 1881 1633 1937 Balaam
1666 1883 1769 1937 iter
1803 1881 1991 1938 habuit

409 1989 727 2043 prosperum
750 1976 914 2030 eundi
950 1976 1018 2029 ad
1052 1974 1271 2038 Balach,
1299 1985 1359 2029 ut
1407 1974 1758 2030 malediceret
1791 1976 1990 2044 populo

409 2064 573 2121 israel
601 2067 656 2131 ³ς
689 2069 784 2122 sed
819 2083 926 2122 non
961 2068 1061 2122 fuit
1087 2068 1175 2122 illa
1224 2085 1289 2124 ex
1341 2068 1619 2122 voluntate
1649 2068 1827 2123 divina
1856 2084 1985 2138 pro-

406 2158 665 2227 speritas.
700 2159 770 2213 Et
792 2159 948 2213 multi
973 2161 1025 2214 in
1064 2161 1227 2214 rebus
1256 2162 1439 2216 satculi
1465 2161 1738 2231 prosperis
1765 2171 1990 2215 utuntur

407 2252 778 2317 successibus,
806 2260 861 2306 et
911 2234 1189 2308 exsultant
1230 2253 1286 2308 in
1335 2255 1792 2324 prosperitatibus
1820 2255 1934 2308 suis
1966 2269 1981 2316 ;

306 2389 325 2404 ,
405 2344 500 2396 sed
533 2357 637 2398 non
663 2351 748 2396 est
777 2340 899 2395 talis
944 2343 1279 2410 prosperitas
1317 2357 1384 2397 ex
1417 2343 1694 2398 voluntate
1726 2342 1848 2406 Dei,
1879 2343 1982 2395 nisi

405 2450 527 2487 eum
564 2433 669 2486 tale
700 2441 781 2487 est
828 2448 965 2501 opus
1007 2433 1222 2488 itineris
1274 2436 1481 2499 nostri,
1510 2434 1673 2504 quale
1706 2436 1795 2489 hic
1842 2435 1987 2488 desi-

407 2536 536 2594 gnat
564 2523 875 2594 Apostolus.

474 2638 564 2692 12.
601 2637 851 2690 Desidere
886 2638 1048 2701 enim,
1092 2636 1288 2703 inquit,
1315 2637 1490 2692 videre
1523 2654 1632 2701 vos,
1668 2648 1723 2692 ut
1767 2638 1982 2708 aliquod

401 2729 613 2780 tradam
650 2727 792 2780 vobis
814 2726 1011 2780 donum
1037 2726 1279 2796 spiritale
1308 2727 1422 2798 (58)
1459 2729 1529 2781 ad
1559 2729 1978 2798 conﬁrmandum

399 2837 512 2884 vos,
537 2820 595 2872 id
620 2829 720 2883 est,
748 2818 1015 2873 consolari
1035 2821 1091 2872 in
1119 2820 1263 2873 vobis
1301 2835 1394 2888 per
1431 2837 1569 2884 eam,
1606 2837 1723 2891 qute
1759 2823 1981 2876 invicem

397 2919 499 2977 est,
530 2910 687 2977 fidem
719 2918 944 2963 vestram
977 2920 1133 2979 atque
1158 2925 1327 2963 meam
1357 2910 1400 2964 ⁸.
1428 2909 1610 2965 Primo
1632 2911 1871 2966 omnium
1897 2913 1981 2966 di—

399 3019 553 3057 scere
584 3001 842 3057 debemus
897 3016 1039 3070 opus
1086 3016 1204 3056 esse
1258 3003 1615 3071 apostolicum
1666 3003 1979 3059 desiderare

401 3097 621 3158 n-atres,
649 3093 744 3148 sed
775 3107 882 3147 non
914 3093 1078 3145 aliam
1126 3090 1196 3142 ob
1232 3106 1473 3150 causam,
1510 3092 1615 3146 nisi
1649 3102 1709 3145 ttt
1735 3091 1819 3148 vel
1847 3109 1980 3147 con-

2103 625 2224 662 cnm
2249 610 2361 665 ﬁta
2391 611 2579 675 Paulo,
2611 622 2666 665 et
2705 612 2830 681 ipse
2864 612 3297 669 consolationem
3335 617 3504 685 capit,
3548 634 3685 686 opus

2102 719 2257 757 suum
2290 703 2505 757 ﬁrmum
2533 704 2808 757 etstabile
2856 703 3085 767 videns;
3131 716 3184 760 et
3218 707 3292 760 illi
3336 711 3685 767 consolantur

2101 795 2194 864 qui
2219 796 2526 864 apostolicae
2551 796 2741 865 gratiae
2763 798 3058 868 participes
3090 799 3244 852 ﬁunt.

2172 888 2261 941 i3.
2296 886 2436 940 Nolo
2469 896 2645 941 autem
2676 906 2763 941 vos
2791 890 3058 958 ignorare,
3095 890 3346 958 fratres’,
3381 892 3507 960 quia
3550 908 3685 960 stepe

2098 978 2351 1047 proposui
2372 980 2549 1032 venire
2572 981 2640 1032 ad
2672 997 2760 1033 vos
2784 982 2852 1049 (et
2902 983 3200 1048 prohibitus
3231 1000 3344 1035 sum
3375 1001 3537 1052 usque
3584 986 3681 1036 ad-

2098 1070 2220 1143 huc)
2251 1082 2303 1122 ut
2333 1071 2562 1141 aliquem
2589 1072 2819 1139 fructum
2856 1075 3077 1129 habeant
3100 1088 3146 1129 et
3188 1077 3244 1130 in
3274 1078 3438 1144 vobis,
3473 1079 3608 1132 sicut
3633 1091 3680 1134 et

2096 1164 2151 1218 in
2176 1164 2378 1215 cwteris
2397 1164 2658 1231 gentibus.
2693 1164 2895 1219 Gra'cis
2942 1185 3004 1221 ac
3041 1169 3281 1223 barbaris
3309 1210 3324 1233 ,
3360 1170 3681 1237 sapientibus

2095 1266 2142 1306 et
2192 1253 2561 1317 insipientibus
2620 1256 2827 1309 debitor
2874 1272 2992 1310 sum
3023 1275 3041 1312 :
3068 1261 3143 1312 ita
3192 1261 3331 1330 quod
3366 1263 3419 1315 in
3464 1279 3547 1315 me
3581 1274 3678 1330 est,

2100 1349 2372 1410 promptus
2408 1356 2527 1395 sum
2564 1340 2679 1412 (60)
2717 1352 2765 1397 et
2805 1345 2968 1408 vobis,
3009 1349 3099 1417 qui
3137 1348 3317 1405 Roma:
3347 1354 3495 1418 estis,
3524 1370 3692 1407 evan--

2088 1424 2347 1500 ‘gelizare.
2376 1432 2474 1485 Est
2498 1432 2716 1503 quidem
2745 1444 2799 1489 et
2827 1436 3157 1507 hyperbaton
3189 1442 3240 1495 in
3280 1444 3384 1498 hoc
3410 1446 3561 1507 loro;
3596 1458 3681 1498 est

2094 1537 2148 1581 et
2172 1528 2498 1584 elocutionis
2521 1529 2776 1586 defectio.
2828 1530 2935 1585 Sed
2982 1532 3316 1603 hyperbaton
3368 1535 3471 1589 hoc
3518 1538 3680 1593 modo

2093 1632 2380 1685 possumus
2415 1619 2642 1674 reddere
2687 1638 2700 1673 :
2741 1618 2877 1674 Nolo
2917 1632 3102 1675 autem
3136 1638 3233 1678 vos
3265 1624 3539 1692 ignorare,
3568 1625 3680 1679 fra-

2094 1718 2226 1772 tres,
2252 1711 2381 1777 quia
2409 1724 2552 1779 sa'pe
2574 1713 2828 1780 proposui
2877 1713 3064 1766 venire
3106 1715 3172 1767 ad
3206 1729 3327 1779 vos,
3357 1724 3414 1767 nt
3442 1715 3678 1786 aliquem

2090 1798 2329 1853 l'rnctnm
2364 1800 2590 1854 habeam
2618 1810 2674 1854 et
2699 1800 2751 1854 in
2785 1803 2954 1863 vobis,
2983 1802 3126 1856 sicut
3145 1812 3200 1857 et
3220 1803 3275 1857 in
3306 1805 3519 1859 caeteris
3549 1821 3681 1876 gen-

2096 1892 2257 1957 tibus,
2291 1890 2498 1946 Graacis
2527 1906 2592 1946 ac
2641 1892 2893 1946 barbaris
2916 1932 2932 1959 ,
2968 1893 3304 1961 sapientibus
3329 1904 3383 1948 et
3410 1894 3677 1965 insipien-

2095 1981 2261 2047 tibus,
2287 1992 2353 2042 et.
2375 1982 2685 2052 prohibitus
2705 1997 2824 2037 sum
2849 1998 3023 2052 usque
3047 1983 3245 2041 adhuc.
3274 1984 3517 2041 Deiectio
3549 2002 3679 2041 vero

2089 2073 2414 2129 elocutionis
2448 2075 2552 2129 hoc
2574 2075 2738 2129 modo
2766 2074 3173 2143 adintplebitur.
3199 2076 3254 2130 In
3278 2092 3342 2131 eo
3371 2077 3458 2131 ubi
3488 2078 3620 2132 dicit
3659 2094 3676 2130 :

2094 2165 2159 2218 Et
2196 2168 2249 2218 in
2278 2168 2483 2219 steteris
2504 2167 2766 2237 gentibus,
2805 2166 3007 2222 Graecis
3041 2184 3103 2220 ac
3135 2170 3395 2233 barbaris,
3425 2170 3680 2239 sapienti-

2088 2258 2183 2311 bus
2217 2269 2265 2312 et
2305 2259 2711 2326 insipientibus,
2763 2260 2979 2314 videtur
3022 2261 3213 2315 deesse
3248 2262 3456 2331 quibus,
3507 2272 3567 2315 ιιι
3615 2277 3679 2316 ea

2086 2363 2207 2416 qua:
2241 2348 2647 2416 subsequuntur
2673 2349 2752 2402 sic
2780 2349 3049 2419 legantur,
3075 2351 3265 2421 quibus
3293 2354 3497 2405 debitor
3515 2369 3631 2407 sum
3655 2373 3676 2422 ,-

2084 2451 2140 2495 et
2187 2439 2260 2494 sit
2315 2439 2436 2517 talis
2462 2442 2848 2508 consequentia
2880 2458 2896 2494 :
2936 2441 3090 2498 Sicut
3150 2442 3381 2497 l’rnctum
3419 2444 3593 2499 habeo
3624 2447 3677 2499 in

2086 2533 2302 2587 caneris
2330 2533 2606 2602 gentibus,
2637 2533 2844 2588 Graecis
2871 2550 2936 2589 ac
2959 2534 3226 2600 barbaris,
3260 2537 3599 2601 sapientibus
3624 2549 3680 2593 et

2090 2624 2500 2693 insipientibus,
2526 2625 2727 2695 quibus
2775 2625 2989 2680 debitor
3037 2642 3180 2688 sum,
3216 2630 3289 2682 ita
3317 2630 3459 2697 quod
3493 2630 3544 2683 in
3590 2645 3679 2687 me

2081 2724 2186 2779 cst,
2214 2723 2496 2783 promptus
2534 2730 2656 2769 sum
2705 2715 2868 2769 etiam
2915 2715 3094 2783 vobis,
3141 2722 3233 2788 qni
3279 2719 3469 2774 Romae
3519 2722 3675 2783 estis.

2081 2808 2477 2878 evangelizare.
2521 2805 2803 2878 Nunquam
2853 2812 2997 2862 enim
3055 2813 3196 2879 apud
3248 2812 3410 2865 ullam
3458 2824 3676 2883 gentem

2081 2901 2272 2955 erubui
2307 2899 2475 2972 470
2490 2899 2788 2969 praedicare
2820 2901 3196 2971 Evangelinm,
3219 2907 3347 2973 quia
3379 2906 3556 2959 virtus
3580 2905 3677 2962 De't

2079 3001 2166 3045 est
2191 2991 2245 3044 in
2279 3005 2345 3045 eo
2369 2994 2436 3045 ad
2463 2992 2692 3046 salutem
2726 2992 2874 3047 omni
2900 2994 3170 3057 credenti,
3196 2994 3383 3051 Judaeo
3413 2998 3673 3067 primum,

2080 3092 2136 3138 et
2153 3082 2373 3151 Graeco;
2400 3083 2525 3155 quia
2556 3085 2606 3137 in
2631 3084 3156 3155 Evangeliojustitia
3185 3088 3275 3141 Dei
3316 3089 3671 3154 revelatttr“,

398 3186 637 3240 feramus
692 3184 775 3239 eis
829 3184 1033 3253 aliquid
1075 3183 1202 3238 doni
1260 3183 1524 3252 spiritalis
1567 3185 1612 3238 si
1666 3198 1977 3253 possumus,
2005 3200 2050 3258 ο
2082 3195 2203 3250 qua:
2229 3183 2444 3237 obtecta
2480 3183 2631 3250 prius
2659 3184 2944 3236 velabatur
2968 3182 3021 3235 in
3055 3183 3218 3252 Lege.
3247 3184 3543 3239 Revelatnr
3576 3201 3674 3238 an-

397 3277 482 3331 vel
511 3276 556 3330 si
591 3290 699 3332 non
733 3290 1045 3343 possumus,
1073 3274 1171 3343 ipsi
1195 3284 1254 3329 ut
1283 3273 1618 3343 accipiamus
1646 3275 1715 3329 ab
1740 3275 1826 3330 itis
1840 3276 1976 3346 (59).

397 3370 528 3424 Sine
562 3369 666 3424 hoc
696 3368 841 3423 enim
887 3382 992 3423 non
1045 3378 1130 3422 est
1178 3367 1458 3437 probabile
1501 3366 1828 3421 desiderium
1879 3367 1983 3421 cir-

395 3459 684 3514 cumeundi
720 3458 945 3516 fratres.
982 3457 1136 3524 Quod
1192 3467 1375 3513 autem
1434 3456 1589 3521 dicit,
1637 3467 1696 3511 ut
1762 3458 1980 3528 aliquod

396 3552 606 3605 tradam
649 3551 788 3606 vobis
811 3550 1008 3605 donum
1035 3550 1274 3619 spiritale
1291 3590 1308 3615 ,
1332 3550 1550 3605 videtur
1592 3549 1836 3604 indicare
1861 3563 1981 3604 esse

395 3642 602 3711 aliquid
626 3643 768 3710 quod
793 3642 995 3697 donum
1016 3641 1235 3708 quidem
1257 3639 1351 3706 sit,
1376 3653 1483 3694 non
1510 3648 1688 3694 tamen
1713 3638 1978 3709 spiritale.

394 3731 529 3787 Nam
567 3733 766 3787 donum
797 3732 923 3787 ﬁdei
949 3732 1067 3787 sine
1086 3731 1248 3785 dubio
1280 3730 1528 3800 spiritale
1556 3741 1665 3795 est,
1696 3742 1751 3785 et
1778 3731 1976 3785 donum

394 3822 710 3894 sapientiae,
733 3831 789 3878 et
817 3823 1085 3889 scientiae,
1113 3831 1170 3878 et
1200 3822 1530 3890 virginitatis
1563 3822 1835 3877 similiter.
1876 3821 1976 3877 Ubi

392 3925 575 3970 autem
619 3914 752 3970 dicit
780 3915 850 3970 de
890 3914 1093 3981 nuptiis
1121 3923 1176 3967 et
1217 3913 1532 3984 virginitate
1569 3913 1800 3982 loquens
1833 3911 1978 3969 :Sed

394 4008 755 4078 unusquisque
785 4007 1055 4077 proprium
1077 4002 1233 4061 habet
1260 4009 1456 4061 donum
1496 4024 1529 4060 a
1553 4006 1683 4071 Deo,
1714 4007 1854 4061 alius
1871 4008 1972 4074 sic,

391 4102 532 4155 alius
552 4112 730 4154 autem
754 4101 832 4154 sic
852 4101 911 4167 l’;
943 4100 1144 4155 donum
1185 4098 1404 4169 quidem
1431 4097 1564 4153 dicit
1586 4113 1709 4154 esse
1736 4101 1977 4171 nuptias,

389 4194 675 4266 quoniam,
711 4193 855 4247 sicut
888 4192 1152 4261 scriptum
1183 4200 1286 4258 est,
1315 4207 1349 4245 a
1381 4190 1489 4245 Deo
1528 4201 1744 4261 aptatur
1781 4192 1977 4248 mulier

391 4287 574 4352 viro“;
606 4286 700 4341 sed
741 4299 848 4340 non
883 4284 1027 4338 istud
1063 4284 1267 4338 donum
1309 4292 1394 4338 est
1440 4284 1706 4355 spiritale.
1739 4285 1977 4340 Possunt

391 4388 448 4433 et
471 4378 577 4432 alia
618 4380 789 4433 multa
826 4376 968 4431 dona
995 4376 1087 4429 Dei
1115 4375 1247 4441 dici,
1280 4384 1340 4430 ut
1368 4375 1574 4431 divitiae
1616 4388 1674 4432 et
1712 4376 1975 4433 fortitudo

392 4471 660 4540 corporis,
697 4479 759 4525 ut
789 4470 977 4525 formae
1018 4468 1205 4536 decor,
1239 4477 1299 4523 ut
1343 4483 1568 4537 regnum
1618 4478 1896 4525 terrestre.
1927 4472 1970 4525 A

2086 3283 2191 3329 tem
2226 3274 2279 3328 in
2309 3275 2392 3328 his
2427 3274 2519 3344 qui
2545 3289 2611 3328 ex
2649 3274 2753 3329 ﬁde
2806 3275 3018 3329 Veteris
3041 3274 3375 3331 Testamenti
3405 3279 3470 3330 ad
3511 3278 3671 3331 ﬁdem

2082 3380 2276 3419 novam
2323 3363 2596 3434 Evangelii
2641 3364 2886 3429 veniunt,
2917 3364 3065 3417 sicut
3107 3374 3162 3418 et
3196 3365 3248 3418 in
3292 3366 3552 3434 propheta
3590 3366 3674 3421 di-

2081 3467 2226 3513 ctum
2261 3457 2429 3523 est“,
2458 3456 2583 3525 quia
2625 3456 2831 3526 justus,
2870 3456 3086 3511 etiamsi
3124 3456 3178 3509 in
3221 3455 3341 3525 lege
3368 3458 3545 3512 adhuc
3579 3457 3673 3527 sit,

2083 3548 2193 3604 Deo
2241 3548 2473 3603 credens
2501 3556 2557 3602 et
2590 3546 2792 3602 famulo
2826 3552 2944 3614 ejus
2989 3546 3182 3617 Moysi,
3205 3564 3271 3601 ea:
3301 3548 3404 3617 ﬁde
3428 3549 3544 3603 vivit
3558 3552 3586 3614 ';
3619 3559 3675 3604 et

2081 3656 2206 3696 cum
2233 3641 2301 3694 ad
2342 3640 2696 3710 Evangelinm
2727 3639 2841 3710 (61)
2882 3639 3056 3703 venit,
3087 3655 3151 3693 ex
3184 3640 3291 3695 ﬁde
3331 3638 3492 3709 Legis
3524 3641 3575 3694 in
3611 3641 3673 3694 ﬁ-

2081 3738 2204 3788 dem
2238 3732 2444 3787 Christi
2475 3731 2757 3801 dirigitur,
2789 3740 2843 3784 et
2877 3732 2951 3785 ita
2990 3746 3055 3786 ex
3092 3731 3198 3785 ﬁde
3229 3730 3282 3784 in
3318 3733 3477 3784 ﬁdem
3504 3734 3671 3801 proli-

2080 3827 2174 3880 cit.
2195 3825 2621 3892 llaec,quantunt
2658 3824 2724 3878 ad
2759 3825 3148 3893 consequentia
3182 3824 3473 3877 verborum
3505 3824 3673 3887 ipsius

2077 3918 2319 3987 Apostoli
2349 3917 2601 3987 pertinet,
2631 3916 2773 3971 dicta
2801 3916 2931 3970 sint.
2962 3914 3116 3969 Nunc
3162 3924 3344 3968 antem
3381 3915 3523 3982 quod
3549 3931 3671 3984 spe-

2080 4017 2195 4065 ctat
2220 4009 2288 4063 ad
2343 4006 2756 4077 intelligentiam
2808 4007 3170 4077 requiramus.
3205 4004 3357 4070 Quod
3405 4005 3503 4071 ait,
3544 4006 3671 4074 quia

2077 4118 2215 4170 stupe
2238 4100 2486 4169 proposui
2510 4100 2685 4153 venire
2718 4098 2789 4151 ad
2814 4114 2927 4162 vos,
2960 4097 3286 4151 cltaritatent
3318 4112 3469 4151 suam
3506 4112 3667 4164 quam

2078 4209 2207 4264 erga
2258 4193 2535 4247 Romanos
2584 4192 2842 4255 habebat,
2873 4190 3116 4245 ostendit
3163 4189 3300 4259 (62).
3338 4189 3493 4256 Quod
3540 4205 3671 4242 vero

2076 4284 2305 4348 addidit,
2333 4294 2384 4338 et
2414 4282 2711 4349 prohibitus
2734 4299 2850 4336 sunt
2884 4298 3049 4351 usque
3092 4280 3293 4344 adhuc,
3350 4281 3396 4335 si
3447 4282 3669 4350 quidem

2074 4386 2298 4444 putetur
2325 4390 2355 4428 a
2387 4375 2499 4429 Deo
2531 4373 2857 4443 prohibitus,
2894 4374 3200 4428 ostenditur
3234 4389 3331 4444 per
3365 4373 3469 4428 hoc.
3503 4375 3669 4429 etiam

2077 4468 2131 4521 id
2180 4482 2326 4521 cura:
2378 4480 2500 4521 esse
2551 4466 2685 4532 Deo,
2718 4480 2831 4535 quo
2879 4466 3253 4535 unusquisque
3296 4466 3675 4535 apostolorum

394 4562 505 4616 Deo
538 4563 684 4617 enim
718 4563 884 4617 etiam
921 4562 1037 4616 haec
1064 4561 1362 4625 donantur,
1408 4561 1550 4616 sicut
1590 4570 1645 4616 et
1670 4560 1860 4618 Daniel
1885 4563 1969 4618 di-
2002 4541 2048 4596 D
2076 4560 2162 4615 vel
2195 4560 2390 4614 debeat
2420 4559 2501 4613 ire
2526 4557 2612 4613 vel
2637 4571 2743 4611 non
2778 4555 2993 4621 debeat,
3018 4565 3073 4611 et
3094 4556 3239 4626 quod
3266 4558 3669 4625 dispensatione

392 4653 506 4707 cit:
539 4652 678 4719 Quia
724 4655 833 4723 ipse
870 4653 999 4723 facit
1033 4668 1198 4723 reges,
1229 4660 1278 4704 et
1319 4661 1608 4706 commutat
1641 4652 1663 4684 ⁷
1697 4655 1832 4718 ;sed
1863 4668 1970 4708 non

392 4746 661 4799 sunt-haec
698 4744 837 4799 dona
873 4744 1160 4813 spiritalia.
1210 4742 1365 4798 Beati
1406 4753 1536 4799 sunt
1584 4760 1717 4816 ergo
1745 4745 1821 4798 illi
1853 4747 1974 4815 qui-

397 4837 495 4891 bus
547 4836 844 4906 spiritalem
879 4837 1112 4907 gratiam
1150 4838 1364 4892 tradere
1408 4836 1525 4891 vult
1567 4837 1858 4906 Apostolus
1903 4838 1972 4892 ad

393 4929 863 4985 conﬁrmationem
901 4928 1129 4997 ﬁdei,ut
1156 4930 1295 4984 ultra
1317 4927 1431 4998 iam
1462 4944 1570 4985 non
1598 4930 1710 4984 sint
1732 4931 1970 5001 parvuli,

506 5116 521 5147 ⁸
553 5115 708 5170 Rom.
744 5130 787 5179 t,
813 5114 869 5180 9,
912 5113 1003 5169 10.
1079 5113 1100 5144 ²
1126 5111 1148 5166 1
1172 5111 1336 5167 Thes.
1372 5129 1423 5178 v,
1457 5115 1544 5169 17.
1621 5114 1643 5147 ³
1670 5113 1829 5170 Num.
1867 5132 1979 5171 xxn

506 5226 513 5243 .
556 5187 646 5243 14.
747 5184 768 5216 ⁷
798 5183 935 5238 Dan.
976 5198 1043 5243 tt,
1069 5183 1160 5237 21.
1257 5183 1280 5215 ⁸
1312 5183 1515 5243 Ephes.
1572 5199 1647 5243 tv.
1680 5185 1767 5239 14.
1879 5187 1902 5218 ⁹
1941 5186 1984 5241 Β

2085 5119 2130 5180 t,
2181 5129 2298 5184 seq.
2390 5111 2407 5142 ‘

2088 5225 2102 5241 .
2145 5201 2187 5243 ι.
2229 5180 2407 5238 15-15

396 5202 513 5248 xu,
556 5187 646 5248 14,
747 5184 768 5216 ⁷
798 5183 935 5238 Dan.
976 5198 1043 5249 ιι,
1069 5183 1160 5237 21.

398 5256 441 5287 ³³
480 5258 600 5311 Act.
631 5270 743 5320 xw,
782 5254 836 5308 7.

1257 5183 1280 5215 ⁸
1312 5183 1515 5254 Ephes.
1572 5199 1647 5251 tv,
1680 5185 1767 5239 14.

474 5403 778 5476 (57)_Alia_,
821 5403 974 5470 Quod
1024 5413 1290 5459 autem...
1346 5405 1791 5476 considerandum
1835 5406 1975 5476 quod

400 5473 678 5542 Apostolus
718 5474 815 5528 Dei
853 5478 922 5528 ad
971 5492 1099 5545 opus
1143 5486 1386 5545 sanctum
1433 5473 1708 5545 Evangelii
1759 5473 1862 5545 (al.
1902 5478 1973 5530 ad

400 5560 528 5616 opus
565 5554 826 5616 sanctum,
867 5543 1010 5613 opus
1036 5543 1331 5616 Evangelii)
1461 5543 1700 5613 imploret
1743 5543 1835 5616 (al.
1876 5548 1978 5600 int-

401 5613 599 5685 pleret:
616 5614 698 5685 al.
730 5615 1057 5685 impetraret)
1088 5613 1203 5669 non,
1226 5613 1415 5682 solum,
1442 5625 1549 5671 etc.

379 5682 409 5731 ι“
471 5683 583 5756 (58)
616 5682 778 5750 Editi,
805 5682 1008 5755 aliquid
1026 5685 1311 5755 impartiar
1326 5685 1419 5756 (al.
1444 5686 1807 5756 impartiatur)
1832 5687 1974 5741 vobis

400 5755 589 5825 gratia:
614 5756 934 5821 spiritualis.

477 5823 588 5895 (5ft)
616 5825 787 5895 tilias,
827 5834 882 5878 at
915 5825 1018 5895 ipsi
1046 5825 1318 5895 capiamus
1341 5827 1406 5879 ab
1436 5826 1532 5879 eis.

471 5892 582 5963 (60)
605 5892 891 5966 Promptus
913 5892 1050 5951 sum.
1077 5894 1169 5950 Sic
1191 5910 1349 5966 mssx;
1375 5896 1525 5964 editi,
1556 5906 1852 5968 promptum
1878 5905 1976 5955 est.

2081 4652 2312 4720 quadam
2355 4649 2475 4702 aliis
2521 4649 2739 4718 quidem
2771 4648 2917 4701 sinat
2961 4647 3246 4718 praedicari
3291 4646 3401 4717 (65)
3439 4649 3666 4701 verbum

2078 4745 2197 4810 Dei,
2229 4743 2350 4797 aliis
2382 4741 2700 4811 prohibeat,
2726 4739 2868 4793 sicut
2905 4750 2958 4794 et
3005 4739 3134 4793 alibi
3163 4739 3294 4793 dicit
3332 4739 3374 4770 ι’
3411 4737 3521 4792 :Et
3548 4755 3672 4792 cum

2078 4843 2402 4890 tentaremus
2445 4833 2524 4887 ire
2574 4833 2645 4897 in.
2680 4831 2988 4902 Bithyniam
3010 4871 3027 4898 ,
3066 4833 3336 4899 prohibuit
3369 4848 3462 4886 nos
3496 4830 3671 4899 Spiris

2077 4939 2162 4983 tus
2202 4925 2372 4991 Jesu;
2427 4933 2484 4979 et
2540 4925 2595 4979 in
2645 4923 2956 4994 Evangeliis
2995 4938 3027 4978 a
3075 4923 3358 4979 Salvatore
3419 4925 3663 4979 dicitur:

2390 5110 2414 5142 ⁸
2444 5108 2601 5164 Rom.
2631 5107 2883 5174 t,ii,19.
2963 5106 3029 5159 '1
3059 5106 3185 5162 Cor.
3204 5123 3297 5170 vtt,
3321 5107 3374 5160 7.
3452 5107 3473 5138 ⁸
3502 5107 3671 5160 Prov.

2540 5178 2583 5210 ¹⁰
2606 5177 2768 5233 Rom.
2797 5193 2836 5243 t,
2887 5177 3076 5232 16-18.
3188 5179 3229 5209 ³¹
3256 5177 3459 5233 Habac.
3509 5193 3572 5241 ll,
3604 5178 3661 5233 4.

2158 5403 2271 5476 (61)
2306 5402 2387 5458 Ad
2422 5402 2788 5476 Evangelium,
2803 5413 2924 5476 _etc.
2962 5402 3053 5476 Sic
3078 5402 3499 5476 mss._pleriqne_.
3525 5403 3675 5476 Editi

2082 5473 2338 5547 vero,_et_
2353 5491 2456 5547 tns.
2497 5473 2663 5539 unus,
2695 5474 2759 5528 de
2790 5473 3078 5545 Evangelia
3113 5474 3283 5539 venit,
3312 5489 3377 5528 ea:
3406 5473 3512 5542 ﬁde
3536 5474 3677 5547 legis

2082 5546 2141 5599 in
2168 5545 2273 5615 ﬁde
2299 5545 2522 5615 Qhristi.
2555 5555 2659 5602 etc.

2152 5613 2267 5685 (’62)
2300 5613 2441 5685 Editi
2454 5655 2470 5681 ,
2497 5616 2748 5671 innotuit.

2155 5687 2267 5757 (65)
2314 5684 2449 5757 Μεεέ
2490 5687 2708 5754 plures,
2751 5685 3055 5757 praedicari.
3096 5684 3202 5740 Alii
3241 5700 3374 5741 vero
3412 5694 3466 5741 et
3503 5685 3673 5751 editi,

2079 5755 2389 5824 praedicare.
2422 5755 2596 5810 Paulo
2622 5765 2744 5824 post
2780 5756 2942 5818 editi,
2984 5757 3186 5811 cmteris
3225 5766 3400 5812 autem
3439 5758 3670 5825 parabo-

2080 5827 2169 5881 lis.
2215 5825 2282 5884 Et
2337 5825 2480 5882 infra
2534 5842 2667 5883 mss.
2712 5826 2956 5897 aliquot,
2997 5828 3066 5881 ad
3121 5827 3569 5902 illud_re[eratur
3602 5830 3715 5882 de'

2082 5914 2182 5968 quo
2204 5939 2220 5966 ,
2258 5903 2362 5952 etc.
2380 5938 2395 5951 .
