4170 6356
381 384 482 443 881

1338 380 1698 441 COMMENT.
1737 382 1805 439 IN
1839 379 2060 441 EPIST.
2097 383 2189 439 AD
2228 382 2394 441 ROM.
2438 382 2567 439 LIB.
2610 384 2651 439 ι.

3540 385 3649 440 862

382 506 508 572 quia
534 502 781 557 Christus
825 502 998 555 virtus
1035 501 1126 555 Dei
1169 502 1371 557 dicitur
1415 504 1480 571 ³¹,
1526 513 1580 557 et
1607 503 1963 575 Evangeliutn
1995 507 2039 562 A
2071 514 2200 558 nent
2228 505 2469 573 quidem,
2514 506 2607 558 sed
2660 503 2712 557 itt
2767 500 3031 570 iniustitia
3064 519 3183 558 eam
3223 502 3470 559 detinent
3509 503 3649 575 (79).

382 594 555 646 virtus
586 594 676 646 Dei
701 593 767 649 ".
800 592 1050 647 Christus
1073 592 1208 646 sicut
1239 603 1294 648 et
1323 595 1428 648 alia
1460 595 1650 662 multa,
1691 597 1764 650 ita
1799 596 1962 650 etiam

385 683 732 748 Evangelium
766 684 993 753 intelligi
1029 685 1242 750 debeat,
1264 696 1319 738 et
1349 685 1488 740 forte
1517 699 1784 740 internum
1818 689 1964 758 quod

384 776 582 826 dicitur
629 774 974 841 Evangelinm
1017 776 1061 807 ⁸³
1095 777 1160 829 de
1186 776 1303 847 ipso
1349 777 1453 830 dici
1487 777 1829 832 sentiendum
1864 780 1955 836 sit.

385 861 565 921 Omni,
591 862 784 931 inquit.
812 865 1062 926 credenti,
1089 863 1282 918 Judwo
1304 866 1555 933 primum,
1591 878 1638 921 et
1670 867 1856 923 Graeco
1890 868 1960 924 “.

383 951 554 1003 Graeci
598 954 772 1019 primo
799 952 906 1021 (75)
940 954 1150 1008 duabus
1177 955 1635 1022 appellationibus
1668 973 1832 1011 omne
1863 959 1963 1012 lto-

386 1044 588 1095 tuinutn
621 1054 943 1097 censuerant
984 1060 1174 1114 genus,
1235 1048 1285 1099 id
1337 1058 1440 1110 est,
1489 1048 1569 1102 vel
1606 1048 1852 1104 Graecum
1883 1052 1964 1103 di-

383 1147 566 1188 centes
603 1150 723 1190 esse
758 1152 1230 1207 unumquemque,
1261 1139 1346 1193 vel
1388 1140 1690 1195 Barbarum
1730 1160 1743 1194 :
1775 1153 1831 1196 et
1879 1144 1962 1195 di-

383 1226 606 1279 stinctio
642 1242 832 1281 eorum
878 1228 1001 1283 talis
1040 1228 1255 1295 fuerat,
1298 1239 1356 1284 ttt
1384 1231 1564 1287 omnis
1605 1234 1694 1300 qui
1742 1230 1964 1289 Graecus

386 1330 488 1368 non
524 1327 687 1380 esset,
722 1317 992 1373 Barbarus
1036 1321 1354 1377 haberetur.
1394 1323 1498 1378 Sed
1533 1325 1704 1379 multo
1749 1328 1966 1380 veriorc

383 1407 733 1463 distinctione
773 1411 944 1463 tttitur
975 1412 1191 1473 Paulus.
1230 1414 1449 1469 Judmos
1476 1417 1653 1484 primo
1682 1418 1889 1481 dicens,
1910 1426 1965 1471 et

383 1501 723 1565 postmodum
760 1501 997 1561 Griecos.
1032 1516 1310 1571 postremo
1341 1506 1512 1560 Barba
1526 1523 1630 1560 ros.
1661 1508 1794 1561 Cum
1819 1511 1961 1562 enim

381 1589 579 1653 (ξι-ειιαί,
616 1593 743 1659 quia
778 1595 874 1662 ipsi
898 1595 1109 1663 legibus
1138 1597 1458 1662 utebantur,
1498 1614 1688 1652 omnes
1721 1599 1964 1667 reliquos

385 1690 645 1748 tauquam
679 1683 798 1738 sine
834 1686 1047 1755 legibus
1077 1687 1322 1742 viventes
1352 1690 1623 1743 Barbaros
1659 1693 1961 1760 appellave-

385 1773 513 1835 rint,
556 1776 750 1829 merito
782 1774 954 1831 Judaei
991 1779 1155 1832 etiam
1192 1780 1326 1850 ipsis
1364 1783 1569 1837 Graecis
1600 1787 1668 1837 ab
1696 1787 1961 1854 Apostolo

2068 597 2274 664 Quibus
2300 599 2464 653 etiam
2493 597 2624 651 dicit
2650 594 3002 649 manifestum
3039 609 3163 648 esse
3198 594 3251 648 id
3277 595 3419 663 quod
3457 604 3645 649 notum

2065 699 2149 743 est
2177 689 2291 750 Dei,
2321 688 2615 743 ostendens
2645 700 2766 740 esse
2795 686 3000 754 aliquid
3035 683 3126 738 Dei
3162 686 3305 753 quod
3338 692 3525 737 notum
3553 684 3646 743 sit,

2065 791 2120 834 et
2155 780 2358 849 aliquid
2382 779 2498 846 ejus
2526 778 2667 848 quod
2692 778 2933 846 ignotum
2965 776 3056 830 sit.
3096 775 3237 829 Dicit
3259 790 3393 845 ergo
3416 777 3647 831 revelari

2067 873 2201 925 iram
2246 871 2337 925 Dei
2384 871 2470 925 his
2505 871 2596 939 qui
2644 870 2933 924 veritatem
2970 872 3021 923 in
3058 871 3347 939 iniquitate
3383 871 3646 925 detinent.

2066 964 2195 1031 Quae
2228 967 2562 1029 revelantur,
2596 965 2662 1019 de
2705 964 2954 1018 obscuris
2982 972 3036 1015 et
3072 965 3370 1017 reconditis
3396 965 3463 1017 ad
3502 965 3645 1015 noti-

2068 1057 2194 1109 tiam
2225 1057 2600 1125 proferuntur.
2634 1057 2767 1124 Quia
2814 1073 2947 1126 ergo
2981 1067 3033 1111 et
3076 1058 3165 1111 hic
3213 1072 3318 1111 non
3351 1057 3649 1126 ignoranti-

2068 1151 2167 1203 bus
2194 1148 2498 1214 veritatem,
2530 1150 2623 1201 sed
2652 1148 2961 1202 tenentibus
2980 1163 3126 1211 eam,
3154 1148 3277 1201 licet
3305 1147 3444 1201 male
3461 1156 3651 1201 tenen-

2067 1241 2230 1306 tibus,
2251 1242 2329 1295 ira
2359 1241 2449 1294 Dei
2484 1242 2549 1293 de
2578 1240 2716 1293 coelo
2748 1241 2949 1294 dicitur
2985 1241 3235 1306 revelari,
3266 1241 3479 1294 videtur
3502 1238 3647 1307 quod

2065 1334 2327 1388 rationem
2356 1342 2408 1387 et
2438 1334 2721 1387 scientiam
2762 1342 2822 1386 ut
2867 1334 3001 1385 iram
3044 1333 3137 1389 Dei
3182 1331 3295 1403 (80)
3326 1331 3647 1386 manifesta-

2066 1434 2175 1479 tam
2205 1425 2348 1479 dicat
2388 1440 2509 1479 esse
2562 1424 2647 1478 his
2698 1424 2897 1492 quibus
2952 1424 3155 1477 veritas
3204 1433 3328 1477 nota
3374 1434 3475 1489 est,
3523 1423 3647 1476 licet

2065 1532 2185 1570 eam
2228 1517 2280 1570 in
2318 1517 2606 1588 iniquitate
2649 1517 2955 1570 detineant.
3004 1515 3157 1583 Quod
3200 1517 3437 1584 quidem,
3489 1526 3546 1569 ut
3578 1533 3645 1570 ex

2065 1607 2526 1677 consequentibus
2577 1607 2909 1667 declaratur,
2966 1608 3032 1660 de
3098 1608 3436 1676 sapientibus
3489 1606 3648 1674 hujus

2067 1697 2275 1763 mundi,
2316 1707 2370 1751 et
2397 1698 2647 1762 eruditis,
2677 1697 2760 1749 vel
2792 1698 3126 1766 philosophis
3162 1698 3266 1751 dici
3307 1697 3645 1766 intelligitur,

2063 1784 2151 1851 qui
2180 1800 2301 1837 cttm
2341 1785 2624 1838 veritatem
2675 1795 2725 1837 et
2771 1785 3043 1853 justitiam
3092 1785 3182 1839 Dei
3235 1786 3645 1855 cognovissent,

379 1862 761 1933 praeferuntur,
786 1869 913 1936 quia
939 1879 1138 1925 etante
1171 1872 1319 1940 ipsos
1346 1875 1549 1943 legibus
1574 1877 1755 1931 vivere
1778 1892 1958 1946 crepe-
1990 1858 2033 1912 Β
2064 1891 2165 1928 non
2190 1877 2324 1929 sicut
2342 1872 2509 1929 Deum
2532 1877 3025 1945 magnificaverunl,
3053 1888 3141 1930 aut
3176 1880 3378 1945 gratias
3406 1891 3643 1946 egerunt,

380 1965 534 2019 runt,
564 1966 618 2010 et
644 1958 788 2027 leges
823 1974 1012 2015 eorum
1043 1978 1073 2016 a
1122 1963 1253 2029 Deo,
1284 1973 1339 2017 et
1381 1979 1487 2019 non
1522 1967 1589 2019 ab
1627 1966 1956 2033 hominibus,

381 2048 738 2118 promulgatae
762 2061 909 2105 sunt.

455 2139 540 2194 15.
568 2140 807 2199 'Justitia
851 2146 967 2216 (74)
1012 2148 1149 2201 enim
1196 2148 1292 2202 Dei
1341 2152 1606 2206 reveletur
1644 2170 1709 2208 ea:
1754 2154 1862 2223 ﬁde
1904 2155 1959 2209 in

378 2230 536 2299 [idem
581 2235 648 2291 ³⁸.
677 2235 895 2291 Justitia
940 2238 1084 2292 enim
1129 2239 1227 2294 Dei
1273 2241 1327 2294 in
1358 2241 1649 2312 Evangelia
1688 2244 1961 2298 revelatur

380 2339 478 2394 per
502 2325 553 2379 id
586 2328 736 2396 quod
765 2344 793 2382 a
827 2328 1003 2383 salute
1035 2329 1219 2386 nullus
1245 2334 1534 2403 excipitur,
1577 2335 1693 2389 sive
1714 2334 1957 2400 Jndaaus,

379 2419 496 2471 sive
518 2417 764 2484 Graecus,
805 2423 924 2476 sive
969 2422 1243 2479 Barbarus
1280 2426 1484 2480 veniat.
1520 2426 1784 2481 Omnibus
1814 2429 1957 2482 enim

377 2525 531 2578 atque
552 2510 800 2567 Salvator
827 2513 958 2569 dicit
984 2530 1000 2567 :
1045 2513 1225 2570 Venite
1263 2518 1332 2570 ad
1373 2534 1453 2572 me
1484 2535 1662 2573 omnes
1687 2520 1779 2589 qui
1807 2519 1958 2574 labo-

378 2601 532 2668 ratis,
555 2614 603 2657 et
632 2607 840 2659 onerati
865 2608 989 2661 estis
1016 2607 1081 2659 ³⁸.
1115 2609 1191 2663 De
1214 2608 1320 2665 [ide
1348 2620 1528 2665 autem
1561 2612 1614 2665 in
1656 2611 1814 2665 iidem
1844 2613 1956 2682 jam

377 2695 632 2762 superius
666 2696 899 2751 diximus
924 2697 1037 2769 (75)
1071 2700 1197 2769 quia
1232 2710 1287 2754 et
1327 2702 1477 2771 prior
1497 2704 1724 2773 populus
1764 2704 1816 2758 in
1856 2705 1959 2758 title

376 2794 517 2849 erat,
542 2785 667 2853 quia
696 2787 1004 2842 crediderat
1031 2790 1138 2843 Deo
1172 2799 1228 2844 et
1257 2791 1425 2861 Moysi
1465 2792 1668 2847 famulo
1700 2793 1816 2858 ejus
1841 2835 1855 2855 .
1891 2809 1960 2848 ex

376 2892 482 2943 qua
510 2878 612 2931 lide
647 2894 792 2934 nunc
822 2881 889 2934 ad
914 2880 1070 2934 [idem
1098 2881 1374 2953 Evangelii
1406 2885 1643 2939 transiit.
1670 2886 1825 2952 Quod
1859 2903 1957 2961 au-

379 2981 488 3023 tem
524 2969 658 3023 dicit
700 2985 769 3023 ex
818 2971 1131 3025 testimonio
1187 2971 1445 3030 Habacttc
1479 2979 1782 3046 prepbette,
1830 2977 1957 3047 quia

369 3061 551 3130 justus
574 3076 639 3115 ea:
655 3060 761 3131 ﬁde
781 3078 895 3115 mea
909 3063 1030 3115 uiuit
1059 3062 1124 3126 '7;
1153 3063 1268 3118 sive
1300 3065 1344 3119 is
1362 3066 1452 3134 qui
1479 3068 1530 3121 in
1551 3068 1664 3138 lege
1690 3078 1772 3123 est
1796 3068 1957 3123 intel—

379 3152 567 3224 ligitur
593 3151 732 3224 (76),
761 3160 818 3206 ut
848 3153 1012 3207 etiam
1046 3153 1356 3224 Evangeliis
1398 3159 1616 3224 credat,
1645 3160 1762 3215 sive
1795 3160 1840 3215 is
1862 3160 1954 3231 qui

377 3249 433 3299 in
461 3245 769 3316 Evangeliis
784 3254 887 3310 est,
916 3255 975 3299 ttt
1006 3247 1173 3299 etiam
1201 3245 1329 3316 Legi
1359 3252 1544 3303 credat
1568 3261 1623 3304 et
1647 3249 1956 3319 Prophetis.

375 3340 626 3393 Alterum
667 3337 812 3392 enim
851 3338 970 3392 sine
1016 3338 1194 3392 altero
1235 3340 1607 3411 integritatem
1645 3358 1751 3397 non
1790 3342 1959 3398 habet

375 3430 522 3483 vitae.

451 3521 540 3574 16.
577 3519 855 3574 Ret-elatur
883 3523 1021 3575 enim
1044 3520 1128 3574 ira
1159 3520 1253 3575 Dei
1283 3522 1347 3575 de
1370 3521 1496 3576 coelo
1520 3522 1633 3592 (77)
1671 3525 1725 3576 in
1750 3540 1954 3579 omnem

376 3614 697 3683 impietatem
725 3624 771 3666 et
792 3613 1121 3683 iniquitatem
1147 3614 1441 3680 hominum,
1481 3617 1572 3684 qui
1601 3621 1868 3671 ueritatem
1899 3620 1953 3671 in

379 3705 658 3774 iniquitate
685 3689 967 3759 detinent:
995 3715 1270 3773 prapterea
1313 3708 1437 3775 quia
1478 3710 1617 3778 quod
1664 3722 1843 3764 notum
1880 3721 1957 3766 est

377 3792 499 3855 Dei,
527 3793 868 3860 manifestum
888 3802 964 3847 est
1002 3795 1054 3847 in
1082 3793 1213 3847 illis.
1247 3794 1386 3849 Deus
1414 3800 1551 3849 enim
1586 3798 1693 3853 illis
1727 3802 1954 3869 manife-

376 3887 533 3940 stavit
557 3886 623 3940 ³⁸.
644 3887 720 3941 De
743 3886 824 3940 ira
856 3887 948 3940 Dei
979 3887 1191 3956 plenius
1215 3902 1244 3941 a
1273 3888 1428 3942 nobis
1454 3889 1505 3942 in
1542 3890 1666 3945 aliis
1694 3893 1829 3948 locis
1865 3895 1949 3949 di-

375 3988 523 4033 etum
552 3988 634 4032 est
667 3977 781 4048 (78)
819 3995 834 4032 :
867 3978 1053 4046 paucis
1084 3986 1267 4031 tamctt
1293 3979 1456 4031 etiam
1492 3980 1543 4033 in
1586 3984 1836 4050 praesenti
1873 3986 1955 4038 di-

376 4082 552 4127 cetur.
584 4072 751 4143 Igitur
795 4072 875 4127 ira
921 4072 1015 4127 Dei
1053 4088 1197 4128 nunc
1236 4073 1470 4127 revelari
1518 4074 1718 4129 dicitur
1757 4090 1864 4129 non
1898 4076 1951 4128 in

373 4173 530 4233 parte
554 4163 755 4233 aliqua,
788 4165 885 4218 sed
924 4165 977 4217 in
1004 4178 1221 4218 omnem
1253 4165 1589 4234 impietatem
1622 4176 1676 4221 et
1699 4167 1954 4235 iniquita-

377 4265 520 4320 tem;
565 4270 664 4310 nec
698 4264 878 4309 tamen
929 4255 982 4308 in
1024 4269 1214 4310 omnes
1265 4256 1544 4320 homines,
1588 4260 1681 4312 sed
1724 4258 1780 4312 iu
1834 4259 1952 4313 illos

375 4346 522 4402 solos
549 4348 641 4417 qui
674 4347 959 4401 veritatem
984 4346 1079 4401 Dei
1106 4349 1158 4401 itt
1184 4347 1472 4417 iniquitate
1496 4349 1741 4403 detinent
1766 4364 1781 4403 :
1812 4350 1950 4404 deti-

484 4466 525 4497 "
555 4465 575 4519 l
617 4463 742 4520 Cor.
793 4481 834 4527 ι,
866 4464 959 4520 24.
1035 4463 1080 4495 ³⁹
1108 4463 1268 4518 Rom.
1296 4481 1335 4534 t,
1363 4465 1451 4520 16.

376 4537 421 4573 ³⁷
449 4537 605 4590 Rom.
630 4550 670 4596 ι.
708 4536 803 4598 17';
913 4534 1118 4590 Hahae.
1152 4535 1291 4600 ",4.
1396 4536 1442 4568 ³⁸
1471 4536 1630 4590 Rom.
1666 4534 1703 4601 t,
1729 4539 1816 4592 18.

374 4610 422 4645 “
451 4608 584 4661 ibid.
620 4606 708 4670 15,
740 4607 827 4661 16.

1563 4467 1609 4499 ⁸³
1643 4468 1809 4536 Apoc.
1858 4482 1983 4533 xw.
2006 4467 2093 4523 16.

1940 4538 1985 4570 ³³
2009 4539 2138 4592 ibid.
2178 4538 2367 4591 21-25.

2063 1969 2153 2021 sed
2187 1980 2508 2022 evanuerunt
2554 1969 2611 2022 in
2644 1968 3055 2037 cogitationibus
3092 1971 3242 2040 suis,
3290 1972 3540 2025 conversi
3576 1973 3644 2026 ad

2067 2059 2227 2125 idola;
2260 2069 2315 2114 et
2337 2060 2568 2113 dicentes
2598 2076 2655 2114 se
2690 2077 2802 2113 esse
2827 2061 3119 2127 sapientes,
3146 2061 3297 2113 stulti
3328 2060 3458 2129 facti
3485 2072 3643 2126 sunt,

2064 2149 2189 2217 quia
2239 2160 2683 2202 commutarerunt
2721 2148 2947 2218 gloriam
2990 2150 3406 2212 incorruptibilis
3448 2149 3546 2204 Dei
3588 2154 3644 2205 in

2065 2238 2463 2292 similitudinem
2494 2239 2742 2307 imaginis
2767 2239 3013 2301 hominis,
3042 2251 3086 2291 et
3113 2239 3402 2306 volucrum,
3428 2250 3477 2293 et
3514 2259 3645 2311 qua-

2066 2329 2392 2397 drupedum,
2427 2339 2475 2381 et
2515 2329 2830 2396 serpentium
2872 2326 2938 2380 ³⁸.
2982 2327 3040 2381 1η
3081 2328 3275 2396 quibus
3331 2330 3492 2383 etiatn
3543 2332 3646 2386 hoc

2064 2421 2298 2476 ostendit
2332 2421 2640 2489 Apostolus,
2675 2420 2818 2489 quod
2850 2433 2910 2471 ea
2943 2420 3160 2484 quidem
3187 2433 3306 2485 quae
3331 2420 3397 2472 ad
3425 2420 3639 2487 sapienv

2068 2524 2148 2567 tes
2188 2513 2371 2568 szecnli
2423 2512 2489 2565 de
2536 2512 2786 2564 veritatis
2831 2514 3059 2565 scientia
3107 2520 3488 2580 pervenerunt,
3533 2510 3644 2565 Deo

2064 2603 2343 2657 revelante
2386 2612 2788 2669 pervenerunt:
2820 2603 2913 2655 sed
2960 2602 3087 2655 dum
3142 2615 3235 2657 aut
3269 2618 3420 2657 vana:
3457 2604 3644 2674 gloria:

2065 2696 2303 2761 student,
2340 2705 2434 2748 aut
2464 2696 2754 2750 adulantur
2777 2694 3062 2750 erroribus
3088 2697 3340 2761 vetustis,
3368 2707 3462 2750 aut
3497 2708 3643 2751 metu

2064 2788 2372 2857 principum
2409 2787 2775 2853 rel'renantur,
2817 2789 3186 2844 damnationis
3216 2804 3326 2843 sum
3372 2787 3471 2857 ipsi
3497 2787 3647 2857 judi-

2064 2895 2158 2934 ces
2206 2880 2383 2944 lium;
2442 2894 2471 2933 a
2513 2882 2712 2950 quibus
2751 2882 2960 2936 veritas
3005 2897 3167 2952 quam
3212 2882 3321 2935 Deo
3368 2880 3645 2935 revelante

2064 2981 2451 3042 cognoverant,
2483 2982 2577 3025 aut
2613 2973 2834 3028 exclusa
2880 2973 3135 3028 libertate
3167 2973 3497 3042 contegitur,
3547 2981 3643 3025 aut

2064 3071 2334 3133 gestorum
2367 3062 2654 3131 iniquitate
2687 3063 3012 3133 denegatur.
3040 3061 3115 3116 lta
3158 3077 3288 3132 ergo
3315 3062 3407 3116 Dei
3439 3062 3517 3117 ira
3559 3062 3643 3115 vi-

2064 3154 2223 3208 detur
2249 3152 2522 3207 interdum
2556 3152 2719 3225 472
2737 3155 2910 3209 virtus
2931 3153 3067 3223 ipsa,
3090 3170 3211 3225 qua:
3232 3162 3429 3224 praeest
3453 3168 3644 3222 poena-

2064 3262 2181 3300 rum
2214 3246 2503 3313 ministris,
2531 3258 2721 3317 etquae
2757 3245 3020 3317 supplicia
3052 3247 3215 3301 inl‘ert
3237 3248 3640 3315 peccatoribus,

2064 3339 2200 3405 dici;
2228 3339 2371 3393 sicut
2405 3339 2700 3410 significari
2736 3340 2992 3393 existimo
3022 3339 3077 3393 in
3109 3355 3176 3392 eo
3208 3339 3350 3408 quod
3385 3338 3640 3404 refertur,

2062 3430 2189 3500 quia
2223 3430 2303 3484 ira
2328 3429 2422 3485 Dei
2448 3439 2819 3484 commoverat
2850 3428 2962 3500 (8|)
2988 3429 3155 3484 David
3178 3438 3234 3482 ttt
3258 3429 3478 3498 juberet
3506 3427 3643 3483 Joab

2062 3537 2352 3577 numerare
2381 3522 2635 3592 populum
2677 3522 2745 3579 ⁸ο.
2795 3522 2899 3577 Sed
2935 3534 2989 3574 et
3024 3522 3255 3575 ministri
3287 3522 3404 3587 ejus
3433 3521 3643 3591 signiti-

2062 3624 2255 3666 t-autur
2282 3628 2347 3666 ac
2378 3615 2541 3679 socii,
2576 3615 2628 3668 in
2659 3629 2726 3669 eo
2762 3614 2903 3682 quod
2948 3614 3173 3667 dicitur.
3213 3611 3444 3666 Immisit
3468 3613 3521 3665 in
3553 3628 3640 3666 eos

2062 3704 2197 3757 iram
2238 3702 2434 3772 furoris
2472 3705 2576 3768 sui,
2619 3703 3033 3775 tribulationem,
3069 3711 3117 3755 et
3150 3702 3285 3753 iram
3312 3718 3404 3769 per
3427 3701 3640 3775 angelos

2019 3842 2030 3854 ,
2059 3794 2252 3850 malos.
2292 3795 2567 3850 Interdum
2601 3797 2765 3849 etiam
2796 3795 2964 3862 ipsius
2998 3794 3366 3858 conscientiae,
3395 3809 3517 3849 cum
3545 3795 3641 3847 de-

2061 3890 2375 3957 linquimus,
2404 3887 2607 3944 ultores
2637 3898 2688 3942 et
2729 3888 2975 3942 vindices
3013 3887 3217 3942 stimuli
3257 3886 3338 3940 ira
3369 3886 3640 3955 appellan-

2061 3991 2150 4035 tur
2196 3981 2330 4051 (82),
2370 3981 2517 4034 sicut
2560 3980 2699 4034 idem
2746 3978 3039 4049 Apostolus
3088 3981 3220 4034 dicit
3246 3978 3290 4011 δι
3324 3991 3339 4030 :
3377 3978 3639 4032 Recondis

2060 4075 2155 4127 tibi
2189 4074 2292 4141 ipsi
2333 4074 2469 4125 irant
2509 4074 2562 4125 in
2587 4074 2675 4126 die
2713 4074 2848 4137 itte;
2875 4082 2929 4126 et
2954 4072 3079 4126 alibi
3119 4090 3131 4126 :
3164 4070 3313 4125 Inter
3340 4086 3393 4124 se
3420 4071 3638 4123 invicem

2060 4165 2464 4233 cogitationibus
2494 4164 2886 4227 accusantibus,
2918 4174 3007 4217 aut
3034 4166 3191 4217 etiant
3222 4163 3645 4231 defendentibus,

2058 4258 2111 4310 in
2141 4258 2225 4310 die
2249 4273 2364 4310 cum
2383 4257 2646 4325 judicabit
2669 4255 2811 4310 Deus
2834 4257 3041 4309 occulta
3060 4256 3328 4309 hominum
3353 4255 3416 4307 ¹⁸⁸.
3454 4253 3558 4308 Sed
3585 4263 3641 4307 et

2059 4350 2419 4403 tribulationis
2449 4348 2531 4403 vel
2562 4348 2876 4403 tentationis
2898 4348 3117 4403 alllictio
3147 4349 3228 4403 ira
3262 4348 3356 4403 Dei
3387 4348 3640 4402 nomina-

2208 4467 2253 4498 “
2281 4466 2439 4523 Rom.
2482 4466 2613 4528 1,16.
2720 4467 2765 4498 ³⁸
2792 4466 2923 4521 ibid.
2950 4466 3037 4521 17.
3143 4466 3187 4497 "
3214 4465 3403 4520 Matth.
3435 4480 3514 4530 XI,
3544 4463 3636 4519 28.

2477 4537 2576 4591 “Il
2609 4536 2740 4607 Reg.
2770 4550 2916 4605 xxtv,
2947 4538 3000 4601 1,
3027 4536 3086 4594 2.
3193 4536 3237 4567 “
3270 4536 3427 4591 Rom.
3459 4551 3521 4599 lt,
3546 4535 3635 4592 15.

447 4722 560 4795 (73)
596 4721 755 4785 Mss.,
778 4723 989 4788 primo;
1019 4723 1299 4788 Rabanus,
1330 4724 1591 4790 primum;
1614 4724 1766 4783 editi,
1787 4726 1946 4777 enim.
1983 4733 2026 4781 υ
2055 4726 2111 4776 in
2147 4725 2425 4791 iniquitate
2448 4724 2680 4777 detinent
2711 4739 2730 4777 :
2755 4723 2900 4793 quia,
2928 4731 3041 4795 etc.

377 4792 581 4848 Deinde
609 4807 711 4849 ms.
749 4808 909 4854 unus,
939 4804 1226 4859 postremos
1256 4798 1534 4857 barbaros;
1562 4796 1715 4849 editi.
1750 4803 1952 4860 postre-

375 4879 520 4917 mum
545 4878 663 4915 vero
687 4861 975 4924 barbaros;
1003 4865 1191 4917 caueri
1222 4880 1348 4918 vero
1370 4880 1503 4919 mss.
1527 4874 1584 4918 et
1613 4864 1878 4918 [tabanus
1897 4874 1954 4917 ut

377 4936 430 4987 in
469 4940 643 4986 textu.

444 5003 558 5073 (74)
599 5000 692 5055 Sic
716 5015 846 5056 mss.
871 5000 939 5054 At
967 5001 1118 5067 editi,
1148 5002 1372 5057 Iustitia
1396 5006 1532 5057 enim
1569 5003 1666 5057 Dei
1694 5004 1751 5057 in
1783 5003 1954 5058 Eran-

374 5074 534 5142 gelio,
569 5081 676 5142 etc.

448 5143 563 5208 (75)
608 5141 699 5195 Sic
733 5155 866 5195 mss.
914 5140 1121 5202 nostri;
1164 5141 1294 5195 editi
1337 5157 1496 5203 vero,
1540 5142 1767 5196 Iustitia
1808 5144 1949 5196 enim

379 5211 473 5264 Dei
503 5213 647 5280 ineo
678 5213 938 5264 reveletur
961 5227 1026 5263 es
1065 5211 1169 5277 ﬁde
1214 5212 1274 5264 in
1301 5212 1486 5280 ﬁdem,
1532 5216 1666 5265 sicut
1697 5216 1949 5273 scriptum

370 5288 482 5333 est:
500 5300 519 5332 t
536 5279 726 5333 Justus
741 5288 986 5334 autemex
1008 5280 1112 5349 ﬁde
1134 5281 1257 5349 vivit
1280 5279 1461 5349 (Rom.
1493 5298 1528 5345 ι,
1564 5282 1834 5348 17).ι.1αηι
1856 5300 1950 5337 su-
2018 5296 2028 5308 ’

375 5352 558 5422 peritis
600 5350 859 5422 diximus,
891 5348 1013 5422 etc.
1046 5348 1214 5422 Paulo
1253 5348 1374 5422 post
1416 5368 1517 5405 IIIS.
1563 5352 1760 5422 Regius
1794 5368 1948 5411 num.

379 5419 520 5475 1639
545 5418 733 5488 habet,
763 5420 974 5488 quando
1002 5421 1297 5472 crediderat
1325 5420 1454 5485 Deo,
1490 5429 1599 5475 etc.

450 5487 563 5559 (76)
603 5487 954 5559 Intelligitnr.
980 5489 1137 5545 Deest
1175 5492 1226 5543 in
1285 5492 1448 5545 editis
1493 5501 1549 5545 et
1597 5492 1650 5544 in
1700 5492 1947 5559 pluribus

378 5558 550 5620 mss;
584 5562 678 5613 sed
732 5558 1039 5613 restituitur
1086 5578 1152 5614 ex
1211 5574 1313 5613 ms.
1370 5560 1540 5628 Regio
1584 5558 1733 5616 num.
1788 5564 1945 5618 1639.

376 5630 529 5682 Alter
567 5628 770 5698 Regius
800 5645 948 5682 num.
983 5630 1141 5692 1611,
1177 5630 1341 5683 habet
1366 5632 1566 5684 dicitur
1600 5647 1701 5700 pro
1745 5634 1945 5687 intelli-

413 5703 537 5752 itur.

413 5715 537 5752 uur.

376 5715 409 5769 9
449 5768 562 5839 (77)
596 5767 691 5841 Sic
727 5784 858 5825 mss.
896 5787 912 5838 ;
941 5770 1075 5831 editi
1100 5786 1247 5841 vero,
1274 5787 1431 5839 super
1476 5785 1680 5823 omnem
1709 5771 1950 5841 impieta-

381 5847 483 5906 «ω
510 5838 557 5902 et
586 5838 902 5919 iniustitiam
933 5846 1196 5894 Itomtnum
1216 5838 1413 5905 eorum,
1439 5840 1531 5919 qui
1562 5838 1827 5903 t-eritatem
1856 5845 1946 5898 Dei

2133 4789 2243 4861 (78)
2290 4798 2360 4847 De
2399 4796 2477 4846 ira
2512 4796 2602 4848 Dei
2646 4789 2886 4863 loquitur
2912 4789 3178 4861 Origenes
3213 4793 3307 4846 lib.
3347 4810 3402 4848 tv
3436 4793 3636 4847 Contra

2060 4862 2267 4916 Celsum
2294 4880 2443 4916 nutn.
2464 4864 2551 4928 72,
2578 4865 2701 4917 etin
2722 4862 2997 4930 psalmum
3017 4865 3341 4927 secundum,
3362 4880 3481 4932 pag.
3505 4864 3634 4926 540,

2058 4933 2187 4998 541,
2225 4948 2432 4986 necnon
2466 4945 2523 4987 et
2561 4933 2781 4987 hontilia
2814 4933 2887 4986 22
2922 4934 2973 4987 in
3012 4932 3249 4999 Lucam;
3283 4939 3375 4987 sed
3414 4936 3491 4998 (ad
3525 4936 3632 4987 alia

2060 5003 2178 5058 lora
2208 5004 2294 5056 hic
2321 5004 2593 5071 respicere
2616 5005 2853 5067 videtur,
2891 5019 3012 5072 quae
3053 5005 3210 5056 modo
3245 5020 3349 5056 non
3388 5014 3627 5058 exstant.

2135 5073 2248 5142 t79)
2291 5072 2530 5126 Detineat
2567 5074 2796 5137 quidem.
2826 5075 2915 5126 sed
2953 5076 3007 5126 in
3038 5073 3299 5142 injustitia
3345 5090 3461 5127 eam
3491 5074 3630 5128 deti-

2055 5153 2198 5267 ἓωῖξ.
2236 5144 2361 5197 Hinc
2393 5144 2593 5197 omissa
2627 5146 2678 5196 in
2718 5145 2899 5206 editis,
2931 5145 3289 5197 restituuntur
3316 5160 3383 5198 ex
3415 5159 3546 5201 mss.
3574 5154 3631 5199 et

2107 5229 2299 5266 atauo.

2107 5215 2299 5266 abano.

2127 5284 2240 5352 (80)
2281 5282 2372 5337 Sic
2404 5297 2506 5335 ms.
2545 5297 2685 5335 unus
2713 5281 2918 5352 Regius
2951 5299 3101 5336 nttm.
3134 5282 3296 5337 1610.
3335 5282 3489 5336 Alter
3522 5282 3628 5338 Be-

2054 5353 2174 5434 gius
2223 5368 2371 5434 ttulit.
2413 5352 2581 5434 164,1,
2609 5357 2915 5434 secundum
2945 5356 3219 5434 rationem
3263 5362 3310 5405 et
3350 5354 3629 5434 scientiam.

2056 5422 2190 5476 iram
2224 5422 2343 5486 Dei,
2373 5432 2481 5479 etc.
2510 5422 2701 5476 Czeteri
2739 5439 2870 5476 mss.
2906 5432 2961 5475 et
2990 5424 3264 5483 Babattus,
3293 5427 3548 5475 rationem
3575 5434 3625 5475 et

2055 5495 2333 5546 scientiam
2375 5494 2511 5546 iram
2561 5492 2682 5558 Dei,
2718 5504 2823 5547 etc.
2857 5493 3027 5559 Editi,
3072 5493 3278 5546 ratione
3319 5502 3367 5545 et
3402 5492 3632 5557 scientia,

2052 5563 2190 5616 iram
2221 5562 2336 5626 Dei,
2362 5572 2466 5617 etc.

2150 5633 2238 5701 81)
2273 5633 2399 5689 Mss.
2434 5633 2678 5702 quidam,
2713 5633 2854 5702 quod
2886 5632 2968 5685 ira
3000 5631 3487 5702 Deicomrntouerit,
3516 5642 3632 5699 etc.

2053 5772 2073 5827 ι
2127 5701 2241 5827 (ῗὲ)
2283 5701 2461 5781 Editi
2508 5701 2733 5767 ultores
2767 5703 2997 5770 uindices
3052 5701 3252 5763 stimuli
3307 5705 3402 5759 ira:
3447 5704 3635 5788 appet;

2076 5790 2144 5827 an
2171 5790 2255 5827 ur.
3631 5790 3635 5823 τ

2076 5785 2260 5839 antur.
2460 5778 2461 5781 “
3495 5777 3500 5783 ’
3529 5777 3538 5788 ⁴
3631 5790 3643 5849 ί
