4170 6502
465 379 572 441 8πὸ

1948 375 2277 452 ontGENts

3641 372 3747 427 8ϋό

465 506 581 560 tur,
620 495 761 549 sicut
793 504 851 550 ct
895 494 997 550 Job
1040 495 1174 549 dicit
1207 514 1220 549 :
1251 491 1349 549 Ira
1399 505 1579 550 autem
1631 496 1840 551 Domini
1886 510 1959 551 est
2004 498 2059 549 in
2088 502 2134 555 Α
2165 495 2389 547 randum
2416 493 2630 548 videtur
2658 510 2722 550 ex
2764 495 2850 550 his
2884 511 3004 566 quae
3039 511 3067 549 a
3117 495 3404 550 Salvatore
3433 494 3697 549 dicuntur
3730 512 3744 547 ;

467 602 684 655 corpore
710 602 825 638 meo
850 576 919 639 ι³.
948 584 1059 639 Cur
1081 592 1261 640 autem
1294 586 1363 640 de
1390 585 1529 641 caelo
1561 603 1705 641 nunc
1740 588 1816 639 ira
1847 588 2057 641 dicitur

467 676 1028 731 revelari?Fortassis
1084 678 1153 731 ad
1201 676 1609 731 distinctionem
1659 678 1884 732 alterius
1935 678 2051 744 irae,

467 782 589 833 qua:
616 781 721 820 non
756 776 840 821 est
868 768 935 821 de
968 768 1130 834 coelo,
1160 778 1219 822 ut
1245 778 1328 824 est
1358 769 1491 823 illud
1524 770 1635 839 (83)
1668 788 1680 823 :
1720 769 1902 823 Furor
1927 771 2056 823 dra-

464 873 660 910 conum
706 858 880 911 vinum
929 875 1132 923 eorum,
1167 871 1213 912 et
1258 862 1411 929 furor
1440 862 1758 929 serpentium
1789 863 2058 915 insanabi-

469 948 537 1000 lis
560 947 626 1002 “.
655 947 763 1002 Aut
788 949 927 1003 forte
952 954 1094 1019 quod
1123 952 1222 1020 ipsi
1251 953 1538 1006 adversum
1565 968 1702 1021 quos
1728 969 1908 1007 sermo
1926 956 2059 1009 diri-

466 1041 638 1107 gitur,
684 1057 790 1095 non
838 1043 889 1095 in
938 1044 1267 1112 ignorantia,
1310 1044 1404 1097 sed
1450 1045 1504 1097 in
1538 1046 1767 1099 scientia
1809 1046 2057 1101 veritatis

471 1146 700 1199 peccare
735 1133 1011 1197 dicuntur,
1038 1136 1160 1188 ideo
1181 1137 1232 1188 in
1266 1151 1362 1190 eos
1397 1136 1463 1191 de
1496 1138 1638 1191 coelo
1671 1152 1833 1207 poena
1862 1138 2057 1209 dirigi-

473 1235 600 1278 tur:
628 1224 752 1278 inde
786 1226 931 1278 enim
976 1242 1261 1295 poenarum
1300 1227 1554 1282 minister
1584 1227 1696 1300 (84)
1729 1230 1925 1300 accipit
1963 1248 2060 1300 po-

472 1325 750 1373 testatem.
783 1318 876 1371 Vel
909 1332 1061 1373 certe
1101 1320 1230 1388 quia
1271 1319 1540 1387 spiritalia
1566 1322 1823 1389 nequitia:
1855 1324 2056 1377 adver—

472 1422 592 1461 sum
624 1424 744 1477 quae
787 1410 944 1463 nobis
971 1420 1248 1464 certamen
1275 1418 1361 1463 est
1394 1410 1462 1476 “,
1497 1413 1550 1466 in
1584 1414 1901 1469 coelestibus
1937 1430 2060 1469 esse

471 1501 744 1566 dicuntur,
773 1513 1171 1572 consequenter
1192 1503 1245 1556 in
1270 1518 1364 1557 eos
1384 1506 1475 1573 qui
1499 1505 1568 1559 ab
1594 1508 1676 1561 his
1702 1519 2057 1576 superantur,

472 1592 552 1645 ira
591 1592 686 1646 Dei
712 1594 776 1647 de
817 1595 957 1648 coelo
982 1595 1186 1649 dicitur
1222 1596 1456 1664 jaculari
1496 1616 1510 1651 :
1545 1598 1692 1653 velut
1730 1600 1776 1654 si
1814 1601 2061 1655 dicamus

471 1684 596 1750 quia
636 1684 803 1753 ignita
847 1687 899 1739 in
932 1702 1026 1741 eos
1062 1688 1166 1741 tela
1200 1689 1325 1744 inde
1357 1691 1675 1756 vibrantur,
1708 1700 1765 1745 et
1805 1691 2056 1757 vulnera,

467 1775 748 1844 quibusin
786 1789 1004 1847 peccata
1035 1794 1264 1836 currunt
1289 1782 1426 1854 (85),
1467 1785 1595 1839 inde
1616 1786 1921 1856 suscipiunt
1958 1804 1972 1841 :
2005 1787 2054 1840 hi

469 1881 603 1923 vero
652 1869 744 1936 qui
801 1871 965 1925 totius
1002 1874 1252 1929 veritatis
1290 1887 1544 1945 expertes
1589 1886 1737 1945 sunt,
1787 1878 1936 1933 velut
1968 1878 2058 1948 qui

471 1957 607 2010 nih‘l
634 1960 871 2014 habeant
902 1977 1196 2020 commune
1233 1983 1358 2021 eum
1384 1967 1529 2022 etelo
1563 1979 1617 2023 et
1645 1968 1786 2037 luce,
1814 1971 1950 2025 iram
1980 1971 2064 2025 vel

468 2050 730 2105 vitiorum
768 2068 1012 2119 suorum,
1082 2060 1543 2130 passionumque,
1601 2060 1684 2114 vel
1732 2064 2061 2126 daemonum,

469 2141 671 2209 quibus
702 2157 763 2198 se
784 2156 977 2212 sponte
1012 2149 1392 2214 subdiderunt,
1417 2150 1724 2221 perferunt.
1758 2152 1825 2207 In
1857 2171 2063 2209 onmem

466 2227 790 2293 impietatem
823 2242 870 2284 et
900 2233 1241 2303 iniquitatem
1271 2239 1566 2304 hominum,
1596 2242 1687 2311 qui
1714 2244 1983 2298 veritatem
2008 2246 2065 2299 in

468 2320 750 2391 iniquitate
788 2325 1019 2379 detinent
1056 2327 1123 2380 ⁸⁸.
1181 2329 1473 2399 Impietas,
1528 2334 1580 2388 in
1632 2334 1802 2388 Deum
1837 2352 2065 2405 peccare

472 2421 601 2478 est;
636 2412 919 2481 iniquitas,
953 2418 1005 2470 in
1041 2419 1310 2475 homines.
1351 2422 1408 2476 ln
1447 2422 1617 2478 Dcmn
1642 2440 1772 2496 ergo
1799 2438 1855 2481 et
1886 2427 1937 2480 in
1966 2428 2064 2483 lto-

474 2505 649 2560 mines
681 2516 909 2575 peccant
932 2510 1022 2579 qui
1061 2513 1349 2568 veritatem
1384 2516 1438 2570 in
1472 2516 1762 2586 iniquitate
1795 2520 2060 2576 detinent.

468 2595 645 2662 Quam
686 2601 974 2656 veritatem
1021 2606 1312 2674 agnovisse
1350 2609 1605 2663 credendi
1656 2620 1783 2665 sunt
1813 2612 2064 2667 homines

473 2690 814 2746 naturalibus
856 2706 906 2748 et
945 2710 976 2749 a
1008 2696 1120 2750 Deo
1151 2697 1347 2755 anima:
1372 2700 1553 2755 insitis
1570 2703 1911 2770 rationibus;
1943 2707 2067 2775 qui-

470 2781 577 2835 hus
615 2790 823 2836 tantum
863 2787 1166 2854 prudentiae
1199 2788 1314 2860 (86)
1343 2805 1666 2847 concessum
1698 2805 1802 2861 est,
1829 2805 1889 2850 ut
1916 2799 2063 2866 quod

475 2881 665 2927 notum
697 2884 781 2929 est
818 2877 936 2943 Dei,
981 2878 1164 2947 idest,
1200 2882 1344 2951 quod
1367 2885 1592 2953 agnosci
1635 2887 1701 2939 de
1740 2887 1850 2941 Dco
1886 2900 2064 2958 potest

471 2977 569 3030 per
589 2965 959 3032 conjecturam
984 2978 1262 3031 creaturae,
1286 2987 1350 3027 ex
1371 2973 1454 3027 his
1475 2991 1595 3042 quae
1624 2977 1793 3031 videri
1830 2990 2065 3047 possunt

473 3054 768 3113 invisibilia
816 3059 934 3128 ejus
969 3075 1350 3131 agnoscerent.
1401 3066 1516 3122 Hoc
1561 3086 1627 3123 ex
1668 3082 1827 3140 pacto
1851 3073 2060 3142 justum

2089 1831 2137 1890 Β

2158 586 2283 653 quia
2326 582 2525 638 Filium
2562 602 2714 638 nemo
2742 588 2903 650 novit,
2939 587 3040 640 nisi
3082 587 3245 640 Pater
3280 608 3297 640 :
3331 602 3492 654 neque
3526 585 3747 639 Patrem

2158 678 2273 747 quis
2313 676 2473 741 novit,
2502 676 2607 730 nisi
2640 675 2836 743 Filius,
2872 688 2921 731 et
2953 679 3038 731 cui
3077 679 3302 732 uoluerit
3337 674 3509 729 Filius
3543 676 3750 730 revela-

2160 786 2215 822 re
2269 768 2334 819 “.
2385 767 2501 823 Non
2545 770 2688 824 enim
2731 771 3029 825 addidisset
3081 771 3217 841 (88),
3272 771 3338 824 Et
3387 771 3472 823 cui
3518 770 3739 823 voluerit

2164 859 2340 915 Filius
2369 862 2621 925 revelare.
2660 862 2765 915 nisi
2789 863 2956 916 sciret
2980 862 3193 930 aliquos
3217 877 3339 916 esse
3365 862 3562 931 quibus
3591 875 3741 915 reve-

2160 950 2208 1004 la
2220 965 2275 1004 re
2300 951 2446 1005 velit.
2969 962 2983 970 ‘

2234 1040 2321 1095 l7.
2364 1039 2668 1095 Invisibilia
2698 1044 2836 1097 enim
2866 1043 2980 1112 ejus
3009 1053 3303 1096 acreatura
3331 1042 3539 1107 mundi,
3570 1057 3662 1108 per
3681 1057 3769 1093 ea-

2159 1151 2277 1204 quae
2317 1134 2460 1203 facta
2502 1145 2649 1201 sunt,
2689 1136 2955 1191 intellecta
2996 1135 3413 1204 conspiciuntur,
3450 1143 3497 1186 et
3547 1134 3745 1201 sempi-

2161 1238 2310 1280 terna
2336 1232 2452 1297 ejus
2487 1230 2653 1282 virtus
2676 1246 2739 1282 ac
2767 1229 3014 1282 divinitas
3035 1268 3049 1292 ,
3079 1238 3137 1280 ut
3179 1228 3284 1279 sint
3313 1225 3696 1279 inexcusabile:
3725 1240 3744 1277 :

2161 1318 2283 1387 quia
2310 1335 2427 1371 cum
2449 1319 2809 1387 cognovissent
2840 1318 3032 1380 Deum,
3064 1334 3167 1370 non
3193 1319 3325 1371 sicut
3349 1316 3517 1369 Deum
3543 1316 3749 1384 magni-

2159 1410 2475 1477 ﬁcarerunt.
2518 1419 2609 1463 aut
2647 1413 2849 1479 gratias
2888 1421 3145 1478 egerunt;
3180 1410 3271 1461 sed
3322 1418 3644 1462 evanuerunt
3690 1407 3747 1459 in

2161 1501 2565 1569 cogitationibus
2610 1502 2752 1566 suis,
2795 1512 2841 1555 et
2876 1501 3308 1554 eontenebratnm
3352 1511 3427 1553 est
3486 1499 3740 1567 insipiens

2161 1608 2253 1644 cor
2272 1608 2475 1646 eorum.
2507 1592 2749 1647 Dicentes
2774 1593 2913 1645 enim
2943 1608 2997 1645 se
3015 1607 3126 1645 esse
3143 1592 3423 1658 sapientes,
3448 1590 3598 1644 stulti
3618 1588 3748 1658 {acti

2160 1693 2306 1747 sunt,
2347 1695 2395 1737 et
2425 1686 2834 1747 immutaverunt
2861 1684 3085 1756 gloriant
3119 1682 3532 1751 incorruptibilis
3572 1681 3670 1735 Dei
3692 1682 3751 1734 in

2164 1776 2566 1829 similitudinem
2597 1776 2843 1845 imaginis
2872 1776 3232 1845 corruptibilis
3259 1775 3509 1831 hominis.
3538 1782 3587 1828 et
3602 1774 3751 1827 volu-

2166 1884 2338 1927 rrum.
2381 1877 2430 1921 et
2462 1869 2892 1938 quadrupedum,
2931 1879 2979 1922 et
3017 1868 3338 1937 serpentium
3370 1867 3438 1920 '°.
3469 1865 3613 1920 Pene
3636 1865 3747 1932 jatn

2167 1960 2351 2014 dehis
2384 1960 2619 2027 singulis
2658 1961 2713 2013 in
2752 1960 3127 2028 superioribus
3166 1962 3458 2013 dissertum
3491 1965 3575 2011 est
3614 1954 3751 2027 (89).

2166 2052 2413 2105 Diximus
2444 2052 2588 2106 enim
2613 2053 2727 2106 haec
2751 2051 3003 2121 quamvis
3032 2050 3100 2105 ad
3130 2065 3320 2105 omnes
3350 2050 3598 2105 homines
3630 2048 3753 2116 qui-

2167 2143 2266 2196 bus
2288 2142 2432 2197 inest
2462 2143 2604 2196 ratio
2628 2142 2917 2207 naturalis,
2941 2143 3181 2197 maxime
3205 2151 3387 2194 tamen
3410 2149 3661 2210 spectate
3683 2139 3752 2192 ad

2165 2238 2443 2307 sapientes
2467 2236 2626 2304 hujus
2659 2235 2871 2299 mundi,
2909 2245 2966 2290 et
2993 2251 3087 2289 eos
3105 2235 3196 2303 qui
3230 2232 3543 2303 phiIOSOphi
3575 2230 3724 2286 nomi

2167 2337 2389 2395 nantur,
2413 2331 2613 2398 quibus
2636 2329 2907 2397 prascipue
2941 2339 3226 2381 creaturas
3251 2326 3462 2392 mundi,
3492 2335 3549 2378 et
3567 2323 3754 2379 omnia

2166 2436 2286 2490 qua
2317 2423 2369 2476 in
2419 2436 2484 2476 eo
2523 2423 2665 2475 facta
2707 2431 2854 2487 sunt,
2891 2420 3168 2473 discutere
3213 2417 3502 2488 disciplina
3544 2426 3663 2480 est,
3700 2427 3756 2470 et

2168 2528 2266 2582 per
2292 2514 2408 2567 haec
2433 2529 2553 2581 quae
2588 2513 2866 2577 videntur,
2894 2528 2955 2564 ea
2980 2526 3102 2581 quae
3128 2525 3234 2564 non
3261 2510 3515 2564 videntur
3544 2509 3756 2563 ratione

2167 2604 2444 2674 colligere.
2485 2604 2780 2659 Sciendum
2816 2616 2994 2658 tamen
3033 2612 3117 2657 est
3156 2603 3299 2672 quod
3333 2601 3423 2655 hic
3460 2600 3756 2655 invisibilia

2167 2713 2287 2765 quae
2305 2697 2570 2764 nominat,
2589 2699 2656 2752 de
2679 2698 2948 2751 creaturis
2963 2696 3131 2755 dicit;
3161 2696 3229 2749 de
3257 2694 3458 2763 quibus
3482 2706 3538 2750 et
3570 2694 3623 2748 iu
3655 2696 3755 2747 al.o

2168 2788 2288 2844 loco
2328 2789 2469 2843 idem
2499 2789 2792 2857 Apostolus
2819 2786 3043 2841 scribit:
3074 2787 3202 2856 quia
3237 2786 3417 2839 o’mnia
3446 2802 3539 2854 per
3561 2788 3752 2853 ipsum.

2167 2884 2220 2937 id
2268 2893 2354 2938 est
2383 2897 2480 2951 per
2510 2882 2694 2937 Jesum
2725 2881 3032 2944 Christum,
3064 2880 3212 2950 facta
3242 2886 3388 2943 sunt,
3420 2880 3524 2932 sive
3553 2893 3672 2948 qua:
3702 2878 3757 2929 in

2166 2977 2291 3029 caelo
2318 2987 2463 3039 sunt,
2489 2976 2596 3029 sive
2623 2991 2740 3046 qua:
2763 2975 2819 3028 in
2843 2983 3009 3037 terra,
3043 2972 3271 3028 uisibilia
3302 2981 3347 3024 et
3374 2968 3658 3023 invisibilia
3684 2970 3755 3022 “.

2169 3069 2236 3122 Et
2263 3069 2386 3124 ideo
2414 3079 2611 3137 praeter
2651 3084 2714 3122 ea
2760 3083 2879 3136 qua:
2912 3064 3210 3121 invisibilia
3247 3065 3415 3130 dixit,
3452 3061 3643 3117 addit:
3683 3056 3755 3112 Et

472 3149 580 3200 crit
620 3148 888 3215 judicium
935 3152 1029 3207 Dei
1066 3156 1232 3209 etiam
1274 3172 1401 3226 erga
1438 3173 1535 3215 eos
1564 3162 1655 3229 qui
1701 3172 1828 3217 ante
1859 3165 2059 3219 adven—
2087 3173 2130 3230 ο
2164 3159 2480 3229 sempiterna
2528 3159 2644 3228 ejus
2686 3160 2873 3224 virtus,
2939 3173 3005 3210 ae
3079 3156 3355 3210 dirinitas.
3396 3152 3585 3208 Virtus
3625 3167 3759 3221 ergo

473 3249 585 3292 tum
613 3240 840 3310 Christi,
865 3260 986 3299 cum
1020 3249 1295 3317 potuerint
1320 3253 1486 3305 Deum
1514 3267 1837 3322 agnoscere,
1866 3257 2065 3327 abejus

475 3331 628 3387 cultu
663 3335 1023 3406 declinantes,
1052 3341 1119 3393 ad
1152 3342 1415 3411 imagines
1450 3344 1729 3400 hominum
1758 3350 2064 3407 adorandas

470 3432 529 3476 et
567 3425 884 3481 animalium
936 3431 1302 3489 diverterunt.
1358 3433 1427 3489 Ut
1483 3439 1631 3493 enim
1687 3440 1961 3506 breviter.
2010 3455 2066 3501 et

472 3515 625 3569 omni
655 3515 708 3569 in
737 3533 901 3573 unum
925 3520 1152 3576 collecta
1186 3525 1506 3580 deﬁnitione
1534 3527 1800 3593 dicamus,
1831 3533 2065 3588 adorare

473 3607 639 3662 alium
675 3615 989 3683 quempiam
1024 3627 1223 3683 praeter
1253 3617 1364 3689 (87)
1396 3617 1640 3685 Patrem,
1672 3631 1728 3675 et
1761 3622 1978 3692 Filium,
2012 3636 2070 3681 et

474 3699 738 3765 Spiritum
767 3714 1040 3771 sanctum,
1066 3709 1364 3779 impietatis
1386 3721 1472 3766 est
1495 3712 1726 3767 crimen.
1750 3714 1893 3781 Quia
1917 3721 2061 3788 quod

474 3802 660 3846 notum
691 3805 766 3848 est
816 3796 931 3862 Dei,
966 3800 1307 3869 manifestum
1345 3812 1423 3855 est
1452 3805 1505 3856 in
1549 3803 1657 3858 illis
1686 3818 1706 3855 :
1741 3806 1881 3861 Deus
1923 3809 2066 3862 enim

474 3883 583 3937 i!!is
621 3886 974 3954 ntanifestavit
1002 3888 1067 3943 ‘7.
1097 3889 1219 3945 Jam
1251 3902 1304 3946 et
1341 3894 1597 3962 superius
1642 3896 1903 3960 diximus,
1936 3901 2066 3968 quia

476 3986 664 4030 notum
688 3988 771 4033 est
809 3980 901 4033 Dei
926 3982 1030 4037 hoc
1051 3986 1193 4052 quod
1221 3999 1287 4039 ex
1315 3986 1476 4053 hujus
1496 3988 1682 4042 mundi
1716 4004 2061 4059 consequen-

481 4068 550 4119 tia
586 4068 672 4121 vel
699 4071 1005 4129 rationibus
1020 4077 1241 4145 assequi
1270 4085 1524 4145 possunt,
1544 4079 1690 4134 sicut
1709 4091 1763 4135 et
1783 4082 1899 4151 ipse
1921 4083 2068 4153 Apo-

477 4158 651 4213 stolus
681 4175 746 4214 es
779 4166 1242 4233 consequentibus
1272 4167 1479 4223 indicat
1502 4169 1571 4236 ",
1604 4172 1792 4228 dicens
1816 4176 2068 4231 invisibi-

476 4250 548 4304 lia
573 4251 692 4321 ejus
718 4269 813 4323 per
844 4269 906 4308 ea
932 4272 1055 4326 quae
1086 4257 1227 4312 facta
1258 4271 1387 4313 sunt
1413 4263 1791 4331 contemplari.
1817 4264 2067 4336 Ignotum

478 4356 657 4400 autem
699 4347 790 4402 Dei
842 4349 1256 4422 intelligendum
1299 4365 1384 4409 est
1419 4358 1562 4412 ratio
1601 4359 1928 4416 substantia:
1951 4364 2070 4432 ejus

477 4437 564 4491 vel
589 4451 794 4495 natura:
816 4459 829 4508 ;
849 4442 1002 4510 cnjus
1024 4460 1145 4513 quae
1166 4446 1237 4500 sit
1267 4449 1592 4517 proprietas,
1624 4463 1756 4517 puto
1779 4456 1922 4522 quod
1959 4472 2068 4511 non

2170 3250 2268 3303 Dei
2295 3266 2415 3318 ane
2449 3249 2783 3317 sempiterna
2815 3257 2919 3310 est,
2941 3256 2997 3302 et
3021 3246 3284 3300 divinitas
3316 3260 3437 3313 quae
3473 3243 3758 3299 nihilomi-

2169 3358 2272 3396 nus
2296 3342 2625 3409 sempitcrna
2655 3349 2758 3401 est,
2788 3354 2855 3393 ex
2897 3338 3225 3407 conjecturis
3252 3335 3567 3407 agnoscitur
3600 3349 3755 3388 crea-

2169 3433 2519 3489 turae.Virtus
2542 3443 2623 3487 cst
2642 3446 2747 3501 qua
2765 3434 2900 3502 regit
2920 3430 3138 3495 omnia;
3165 3431 3424 3485 divinitas
3447 3444 3553 3499 qua
3585 3427 3758 3498 replet

2168 3528 2448 3582 universa.
2503 3525 2581 3578 Ex
2635 3525 2740 3577 hoc
2782 3537 2913 3592 ergo
2954 3521 3359 3576 inexcusabiles
3404 3522 3591 3575 liunt:
3630 3519 3756 3587 quia

2168 3636 2291 3676 cum
2315 3617 2703 3673 maniiestante
2735 3614 2846 3669 Deo
2879 3613 3233 3682 cognoverint
3272 3613 3386 3684 (90)
3420 3613 3621 3678 Deum,
3652 3628 3758 3665 non

2169 3714 2473 3783 utdignum
2514 3718 2599 3764 est
2628 3707 2936 3773 coluerunt,
2978 3717 3073 3760 aut
3117 3707 3325 3776 gratias
3359 3713 3626 3775 egerunt;
3662 3704 3756 3757 sed

2168 3804 2331 3877 473
2381 3818 2478 3872 per
2531 3800 2923 3871 cogitationum
2976 3812 3204 3852 suarum
3244 3797 3581 3865 vanitatem,
3618 3796 3747 3848 dum

2170 3897 2376 3949 fortnas
2408 3903 2462 3947 et
2486 3893 2755 3960 imagines
2788 3889 3074 3958 requirunt
3101 3888 3154 3943 in
3187 3889 3321 3956 Deo,
3362 3889 3414 3943 in
3442 3886 3759 3957 semetipsis

2172 3990 2266 4043 Dei
2300 3989 2594 4057 imaginem
2620 3985 3008 4055 perdiderunt,
3030 3992 3084 4038 et
3117 3984 3214 4053 qui
3237 3982 3453 4051 jactare
3476 3998 3536 4038 se
3561 3985 3614 4038 itt
3640 3983 3760 4036 luce

2171 4080 2457 4150 sapientiae
2499 4078 2848 4147 videbantur,
2883 4080 2938 4133 in
2979 4076 3284 4149 profundas
3313 4076 3560 4131 stultitiae
3606 4084 3757 4130 tene-

2171 4172 2303 4226 bras
2358 4169 2601 4225 devoluti
2645 4181 2792 4225 sunt.
2833 4170 2974 4237 Quid
3021 4169 3167 4224 enim
3202 4179 3310 4222 tam
3360 4177 3584 4231 tetrum,
3646 4176 3758 4220 tam

2173 4264 2493 4327 obscurum,
2528 4271 2749 4332 tamque
2800 4264 3173 4326 tenebrosum,
3199 4275 3360 4329 quam
3397 4258 3627 4327 gloriam
3660 4256 3760 4313 Dei

2172 4354 2241 4407 ad
2292 4352 2639 4423 corporalem
2683 4360 2740 4405 et
2788 4350 3202 4421 corruptibilem
3258 4350 3508 4403 humana:
3566 4348 3759 4404 forma:

2172 4444 2405 4516 elligiem
2431 4454 2665 4507 vertere,
2707 4452 2765 4496 ut
2796 4443 2960 4497 moris
2980 4451 3062 4495 est
3092 4440 3176 4494 his
3196 4441 3287 4510 qui
3330 4442 3622 4496 simulacra
3670 4458 3759 4495 ve-

477 4529 656 4583 solum
698 4546 796 4586 nos
845 4535 1119 4600 homines,
1162 4541 1256 4594 sed
1287 4548 1342 4593 et
1382 4557 1599 4596 omnem
1648 4543 1815 4599 lateat
1850 4558 2070 4602 creatu-
2101 4539 2148 4596 D
2176 4550 2460 4606 nerantur,
2491 4547 2545 4594 et
2573 4538 2771 4593 divina:
2798 4538 3101 4607 majestatis
3126 4538 3480 4591 eminentiam
3515 4537 3759 4591 volucri-

481 4637 595 4675 ram
635 4639 649 4676 :
679 4632 772 4676 aut
810 4624 854 4678 si
890 4626 1186 4696 aliquando
1217 4640 1403 4687 tantus
1435 4634 1543 4687 erit
1571 4643 1782 4692 natura:
1821 4642 2066 4697 rationa-

482 4712 575 4765 bili
607 4716 902 4780 profeetus,
941 4728 999 4770 ut
1030 4719 1082 4772 in
1117 4719 1262 4775 hanc
1295 4736 1517 4790 quoque
1558 4726 1732 4794 possit
1775 4735 2069 4797 pervenire

483 4803 756 4869 notitiam,
780 4805 874 4859 Dei
896 4815 984 4861 est
1005 4823 1188 4864 nosse.
1216 4808 1349 4866 Tale
1376 4812 1522 4867 enim
1550 4815 1753 4885 aliquid
1786 4820 1919 4874 mihi
1938 4838 2065 4892 spe-

588 4941 635 4973 “
654 4941 756 4999 Job
811 4962 886 5009 γι,
923 4949 978 5002 4.

1084 4950 1132 4981 ⁸⁸
1167 4951 1320 5006 Deut.
1363 4970 1538 5017 χχχιι,
1573 4956 1660 5011 55.

480 5011 530 5049 ι’
558 5011 749 5067 Matth.
780 5033 859 5084 XI,
880 5019 970 5072 27.

1047 5021 1092 5052 ⁵⁸
1120 5020 1280 5078 Rom.
1305 5039 1346 5087 Ι,
1382 5025 1473 5081 20.
1552 5027 1595 5059 ⁸²
1629 5028 1809 5085 Colos.
1840 5020 1987 5097 1,16.

482 5152 784 5280 “gata
810 5175 940 5214 mss.
975 5162 1115 5218 Editi
1148 5179 1302 5231 vero,
1332 5174 1382 5220 et
1418 5184 1671 5222 venenum
1711 5173 1954 5241 aspidum
1981 5176 2066 5229 in—

482 5295 671 5418 uti/liti)
696 5297 1151 5372 Editi,magister.
1191 5303 1356 5361 Paulo
1393 5318 1554 5377 post,
1586 5311 1851 5380 spiritales
1881 5316 2063 5385 nequi-

509 5383 596 5418 ΗΒ.

712 5439 875 5521 βειίιῑ,
905 5453 953 5496 et
980 5444 1200 5498 vulnera
1227 5447 1332 5521 qui
1352 5447 1410 5521 in
1437 5461 1650 5515 peccato
1677 5463 1919 5517 currunt,
1960 5464 2069 5508 etc.

561 5507 672 5587 (8λὸ)
716 5512 807 5587 Sic
845 5528 1035 5568 omnes
1059 5532 1193 5570 mss.
1237 5507 1379 5571 Εὐίῑὶ
1417 5507 1563 5583 vero,
1590 5522 1783 5587 quibus
1809 5507 1986 5577 tanien
2014 5507 2069 5577 id

489 5581 804 5641 prudentiae.

560 5648 673 5714 (87)
717 5652 787 5701 tta
819 5652 970 5709 editi.
1007 5654 1103 5726 Ms.
1140 5672 1270 5710 vero
1300 5657 1501 5726 Regius
1529 5676 1677 5713 num.
1711 5660 1871 5723 1639,
1909 5664 2072 5717 alium

486 5730 875 5798 Qildiil‘pwa-ler,
915 5734 1019 5798 c_t_c.
1058 5724 1254 5779 Crateri
1290 5724 1682 5798 mss—“aliquem
1715 5744 1922 5798 printer,
1961 5748 2067 5787 etc.

564 5786 674 5856 (88)
709 5786 888 5857 Alias,
928 5790 1047 5846 Non
1098 5798 1233 5849 enim
1276 5786 1488 5851 adderet
1524 5786 1618 5866 (al.
1652 5786 1881 5871 addidit)
1965 5786 2073 5860 Sed

1776 4959 1821 4992 “
1852 4960 2130 5032 Ephesm,
2181 4952 2269 5006 η-

2177 4633 2299 4695 hus,
2329 4640 2384 4683 et
2429 4630 2892 4700 quadrupedibus,
2937 4638 2993 4683 et
3035 4629 3383 4697 serpentibus
3423 4630 3760 4697 exaequare?

2248 4722 2337 4777 18.
2368 4723 2480 4778 Pro
2509 4724 2708 4793 quibus
2745 4722 2926 4775 causis
2955 4721 3261 4791 iustissime
3304 4721 3495 4789 utique
3535 4722 3757 4773 tradidit

2173 4833 2262 4870 eos
2297 4816 2444 4870 Deus
2482 4818 2537 4869 in
2565 4816 2843 4869 desideriis
2880 4815 3058 4868 cordis
3092 4829 3268 4866 eorum
3303 4813 3415 4885 (9|)
3442 4814 3496 4866 in
3527 4813 3758 4866 immun-

2376 4952 2422 4983 ⁸⁸
2446 4949 2603 5005 Rom.
2644 4966 2685 5017 ι,
2729 4949 2820 5005 18.
2924 4950 2970 4981 ⁸⁷
3000 4948 3221 5015 ιὶοιιω,
3249 4948 3338 5003 t9.
3442 4948 3488 4979 ⁵⁸
3514 4949 3646 5003 ibid.
3664 4946 3757 5002 20.

2173 5174 2278 5229 cui.
2300 5181 2406 5224 etc.

2529 5254 2661 5292 mss.
2695 5237 2835 5292 Editi
2871 5250 3037 5290 vero:
3077 5235 3216 5289 Pene
3232 5234 3350 5304 jam
3376 5234 3431 5287 in
3471 5233 3750 5303 superiori-

2176 5314 2272 5367 bus
2298 5315 2361 5363 de
2383 5312 2466 5362 his
2497 5311 2739 5362 omnibus
2775 5311 2975 5361 dictum
2997 5317 3091 5359 est.

2268 5381 2359 5448 90)
2397 5382 2566 5441 Alias,
2595 5388 2969 5445 cognoverunt.

2268 5386 2359 5448 90)
2397 5386 2566 5441 Alias,
2595 5388 2969 5445 cognoverunt.

2247 5386 2364 5521 illi)
2408 5451 2498 5503 Sic
2542 5464 2731 5521 milites
2781 5464 2937 5510 mss.,
2990 5461 3220 5521 quorum
3247 5455 3471 5521 _ta_men_
3506 5443 3751 5521 plerique

2177 5514 2441 5575 omittunt.
2493 5518 2695 5587 utique,
2746 5528 2802 5570 et
2834 5532 2973 5569 unus
3010 5515 3211 5587 Regius
3246 5517 3430 5575 habet,
3456 5516 3509 5565 in
3543 5514 3750 5587 deside-

2180 5594 2321 5645 rium
2345 5590 2519 5642 cordis
2548 5584 2752 5642 eorum.
2790 5588 2929 5639 Editi
2957 5603 3109 5645 vero,
3154 5584 3379 5653 Promer
3405 5588 3543 5649 quod
3579 5584 3750 5635 trudi-

2179 5665 2254 5713 (Iit
2287 5661 2409 5713 illos
2449 5661 2585 5711 Deus
2614 5659 2669 5709 in
2701 5657 2963 5709 desideria
2995 5658 3169 5709 cordis
3194 5668 3396 5720 eorum,
3436 5663 3623 5713 etc.,et
3651 5654 3749 5705 ad-

2178 5735 2311 5788 dunt
2338 5731 2500 5784 Amen
2526 5730 2579 5784 in
2613 5730 2719 5783 line
2745 5738 3049 5783 contextus.
