4170 6408
372 324 478 378 865

1328 317 1686 377 COMMENT.
1728 314 1796 369 ΙΝ
1832 309 2052 367 EPIST.
2095 311 2188 365 AD
2220 311 2389 368 ΗΟΜ.
2430 313 2561 368 LIB.
2598 313 2643 369 1.

3541 321 3651 376 866

374 441 579 501 uitiata,
608 447 663 490 ut
689 437 1018 490 contumeliis
1041 433 1271 504 ofﬁciant
1304 451 1526 501 corpora
1557 450 1654 486 sua
1691 438 1745 485 in
1772 438 1949 485 semct-
1988 425 2034 480 A
2059 425 2258 480 etionis
2284 427 2618 495 apostolicm,
2659 440 2756 495 per
2794 442 2959 497 quam
2992 428 3170 486 dubiae
3196 444 3409 487 mentes
3443 433 3645 491 oll'cmli

374 532 501 599 ipsis
525 545 544 584 :
578 531 669 598 qui
700 537 1155 583 commutaverunt
1192 528 1464 582 veritatem
1501 525 1598 577 Dei
1636 525 1692 576 in
1730 523 1951 575 menda-

375 623 536 684 cium,
579 630 626 673 et
678 620 977 685 coluerunt,
1030 630 1077 673 et
1125 620 1418 673 servierunt
1472 626 1732 669 creatura:
1781 615 1952 681 potius

374 730 534 780 quant
552 712 814 781 Creatori,
833 717 922 780 qui
949 724 1023 767 est
1052 713 1347 765 benedictus
1371 711 1425 762 in
1451 709 1645 763 secula
1664 708 1806 764 "'5'.
1824 708 1954 774 Quae

375 805 610 875 singula,
645 803 1058 872 quatnvisjuxta
1088 802 1347 856 Ecclesia!
1370 799 1527 853 ﬁdem
1553 809 1955 869 consequenter

375 895 656 961 explanari
703 894 1025 957 videantur,
1079 893 1223 961 quod
1272 890 1706 960 praecedentibus
1768 890 1952 942 causis

374 989 651 1056 etilparum
703 987 827 1056 jure
855 994 909 1040 et
943 985 1138 1040 merito
1172 985 1498 1038 deserantur
1553 997 1586 1036 a
1618 982 1729 1036 Deo
1763 982 1817 1036 hi
1858 984 1948 1050 qui

373 1078 679 1139 veritatem,
708 1091 869 1144 quam
903 1074 1011 1128 Deo
1037 1071 1314 1128 revelante
1354 1082 1718 1140 cognoscunt,
1760 1071 1814 1125 in
1849 1072 1952 1124 ini-

373 1166 588 1233 quitate
616 1164 918 1229 detentant,
945 1172 1000 1218 et
1022 1177 1117 1231 per
1144 1163 1247 1215 hoc
1282 1160 1424 1229 quod
1456 1160 1805 1225 deseruntur,
1838 1172 1950 1214 tra—

373 1258 574 1311 duntur
603 1256 887 1311 desideriis
917 1256 1102 1312 cordis
1132 1255 1248 1318 sui;
1281 1268 1513 1323 quorum
1539 1252 1810 1307 desideria
1837 1267 1953 1305 cor-

373 1352 457 1405 dis
500 1351 613 1403 hare
647 1357 825 1413 erant,
880 1357 941 1402 ut
988 1346 1341 1401 immunditia
1372 1355 1428 1401 et
1456 1344 1805 1399 contumeliis
1842 1342 1951 1396 alli-

371 1453 560 1496 cerent
594 1457 823 1510 corpora
866 1456 962 1495 sua
998 1441 1053 1494 in
1089 1439 1398 1510 semetipsis
1427 1457 1442 1493 :
1470 1448 1529 1493 et
1567 1440 1712 1508 quali
1741 1439 1948 1507 judicio

370 1549 496 1602 erga
544 1533 842 1587 divinitatis
885 1533 966 1587 usi
1016 1540 1145 1586 sunt
1192 1533 1599 1587 venerationem
1650 1530 1788 1603 (99),
1819 1531 1945 1583 dntn

375 1622 466 1676 Dei
497 1622 923 1690 iucorruptibilis
946 1621 1175 1689 gloriam
1203 1621 1266 1674 ad
1296 1622 1466 1675 fmdas
1497 1631 1551 1675 et
1578 1622 1827 1691 indignas
1853 1621 1946 1674 de-

372 1711 579 1766 ducunt
608 1714 885 1767 hominum
925 1711 1008 1765 vel
1035 1711 1351 1765 animalium
1378 1711 1609 1779 formas,
1653 1712 1744 1766 tali
1775 1714 1942 1766 etiam

2053 516 2324 582 videntur,
2355 518 2583 587 aperiat.
2619 516 2963 588 Frequenter
2996 521 3047 575 in
3092 521 3396 593 Scripturis
3430 526 3646 581 inveni-

2056 626 2201 674 mus,
2237 619 2291 663 et
2326 626 2354 662 a
2390 610 2547 664 nobis
2593 624 2737 678 saepe
2795 611 3087 665 dissertum
3134 624 3239 678 est,
3283 617 3427 686 quod
3479 614 3645 671 homo

2054 700 2303 770 spiritus,
2340 711 2395 754 et
2449 716 2647 769 corpus
2676 708 2729 754 et
2767 701 2954 755 anima
3003 718 3126 757 esse
3165 706 3402 759 dicatur.
3439 705 3648 761 Verum

2053 806 2177 846 cum
2210 792 2411 846 dicitur
2439 794 2565 861 quia
2591 810 2716 846 caro
2740 797 3064 860 concupiscit
3094 796 3353 850 adversus
3378 801 3642 865 spiritum,

2053 882 2269 951 spiritus
2335 894 2511 935 autem
2562 884 2813 938 adversus
2863 902 3076 939 carnem
3107 886 3175 950 ³⁸,
3230 890 3405 941 media
3456 892 3642 958 procul

2054 972 2218 1026 dubio
2272 973 2495 1041 ponitur
2539 975 2760 1039 anima,
2814 990 2934 1044 quae
2962 977 3045 1030 vel
3097 978 3385 1034 desideriis
3415 981 3643 1047 spiritus

2054 1065 2388 1132 acquiescant,
2430 1065 2513 1118 vel
2544 1066 2609 1118 ad
2658 1067 2842 1121 carnis
2890 1070 3363 1137 concupiscentias
3415 1073 3642 1126 incline-

2055 1164 2141 1207 tur
2173 1172 2185 1207 :
2213 1164 2265 1209 et
2295 1155 2341 1209 si
2385 1157 2601 1224 quidem
2632 1172 2690 1211 se
2722 1156 2965 1225 junxerit
2992 1162 3163 1224 carni,
3219 1178 3385 1215 unum
3416 1179 3538 1216 cum
3577 1180 3641 1218 ea

2054 1263 2250 1314 corpus
2316 1249 2367 1301 in
2424 1250 2653 1303 libidine
2689 1261 2741 1304 et
2799 1254 3263 1321 concupiscentiis
3316 1254 3434 1322 ejus
3476 1256 3644 1311 edici-

2053 1340 2243 1392 tur":
2279 1340 2324 1393 si
2354 1355 2482 1394 vero
2512 1356 2570 1396 se
2608 1343 2901 1396 sociaverit
2946 1345 3193 1413 Spiritui,
3243 1363 3381 1400 unus
3413 1364 3535 1402 cum
3575 1366 3640 1404 ea

2051 1431 2275 1497 spiritus
2330 1432 2454 1486 erit.
2504 1433 2715 1488 Idcirco
2780 1434 3015 1504 denique
3048 1437 3114 1489 de
3169 1437 3257 1491 his
3307 1455 3541 1507 quorum
3577 1457 3637 1496 se

2049 1523 2247 1577 animae
2274 1537 2339 1578 ex
2366 1524 2580 1594 integro
2606 1541 2726 1579 cum
2759 1541 2925 1582 carne
2949 1527 3265 1595 junxerunt,
3288 1531 3420 1586 dicit
3454 1531 3638 1587 Domi-

2050 1629 2153 1667 nus
2201 1615 2259 1669 in
2305 1616 2651 1685 Scripturis:
2701 1617 2826 1672 Jam
2883 1635 2986 1672 non
3041 1623 3364 1687 permanebit
3418 1627 3638 1693 spiritus

2050 1720 2198 1758 meus
2228 1706 2285 1759 in
2310 1707 2615 1762 hominibus
2648 1710 2784 1774 istis,
2826 1709 2952 1780 quia
3004 1727 3130 1764 caro
3161 1722 3285 1767 sunt
3308 1714 3354 1746 ⁸⁷
3387 1732 3400 1769 :
3434 1717 3500 1770 de
3553 1717 3638 1773 his

370 1818 497 1872 erga
518 1804 837 1873 semetipsos
865 1812 1088 1858 utantur
1109 1804 1252 1870 vice,
1284 1814 1343 1857 ut
1370 1801 1725 1857 rationabiles
1765 1802 1949 1856 homi-
1981 1774 2024 1829 Β
2055 1806 2240 1849 autem
2276 1811 2508 1864 quorum
2545 1800 2727 1853 anima
2761 1800 2941 1855 fuerat
2969 1805 3185 1873 Spiritui
3219 1806 3451 1870 sociata,
3493 1808 3638 1877 Αμο-

371 1911 466 1950 nes
498 1897 680 1949 vivant
709 1912 858 1950 more
886 1895 1341 1950 irrationabilium
1376 1894 1682 1948 belluarum
1718 1910 1733 1947 :
1768 1907 1949 1948 tamen

370 1988 713 2055 requiramus
744 1989 810 2039 ah
853 1988 936 2040 his
976 1987 1071 2057 qui
1117 1987 1283 2039 Deutn
1313 1987 1517 2040 bonum
1553 1995 1757 2056 negant
1786 1988 1948 2039 etiam

367 2078 569 2147 justum
597 2094 716 2131 esse
755 2079 1017 2144 judicem,
1048 2079 1179 2147 quid
1223 2078 1589 2148 respondeant.
1620 2079 1685 2132 de
1711 2078 1796 2132 his
1826 2092 1947 2147 qum

371 2171 503 2223 dicit
530 2172 842 2238 Apostolus,
875 2171 1016 2238 quod
1042 2170 1267 2224 tradidit
1302 2185 1391 2223 eos
1430 2170 1568 2223 Deus
1591 2170 1645 2222 in
1672 2169 1948 2223 desideriis

369 2263 546 2315 cordis
569 2262 625 2315 in
655 2263 1072 2326 immunditiam,
1104 2271 1161 2314 ut
1188 2261 1523 2316 contumeliis
1548 2262 1779 2330 adiciant
1831 2277 1948 2314 cor-

368 2368 497 2419 pora
524 2368 642 2405 sua.
678 2351 958 2406 Videbitur
985 2352 1129 2405 enim
1168 2352 1219 2405 in
1253 2352 1356 2406 hoc
1380 2368 1483 2405 non
1501 2352 1675 2405 solum
1705 2351 1946 2420 ipsorum

372 2443 532 2505 ratio,
572 2458 691 2511 quo:
714 2443 931 2510 penitus
954 2443 1278 2506 excluditur,
1308 2442 1402 2497 sed
1427 2453 1481 2497 et
1505 2452 1693 2497 nostra
1720 2456 1948 2512 respon-

366 2530 449 2583 sio
474 2530 760 2583 coarctari.
797 2529 1084 2596 Quomodo
1112 2531 1256 2586 enim
1314 2530 1525 2599 justum
1556 2531 1664 2586 erit
1703 2547 1826 2586 eum
1852 2532 1944 2602 qui

369 2620 625 2684 traditur,
653 2621 904 2689 quamvis
931 2636 1030 2690 pro
1075 2621 1317 2690 peccatis
1350 2623 1620 2687 tradatur,
1663 2632 1845 2676 tamen
1879 2624 1946 2677 ad

365 2711 838 2780 concupiscentias
866 2714 1028 2775 tradi,
1056 2721 1111 2766 et
1142 2713 1211 2767 ad
1236 2714 1339 2768 hoc
1369 2714 1530 2781 tradi,
1564 2725 1623 2769 ut
1654 2715 1948 2769 immundi-

366 2801 456 2854 tiis
486 2811 541 2854 et
581 2800 1041 2870 concupiscentiis
1079 2801 1280 2857 alliciat
1310 2818 1508 2874 corpus
1563 2804 1765 2858 suum?
1793 2805 1948 2859 Sicut

365 2888 510 2942 enim
541 2890 665 2943 huic
700 2891 817 2958 qui,
842 2891 996 2944 verbi
1030 2906 1219 2954 causa,
1278 2893 1521 2948 tenebris
1583 2895 1820 2948 traditur
1878 2897 1943 2949 ad

365 2993 603 3047 pmnam,
646 2981 901 3049 imputari
933 2996 1040 3035 non
1074 2991 1251 3049 potest
1277 2984 1420 3052 quod
1452 2984 1504 3038 in
1551 2984 1786 3040 obscuro
1828 2987 1896 3042 sit
1925 3004 1940 3052 ;

363 3078 422 3125 et
445 3072 536 3140 qui
571 3072 679 3141 igni
708 3073 963 3163 traditur,
988 3072 1197 3141 culpari
1226 3090 1325 3144 pro
1354 3079 1456 3132 hoc
1484 3079 1603 3145 ipso
1631 3093 1738 3133 non
1764 3089 1944 3148 potest
1970 3104 2012 3163 ρ

366 3175 465 3213 cur
491 3171 705 3226 uratur,
764 3163 839 3217 ita
872 3161 958 3217 his
1009 3164 1102 3233 qui
1150 3164 1438 3221 desideriis
1478 3178 1535 3221 et
1583 3168 1945 3225 immunditiis

366 3253 655 3307 traduntur
681 3262 740 3307 ut
762 3256 1108 3312 contumeliis
1137 3257 1379 3313 aiilciant
1419 3274 1650 3330 corpora
1685 3274 1806 3327 sua,
1836 3278 1942 3317 non

365 3343 528 3411 digne
549 3344 822 3399 videbitur
850 3345 1127 3416 imputari,
1153 3349 1197 3404 si
1230 3350 1284 3403 in
1306 3350 1595 3405 desideriis
1623 3361 1679 3406 et
1703 3351 1945 3407 immun-

367 3432 516 3487 ditiis
565 3434 751 3503 positi,
797 3450 1029 3506 corpora
1080 3452 1176 3493 sua
1232 3441 1582 3496 contumeliis
1638 3443 1940 3498 maculent.

369 3525 609 3581 Marcion
642 3543 795 3599 ergo,
827 3540 883 3586 et
929 3547 1125 3587 omnes
1157 3534 1249 3602 qui
1282 3533 1350 3587 de
1393 3534 1579 3589 schola
1629 3533 1750 3604 ejus
1799 3536 1946 3590 velut

371 3621 705 3689 serpentium
741 3624 984 3692 germina
1014 3623 1128 3697 (93)
1170 3626 1527 3696 pullularunt,
1562 3628 1757 3683 horum
1782 3630 1945 3685 abso-

369 3712 606 3768 lutiones
630 3728 701 3767 ne
734 3724 979 3769 extremo
1005 3718 1222 3785 quidem
1253 3718 1423 3788 digito
1464 3718 1734 3787 attingere
1780 3722 1947 3775 aude-

371 3806 550 3859 bunt:
582 3805 780 3875 quippe
808 3807 897 3875 qui
929 3817 1149 3877 prepter
1185 3807 1564 3875 hujuscemodi
1613 3812 1945 3880 quaestiones

370 3899 540 3954 Vetus
570 3900 1023 3965 Iustrumentum,
1051 3901 1223 3957 sicubi
1253 3903 1392 3957 forte
1416 3905 1468 3957 in
1505 3919 1571 3959 eo
1604 3904 1713 3959 tale
1736 3905 1943 3975 aliquid

367 3990 628 4059 legerant,
693 3991 1025 4060 abiecerunt.
1071 3991 1175 4046 Sed
1237 3994 1365 4063 quid
1403 3995 1484 4048 eis
1537 3995 1761 4064 profuit,
1820 4012 1942 4050 cum

367 4082 632 4136 similibus
651 4083 1001 4137 nihilominus
1018 4083 1150 4137 Novi
1179 4083 1526 4140 Iusti-umenti
1549 4087 1944 4156 quaestionibus

368 4177 730 4239 pradocentur
757 4174 913 4248 (94)?
940 4175 1048 4231 Nos
1077 4186 1258 4231 tamen
1287 4178 1379 4245 qui
1418 4194 1585 4233 unutn
1637 4179 1808 4234 Deum
1842 4181 1942 4234 bo-

369 4278 496 4315 num
538 4274 592 4316 et
617 4262 824 4330 justum
855 4263 1016 4333 Legis
1051 4274 1105 4318 et
1130 4264 1546 4334 Prophetarum,
1597 4280 1651 4324 et
1697 4268 1941 4340 Evange-

368 4352 564 4408 liorum
598 4351 817 4408 Patrem
849 4355 1052 4411 Christi
1078 4355 1335 4423 fatemur,
1366 4358 1569 4413 eisdem
1604 4360 1944 4431 explanatio-

2054 1887 2233 1941 Stolus
2268 1888 2402 1943 dicit
2434 1905 2450 1944 :
2500 1889 2600 1943 Vos
2632 1903 2809 1945 autem
2841 1910 2942 1947 non
2973 1897 3097 1949 estis
3132 1896 3189 1949 in
3224 1913 3415 1958 carne,
3448 1903 3540 1951 sed
3580 1902 3637 1952 in

2050 1978 2245 2045 spiritu
2263 1978 2329 2031 ⁸⁸.
2367 1979 2508 2034 Sunt
2538 1992 2798 2049 praeterea
2834 1982 3001 2054 (sicut
3037 1985 3088 2039 in
3126 1987 3309 2042 multis
3340 1986 3639 2057 Scriptura:

2050 2067 2193 2124 locis
2215 2070 2548 2141 invenimus)
2573 2073 2738 2126 etiam
2773 2075 3060 2144 utriusque
3095 2079 3291 2144 partis,
3326 2079 3409 2131 vel
3433 2079 3637 2132 utrius-

2051 2172 2160 2226 que
2191 2158 2295 2213 vias
2328 2160 2571 2215 fautores
2604 2162 2826 2231 quidam
2863 2173 2918 2218 et
2952 2163 3232 2233 adjutores
3278 2167 3458 2236 angeli
3493 2166 3631 2241 (95).

2056 2248 2196 2303 Nam
2234 2252 2385 2306 carni
2435 2256 2850 2325 concupiscenti
2902 2255 3013 2327 (96)
3067 2258 3329 2313 adversus
3382 2260 3634 2327 spiritum

2049 2337 2198 2395 favet
2226 2342 2508 2412 diabolus,
2546 2355 2601 2401 et
2629 2347 2808 2416 angeli
2846 2347 2963 2416 ejus
2984 2388 2999 2413 ,
3043 2357 3100 2402 et
3136 2364 3328 2405 omnes
3357 2352 3637 2420 spiritales

2050 2433 2306 2501 nequitiae
2345 2436 2400 2488 in
2434 2436 2756 2492 coelestibus
2780 2438 2849 2505 ⁸³,
2868 2439 3160 2508 cunctique
3182 2440 3472 2495 adversum
3496 2457 3634 2511 quos

2050 2525 2360 2581 hominibus
2393 2528 2665 2583 luctamen
2690 2539 2795 2596 est,
2834 2532 3192 2601 principatus,
3223 2542 3274 2585 el
3311 2545 3632 2602 potestates,

2048 2626 2103 2668 et
2124 2618 2306 2670 mundi
2329 2616 2486 2685 hujus
2505 2628 2741 2674 rectores
2766 2624 3134 2678 tenebrarum.
3154 2623 3482 2684 Econtrario
3501 2642 3635 2684 vero

2048 2708 2263 2777 spiritui
2288 2709 2546 2765 adversus
2569 2726 2789 2767 carnem
2821 2715 3147 2780 decertanti,
3166 2717 3511 2785 animamque
3533 2720 3636 2775 hu-

2048 2815 2283 2864 manam,
2317 2816 2437 2861 qua:
2472 2804 2645 2858 media
2687 2813 2791 2868 est,
2824 2805 2891 2858 ad
2915 2820 2973 2859 se
3001 2819 3258 2862 revocare
3286 2809 3522 2875 conanti,
3548 2810 3633 2865 fa-

2044 2898 2176 2947 vent
2202 2898 2258 2946 et
2289 2889 2548 2961 adjuvant
2575 2892 2750 2963 angeli
2784 2891 2910 2946 boni
2937 2907 3130 2947 omnes
3159 2893 3232 2947 illi
3265 2893 3374 2965 (97)
3405 2894 3472 2948 de
3504 2910 3632 2965 qut-

2039 2983 2143 3038 bus
2175 2980 2440 3034 Dominus
2477 2981 2585 3046 ait,
2623 2982 2749 3051 quia
2783 2982 2957 3051 angeli
2996 2998 3179 3036 eorum
3220 3000 3422 3054 semper
3455 2985 3628 3039 vident

2043 3076 2232 3146 faciem
2259 3070 2443 3126 Patris
2469 3075 2570 3127 mei
2597 3076 2686 3142 qui
2710 3076 2766 3127 in
2786 3074 2930 3129 cretis
2955 3088 3033 3129 est
3054 3092 3072 3139 ;
3103 3082 3158 3129 et
3180 3075 3247 3129 de
3272 3076 3471 3144 quibus
3492 3078 3635 3147 Apo-

2043 3169 2212 3223 stolus
2228 3166 2296 3221 ad
2317 3164 2576 3219 Hebraeos
2609 3166 2685 3219 ait
2704 3167 2749 3198 ⁸ο
2775 3182 2788 3218 :
2819 3165 3009 3219 Nonne
3040 3183 3216 3220 omnes
3247 3176 3370 3220 sunt
3394 3169 3628 3222 ministri

2045 3255 2289 3322 spiritus,
2326 3256 2394 3306 ad
2420 3254 2775 3307 ministerium
2811 3253 2957 3307 missi
2983 3264 3196 3321 propter
3225 3271 3314 3309 eos
3351 3257 3441 3325 qui
3471 3257 3633 3311 lucre-

2046 3346 2264 3399 ditatem
2303 3345 2519 3414 capiunt
2564 3344 2753 3398 salutis
2782 3343 2861 3397 “1'
2892 3344 3064 3399 Favet
3101 3354 3159 3399 et
3193 3345 3309 3414 ipse
3351 3348 3631 3414 Dominus,

2045 3438 2247 3507 quippe
2287 3437 2379 3505 qui
2420 3437 2589 3491 etiam
2629 3437 2869 3490 animam
2897 3449 3053 3490 suam
3088 3439 3241 3505 ponit
3292 3455 3390 3508 pro
3438 3439 3634 3496 ovibus

2045 3530 2159 3584 suis
2182 3530 2249 3583 ⁶¹.
2283 3527 2388 3584 Sed
2422 3544 2490 3584 ex
2514 3539 2747 3599 utraque
2777 3540 2932 3600 parte
2955 3531 3156 3587 favoris
3187 3531 3473 3598 disciplina
3502 3546 3628 3586 ser-

2049 3633 2227 3676 vatur.
2256 3621 2377 3677 Non
2409 3622 2552 3676 enim
2586 3624 2636 3675 vi
2682 3638 2769 3677 res
2806 3623 2987 3691 agitur
3031 3622 3168 3694 (98;,
3197 3639 3370 3692 neque
3396 3624 3630 3679 necessi-

2048 3721 2158 3767 tate
2184 3714 2238 3768 in
2269 3713 2502 3767 alteram
2536 3726 2745 3783 partem
2798 3716 2978 3768 anima
3008 3716 3352 3782 declinatur;
3385 3718 3630 3787 alioquin

2046 3823 2148 3862 nec
2194 3805 2354 3875 culpa
2401 3807 2477 3869 ei,
2528 3821 2629 3860 nec
2672 3807 2846 3861 virtus
2874 3809 3286 3875 possetascribi
3315 3826 3330 3876 ;
3361 3825 3462 3864 nec
3499 3809 3625 3864 boni

2045 3898 2239 3953 electio
2272 3898 2577 3967 praemium,
2608 3913 2710 3953 nec
2766 3898 3066 3955 declinatio
3111 3900 3240 3953 mali
3300 3900 3630 3969 supplicium

2047 4003 2353 4046 mereretur
2386 4009 2400 4045 :
2437 3992 2531 4047 sed
2564 4001 2817 4045 servatur
2845 3991 2893 4045 ei
2924 3992 2976 4044 in
3010 3993 3267 4047 onmibus
3295 3993 3517 4048 libertas
3541 3994 3629 4049 sui

2045 4082 2282 4148 arbitrii,
2313 4091 2371 4136 ut
2419 4082 2475 4136 in
2516 4082 2661 4149 quod
2707 4082 2943 4136 voluerit
2996 4080 3163 4154 474
3210 4088 3326 4152 ipsa
3368 4084 3625 4148 declinet,

2044 4174 2189 4228 sicut
2223 4173 2485 4241 scriptum
2512 4180 2597 4227 est
2623 4172 2668 4203 ”
2697 4190 2713 4226 :
2748 4171 2886 4225 Ecce
2916 4175 3069 4242 posui
3098 4185 3219 4227 ante
3258 4172 3446 4240 faciem
3477 4186 3626 4228 tuam

2044 4267 2205 4319 vitam
2236 4276 2284 4318 et
2319 4272 2562 4326 mortem,
2591 4264 2762 4332 ignem
2808 4272 2859 4316 et
2892 4280 3106 4333 aquam.
3144 4263 3269 4319 Vita
3296 4280 3428 4335 ergo
3462 4265 3627 4320 Chri-

2044 4369 2162 4413 stus
2181 4367 2285 4423 est,
2319 4364 2373 4410 et
2408 4370 2556 4410 mors
2592 4356 2926 4410 novissimus
2957 4356 3230 4419 inimicus,
3259 4356 3352 4425 qui
3388 4366 3473 4410 est
3505 4357 3629 4410 dia-

370 4444 527 4500 nibus
561 4457 615 4500 et
639 4446 691 4500 in
727 4444 877 4502 Novo
923 4455 977 4501 et
1013 4448 1064 4501 in
1113 4448 1294 4502 Veteri
1328 4449 1534 4503 utimur
1564 4449 1938 4516 Testamento,
1973 4441 2019 4496 ι)
2048 4449 2226 4503 holus.
2265 4447 2439 4502 Habet
2474 4462 2605 4517 ergo
2646 4448 2700 4500 in
2734 4448 2966 4500 arbitrio
3010 4461 3110 4502 suo
3138 4450 3345 4514 anima,
3381 4450 3426 4504 si
3470 4449 3622 4515 velit,

370 4532 687 4591 invocantes
730 4552 853 4591 eum
887 4537 980 4607 qui
1010 4538 1190 4607 posuit
1236 4539 1289 4592 in
1322 4538 1454 4594 Sion
1487 4539 1722 4610 lapidem
1764 4540 1939 4598 oﬂ'cn-

367 4624 557 4688 sionis,
585 4635 641 4678 et
671 4635 878 4693 petram
900 4628 1140 4681 scandali
1159 4629 1226 4691 ³⁸,
1265 4639 1322 4682 ιιι
1362 4629 1475 4696 ipse
1502 4631 1659 4685 nobis
1700 4647 1796 4699 pcr
1818 4631 1943 4701 Spi-

368 4717 531 4770 ritum
558 4728 803 4772 sanctum
846 4735 1002 4773 suum
1041 4721 1392 4775 offensionem
1421 4732 1477 4775 et
1497 4723 1814 4777 scandalum
1866 4725 1943 4778 le-

439 4809 559 4842 “'5'
589 4809 745 4863 Rom.
786 4827 825 4874 ι,
852 4811 943 4874 24,
972 4811 1061 4866 25.

368 4895 487 4935 vm.
512 4879 566 4935 9.
664 4880 712 4912 "
739 4881 934 4948 Ephes.
965 4897 1039 4945 vt,
1071 4881 1155 4936 12.

369 4950 535 5005 Eccli.
575 4966 665 5015 xv,
691 4950 780 5013 17,
811 4950 896 5003 ts.

441 5036 556 5109 (92)
586 5039 717 5099 Mss.
756 5042 1142 5095 venerationem
1168 5056 1187 5095 :
1230 5041 1384 5108 editi,
1415 5042 1695 5106 rationem,
1720 5042 1881 5095 male.

438 5110 551 5175 (95)
582 5110 749 5173 Alias,
774 5110 1058 5179 genimina.
1232 5120 1245 5130 '

438 5178 555 5251 (94)
584 5179 682 5233 Ms.
718 5175 885 5251 unus,
934 5190 1279 5247 provocentur
1300 5196 1319 5234 :
1349 5179 1511 5246 editi,
1561 5179 1934 5250 praeferantur.

366 5250 560 5305 C:cteri
590 5264 721 5304 mss.
757 5250 957 5304 rectius
980 5289 997 5314 ,
1030 5251 1406 5316 prwrocentur.
1513 5314 1538 5316 ᾉ
1685 5268 1688 5270 ν

439 5318 553 5391 (95)
588 5317 724 5391 Sunt
746 5330 999 5384 praeterea
1019 5314 1174 5389 (sicut
1203 5321 1257 5372 in
1288 5314 1786 5391 multisScriptura:
1808 5318 1937 5391 locis

368 5387 682 5457 invenimus)
722 5391 882 5441 etiam
915 5387 1192 5458 utriusque
1218 5391 1384 5456 partis
1409 5387 1489 5444 vel
1532 5387 1808 5459 utriusque
1839 5390 1937 5444 via:

369 5464 604 5528 fautores
632 5459 848 5528 quidam
878 5468 927 5513 et
978 5460 1253 5528 adjutores
1280 5459 1473 5526 angeli.
1502 5459 1710 5512 Alludit
1761 5461 1937 5513 uianti-

369 5526 664 5583 i‘cstissime
714 5526 980 5598 Origenes
1028 5526 1096 5583 ad
1142 5539 1306 5595 caput
1349 5529 1416 5583 18
1462 5529 1708 5598 epistola:
1757 5529 1934 5583 sancti

369 5598 633 5669 Barnabas
660 5598 727 5654 de
757 5599 969 5655 duabus
991 5598 1092 5654 viis
1126 5606 1183 5653 et
1214 5600 1280 5653 de
1314 5598 1522 5668 angelis
1572 5600 1789 5669 utrique
1833 5599 1936 5653 via:

404 5668 682 5732 nepositis.

365 5685 682 5738 pneposuts.

440 5736 551 5810 (96)
577 5737 650 5793 Ita
684 5747 831 5793 recte
863 5753 996 5794 mss.
1044 5737 1310 5809 plerique.
1348 5737 1488 5793 Editi
1518 5752 1647 5795 vero
1674 5736 1933 5795 etB-aba-

1285 4885 1330 4915 ⁶⁰
1360 4885 1549 4938 Matth.
1578 4900 1733 4950 xvttt,
1767 4885 1853 4939 10.

1135 4812 1182 4845 ⁸⁵
1197 4812 1352 4868 Rom.
1381 4830 1457 4875 Ix,
1497 4814 1586 4868 55.
1663 4814 1710 4846 ⁸⁸
1742 4814 1920 4871 Galat.
1948 4817 2097 4881 v,l7.
2192 4816 2239 4847 ⁵⁸
2266 4814 2282 4868 l
2305 4813 2337 4867 C

1140 4921 1155 4936 .
1285 4885 1330 4915 ⁵ο
1360 4885 1549 4938 Matth.
1578 4900 1733 4942 xvnt.
1767 4885 1853 4939 10.
1954 4886 2169 4942 "Hebr.
2200 4901 2241 4942 ι.
2271 4886 2337 4938 14

2050 4541 2251 4611 eligere
2269 4540 2432 4593 vitam
2449 4538 2741 4599 Christum.
2762 4540 2927 4593 autin
2953 4548 3180 4595 mortem
3209 4540 3479 4595 diabolum
3509 4541 3625 4613 (99)

2047 4633 2339 4687 declinare.
2389 4630 2541 4696 Quod
2579 4630 2622 4685 si
2663 4645 2966 4698 agnoscens
3012 4630 3194 4684 anima
3232 4631 3427 4696 Deum,
3461 4632 3623 4687 Chri-

2048 4733 2189 4780 stum
2233 4724 2401 4776 vitam
2435 4737 2588 4777 suam
2621 4723 2927 4790 antpleXata
2963 4736 3066 4775 non
3095 4722 3281 4786 fuerit,
3331 4737 3431 4777 nec
3480 4725 3625 4778 sicut

2192 4816 2239 4847 ⁵⁸
2266 4814 2282 4868 l
2305 4813 2434 4870 Cor.
2459 4829 2533 4875 vt,
2573 4812 2658 4876 16,
2693 4814 2776 4869 l7.
2884 4813 2930 4845 ⁸⁷
2954 4812 3084 4868 Gen.
3116 4828 3191 4877 vt,
3221 4813 3276 4867 5.
3387 4813 3434 4845 ⁸⁸
3461 4812 3618 4867 Rom.

2479 4882 2700 4938 “Joan.
2736 4900 2792 4950 κ,
2824 4884 2913 4938 15.
3028 4882 3073 4915 ⁸³
3112 4884 3268 4938 Deut.
3321 4899 3452 4951 xxx,
3507 4885 3622 4951 15;

2045 5057 2182 5097 nus:
2211 5041 2352 5096 Nam
2378 5042 2555 5096 carnis
2584 5044 3047 5111 concupiscentiae,
3078 5055 3185 5100 etc.
3213 5043 3310 5099 Ms.
3345 5060 3483 5100 unus
3508 5044 3621 5102 Re-

2044 5114 2163 5185 gius
2176 5128 2345 5185 _nu_m.
2381 5113 2540 5177 1640,
2575 5112 2715 5166 Nam
2741 5115 2947 5168 carnali
2970 5115 3426 5185 concupiscentia,
3451 5126 3558 5170 etc.

2117 5182 2229 5254 (97)
2259 5180 2336 5235 lta
2361 5198 2551 5254 omnes
2587 5199 2743 5247 tuss.,
2766 5198 2992 5254 quorum
3028 5180 3167 5239 unus
3197 5188 3345 5240 solus
3368 5185 3538 5245 addit,
3567 5196 3621 5241 et

2044 5251 2324 5321 adjuvant.
2360 5251 2669 5324 Editiuvero
2700 5264 2756 5307 et
2786 5252 3064 5319 Rabanus,
3104 5254 3281 5324 favent
3320 5255 3493 5324 angeli
3532 5256 3621 5310 lto-

2046 5325 2246 5375 minum
2276 5337 2455 5376 omnes
2497 5322 2601 5386 illi,
2635 5333 2745 5377 etc.
2776 5324 2978 5378 Deinde
3026 5322 3220 5380 omnes
3255 5322 3469 5379 mss.’et
3508 5325 3618 5380 Ra-

2043 5391 2268 5469 banus,_
2293 5391 2485 5469 [aciem
2518 5391 2918 5469 Patris__v_estri_,
2946 5403 3050 5469 etc.
3080 5394 3185 5469 S_ed
3220 5402 3398 5469 tamen
3421 5394 3615 5469 legen-

2045 5461 2172 5533 dum
2220 5461 2433 5533 videtu_r
2461 5476 2583 5516 cum
2633 5464 2814 5526 editis,
2865 5461 3055 5533 faciem
3098 5463 3282 5518 Putris
3330 5464 3451 5531 mei,
3493 5461 3613 5520 'etc.

2044 5530 2218 5604 Paulo
2245 5540 2366 5604 post
2391 5531 2648 5604 Bahauus
2674 5543 2727 5587 et
2756 5530 2882 5604 editi
2912 5535 3169 5604 omittunt
3194 5535 3402 5604 quippe.

2114 5599 2227 5672 (98)
2266 5599 2366 5656 Ms.
2401 5603 2600 5672 liegius
2630 5620 2779 5657 nunt.
2810 5603 2976 5670 1639,
3014 5601 3139 5658 Non
3168 5599 3328 5658 enini
3349 5605 3487 5658 uires
3516 5618 3591 5675 pa

2039 5671 2194 5724 titur.

2114 5739 2225 5811 (99)
2257 5739 2423 5810 Editi,
2454 5742 2509 5797 in
2536 5753 2749 5797 mortem
2780 5743 2849 5798 ad
2877 5743 3166 5810 diabolum,
3196 5745 3358 5801 male.
