4170 6416
480 292 584 347 867

1929 277 2255 336 ORIGENIS

3648 270 3752 325 868

478 412 651 467 Deum
681 405 1145 478 magniﬁcaverit.
1177 411 1271 458 aut
1303 404 1514 471 gratias
1554 402 1754 472 egerit,
1794 402 1890 456 sed
1932 417 2064 456 eva-
2095 403 2138 459 Δ
2169 398 2222 451 111
2249 397 2396 452 omni
2432 395 2726 452 sanctitate
2761 410 2817 451 et
2843 394 3083 464 puritate
3132 408 3437 460 servemus,
3481 409 3593 464 quo
3639 410 3747 448 nou

480 501 662 556 nucrit
693 499 747 553 in
785 496 1216 566 cogitationibus
1258 496 1395 557 suis,
1426 501 1481 549 et
1508 493 1799 547 mutaverit
1830 492 2058 557 gloriam

482 590 914 659 iucorruptihilis
958 588 1053 643 Dei
1100 590 1154 642 in
1191 586 1600 642 similitudinem
1635 585 1891 654 imaginis
1937 600 2061 637 cor-

480 682 758 752 ruptibilis
811 681 1048 736 hominis
1077 690 1134 735 et
1160 680 1466 743 volucrum,
1519 685 1574 732 et
1620 675 2059 745 quadrupedum,

479 782 534 824 et
564 771 894 839 serpentium
924 770 991 836 “,
1023 781 1077 823 et
1118 772 1170 823 in
1208 770 1292 823 his
1314 768 1567 823 omnibus
1604 766 1962 821 declinaverit
1993 769 2060 820 ad

481 875 727 923 carnem,
767 871 929 928 atque
962 874 1054 913 eos
1100 860 1192 928 qui
1248 858 1432 913 carnis
1484 857 1773 911 desideriis
1833 856 2058 911 favent:

484 952 891 1020 dereliuquetnr
926 953 1044 1006 sine
1079 950 1245 1004 duhio
1280 959 1336 1003 et
1395 952 1683 1004 deseretur
1728 950 1795 1003 ab
1847 949 1929 1003 eis
1967 949 2062 1017 qni

482 1060 602 1097 eam
632 1043 818 1098 favore
851 1060 952 1098 suo
980 1052 1038 1096 ut
1067 1042 1284 1111 spiritui
1316 1041 1639 1110 jungeretur
1693 1042 2010 1095 auimahant
2043 1057 2057 1093 :

484 1145 538 1189 et
561 1136 869 1189 concedent
895 1149 1037 1197 eam,
1071 1133 1155 1187 vel
1203 1134 1416 1187 tradent
1451 1131 1530 1201 (1)
1562 1132 1849 1186 desideriis
1881 1132 2065 1187 cordis

486 1231 596 1289 sui.
630 1228 826 1297 quibus
849 1227 1001 1283 carui
1038 1226 1283 1279 sociatur
1312 1233 1366 1276 et
1396 1224 1664 1278 adhaeret.
1703 1222 1890 1292 Neque
1915 1225 2061 1278 enim

486 1322 845 1376 obsistentem
873 1334 991 1372 eam
1026 1333 1090 1372 ac
1118 1316 1497 1383 reluctantem,
1533 1319 1603 1372 ad
1628 1332 1690 1370 ea
1724 1331 1843 1384 qua:
1870 1315 2067 1386 refugit

488 1429 552 1468 ac
573 1414 777 1484 respuit
806 1414 1157 1465 revocabunt.
1176 1410 1342 1475 Cujus
1374 1410 1448 1464 rei
1470 1404 1792 1479 imaginem,
1815 1408 1861 1462 si
1890 1407 2067 1460 adhuc

464 1506 701 1559 .videtur
732 1502 984 1562 obscura,
1021 1501 1115 1553 tali
1139 1500 1373 1569 quadam
1404 1501 1586 1565 specie
1635 1500 2065 1553 manilestiorem

491 1598 896 1667 planioremque
927 1594 1235 1648 reddemus.
1271 1591 1547 1647 Ponamus
1578 1608 1699 1647 esse
1724 1592 1940 1661 aliquod
1971 1592 2068 1645 do-

491 1687 772 1749 micilium,
807 1687 861 1740 in
899 1700 1006 1753 quo
1039 1699 1161 1738 cum
1195 1699 1426 1753 corpore
1459 1693 1516 1736 et
1543 1682 1738 1753 spiritu
1764 1683 1913 1737 velut
1944 1696 2066 1735 cum

492 1781 704 1834 duobus
731 1777 1064 1833 consiliariis
1103 1777 1311 1831 habitet
1336 1778 1553 1842 anima;
1582 1792 1680 1847 pro
1703 1776 1912 1831 foribus
1937 1789 2068 1830 vero

494 1868 655 1937 hujus
694 1868 952 1923 domicilii
1010 1877 1197 1923 astare
1242 1869 1532 1936 pietatem,
1577 1882 1881 1937 omnesque
1944 1883 2068 1922 cum

491 1976 555 2015 ea
580 1961 808 2015 virtutes
843 1976 859 2012 :
892 1975 956 2014 ex
986 1960 1090 2013 alia
1122 1976 1250 2015 vero
1277 1968 1428 2028 parte
1465 1959 1822 2029 impietatem,
1850 1974 2067 2013 omnes-

493 2068 599 2121 que
631 2051 964 2106 luxuriarum
993 2068 1056 2106 ac
1081 2051 1367 2105 libidinum
1409 2053 1638 2116 formas,
1672 2061 1727 2105 et
1755 2061 2071 2120 exspectare

494 2144 689 2197 animae
718 2152 930 2208 nutum,
958 2158 1117 2212 quem
1158 2160 1225 2198 ex
1269 2144 1478 2197 duobus
1519 2159 1618 2212 pro
1647 2142 1856 2197 [oribus
1885 2144 2072 2198 obser-

493 2233 746 2287 vantibus
773 2234 995 2288 chormn
1021 2234 1290 2287 introduci
1322 2235 1389 2289 ad
1418 2248 1477 2288 se
1500 2233 2074 2302 desideret,quemre-

494 2324 647 2392 pelli.
671 2321 863 2378 Nonne
895 2324 938 2378 si
966 2325 1179 2393 spiritui
1216 2326 1624 2393 obtemperans,
1657 2335 1716 2378 et
1742 2324 1952 2379 meliori
1975 2338 2070 2378 usa

493 2415 830 2481 consiliario,
848 2416 1063 2482 pietatis
1079 2424 1131 2469 et
1157 2416 1432 2485 pudicitia:
1449 2416 1516 2470 ad
1535 2432 1593 2471 se
1610 2417 1923 2471 evocaverit
1938 2418 2073 2471 cho-

494 2523 639 2570 rum,
683 2507 770 2561 ille
817 2508 956 2561 alius
987 2520 1201 2576 spretus
1232 2510 1653 2578 repudiatusque
1677 2508 1754 2580 (Ξ)
1786 2508 2074 2563 discedet?

497 2601 555 2654 Si
591 2614 720 2653 vero
751 2599 934 2654 carnis
959 2616 1054 2654 usa
1088 2601 1353 2664 consiliis,
1392 2600 1687 2668 impietatis
1705 2603 1770 2655 ad
1790 2616 1850 2655 se
1873 2612 1929 2655 et
1953 2601 2065 2653 libi-

494 2693 642 2745 dinis
672 2688 1051 2745 introduxerit
1102 2699 1365 2756 turmam,
1415 2692 1591 2747 omnis
1636 2692 1723 2746 illa
1767 2693 2073 2747 sanctitatis

496 2793 553 2835 et
589 2783 811 2851 pietatis
855 2798 1083 2849 corona,
1133 2783 1224 2836 cui
1262 2782 1526 2837 malorum
1555 2784 1740 2836 anima
1776 2784 2071 2838 concilium

496 2871 908 2941 prmtulit,justa
941 2888 1062 2925 cum
1091 2874 1461 2942 indignatione
1493 2875 1724 2936 recedet,
1759 2875 2072 2946 relinquens

495 2981 616 3017 eam
632 2965 914 3018 desideriis
927 2965 1108 3019 cordis
1123 2967 1228 3028 sui,
1251 2976 1308 3019 ut
1326 2966 1399 3039 (5)
1420 2967 1711 3037 ignominia
1729 2977 1782 3022 et
1801 2979 2075 3023 contume-

497 3059 584 3111 liis
601 3055 796 3109 alliciat
812 3073 1009 3125 curpus
1025 3072 1179 3111 suum
1198 3058 1249 3111 in
1268 3059 1578 3126 semetipsa,
1594 3073 1712 3127 qum
1723 3061 2074 3115 commutavit

494 3149 782 3200 veritatem
821 3147 912 3201 Dei
946 3148 997 3200 in
1049 3149 1420 3213 mendacium,
1444 3161 1498 3203 et
1531 3150 1884 3206 introduceus
1915 3152 1981 3205 ad
2011 3167 2069 3207 se

497 3237 796 3307 impietatis
834 3247 888 3290 et
929 3237 1270 3292 infidelitatis
1318 3237 1394 3310 (4)
1447 3239 1787 3308 principem,
1832 3240 1963 3295 colit
2016 3252 2071 3293 et

495 3331 664 3384 servit
689 3338 871 3397 potius
891 3340 1157 3385 creaturae
1180 3348 1346 3403 quam
1370 3335 1651 3397 Lreatori,
1676 3334 1767 3402 qui
1802 3343 1886 3388 est
1906 3335 2071 3389 bene-

493 3424 674 3476 dictus
710 3422 767 3476 in
796 3422 1017 3477 sucula.
1055 3422 1263 3487 Quibus
1298 3439 1427 3479 sane
1456 3438 1519 3477 ex
1543 3426 1725 3479 causis
1758 3426 1937 3479 anima
1969 3426 2071 3479 1111-

498 3530 660 3567 mana
697 3514 828 3565 tanti
855 3512 1016 3580 hujus
1039 3513 1380 3569 discriminis
1407 3525 1514 3569 tam
1554 3516 1849 3585 ancipitem
1883 3517 2074 3571 subeat

498 3615 724 3667 statum,
765 3621 867 3658 non
915 3616 995 3659 est
1040 3607 1332 3675 praesentis
1373 3607 1475 3660 loci
1526 3608 1823 3662 discutere.
1874 3607 2072 3661 Eorum

496 3711 626 3763 ergo
653 3704 738 3748 est
775 3696 1120 3751 contumeliis
1155 3697 1371 3753 allicere
1401 3712 1635 3767 corpora
1675 3714 1794 3761 sua,
1839 3701 1930 3765 qui
1980 3700 2075 3752 de-

497 3788 737 3842 serviunt
761 3787 1067 3841 simulacris
1086 3807 1099 3842 :
1121 3800 1175 3844 et
1203 3804 1395 3843 eorum
1424 3798 1506 3844 est
1527 3789 1707 3844 colere
1733 3799 2070 3854 creaturam,

497 3880 589 3948 qui
622 3880 940 3950 reliquerint
979 3881 1318 3937 Creatorem.
1370 3880 1481 3937 Nos
1515 3893 1697 3936 autem
1738 3881 1828 3948 qui
1869 3882 2071 3937 nullam

498 3981 831 4032 creaturam,
857 3972 950 4025 sed
982 3972 1219 4038 Patrem,
1246 3981 1302 4026 et
1328 3972 1547 4035 Filium,
1574 3982 1629 4026 et
1655 3971 1915 4042 Spiritum
1955 3990 2076 4028 san-

500 4076 648 4117 ctum
680 4062 906 4117 colimus
954 4072 1008 4117 et
1046 4065 1358 4126 adoramus,
1404 4063 1544 4117 sicut
1585 4080 1693 4119 non
1721 4081 1968 4119 erramus
2019 4068 2070 4120 in

498 4156 674 4219 cultu,
715 4156 787 4209 ita
830 4171 931 4210 nec
962 4155 1017 4209 in
1056 4157 1268 4210 actibus
1299 4155 1519 4224 quidem
1562 4163 1619 4209 et
1657 4157 2076 4210 conversatione

503 4262 816 4316 peccemus;
848 4262 1021 4315 neque
1053 4247 1332 4301 imitemur
1354 4261 1449 4301 eos
1468 4246 1558 4315 qui
1588 4247 1936 4301 contumeliis
1962 4246 2075 4301 alli-

503 4342 653 4394 ciunt
693 4355 919 4409 corpora
961 4355 1055 4393 sua
1116 4339 1167 4393 in
1218 4339 1577 4409 semetipsis:
1611 4339 1705 4393 sed
1747 4341 2075 4408 aSpicientes

2163 490 2341 544 solum
2376 489 2537 559 digna
2570 489 2884 558 angelorum
2924 488 3266 557 ingressibus
3296 487 3448 551 liant,
3473 501 3661 540 verum
3692 494 3749 540 et

2166 580 2503 635 habitatione
2535 580 2775 650 Spiritus
2802 579 2998 643 sancti,
3046 590 3101 632 et
3135 580 3422 632 mansione
3454 577 3635 632 Patris
3682 593 3748 632 ac

2165 670 2285 724 Filii
2312 671 2401 740 qui
2430 670 2562 723 dicit
2591 671 2657 724 de
2674 686 2739 725 eo
2778 670 2870 741 qui
2899 670 2951 722 in
2982 671 3256 724 mandatis
3281 670 3397 722 suis
3422 676 3747 736 permanet:

2165 760 2278 830 Ego
2339 775 2386 815 et
2440 760 2600 815 Pater
2659 763 2946 824 veniemus,
2989 770 3038 814 et
3083 763 3412 815 mansionem
3443 761 3586 831 apud
3627 778 3749 815 eum

2164 855 2419 923 faciemus
2444 854 2510 909 ⁸⁸.

2238 948 2324 1003 19.
2355 946 2640 1013 Propterea
2669 948 2889 1000 tradidit
2918 947 3035 1001 illos
3070 946 3208 1001 Deus
3228 948 3281 1001 in
3306 947 3576 1015 passiones
3600 945 3754 1012 igno-

2165 1042 2363 1094 miniae.
2398 1038 2539 1092 Nam
2570 1050 2616 1092 et
2648 1040 2858 1107 femina?
2882 1057 3061 1093 eorum
3091 1042 3497 1095 immutaverunt
3525 1046 3755 1090 natura—

2166 1133 2265 1186 lem
2289 1148 2461 1196 usum,
2485 1133 2539 1187 in
2572 1149 2687 1186 eum
2712 1148 2864 1185 usum
2890 1133 2978 1202 qui
3001 1132 3077 1200 (5)
3096 1141 3247 1185 extra
3277 1141 3519 1183 naturam
3542 1138 3640 1183 est.
3671 1127 3759 1182 Si-

2167 1225 2548 1278 militerautem
2570 1234 2617 1277 et
2641 1222 2885 1284 masculi,
2917 1224 3098 1277 relicto
3122 1221 3356 1277 naturali
3385 1237 3484 1274 usu
3513 1220 3744 1289 [8111111111.

2167 1315 2372 1367 accensi
2406 1324 2525 1366 sunt
2558 1314 2613 1366 in
2651 1314 2974 1367 desiderium
3016 1315 3099 1367 sui
3130 1314 3185 1366 in
3226 1315 3474 1373 invicem,
3522 1310 3747 1365 masculi

2166 1406 2221 1459 in
2266 1406 2526 1459 masculos
2568 1407 2953 1473 turpitudinem
3004 1417 3303 1474 operantes,
3350 1415 3397 1458 et
3438 1403 3749 1465 mercedem,

2166 1513 2324 1563 quam
2355 1499 2610 1565 oportuit,
2659 1502 2855 1551 erroris
2905 1500 2989 1553 sui
3017 1499 3071 1551 in
3099 1499 3389 1564 semetipsis
3424 1496 3748 1564 recipientes.

2170 1586 2237 1640 Et
2266 1590 2403 1640 sicut
2442 1605 2545 1641 non
2588 1591 2936 1655 probaverunt
2983 1588 3152 1642 Deum
3179 1588 3369 1641 habere
3399 1587 3455 1639 in
3483 1586 3750 1649 notitiam,

2171 1680 2393 1732 tradidit
2431 1679 2550 1733 illos
2582 1680 2723 1734 Deus
2758 1681 2815 1733 in
2855 1681 3129 1750 reprobum
3176 1696 3408 1744 sensum,
3460 1689 3515 1731 ut
3554 1676 3752 1746 faciant

2100 1762 2141 1816 Β
2169 1788 2229 1824 ea
2256 1788 2372 1840 qua:
2395 1789 2499 1824 non
2526 1774 2859 1835 conveniunt,
2895 1772 3120 1840 repletos
3142 1772 3284 1825 omni
3306 1770 3603 1840 iniquitate,
3635 1783 3754 1819 ma-

2172 1861 2313 1925 litia,
2344 1860 2720 1929 fornicatione,
2759 1864 3014 1932 nequitia,
3044 1862 3507 1931 auaritia;plenos
3531 1860 3755 1921 invidia,

2172 1956 2493 2018 homicidiis,
2516 1956 2871 2018 contentione,
2906 1955 3051 2016 dolo,
3080 1958 3410 2025 malignitate
3442 1971 3461 2019 ,'
3504 1970 3757 2007 susurra--

2173 2058 2335 2110 tores,
2362 2046 2758 2109 obtrectatores,
2792 2047 2901 2102 Deo
2931 2048 3171 2111 odibiles,
3205 2046 3637 2110 contumeliosos,
3668 2061 3758 2097 su-

2173 2140 2378 2208 perbos,
2403 2138 2589 2202 elatos,
2624 2140 2918 2192 inventores
2951 2138 3240 2202 malorum,
3293 2140 3603 2206 parentibus
3651 2154 3757 2193 11011

2174 2230 2491 2290 obedientes,
2529 2230 2854 2299 insipientes,
2885 2231 3423 2299 incompositos;sine
3451 2231 3755 2299 affectione,

2175 2324 2373 2390 absque
2400 2322 2619 2390 (crdere,
2653 2325 2766 2377 sine
2790 2324 3178 2378 misericordia.
3215 2324 3320 2390 Qui
3348 2341 3464 2377 cum
3485 2323 3755 2394 justitiam

2178 2415 2273 2470 Dei
2306 2418 2694 2485 cognovissent,
2725 2433 2829 2470 non
2854 2418 3229 2472 intellexerunt
3262 2417 3515 2487 quoniam
3539 2418 3630 2487 qui
3669 2428 3756 2470 ta-

2176 2506 2249 2560 lia
2279 2519 2467 2577 agunt,
2501 2508 2650 2577 digni
2687 2520 2806 2560 sunt
2841 2521 3041 2572 morte;
3076 2525 3179 2562 non
3216 2509 3388 2561 solum
3426 2509 3519 2579 qui
3555 2507 3759 2576 faciunt

2175 2600 2293 2661 illa,
2319 2603 2409 2653 sed
2437 2612 2484 2652 et
2516 2601 2606 2669 qui
2645 2610 2978 2653 consentiunt
3013 2600 3329 2669 facientibus
3354 2601 3422 2657 ".
3472 2599 3759 2669 Propterea

2174 2692 2551 2746 inexcusabilis
2593 2707 2669 2756 es,
2706 2707 2735 2744 11
2766 2693 2922 2743 1101110
2958 2693 3127 2745 onmis
3157 2692 3248 2761 qui
3271 2692 3485 2762 judicas
3508 2705 3529 2746 :
3565 2693 3619 2745 111
3647 2707 3760 2762 quo

2174 2785 2493 2841 enintalium
2512 2785 2751 2851 judicas,
2783 2784 3003 2850 teipsnm
3027 2783 3365 2838 condemnas.
3394 2781 3594 2836 Eadem
3622 2783 3759 2836 enim

2175 2881 2311 2948 agis,
2340 2894 2458 2943 qua:
2475 2878 2695 2949 judicas
2720 2877 2787 2932 ⁸⁸.
2821 2875 3006 2931 Tertio
3042 2876 3347 2931 invenimus
3384 2876 3464 2946 (6)
3496 2876 3564 2931 ab
3611 2877 3758 2945 Apo—

2176 2971 2315 3024 stolo
2345 2971 2577 3038 positum
2606 2987 2619 3022 :
2656 2967 2901 3021 Tradidit
2942 2968 3065 3021 illos
3095 2965 3257 3021 Deus.
3300 2965 3369 3020 Et
3408 2968 3599 3036 primae
3627 2966 3755 3035 qui-

2176 3060 2298 3114 dem
2329 3060 2643 3115 traditionis
2675 3074 2870 3113 causas
2897 3058 3130 3120 dedit“,
3173 3057 3314 3123 Quia
3343 3074 3460 3111 cum
3484 3060 3758 3126 cognovis-

2174 3162 2287 3206 sent
2321 3150 2512 3214 Deum,
2532 3167 2636 3204 non
2665 3152 2797 3204 sicut
2821 3149 2982 3203 Deum
3008 3149 3505 3220 magni/icaverunt,
3537 3160 3625 3201 aut
3642 3165 3760 3218 gra-

2174 3246 2276 3296 tias
2307 3253 2561 3311 egerunt;
2592 3242 2681 3295 sed
2698 3248 3021 3294 evanuerunt
3041 3241 3090 3292 in
3120 3238 3524 3308 cogitationibus
3545 3240 3678 3301 suis,
3708 3249 3756 3290 et

2172 3335 2603 3389 contenebratum
2624 3343 2699 3387 est
2719 3334 2974 3394 insipiens
2994 3347 3087 3383 tor
3113 3346 3314 3386 eorum.
3335 3329 3579 3383 Dicentes
3617 3330 3756 3382 enim

2173 3443 2227 3481 se
2246 3443 2356 3479 esse
2373 3425 2819 3495 sapientes,stulti
2836 3424 2966 3492 [acti
2987 3431 3130 3486 sunt,
3148 3437 3193 3474 et
3212 3424 3619 3475 immutaverunt
3640 3419 3755 3490 glo-

2175 3520 2312 3572 riam
2358 3518 2780 3587 incorruptibllis
2818 3517 2916 3571 Dei
2956 3516 3013 3569 in
3054 3516 3461 3569 similitudinem
3512 3513 3757 3581 imaginis

2180 3609 2542 3677 corruptibilis
2573 3609 2825 3674 hominis,
2851 3616 2902 3662 et
2928 3606 3223 3671 volucrum,
3260 3615 3309 3659 et
3333 3604 3754 3672 quadrupedum,

2176 3714 2220 3756 et
2251 3688 2590 3769 serpentium.
2624 3700 2937 3766 Propterea,
2973 3701 3170 3770 inquit,
3218 3699 3440 3751 tradidit
3481 3715 3568 3751 eos
3619 3695 3757 3749 Dens

2176 3795 2231 3847 in
2259 3794 2539 3846 desideriis
2573 3793 2748 3846 cordis
2772 3808 2955 3846 eorum
2993 3793 3045 3845 in
3076 3790 3469 3846 immunditiam
3491 3828 3507 3853 ,
3541 3799 3596 3841 ut
3635 3804 3759 3840 con-

2178 3885 2409 3938 tumeliis
2434 3886 2663 3955 aﬁiciant
2697 3902 2921 3954 corpora
2943 3886 3120 3939 suain
3151 3884 3461 3951 semetipsis.
3496 3880 3759 3935 Secunda:

2180 3977 2486 4031 traditionis
2525 3992 2749 4032 causam
2798 3978 3013 4031 videtur
3036 3978 3367 4047 prmmitlere
3395 3990 3516 4029 cum
3544 3972 3759 4037 dicit",

2178 4074 2300 4141 quia
2335 4083 2783 4125 commutaverunt
2809 4072 3079 4125 veritatem
3117 4070 3214 4123 Dei
3243 4072 3296 4122 in
3330 4069 3680 4127 mendacium,
3710 4077 3757 4119 et

2179 4165 2472 4237 coluerunt.
2515 4175 2563 4217 et
2604 4166 2889 4217 servierunt
2919 4174 3178 4216 creatura:
3216 4163 3387 4231 potius
3412 4175 3567 4229 quant
3591 4156 3757 4212 Crea-

2179 4257 2303 4309 tori.
2338 4254 2642 4323 Propterea,
2670 4258 2769 4321 ail,
2817 4255 3034 4307 tradidit
3065 4252 3185 4307 illos
3220 4253 3355 4305 Deus
3405 4252 3461 4303 in
3491 4250 3757 4317 passiones

2179 4349 2504 4417 ignominiw.
2555 4348 2689 4414 Qute
2742 4359 2920 4401 tamen
2969 4347 3208 4400 secunda
3261 4344 3487 4398 traditio
3536 4343 3755 4409 gravio-

501 4430 643 4498 quod
673 4429 805 4482 dicit
849 4429 1136 4499 Apostolus
1163 4429 1251 4481 °‘:
1290 4428 1373 4481 An
1413 4428 1627 4481 nescitis
1683 4430 1812 4498 quia
1847 4447 2069 4497 corpora
2103 4431 2148 4488 D
2176 4442 2325 4494 ribus
2380 4439 2593 4508 ﬂagitiis
2650 4440 2863 4491 videtur
2912 4438 3166 4490 obnoxia.
3230 4434 3441 4488 Etenim
3502 4434 3713 4501 {entiam
3741 4474 3756 4492 .

500 4532 671 4576 vestra
709 4522 938 4574 membra
970 4520 1167 4574 Christi
1212 4523 1372 4576 sunt!
1404 4529 1462 4574 et
1505 4521 1701 4574 iterum
1729 4538 1741 4573 :
1784 4521 1925 4586 Quia
1956 4541 2073 4577 cor-

501 4630 596 4682 pus
620 4623 845 4668 uestrum
872 4613 1120 4680 templum
1149 4622 1222 4665 est
1252 4611 1480 4679 Spiritus
1507 4613 1678 4664 sancti
1702 4628 1720 4664 :
1750 4624 1805 4666 ut
1826 4617 2072 4670 membra

502 4706 729 4768 Christi,
751 4715 805 4759 et
833 4706 1089 4774 templum
1118 4706 1354 4774 Spiritus
1377 4705 1556 4758 sancti
1577 4745 1591 4768 ,
1624 4720 1853 4774 corpora
1887 4719 2068 4763 nostra

612 4817 831 4869 “llum.
854 4833 891 4876 l,
922 4816 1116 4870 2l-‘2-l.
1206 4817 1250 4848 ⁸⁸
1281 4815 1298 4868 1
1328 4816 1453 4872 Cor.
1476 4832 1551 4882 vr,
1591 4816 1780 4873 15-19.

506 4906 544 4953 1,
567 4889 629 4941 21
658 4903 776 4957 seq.
853 4887 899 4918 ⁷⁰
928 4889 1057 4941 ibid.
1090 4887 1159 4941 ‘25
1190 4904 1305 4956 seq.

579 5006 653 5077 (l)
688 5004 819 5077 Mss.
852 5005 1070 5077 quidam
1122 5014 1176 5077 et
1210 5005 1481 5069 Babanus,
1509 5014 1558 5058 et
1589 5005 1881 5059 concedunt
1928 5024 2066 5074 eam,

505 5074 598 5130 cel'
637 5074 876 5137 tradunt,
924 5076 996 5127 al.
1065 5074 1297 5139 trahunt,
1360 5085 1468 5130 etc.
1518 5077 1711 5130 Caneri
1764 5091 1895 5131 mss.
1940 5080 2072 5134 editi

506 5155 653 5200 recte
674 5156 731 5197 111
764 5147 815 5198 111
851 5155 1020 5198 textu.

577 5215 770 5338 (22th::
800 5231 926 5269 mss.
946 5226 1000 5269 et
1026 5213 1304 5270 Rabanus.
1338 5214 1481 5270 Editi
1508 5230 1663 5282 vero,
1686 5216 1827 5271 alius
1855 5217 2074 5286 spiritus

577 5305 627 5337 'm
674 5303 726 5337 111
754 5302 833 5338 us.

506 5296 833 5355 repudiatus.

575 5356 652 5420 (5)
696 5354 787 5409 Sic
814 5369 946 5410 mss.
971 5356 1146 5409 nostri
1174 5364 1227 5409 et
1259 5354 1537 5411 Rabanus.
1580 5357 1724 5412 Editi
1751 5370 1902 5418 vero,
1932 5373 2074 5426 pra:-

504 5426 699 5492 posuit.
727 5426 831 5479 ista
861 5442 978 5479 cum
1019 5426 1379 5494 indignatione
1432 5430 1652 5489 recedet,
1685 5438 1734 5481 et
1784 5429 2073 5482 membrum

506 5495 721 5557 Christi,
748 5506 795 5547 et
832 5497 1082 5560 templum
1123 5496 1558 5566 Spiritussancti
1586 5498 1904 5566 relinquens,
1953 5514 2068 5550 eam

505 5568 560 5636 in
596 5566 867 5636 desideriis
903 5567 1073 5618 cordis
1100 5570 1181 5618 sui
1215 5564 1499 5634 permittet,
1530 5578 1611 5635 ut,
1644 5564 1895 5633 etc.,nisi
1925 5567 2069 5636 quod

507 5635 751 5702 plerique
787 5635 1039 5689 011111111111
1069 5644 1139 5688 81.

576 5703 656 5775 (4)
694 5705 767 5757 Ita
817 5704 949 5758 editi
1002 5714 1058 5759 et
1110 5719 1241 5760 mss.
1281 5703 1507 5775 aliquot.
1541 5704 1640 5761 Ms.
1688 5722 1816 5763 vero
1867 5706 2066 5776 Regius

1856 4822 1901 4852 ⁶⁶
1929 4822 2085 4882 Joan.
2115 4846 2225 4894 xtv,
2251 4831 2345 4884 ‘25.

2176 4529 2339 4601 475
2379 4531 2570 4598 inquit,
2611 4530 3216 4581 eorumintmutavernnt
3260 4526 3553 4578 naturalem
3581 4539 3757 4585 usam,

2175 4623 2232 4675 in
2297 4637 2414 4675 eum
2474 4636 2625 4674 usum
2682 4620 2773 4686 qui
2822 4632 2971 4672 extra
3023 4629 3270 4671 naturam
3326 4628 3424 4670 est.
3500 4616 3758 4671 Similiter

2177 4725 2223 4767 et
2258 4716 2504 4772 masculi,
2540 4712 2719 4765 relicto
2759 4709 2993 4764 naturali
3017 4727 3115 4763 usu
3143 4709 3376 4777 fentittte,
3408 4708 3613 4761 accensi
3632 4718 3753 4760 sunt

2420 4827 2464 4858 ⁸⁷
2489 4827 2647 4881 Rom.
2685 4843 2723 4891 I,
2754 4827 2825 4880 26
2858 4840 2973 4894 seq.
3051 4824 3094 4856 ⁸⁸
3112 4824 3276 4879 1111111.
3305 4839 3364 4887 ιι,
3390 4822 3442 4877 1.
3518 4822 3563 4853 ⁸⁵
3592 4821 3753 4876 Rom.

2179 5027 2328 5065 1111111.
2362 5012 2501 5067 1659
2542 5022 2593 5065 et
2620 5009 2902 5077 Rabanus,
2931 5017 3201 5064 ueritatem
3235 5008 3331 5063 Dei
3371 5007 3668 5072 mendacio,
3706 5015 3753 5059 et

2179 5084 2519 5137 introdurens
2551 5083 2618 5134 ad
2652 5097 2707 5134 se
2736 5082 3056 5148 impietatem
3085 5089 3134 5133 et
3161 5079 3528 5149 inﬁdelitatem
3553 5077 3760 5146 (Raba-

2184 5168 2307 5215 nns,
2341 5152 2724 5219 infelicitatem)
2751 5152 2899 5213 colit,
2925 5162 3031 5203 etc.
3060 5151 3211 5204 Alter
3240 5165 3340 5204 ms.
3376 5150 3574 5219 Regius
3605 5163 3756 5219 num.

2186 5221 2344 5282 1641.
2388 5217 2658 5275 ueritatem
2698 5217 2790 5275 Dei
2817 5224 2871 5274 in
2896 5220 3193 5281 mendacio,
3236 5228 3285 5272 et
3306 5217 3653 5273 introducens
3683 5217 3754 5270 ad

2182 5309 2238 5347 se
2270 5292 2555 5360 impietatis
2587 5293 2804 5344 chorum
2837 5301 2885 5343 et
2916 5289 3267 5357 infelicitatis,
3299 5290 3445 5354 colit,
3468 5302 3576 5344 etc.

2181 5394 2190 5411 .
2255 5355 2508 5431 (5)'Editi
2541 5371 2595 5414 et
2623 5376 2726 5416 ms.
2764 5376 2904 5417 unus
2943 5355 3032 5413 hic
3052 5370 3108 5414 et
3137 5360 3191 5412 in
3216 5360 3568 5431 sequentibus
3596 5355 3757 5425 hujus

2182 5430 2470 5487 contextus
2515 5431 2739 5500 Vulgata
2776 5440 3043 5497 utuntur;
3102 5430 3198 5485 sed
3236 5430 3421 5484 caeteri
3449 5446 3552 5485 ms.
3593 5437 3653 5482 ut
3701 5431 3753 5482 iu

2184 5514 2351 5557 tex1u.

2253 5570 2329 5642 (6)
2367 5571 2443 5631 lla
2482 5585 2679 5628 omnes
2727 5586 2856 5642 mss.
2891 5569 3175 5634 Rabanus,
3225 5581 3281 5623 et
3327 5571 3495 5629 editio
3528 5565 3755 5625 Veneta.

2182 5640 2377 5698 Caneri
2413 5657 2539 5697 vero
2561 5643 2718 5707 editi,
2749 5640 2847 5696 Ter
2869 5642 3188 5708 invenimus,
3218 5652 3329 5699 etc.
