4170 6412
461 308 566 363 869

1418 301 1775 361 COMMENT.
1817 300 1883 354 ΙΝ
1926 297 2144 355 EPIST.
2185 297 2274 351 AD
2317 296 2483 352 ROM.
2528 296 2657 352 LIB.
2700 298 2742 353 Ι.

3629 301 3732 357 svo
3777 282 3787 290 ’

468 425 517 476 ‘n
568 424 887 478 desiderium
928 425 1010 478 sui
1046 426 1101 477 in
1137 424 1381 484 invicem,
1421 421 1643 475 masculi
1690 423 1746 473 iu
1781 420 2046 473 masculos
2078 422 2118 477 Α
2152 425 2258 471 tem
2287 415 2538 471 sullicere
2562 431 2624 471 ea
2652 431 2773 486 quae
2808 415 2876 470 de
2904 415 3217 471 traditionis
3246 417 3430 485 specie
3457 432 3619 488 supra
3650 421 3735 474 di-

462 516 840 581 turpitudinem
873 527 1169 585 operantes,
1193 525 1240 569 et
1275 516 1587 578 mercedem,
1608 530 1766 574 quam
1792 514 2043 580 oportuit,

461 613 658 667 erroris
681 613 766 666 sui
800 614 858 666 in
888 613 1182 679 semetipsis
1214 612 1543 678 recipientes.
1595 610 1799 663 Tertiae
1829 623 2045 677 quoque

467 706 781 759 traditionis
835 720 1032 759 causas
1065 706 1287 759 videtur
1336 705 1468 757 dare
1515 718 1638 757 cum
1683 701 1814 757 dicit
1850 703 1890 733 ⁷¹
1930 699 2043 754 :Et

462 796 594 849 sicut
619 813 723 849 non
747 796 1093 863 probaverant
1118 797 1285 850 Deum
1317 795 1506 849 [tubere
1536 794 1594 847 in
1627 794 1903 857 notitiam;
1933 805 2045 847 tra-

460 886 598 943 didit
631 890 751 944 illos
798 890 937 943 Deus
975 892 1030 944 in
1063 891 1342 958 reprobum
1391 904 1627 949 sensum,
1655 896 1712 939 ut
1745 887 1948 956 faciant
1981 904 2042 940 ea

461 995 580 1046 qum
610 996 711 1032 non
743 982 1078 1046 conveniunt,
1112 981 1333 1049 repletos
1375 980 1517 1031 omni
1548 979 1850 1048 iniquitate,
1887 979 2044 1031 mali-

463 1071 562 1131 tia,
591 1073 913 1140 catterisque
946 1071 1270 1131 sceleribus,
1302 1084 1425 1138 qua:
1473 1080 1874 1138 consequenter
1906 1086 2043 1123 enu-

464 1171 657 1213 merat.
716 1162 911 1215 Verum
976 1163 1357 1217 distinctiones
1414 1164 1534 1217 ista;
1589 1179 1882 1217 causarum
1934 1180 2039 1216 non

466 1252 593 1304 mihi
638 1252 887 1306 videntur
916 1255 1048 1307 satis
1079 1269 1381 1323 congruere
1414 1254 1480 1308 ad
1515 1270 1603 1320 ea,
1640 1271 1757 1321 qua:
1808 1255 2040 1324 singulis

461 1345 767 1415 quibusque
811 1349 1051 1415 subjecta
1107 1349 1181 1417 (7)
1245 1357 1409 1412 sunt,
1459 1348 1711 1402 crimina.
1760 1347 2042 1413 Quomodo

462 1436 606 1489 citim
642 1438 973 1505 tnrpioribus
1016 1438 1239 1509 ﬂagitiis
1271 1440 1508 1493 traditur
1543 1440 1587 1495 is
1637 1441 1728 1510 qui
1776 1452 2041 1495 creatura:

463 1530 651 1594 servit,
666 1532 836 1601 magis
852 1547 1011 1600 quam
1034 1532 1119 1584 ille
1132 1532 1223 1601 qui
1243 1532 1468 1602 gloriam
1492 1531 1923 1601 incorruptibilis
1947 1531 2038 1585 Dei

2148 516 2233 561 cta
2256 516 2404 572 sunt,
2434 508 2707 575 quomodo
2732 504 2874 560 Deus
2893 506 3105 559 tradere
3130 507 3332 561 dicitur
3357 524 3472 574 eos,
3498 525 3730 579 quorum

2149 609 2300 653 actus
2336 600 2654 653 etanimum
2703 613 2732 652 a
2773 612 2832 652 se
2864 598 3230 652 declinantem
3272 610 3327 654 et
3364 602 3731 670 indulgentem

2148 692 2295 746 vitiis
2326 692 2665 747 abhorrescit
2709 698 2763 743 et
2806 690 3033 753 deserit,
3066 696 3335 746 eteadem
3365 705 3612 762 repetere
3642 711 3734 749 su-

2149 785 2410 854 perﬂuum
2442 794 2591 854 puto.
2626 780 2742 835 Duo
2778 791 2904 836 sunt
2937 799 3068 837 sane
3099 799 3219 852 qua:
3262 784 3316 839 in
3352 787 3455 841 hoc
3491 796 3612 841 loco
3646 790 3732 841 in-

2149 880 2318 934 dicari
2372 893 2520 941 reor,
2554 891 2786 946 quorum
2815 877 3049 930 alterum
3083 878 3359 948 designari
3401 882 3614 936 videtur
3660 900 3726 938 ex

2148 972 2343 1026 altero.
2397 969 2619 1022 Certum
2672 982 2911 1035 namque
2958 977 3082 1030 est,
3120 971 3261 1035 quod
3311 970 3357 1025 si
3398 987 3726 1040 quemquam

2149 1062 2439 1117 tradiderit
2464 1059 2577 1130 (l0)
2612 1057 2755 1113 Deus
2779 1058 2861 1111 vel
2893 1059 2946 1112 in
2980 1059 3252 1115 desideria
3298 1064 3479 1117 cordis
3513 1066 3615 1128 sui,
3643 1063 3728 1121 vel

2147 1155 2202 1209 in
2231 1152 2511 1221 passiones
2559 1150 2889 1221 ignominiaa,
2932 1150 3016 1203 vel
3050 1152 3101 1203 in
3152 1153 3442 1219 reprobum
3474 1168 3720 1220 sensum,

2146 1246 2407 1300 continuo
2465 1253 2723 1311 tanquam
2775 1245 2826 1295 in
2886 1252 3031 1297 terra
3083 1244 3319 1313 pessima
3353 1252 3405 1298 ct
3454 1250 3727 1314 reproba,

2145 1338 2325 1391 omnis
2360 1335 2449 1389 illa
2487 1336 2537 1388 in
2571 1349 2636 1388 eo
2673 1334 2762 1402 qui
2799 1334 3057 1397 traditur,
3092 1349 3248 1404 seges
3274 1336 3566 1390 criminum
3615 1354 3728 1392 sur-

2144 1439 2256 1500 gat.
2289 1428 2355 1482 Et
2401 1444 2615 1482 rursum
2641 1428 2683 1481 si
2715 1428 2860 1496 quis,
2903 1443 3024 1480 cum
3057 1428 3371 1498 cognoverit
3401 1429 3589 1491 Deum,
3622 1448 3727 1486 non

2144 1522 2284 1575 sicut
2309 1517 2475 1573 Deum
2507 1517 2835 1587 magnificet,
2857 1526 2947 1571 aut
2975 1519 3183 1588 gratias
3209 1527 3351 1587 agat,
3382 1520 3475 1573 sed
3499 1522 3570 1575 sit
3605 1521 3728 1578 talis

466 1623 518 1674 in
555 1622 962 1676 similitudinem
1002 1622 1254 1689 imaginis
1280 1622 1651 1690 corruptibilis
1692 1623 1954 1684 hominis,
1984 1634 2024 1676 el

2141 1611 2362 1681 qualem
2415 1625 2510 1679 per
2536 1609 2748 1678 singula
2798 1609 3132 1677 apostolicus
3171 1624 3350 1662 sermo
3396 1611 3726 1681 descripsit,

462 1713 765 1777 volucrum,
795 1724 849 1769 et
874 1714 1312 1783 quadrupedum,
1368 1723 1423 1769 et
1463 1715 1803 1784 serpentium
1855 1726 2034 1768 muta-

462 1804 584 1858 vit?
615 1806 722 1858 Aut
748 1805 1019 1874 quomodo
1042 1821 1207 1872 supra
1237 1816 1530 1873 utrumque
1559 1807 1755 1860 horum
1791 1806 1936 1858 velut
1959 1806 2036 1877 (8)

460 1896 700 1950 examini
754 1898 966 1951 cuidam
1011 1899 1300 1951 traduntur
1352 1898 1616 1952 malorum
1673 1900 1730 1953 hi
1784 1899 1873 1967 qui
1932 1914 2036 1953 non

460 1988 827 2053 probaverunt
861 1988 1026 2042 Deum
1058 1989 1263 2043 habere
1310 1989 1363 2044 in
1397 1991 1692 2045 notitiam?
1729 1990 1884 2047 Unde
1919 2007 2038 2045 ma-

457 2080 542 2149 gis
572 2081 703 2133 mihi
739 2082 995 2137 videntur
1020 2100 1210 2138 moues
1250 2084 1332 2138 ha:
1370 2099 1572 2147 causae,
1613 2099 1735 2152 quae
1782 2085 2036 2139 traditio-

456 2171 618 2226 nibus
642 2174 872 2242 singulis
902 2175 1293 2242 przcleruntur,
1333 2175 1385 2228 in
1424 2192 1588 2230 unum
1623 2179 2035 2240 coacervandte,

457 2273 512 2315 et
566 2279 755 2319 rursus
780 2268 1156 2319 \traditionum
1202 2268 1413 2336 species
1442 2269 1494 2321 in
1532 2285 1723 2336 unmn,
1773 2282 1830 2323 ut
1861 2272 2033 2341 (verbi

456 2364 646 2421 causa)
673 2354 742 2406 ita
777 2354 1021 2408 dicamus
1056 2372 1072 2410 :
1108 2355 1373 2422 Quoniam
1397 2359 1617 2427 quidem
1648 2360 1896 2415 homines
1918 2378 2037 2415 mu-

458 2452 710 2496 taverunt
741 2444 966 2513 gloriam
1018 2446 1452 2514 incorruptibilis
1480 2448 1572 2502 Dei
1616 2450 1669 2502 in
1720 2451 2036 2505 similitudi-

456 2548 576 2587 nem
611 2535 868 2605 imaginis
916 2536 1289 2605 corruptibilis
1322 2538 1580 2603 hominis,
1616 2548 1671 2593 ει
1704 2541 1987 2595 volucrum
2014 2581 2032 2606 ,

456 2636 513 2679 et
560 2628 996 2697 quadrupedum,
1029 2640 1084 2682 et
1136 2629 1470 2697 serpentium
1500 2647 1515 2695 ;
1552 2641 1606 2685 ct
1635 2633 1761 2701 quia
1791 2649 2036 2687 comunt-

454 2728 709 2773 taverunt
756 2722 1046 2775 veritatem
1088 2721 1183 2774 Dei
1236 2722 1286 2774 in
1322 2724 1702 2788 mendacium,
1737 2734 1794 2779 et
1844 2727 2034 2781 colue-

399 2813 410 2824 '
450 2816 601 2878 runt,
644 2815 699 2861 et
721 2808 1026 2862 servierunt
1060 2820 1328 2863 creatura:
1357 2812 1535 2880 potius
1565 2829 1727 2883 quam
1759 2816 2028 2883 Creatori,

450 2912 551 2952 nec
582 2899 952 2965 probaverunt
1004 2901 1169 2954 Deum
1217 2900 1424 2956 habere
1472 2904 1526 2957 in
1577 2906 1825 2959 notitiam
1861 2924 1873 2960 :
1907 2923 2030 2977 pro-

447 2997 570 3057 pter
596 2990 712 3044 bzec
731 2992 912 3045 omnia
949 2992 1174 3045 tradidit
1205 3008 1300 3048 eos
1332 2994 1474 3049 Deus
1506 2996 1557 3051 in
1582 2997 1869 3052 desideriis
1900 2972 2025 3053 cor-
2055 2972 2092 3029 ί

448 3079 534 3133 dis
555 3095 744 3134 eorum
782 3082 834 3135 in
862 3083 1288 3149 immunditiam,
1321 3096 1381 3141 ut
1419 3090 1765 3145 contumeliis
1785 3090 2025 3146 afﬁciant

447 3188 678 3241 corpora
713 3188 844 3237 sua;
896 3184 948 3228 et
981 3175 1208 3229 tradidit
1238 3191 1331 3230 eos
1366 3178 1420 3231 in
1467 3182 1752 3248 passiones
1785 3184 2021 3252 ignomi-

444 3267 572 3327 niae,
597 3275 657 3318 ut
683 3264 897 3320 femina:
919 3281 1106 3320 eorum
1133 3266 1485 3325 immutarunt
1506 3274 1810 3327 naturalem
1842 3291 2019 3340 usum,

447 3356 500 3408 in
530 3372 652 3410 eum
684 3359 776 3426 qui
812 3367 966 3411 extra
1006 3373 1259 3417 naturam
1288 3375 1398 3419 est.
1431 3364 1698 3419 Similiter
1722 3382 1937 3436 quoque
1968 3379 2023 3422 et

446 3449 666 3501 masculi
696 3449 796 3519 (9).
826 3450 1015 3505 relicto
1040 3454 1276 3508 naturali
1315 3472 1413 3510 usu
1460 3456 1697 3521 femina,
1727 3460 2024 3512 accenden-

446 3548 533 3591 tur
564 3540 617 3592 in
649 3541 978 3596 desiderium
1016 3545 1101 3599 sui
1153 3546 1409 3613 invicem,
1450 3552 1683 3604 masculi
1719 3551 1771 3604 in
1808 3567 2020 3605 inascu-

447 3628 527 3682 los
575 3633 965 3700 turpitudinem
1016 3648 1328 3706 operantes.
1382 3643 1489 3697 Sed
1539 3654 1589 3697 et
1650 3646 1875 3700 tradidit
1924 3660 2018 3700 eos

443 3717 586 3776 Deus
621 3724 672 3777 in
710 3730 1000 3796 reprobum
1032 3750 1272 3803 sensum,
1308 3747 1368 3791 ut
1414 3737 1614 3792 faciant
1648 3754 1710 3793 ea
1757 3757 1878 3808 qua:
1909 3758 2016 3795 non

441 3815 792 3880 conveniunt,
821 3822 948 3889 quia
980 3834 1138 3878 erant
1162 3827 1353 3895 repleti
1385 3828 1531 3881 omni
1571 3830 1878 3898 iniquitate,
1902 3846 2016 3884 ma-

440 3903 581 3968 litia,
608 3910 958 3979 nequitiaque
989 3924 1043 3968 et
1077 3918 1329 3982 avaritia,
1366 3919 1624 3989 plenique
1662 3931 1822 3975 erant
1870 3924 2015 3977 invi-

441 3996 549 4060 dia,
580 3997 912 4067 iumicidiis,
960 4007 1334 4073 contentione,
1365 4010 1513 4074 dolo,
1544 4019 1602 4065 et
1631 4013 1868 4078 caeteris,
1891 4031 2014 4085 quae

437 4088 642 4157 scripta
698 4102 858 4158 sunt,
914 4095 1069 4149 inalis
1118 4114 1132 4149 :
1178 4102 1381 4168 quique
1427 4116 1551 4154 cum
1623 4106 2011 4170 cognovissent

431 4177 698 4247 justitiam
739 4180 853 4247 Dei,
888 4200 992 4239 non
1033 4187 1418 4244 intellexerunt
1452 4193 1594 4247 hanc
1641 4210 1783 4260 esse,
1822 4207 1883 4250 ut
1912 4199 2008 4268 qui

438 4270 565 4324 talia
597 4284 761 4336 agutit
786 4276 931 4344 digni
964 4278 1076 4331 sint
1102 4290 1296 4347 morte,
1330 4297 1436 4336 non
1467 4284 1640 4338 solum
1672 4288 1763 4354 qui
1795 4289 2007 4344 faciunt

433 4360 546 4429 illa,
587 4370 681 4417 sed
714 4374 764 4419 et
795 4368 885 4436 qui
919 4374 1264 4426 consentiunt
1295 4374 1644 4432 facientibus.
1672 4379 1736 4433 Et
1768 4381 1890 4435 ideo
1909 4399 2009 4449 pro

431 4452 518 4509 bis
546 4457 800 4511 munibus
834 4460 987 4513 malis
1032 4462 1434 4520 inexcusabiles
1468 4479 1632 4521 erunt
1662 4512 1676 4533 ,
1708 4471 1834 4523 dum
1870 4471 2008 4527 alios

431 4544 484 4598 in
527 4547 610 4599 bis
638 4587 653 4608 ,
685 4563 803 4615 quae
835 4550 931 4615 ipsi
965 4562 1173 4621 agunt,
1205 4554 1505 4611 sceleribus
1547 4566 1603 4611 et
1629 4558 1900 4627 iudicant,
1951 4571 2008 4616 et

430 4638 815 4695 condemnant.
850 4640 923 4695 De
961 4656 1019 4696 se
1060 4644 1207 4697 enim
1243 4649 1561 4713 pronuntiat
1607 4650 1753 4719 quis,
1780 4667 1902 4705 cum
1939 4653 2006 4707 de

430 4729 514 4782 his
545 4745 665 4797 quae
695 4732 811 4798 ipse
836 4733 1152 4799 committit,
1187 4734 1354 4790 alium
1385 4738 1557 4806 punit.
1599 4737 1857 4794 Arbitror
1891 4755 1996 4794 au—

472 4848 541 4907 ."
573 4847 733 4900 Rom.
760 4864 800 4912 I,
831 4847 924 4912 28,
960 4863 1074 4918 seq.

522 4942 573 5011 7)
608 4942 878 5011 Subjecta.
922 4943 1082 5005 Editi,
1118 4943 1347 5011 objecta.

518 5010 571 5072 8)
604 5010 772 5069 Velut.
804 5012 967 5076 Etliti,
998 5014 1096 5066 vel.

493 5076 570 5152 (9)
595 5082 732 5152 Elliti
767 5093 821 5133 et
857 5096 985 5134 mss.
1024 5082 1294 5152 plerique,
1321 5080 1572 5137 similiter
1601 5093 1773 5137 autem
1802 5096 1851 5139 et
1880 5103 1993 5140 ma-

419 5148 575 5207 sculi.
613 5148 717 5203 Sed
762 5165 810 5205 et
839 5151 1068 5203 tradidit
1113 5148 1233 5205 illos
1277 5152 1455 5215 Deus,
1489 5163 1620 5210 etc..
1661 5156 1877 5211 omissis
1908 5158 1994 5209 in-

422 5220 725 5293 termediis,
757 5235 877 5289 quae
924 5221 1290 5277 restituuntur
1339 5238 1405 5278 ex
1459 5237 1562 5277 ins.
1604 5222 1798 5293 Regio,
1838 5242 1989 5281 num.

2142 1702 2364 1754 dubium
2420 1714 2526 1753 non
2573 1709 2657 1752 est
2706 1697 3080 1766 hujuscemodi
3118 1700 3354 1752 animam
3412 1701 3726 1757 derelictam

2140 1806 2261 1847 esse
2291 1808 2321 1846 a
2352 1790 2485 1851 Deo,
2517 1799 2572 1844 et
2598 1790 2879 1843 traditam.
2907 1789 3099 1858 Neque
3139 1792 3289 1843 enim
3337 1793 3594 1859 possibile
3643 1799 3730 1850 est

2139 1900 2263 1939 cum
2293 1884 2376 1939 his
2408 1885 2565 1938 malis
2600 1884 2976 1938 habitaculum
3019 1899 3143 1937 esse
3171 1882 3304 1947 Deo,
3335 1895 3427 1937 aut
3464 1886 3576 1939 harc
3604 1902 3722 1941 ma-

2139 1976 2188 2029 la
2214 1978 2341 2030 inde
2366 1979 2661 2045 procedere
2694 1976 2783 2029 ubi
2819 1977 3030 2029 habitat
3062 1975 3224 2032 Deus.
3258 1978 3461 2033 Verum
3506 1986 3631 2049 quia
3667 1985 3722 2037 iu

2140 2070 2225 2123 bis
2256 2070 2428 2123 tribus
2462 2070 2746 2123 universas
2770 2069 3071 2138 impietatis
3119 2073 3332 2139 species
3370 2089 3725 2132 enumerasse

2140 2162 2361 2216 videtur
2385 2163 2705 2232 Apostolus,
2745 2162 2828 2216 vel
2855 2179 3045 2217 eorum
3089 2164 3183 2232 qui
3226 2165 3365 2219 idola
3400 2168 3611 2229 colunt,
3642 2172 3723 2224 vel

2138 2270 2325 2309 eorum
2359 2255 2452 2322 qui
2484 2264 2750 2310 creatura:
2797 2257 3113 2311 deserviunt
3155 2260 3336 2328 potius
3361 2250 3524 2330 quain
3550 2262 3721 2316 Crea-

2139 2346 2266 2410 tori,
2304 2348 2399 2400 sed
2434 2355 2701 2401 eteorum
2732 2348 2823 2416 qui
2853 2362 2958 2401 non
3009 2350 3385 2417 probaverunt
3418 2349 3583 2405 Deum
3625 2353 3723 2406 ba-

2138 2440 2267 2494 bere
2310 2441 2364 2492 in
2415 2440 2666 2493 notitiam
2703 2457 2718 2493 :
2753 2439 2807 2493 in
2840 2454 3070 2507 quorum
3106 2441 3284 2510 primo
3319 2442 3475 2497 titulo
3516 2445 3722 2513 promi-

2136 2546 2266 2587 scue
2306 2532 2524 2601 pagani,
2561 2530 2616 2585 in
2664 2530 2774 2585 alio
2816 2531 3095 2601 sapientes
3116 2547 3305 2587 eorum
3330 2545 3383 2588 et
3410 2535 3720 2605 philosophi

2136 2624 2499 2693 designantur
2537 2641 2551 2678 :
2583 2631 2717 2693 puto
2765 2624 2909 2692 quod
2960 2624 3011 2676 in
3063 2625 3167 2678 hoc
3201 2626 3362 2680 tertio
3411 2626 3721 2682 iudicentur

2134 2718 2377 2773 hzeretici
2407 2717 2493 2772 vel
2538 2727 2841 2771 creatorem
2876 2715 3047 2770 Deum
3095 2728 3377 2786 negantes,
3422 2719 3502 2772 vel
3536 2720 3720 2775 diver-

2136 2825 2226 2863 sas
2259 2809 2624 2878 blasphemias
2653 2807 2709 2862 in
2755 2807 3043 2863 Excelsum
3094 2809 3398 2878 loquentes.
3455 2811 3627 2879 igitur
3667 2815 3715 2868 si

2135 2901 2336 2970 singuli
2368 2900 2484 2971 (11)
2518 2902 2723 2969 quique
2760 2900 2979 2961 horum,
3004 2913 3142 2967 quos
3185 2916 3351 2968 supra
3396 2902 3634 2958 diximus
3660 2905 3716 2957 iu
3795 2890 3798 2894 ’

2133 2994 2285 3047 cultu
2312 2993 2619 3047 divinitatis
2654 3008 2862 3056 errare,
2886 2992 3084 3046 talibus
3113 2993 3376 3046 malorum
3416 2995 3587 3050 titulis
3615 2998 3712 3049 de-

2132 3091 2440 3157 signantur,
2493 3100 2590 3139 nos
2626 3086 2715 3154 qui
2751 3087 3004 3139 videmur
3036 3087 3086 3137 in
3136 3085 3375 3139 Ecclesia
3414 3102 3536 3141 esse
3575 3089 3715 3159 (12),
3746 3148 3751 3155 ἱ

2131 3185 2187 3231 ει
2239 3176 2400 3230 Iidem
2460 3184 2665 3228 rectam
2726 3183 2954 3237 tenere,
3006 3173 3417 3227 consideremus
3476 3184 3716 3229 nosmet-

2133 3267 2301 3337 ipsos,
2334 3272 2389 3320 et
2420 3265 2571 3319 omni
2607 3264 3105 3334 circumspectione
3132 3279 3428 3331 pensemus
3474 3282 3541 3319 ne
3573 3267 3714 3321 forte

2130 3361 2247 3415 solo
2274 3361 2342 3414 ab
2377 3360 2464 3414 his
2496 3359 2612 3413 veri
2658 3339 2836 3415 cultus
2870 3358 3091 3412 nomine
3119 3359 3396 3427 separati,
3438 3360 3602 3414 rebus
3628 3364 3711 3414 eis

2130 3464 2294 3521 atque
2330 3452 2543 3506 actibus
2577 3450 2872 3505 sociemur.
2901 3448 3125 3503 Certum
3160 3460 3246 3503 est
3272 3451 3417 3506 enim
3459 3452 3582 3519 quia
3610 3454 3709 3520 qui

2129 3544 2508 3615 (verbicausa)
2538 3542 2776 3611 repletus
2804 3549 2888 3595 est
2913 3541 3221 3608 iniquitate.
3254 3542 3484 3607 malitia,
3516 3545 3712 3613 nequi-

2129 3638 2226 3702 tia,
2281 3636 2537 3699 avaritia,
2591 3650 2698 3688 non
2732 3632 2986 3702 probavit
3017 3633 3128 3702 (1⁸5)
3187 3633 3352 3688 Deum
3403 3635 3608 3689 habere
3653 3636 3706 3689 in

2125 3727 2399 3792 notitiam,
2447 3735 2501 3778 et
2550 3734 2636 3779 est
2686 3726 2752 3778 de
2801 3738 3026 3777 numero
3069 3739 3256 3777 eorum
3297 3738 3435 3791 quos
3484 3725 3707 3778 tradidit

2124 3817 2268 3873 Deus
2297 3793 2350 3872 in
2402 3818 2697 3885 reprobum
2751 3830 2995 3870 sensum.
3031 3815 3093 3868 Et
3129 3815 3322 3869 iterum
3354 3831 3587 3885 quorum
3627 3814 3704 3869 leo

2122 3912 2302 3974 minae,
2327 3910 2435 3973 ,νει
2467 3909 2710 3969 masculi,
2752 3908 2940 3962 relicto
2968 3907 3200 3961 naturali
3237 3923 3360 3971 usu,
3396 3909 3705 3961 accendun-

2124 4011 2211 4055 tur
2234 4002 2287 4054 in
2319 4016 2440 4054 eum
2464 4014 2618 4053 usum
2642 3998 2734 4067 qui
2763 4008 2948 4052 contra
2977 4007 3227 4051 naturam
3253 4006 3355 4059 est,
3381 4007 3590 4050 certum
3619 4007 3704 4050 cst

2119 4092 2243 4161 quia
2277 4106 2344 4146 ex
2377 4092 2591 4145 illorum
2621 4105 2848 4144 numero
2872 4089 3115 4159 suntqui
3148 4089 3396 4142 serviunt
3429 4098 3699 4143 creatura:

2118 4186 2299 4254 potius
2332 4199 2493 4253 quam
2526 4183 2798 4246 Creatori,
2821 4192 2876 4236 et
2908 4197 3043 4250 quos
3080 4182 3299 4235 tradidit
3323 4181 3464 4234 Deus
3495 4181 3547 4232 iu
3572 4195 3698 4248 pas—

2117 4278 2296 4331 siones
2324 4276 2648 4345 ignominite.
2690 4274 2799 4328 Sed
2825 4285 2879 4329 et
2912 4276 2956 4330 si
2989 4275 3079 4344 qui
3111 4274 3163 4328 in
3195 4272 3536 4326 immunditia
3565 4285 3701 4327 con-

2119 4371 2358 4424 tumeliis
2394 4368 2633 4421 alliciant
2677 4382 2907 4435 corpora
2956 4381 3090 4430 sua,
3144 4381 3207 4419 ex
3264 4364 3368 4419 illis
3420 4374 3546 4417 sunt
3594 4364 3689 4431 qui

2115 4472 2585 4519 commutaverunt
2611 4462 2835 4529 gloriam
2861 4457 3291 4528 incorruptibilis
3330 4457 3421 4510 Dei
3460 4456 3511 4509 in
3545 4456 3697 4510 siuti-

2115 4558 2396 4611 litudinem
2445 4556 2699 4625 imaginis
2745 4554 3022 4618 hominis;
3086 4552 3186 4606 nisi
3229 4551 3374 4620 quod
3410 4549 3522 4620 (l4)
3568 4566 3698 4617 gra-

2113 4649 2265 4702 viore
2293 4646 2582 4715 sacrilegio
2618 4646 2662 4699 is
2690 4645 2912 4713 qnijam
2946 4642 3120 4697 ﬁdelis
3145 4654 3249 4707 est,
3283 4641 3539 4711 templum
3571 4640 3689 4706 Dei,

2110 4758 2272 4814 quam
2318 4740 2580 4812 profanus
2609 4739 2786 4793 adhuc
2820 4739 3079 4808 templum
3131 4737 3470 4791 contaminat
3518 4737 3694 4791 idolo-

2204 5004 2286 5085 l2')
2326 5017 2486 5081 Editi,
2520 5016 2575 5069 in
2607 5004 2862 5069 Ecclesia—
2894 5004 3051 5083 fidem
3099 5004 3294 5070 reciam
3342 5027 3537 5085 tenere,
3568 5004 3682 5081 etc.

2198 4944 2285 5017 Η)
2314 4924 2454 5000 Editi
2478 4954 2535 5017 et
2566 4960 2665 5017 ms.
2700 4960 2864 5017 unus,
2898 4944 3079 5011 Igitur
3099 4947 3316 5014 singuli.

2198 4945 2285 5017 Η)
2314 4946 2454 5000 Editi
2478 4954 2534 5000 et
2566 4960 2665 4999 ms.
2700 4960 2864 5007 unus,
2898 4945 3079 5011 Igitur
3099 4947 3316 5014 singuli.
3568 5004 3574 5013 ,

2204 5018 2265 5070 12
2326 5017 2486 5081 Editi,
2520 5016 2575 5069 in
2607 5013 2845 5069 Ecclesia
2894 5017 3051 5083 ﬁdem
3099 5028 3294 5070 rectam
3342 5027 3537 5085 tenere,
3569 5033 3664 5079 etc.

2171 4945 2286 5163 iis}
2317 5086 2412 5163 Sic
2439 5102 2572 5140 mss.
2602 5097 2657 5140 et
2684 5085 2959 5163 Rabauus.
2996 5087 3136 5140 Editi
3165 5102 3310 5154 vero,
3343 5089 3664 5163 quia'(verbi

2095 5157 2278 5224 causa)
2302 5157 2618 5224 repletus....
2640 5174 2742 5209 non
2771 5157 3051 5224 probatur,
3075 5168 3185 5212 etc.

2174 5226 2288 5300 (14)
2319 5228 2394 5300 lla
2421 5242 2523 5300 ius.
2560 5226 2763 5300 Regius
2789 5242 2938 5300 num.
2987 5226 3148 5300 1659.
3181 5226 3442 5283 Similiter
3473 5241 3528 5286 et
3561 5234 3677 5287 Ra-

423 5291 580 5345 1639.

489 5359 600 5441 (11))
632 5348 711 5441 Ita
747 5358 1081 5441 ms.._.chius
1108 5375 1259 5441 num:
1291 5360 1827 5441 16§Q._C§teri_vcro
1853 5380 1987 5441 mss.

422 5427 591 5503 uoStri
615 5470 632 5503 ,
664 5438 718 5482 et
752 5430 931 5503 editio
955 5427 1154 5503 Veneta
1188 5429 1472 5503 Theophili
1500 5432 1813 5503 Salodiani,
1844 5435 1987 5503 quod

417 5500 464 5551 si
504 5501 713 5571 quidem
755 5499 1057 5571 tradiderit,
1091 5512 1198 5552 etc.
1231 5501 1338 5553 Alii
1382 5501 1533 5571 editi,
1583 5505 1723 5571 quod
1761 5499 1987 5571 siquem

417 5569 731 5639 tradiderit,
751 5578 857 5624 etc.
888 5568 1056 5622 Paulo
1102 5579 1222 5634 post
1253 5584 1358 5623 ms.
1396 5568 1604 5639 Regius
1632 5589 1782 5627 num.
1821 5568 1982 5636 {641,

417 5639 585 5690 omnis
626 5638 767 5691 mala
801 5638 857 5691 in
889 5655 1042 5690 eo....
1086 5655 1229 5706 seges
1267 5638 1565 5703 criminum,
1599 5651 1704 5697 etc.
1741 5644 1846 5697 Sed
1879 5659 1984 5697 ca:-

416 5710 518 5760 tcri
544 5724 676 5764 mss.
715 5719 768 5763 et
794 5710 923 5763 editi
953 5719 1007 5760 ut
1035 5710 1088 5762 in
1122 5717 1286 5762 textu.

2098 5297 2297 5372 bands,
2333 5298 2433 5372 nisi
2464 5297 2612 5372 quod
2643 5297 2884 5360 omittat,
2912 5297 2965 5348 in
2998 5298 3395 5372 similitudinem
3419 5301 3681 5372 imaginis

2097 5369 2352 5440 hominis.
2394 5367 2587 5422 (ἔκιετί
2649 5381 2779 5419 vero
2815 5381 2945 5440 mss.
2984 5376 3036 5440 et
3063 5367 3232 5440 editi,
3278 5372 3370 5421 sed
3409 5382 3459 5422 et
3507 5367 3551 5427 si
3587 5376 3680 5440 qui

2094 5438 2432 5491 immunditiis
2477 5453 2525 5488 et
2570 5435 2902 5490 contumeliis
2948 5438 3182 5505 afﬁciant
3230 5448 3356 5503 (ius.
3389 5456 3528 5495 unus
3573 5435 3673 5496 lle-

2094 5507 2236 5577 gius,
2273 5509 2363 5561 sed
2397 5516 2443 5558 et
2472 5508 2657 5575 φαίη..
2689 5506 2944 5577 emerunt)
2992 5523 3213 5562 coruom
3269 5526 3364 5560 sua
3395 5550 3409 5569 ,
3459 5528 3524 5564 ea:
3564 5515 3678 5569 illis

2091 5573 2210 5629 sunt
2231 5578 2380 5646 (editi
2408 5573 2665 5649 omittunt
2691 5573 2836 5649 sunt)
2868 5573 2957 5644 qui
2979 5587 3431 5639 commutaverunt
3447 5582 3675 5649 gloriam

2093 5645 2511 5715 incorruptibilis
2551 5647 2677 5709 Dei;
2714 5647 2815 5697 nisi
2847 5649 2993 5715 quic,
3063 5670 3133 5700 α.
