4170 6388
464 226 563 283 871

1952 224 2279 283 ORIGEMS

3621 236 3727 292 87‘2

463 358 606 398 rum.
635 341 750 397 Non
774 341 942 416 476
971 354 1058 400 est
1089 358 1222 400 sane
1260 351 1670 417 prmtereundus
1702 365 1769 405 nc
1803 348 1908 405 iste
1934 351 2049 419 qni-
2077 356 2120 411 Α
2154 349 2391 417 imagine
2425 345 2519 401 Dei
2565 359 2775 415 errant,
2805 349 3027 405 audiant
3053 366 3213 413 quem
3255 351 3404 405 dicat
3432 365 3559 407 esse
3583 355 3731 422 Apo-

463 435 584 485 dem
605 435 939 503 apostolicus
963 451 1164 503 sermo,
1191 437 1241 491 in
1276 456 1384 508 quo
1403 441 1589 494 dicens
1616 439 1752 512 (ιδ),
1788 442 2042 511 quoniam

463 538 911 581 commutaverunt
972 530 1195 599 gloriam
1254 533 1670 601 incorruptibilis
1720 535 1816 587 Dei
1865 535 1922 588 in
1965 538 2043 589 si-

461 617 813 671 militudinem
858 620 1106 687 imaginis
1158 622 1405 687 hominis,
1453 639 1556 678 non
1606 626 1779 679 solum
1820 641 1917 682 eos
1951 627 2043 697 qui

462 707 604 759 idola
658 709 845 763 colunt
897 726 1128 780 arguere
1157 752 1171 776 ,
1226 716 1320 767 sed
1367 725 1420 769 et
1454 716 2044 787 Anthropomorphitas

460 797 848 865 intelligendus
907 813 993 856 est
1044 804 1326 859 confutare
1369 806 1482 877 (I6)
1510 847 1524 871 ,
1566 809 1656 877 qui
1701 808 1753 861 in
1801 808 2042 863 Ecclesia

458 888 621 955 positi
651 891 941 957 imaginem
977 908 1296 964 corpoream
1328 897 1588 961 hominis,
1618 898 1710 952 Dei
1742 914 1864 954 esse
1900 901 2043 955 ima-

459 977 638 1045 ginem
668 980 879 1043 dicunt,
910 982 1226 1052 ignorantes
1262 986 1393 1040 illud
1428 989 1570 1056 quod
1602 989 1653 1042 in
1681 989 1878 1045 Genesi
1908 992 2046 1045 scri-

458 1080 611 1136 ptum
648 1083 753 1133 est,
783 1074 851 1127 ad
890 1075 1181 1146 imaginem
1218 1077 1310 1132 Dei
1338 1078 1540 1134 factum
1564 1097 1685 1136 esse
1717 1083 1992 1137 hominem
2023 1103 2039 1138 :

460 1161 526 1214 de
555 1178 662 1229 quo
691 1165 911 1218 homine
950 1168 1079 1236 quid
1133 1171 1478 1225 sentiendum
1524 1174 1615 1236 sit,
1667 1175 1735 1225 ab
1783 1175 2044 1243 Apostolo

461 1250 850 1317 interpretatur
896 1271 1017 1307 cuiu
1068 1257 1201 1311 dicit
1246 1259 1407 1328 (l7):
1450 1260 1775 1329 Deponentes
1824 1274 2042 1317 veterem

459 1341 721 1397 hominem
762 1363 878 1398 cum
909 1349 1116 1403 actibus
1159 1352 1268 1405 suis
1299 1353 1364 1415 ⁷³,
1409 1364 1457 1405 et
1505 1354 1779 1407 induentes
1811 1373 1998 1410 novum
2025 1396 2041 1420 ,

456 1434 549 1502 qui
588 1438 875 1489 sccitndum
918 1438 1082 1491 Deum
1125 1453 1335 1495 creatus
1360 1454 1435 1495 est
1466 1443 1534 1496 ⁷³.
1565 1445 1734 1499 Audis
1766 1445 1893 1512 quia
1944 1461 2045 1500 no-

459 1540 583 1577 vum
644 1527 918 1580 hominem
969 1531 1100 1583 dicit
1161 1534 1461 1588 secundum
1528 1535 1693 1589 Deum
1744 1536 2045 1591 creatum?

462 1612 617 1668 Hunc
648 1626 825 1670 autem
856 1622 1105 1673 etumlem
1152 1636 1349 1675 novum
1390 1624 1689 1688 hominem,
1717 1625 1844 1680 alibi
1882 1625 1928 1656 ⁷⁵
1954 1628 2041 1679 in-

459 1704 699 1757 teriorem
728 1706 991 1759 hominem
1034 1720 1188 1762 vocat
1215 1728 1228 1762 :
1263 1713 1673 1781 corruptibilcm
1703 1728 1836 1766 vero
1869 1714 2039 1779 hunc,

461 1795 724 1862 rujushic
774 1796 1063 1866 imaginem
1120 1803 1363 1869 respuit,
1417 1804 1743 1857 exteriorem
1776 1804 2042 1872 nominat,

459 1902 581 1937 cum
622 1888 796 1942 dicit:
837 1888 976 1942 Nam
1015 1900 1063 1943 et
1106 1894 1151 1946 si
1200 1894 1247 1947 is
1285 1895 1376 1964 qui
1404 1893 1537 1963 foris
1572 1905 1648 1947 est
1673 1896 1833 1948 homo
1861 1907 2043 1950 noster

457 1992 845 2049 corrumpatur,
888 1983 981 2035 sed
1019 1985 1108 2052 qui
1154 1985 1297 2039 intus
1337 1997 1413 2039 est
1447 1998 1731 2042 renovatur
1765 1988 1833 2045 ’⁸.
1879 1989 1943 2043 Et
1984 1999 2041 2043 ut

455 2071 666 2139 ptanius
716 2073 896 2128 adhuc
946 2074 1064 2142 cjus
1096 2078 1425 2132 sententiam
1475 2080 1654 2135 sciant
1702 2080 1793 2135 isti
1845 2082 1935 2151 qui
1971 2083 2040 2137 de

2147 441 2320 494 stolus
2368 441 2639 495 hominem
2674 445 2765 512 qui
2801 444 2868 497 ad
2918 445 3209 513 imaginem
3243 444 3337 499 Dei
3367 458 3589 501 creatus
3620 458 3727 511 est,

2146 549 2270 588 cum
2302 533 2368 586 ad
2398 530 2754 589 Colossenses
2784 538 2885 589 hoc
2916 536 3078 590 modo
3108 537 3299 590 scribit
3334 555 3347 590 :
3393 535 3575 591 Nolite
3591 554 3731 591 men-

2146 627 2276 689 tiri,
2329 625 2545 694 inquit,
2579 624 2863 692 spoliantes
2906 643 2993 680 vos
3026 637 3246 681 veterem
3299 628 3564 682 hominem
3610 645 3731 682 cum

2144 717 2353 771 actibus
2401 717 2534 779 suis,
2570 725 2619 769 et
2658 717 2934 770 induentes
2972 735 3194 782 norum,
3224 720 3314 786 qui
3353 728 3641 774 renovatur
3672 722 3729 777 in

2146 810 2410 877 agnitione
2454 806 2570 877 (18)
2627 808 2911 861 secundum
2948 811 3227 880 imaginem
3286 811 3402 880 ejus
3455 813 3547 881 qui
3582 827 3731 866 crea-

2147 900 2217 954 vit
2239 916 2357 952 eum
2380 899 2446 952 ".
2474 899 2549 953 Ex
2578 901 2777 969 quilms
2805 901 3086 955 evidenter
3110 902 3369 969 ostendit,
3405 905 3549 973 quod
3579 904 3724 958 inte—

2148 992 2262 1044 rior
2290 991 2473 1054 homo,
2518 990 2607 1059 qui
2644 1006 2743 1059 per
2775 993 3110 1061 agnitionem
3148 1005 3469 1062 renovatur,
3508 998 3625 1066 ipse
3656 997 3726 1050 ad

2148 1081 2443 1149 imaginem
2499 1082 2591 1135 Dei
2638 1093 2857 1136 creatus
2891 1094 2996 1140 cst.
3037 1085 3141 1152 Qui
3168 1095 3349 1140 autem
3396 1088 3724 1141 exteriorem

2147 1173 2423 1228 hominem
2451 1213 2468 1236 ,
2517 1174 2570 1227 id
2601 1186 2684 1229 est
2714 1190 3037 1245 corporeum
3074 1190 3131 1232 et
3164 1180 3605 1247 corruptibilem,
3658 1183 3724 1235 ad

2147 1264 2436 1334 imaginem
2472 1265 2568 1319 Dei
2600 1281 2723 1321 esse
2745 1269 2954 1333 dicunt,
2993 1286 3114 1323 cum
3142 1271 3226 1324 his
3256 1270 3325 1324 ab
3354 1272 3610 1341 Apostolo
3635 1288 3725 1327 so-

2143 1362 2380 1422 ciantur,
2409 1360 2502 1427 qui
2533 1370 3003 1415 commutavertmt
3027 1363 3260 1426 gloriam
3294 1364 3728 1433 incorruptibilis

2144 1447 2239 1502 Dei
2275 1450 2327 1502 in
2362 1450 2775 1504 similitudinem
2830 1453 3086 1522 imaginis
3135 1456 3509 1526 corruptibilis
3553 1459 3729 1511 homi-

2144 1539 2250 1591 nis.
2284 1539 2483 1593 Verum
2514 1542 2754 1609 oportuit
2782 1557 2849 1595 ne
2865 1541 2981 1596 hinc
3013 1544 3231 1611 quidem
3257 1547 3311 1600 in
3341 1549 3729 1617 explanatioiie

2143 1631 2423 1698 apostolici
2467 1634 2740 1687 sermonis
2783 1634 2987 1699 omitti,
3040 1645 3101 1690 ut
3144 1646 3199 1691 et
3248 1638 3299 1691 in
3354 1639 3457 1694 hoc
3487 1642 3729 1709 capitulo

2074 1730 2115 1754 υ
2148 1720 2388 1788 Apostoli
2445 1723 2587 1777 sicut
2631 1721 2687 1778 et
2731 1725 2784 1778 in
2832 1727 3044 1781 caeteris
3092 1728 3361 1797 plurimis,
3412 1733 3723 1801 Anthropo-

2147 1809 2456 1879 morphitze,
2495 1813 2546 1867 id
2581 1822 2668 1867 est
2705 1816 2799 1884 qui
2832 1830 3148 1886 corpoream
3173 1818 3286 1893 (l9)
3328 1822 3566 1877 hominis
3597 1825 3730 1877 ima-

2142 1900 2325 1970 ginem
2354 1945 2369 1967 ,
2426 1903 2521 1958 Dei
2573 1921 2694 1961 esse
2734 1909 3026 1978 imaginem
3085 1912 3294 1979 dicunt,
3337 1915 3621 1970 convictos
3666 1932 3729 1971 se

2139 2001 2195 2046 et
2235 1992 2547 2050 confutatos
2583 2012 2705 2052 esse
2739 2013 3153 2068 cognoscerent.
3199 2003 3305 2058 Sed
3361 2021 3460 2059 nos
3508 2004 3620 2073 jam
3674 2009 3726 2064 in

2139 2084 2226 2139 his
2285 2088 2673 2143 continentiam
2728 2093 2889 2162 primi
2941 2095 3232 2152 voluminis
3275 2100 3691 2158 concludamus.

461 2292 3696 2341 .—————__________________________

1546 2533 1910 2624 LIBER
2000 2536 2657 2634 SECUNDUS.

2059 2763 2129 2774 u—o.

524 2944 580 3000 1.
624 2963 643 2996 ι
676 2942 894 2999 Sclmus
921 2953 1102 2998 autem
1124 2944 1381 3013 quoniam
1406 2945 1676 3014 judicium
1706 2946 1801 3003 Dei
1829 2958 1915 3003 est
1949 2964 2031 3003 se-
2057 2960 2104 3018 ς,
2136 2955 2299 3010 corda
2338 2957 2618 3012 hominum
2659 2972 2819 3013 nosse
2848 2960 3017 3016 solius
3046 2960 3138 3017 Dei
3170 2974 3276 3028 est,
3306 2972 3362 3018 et
3393 2964 3593 3019 mentis
3625 2981 3720 3020 se-

452 3037 687 3092 cundum
716 3034 1005 3091 veritatem
1029 3036 1080 3088 in
1110 3050 1204 3089 eos
1233 3037 1323 3104 qui
1360 3036 1487 3089 talia
1526 3047 1694 3107 agunt
1725 3039 1791 3091 ⁷⁷.
1818 3059 1837 3094 ι
1869 3038 2033 3095 ,Ιιιιιὶο

452 3129 597 3183 cium
626 3126 843 3197 quidem
894 3127 987 3181 Dei
1039 3127 1336 3181 secundum
1369 3127 1683 3187 veritatem.
1714 3145 1820 3183 non
1855 3131 2030 3184 solum

451 3220 507 3274 in
539 3235 633 3274 eos
647 3220 738 3288 qui
771 3219 886 3272 haec
915 3227 1085 3286 agunt
1115 3219 1503 3286 qmesuperius
1531 3231 1853 3274 enumerata
1877 3231 2031 3285 sunt,

451 3325 642 3365 verum
675 3318 731 3364 et
755 3310 810 3362 in
831 3323 1023 3363 oumes
1046 3310 1139 3378 qui
1171 3324 1391 3379 quoquo
1411 3311 1572 3365 modo
1600 3310 1725 3365 boni
1752 3313 1883 3382 quid
1913 3331 2035 3369 ma-

454 3399 558 3453 live
611 3399 725 3469 (20)
774 3409 1083 3469 gesserunt,
1117 3401 1545 3468 exspectandum
1585 3411 1671 3456 est
1717 3414 1773 3458 et
1804 3407 2035 3459 creden-

448 3494 596 3548 dum.
621 3492 728 3546 Sed
760 3492 889 3546 illud
925 3501 1009 3546 est
1036 3494 1181 3562 quod
1220 3494 1276 3548 in
1315 3496 1435 3551 loco
1465 3498 1570 3553 hoc
1604 3500 1818 3555 videtur
1845 3510 2034 3557 osten-

446 3585 498 3639 di
531 3584 692 3654 :quia
721 3584 888 3639 solius
920 3585 1014 3639 Dei
1060 3586 1130 3641 sit
1157 3587 1266 3657 (21)
1297 3591 1598 3646 secundum
1637 3594 1922 3648 veritatem
1944 3595 2036 3665 ju-

446 3682 667 3736 dicium.
736 3681 877 3737 Sunt
930 3682 1077 3737 enim
1132 3685 1378 3754 quaedam
1439 3704 1560 3758 quae
1621 3693 2035 3748 committuntur

446 3789 614 3844 opere
639 3775 855 3845 quidem
887 3775 1063 3835 malo.
1098 3778 1281 3831 animo
1313 3788 1494 3834 autem
1527 3797 1638 3837 non
1677 3784 1819 3838 malo
1851 3801 1864 3837 :
1894 3794 1957 3841 ut
1987 3786 2033 3841 si

447 3875 594 3942 quis,
632 3873 781 3925 verbi
819 3886 1006 3933 causa,
1035 3871 1396 3926 homicidium
1426 3887 1532 3925 non
1564 3871 1846 3927 voluntate
1875 3890 2031 3928 com-

449 3964 679 4020 miserit.
720 3963 788 4018 Et
818 3964 924 4017 alia
957 3964 1093 4017 ﬁunt
1121 3978 1285 4032 Opere
1322 3964 1559 4034 quidem
1582 3964 1758 4027 bono,
1784 3965 1883 4018 sed
1907 3964 2030 4018 ani-

449 4072 538 4111 mo
588 4072 694 4110 non
742 4056 883 4112 bono
910 4072 925 4108 :
952 4068 1010 4109 ut
1055 4056 1099 4111 si
1139 4057 1264 4126 quis
1295 4056 1756 4119 misericordiam,
1788 4071 1895 4109 non
1931 4070 2029 4124 pro

448 4147 707 4202 mandato
735 4147 826 4203 Dei
859 4146 993 4220 (9‘2),
1028 4148 1123 4202 sed
1174 4158 1233 4203 ut
1284 4148 1535 4203 laudetur
1577 4148 1645 4202 ab
1690 4147 2024 4213 hominibus,

447 4239 631 4295 faciat.
661 4240 778 4293 Alia
808 4255 943 4294 vero
967 4250 1092 4293 sunt
1132 4240 1184 4294 in
1221 4241 1418 4309 quibus
1450 4241 1567 4295 sive
1598 4240 1653 4295 in
1684 4239 1853 4303 bono,
1911 4240 2029 4295 sive

2142 3057 2288 3102 creta
2341 3049 2684 3120 dignoscere,
2716 3054 2918 3109 idcirco
2948 3056 3061 3125 ipse
3091 3056 3240 3111 solus
3269 3059 3471 3127 estqui
3522 3073 3717 3113 secun-

2140 3140 2268 3194 dum
2300 3145 2582 3198 veritatem
2614 3154 2794 3213 potest
2834 3146 3037 3202 habere
3057 3148 3347 3217 judicium.
3384 3148 3490 3204 Sed
3533 3150 3717 3217 requi-

2142 3235 2303 3301 ritur,
2330 3235 2374 3288 si
2406 3250 2531 3305 erga
2567 3252 2662 3291 eos
2695 3238 2810 3310 (24)
2839 3256 3067 3305 quorttm
3096 3242 3336 3295 remissae
3360 3257 3488 3297 sunt
3519 3243 3719 3311 iniqui-

2142 3335 2279 3381 tates
2311 3344 2407 3397 per
2436 3331 2692 3398 baptismi
2726 3332 2979 3401 gratiam,
3015 3334 3098 3387 vel
3149 3350 3379 3402 quorum
3417 3344 3559 3390 tecta
3588 3344 3718 3388 sunt

2138 3433 2236 3486 per
2267 3424 2643 3489 paenitentiam
2675 3436 2895 3493 peccata
2914 3426 3079 3491 “,vel
3107 3427 3308 3494 quibus
3341 3412 3714 3497 imputandum

2137 3525 2243 3563 non
2279 3522 2360 3565 est
2394 3524 2677 3581 peccatum
2711 3530 2811 3584 per
2844 3516 3091 3588 martyrii
3133 3519 3384 3587 gloriam,
3415 3519 3712 3573 secundum

2134 3602 2424 3655 veritatem
2469 3604 2719 3658 videatur
2749 3606 2889 3661 Deus
2928 3621 3150 3661 servare
3176 3606 3466 3674 judicium.
3502 3607 3716 3662 Veritas

2135 3692 2335 3760 quippe
2360 3691 2554 3760 judicii
2607 3695 2712 3750 hoc
2749 3698 3012 3765 postulat,
3046 3708 3102 3752 ut
3132 3698 3307 3753 malus
3342 3698 3502 3765 ntala,
3533 3709 3588 3753 et
3620 3699 3716 3752 bo-

2133 3810 2236 3851 nus
2261 3799 2491 3868 recipiat
2522 3800 2665 3855 bona
2694 3818 2708 3856 :
2741 3811 2797 3857 et
2826 3805 3077 3873 quamvis
3103 3805 3242 3860 dona
3271 3813 3327 3861 et
3355 3804 3574 3875 largitio
3617 3804 3712 3859 Dei

2132 3918 2476 3975 nequaquam
2500 3908 2878 3963 curiositatem
2905 3911 3252 3967 discutientis
3271 3909 3712 3981 admittant(25),

2135 4020 2314 4063 tamen
2365 4013 2531 4065 etiam
2564 4013 2617 4067 in
2651 4015 2757 4069 hoc
2782 4025 2985 4084 quanta
3030 4016 3104 4071 sit
3143 4015 3335 4084 judicii
3364 4015 3480 4084 ejus
3506 4015 3714 4069 veritas

2132 4116 2511 4170 ostendamus.
2564 4116 2881 4174 Communis
2930 4119 3202 4190 professio
3246 4130 3331 4176 est
3368 4121 3567 4174 bonum
3598 4133 3708 4172 non

2133 4218 2333 4275 debere
2390 4224 2621 4291 puniri,
2676 4241 2779 4281 nec
2836 4226 3037 4279 malum
3097 4224 3357 4295 consequi
3416 4225 3581 4279 bona.
3653 4222 3707 4276 Si

448 4333 504 4388 in
530 4331 693 4398 malo,
724 4332 939 4387 animus
966 4347 1087 4385 cum
1119 4347 1284 4401 opere
1312 4332 1424 4404 (i5)
1450 4330 1775 4388 concordat.
1807 4332 1874 4385 Et
1902 4332 2026 4401 quia
2063 4325 2107 4379 D
2134 4326 2255 4392 quis
2313 4343 2444 4399 ergo
2493 4329 2608 4395 sit,
2652 4331 2804 4386 verbi
2842 4332 3015 4399 gratia
3038 4370 3053 4394 ,
3084 4330 3179 4398 qui
3211 4328 3387 4399 egerit
3416 4324 3711 4396 aliquando

555 4473 602 4506 "’
631 4471 810 4542 Colos.
863 4486 943 4536 tn,
974 4470 1046 4542 9.;
1146 4472 1192 4503 ⁷³
1223 4472 1416 4542 Ephcs.
1454 4488 1531 4537 Iv,
1558 4471 1650 4526 21.

445 4544 491 4578 ⁷⁸⁷
516 4543 677 4599 Rom.
707 4559 765 4609 Ιι,
794 4541 849 4596 2.
951 4541 996 4573 ⁷⁸
1028 4540 1171 4596 Psal.
1223 4540 1373 4609 χιιχι,
1404 4559 1444 4609 ι,
1469 4542 1526 4597 2.

517 4680 630 4761 (l5)
670 4681 762 4737 Sic
812 4689 961 4761 recte
1009 4696 1117 4761 ms.
1164 4681 1364 4761 Regius
1397 4696 1546 4735 nttm.
1573 4678 1768 4761 1610,
1819 4677 2019 4761 quibus

444 4750 578 4810 satis
612 4750 964 4808 consentiunt.
1023 4753 1205 4806 caeteri
1263 4766 1395 4807 mss.
1452 4762 1507 4805 et
1573 4750 1874 4811 Rabanus,
1912 4750 2014 4801 nisi

442 4828 589 4895 quod
621 4824 710 4877 alii
740 4824 970 4895 habeant
1002 4824 1154 4888 dicit,
1176 4825 1267 4880 alii
1293 4823 1614 4895 diciturpro
1641 4820 1845 4873 dicens.
1862 4818 2013 4895 liditi

443 4889 595 4960 vero,
632 4892 1080 4961 prmtereuudu‘m,
1129 4908 1191 4943 ne
1221 4894 1381 4942 istum
1417 4892 1630 4958 quidem
1667 4889 2015 4961 apostolicum

439 4958 730 5019 sermonem
749 4962 940 5030 (editio
976 4959 1200 5023 Veneta,
1226 4976 1289 5012 ne
1320 4960 1420 5014 iste
1443 4962 1655 5029 quidem
1680 4958 2004 5026 apostolicus

440 5036 636 5109 sermo)
662 5036 725 5109 in
744 5049 846 5101 quo
874 5033 1224 5109 dicitur,_etc.
1370 5098 1409 5109 ﬁ
1458 5099 1469 5109 _
1682 5099 1720 5109 __
1746 5099 1776 5109 η
1811 5098 1822 5109 _

514 5098 628 5175 (16)
672 5098 766 5175 Sic
798 5119 929 5156 mss.
974 5103 1218 5175 plerique
1269 5109 1324 5175 et
1370 5098 1649 5175 Rabauus.
1682 5098 1823 5152 Editi
1854 5112 2011 5162 vero,

438 5169 532 5228 sed
554 5169 689 5227 inter
710 5169 1275 5239 Anthropomorpltitas
1306 5169 1634 5236 intelligendi
1659 5178 1781 5221 sunt
1798 5184 2013 5236 compu-

441 5245 566 5297 tari.
603 5244 705 5297 Ms.
740 5242 942 5312 Regius
984 5259 1132 5294 ιιιιιιι.
1177 5241 1316 5295 1640
1344 5280 1358 5302 ,
1398 5244 1488 5293 sed
1540 5243 1675 5292 inter
1706 5240 2012 5307 Anthropo-

442 5316 731 5389 ntorphitas
758 5312 1132 5389 intelligendus
1154 5320 1228 5364 est
1250 5319 1579 5389 computare.
1644 5377 1679 5389 Α
1736 5387 1742 5389 _
1819 5377 1831 5389 .

502 5377 756 5455 (Πλιιθ
805 5377 1163 5455 118.Ὶίεεὶηὸ
1208 5397 1365 5455 Διιιιιιι.
1420 5380 1579 5455 1659Γ
1639 5377 1832 5455 Caateri
1883 5392 2016 5455 vero

441 5448 887 5529 tns's,,'Rabanus
916 5462 970 5505 et
998 5448 1154 5529 editi,
1184 5451 1248 5504 de
1286 5466 1393 5529 quo
1431 5451 1641 5501 nomine
1678 5448 2010 5529 sentiendum

436 5525 505 5601 sit
547 5527 610 5576 ab
654 5523 825 5594 (editi.
858 5533 905 5575 et
954 5522 1043 5591 ab)
1079 5521 1328 5591 Apostolo
1375 5520 1731 5589 interpretari,
1767 5534 1886 5571 cum
1930 5520 2023 5607 di:

438 5606 529 5654 ιιι,
556 5604 662 5648 etc.

513 5665 622 5733 (18)
656 5661 759 5718 Ms.
801 5660 1003 5732 Regius
1035 5678 1183 5717 num.
1214 5658 1379 5729 1641,
1409 5660 1464 5714 in
1507 5659 1774 5729 agnitione
1806 5657 1935 5728 Dei;
1960 5665 2017 5713 et

1754 4471 1802 4503 ⁷⁸
1831 4470 1991 4527 Rom.
2035 4485 2144 4532 vti,
2198 4462 2290 4517 99--

2394 4463 2439 4494 ⁷³
2481 4461 2522 4515 ll
2560 4462 2686 4517 Cor.
2720 4477 2794 4527 tv,
2838 4462 2924 4515 16.
3024 4458 3302 4514 "Coloss.
3360 4473 3443 4525 tu,
3500 4457 3555 4521 9,
3617 4455 3707 4512 10.

2126 4670 2293 4732 infra,
2325 4668 2417 4737 qui
2457 4679 2551 4733 per
2577 4661 2899 4737 agnitionem
2927 4658 3027 4712 Dei
3058 4667 3358 4737 renovatur.
3387 4657 3495 4737 Sed
3528 4670 3581 4714 et
3609 4676 3705 4715 (τω.

2128 4743 2230 4797 teri
2269 4730 2399 4792 mss.
2426 4730 2480 4788 et
2515 4730 2647 4788 editi
2682 4731 2970 4799 utrobique
3012 4731 3271 4782 omittunt
3304 4730 3419 4783 Dei.

2199 4810 2309 4882 (19)
2338 4806 2515 4882 _l_3t_l_iti,
2550 4803 2811 4882 corporei.

2195 4869 2308 4952 (20)
2338 4877 2560 4952 Editi,_¢
2599 4869 2912 4952 quicunque
2943 4870 3263 4952 inodo__b_oni
3293 4869 3549 4952 quiddam
3586 4886 3704 4924 ma-

2122 4941 2246 5016 live,
2280 4941 2300 5002 ί
2345 4957 2452 5003 etc.
2495 4945 2595 5000 Ms.
2618 4941 2832 5016 Regius
2863 4941 3208 5016 num.“1659_,
3235 4958 3254 4991 ι
3284 4942 3374 5009 qui
3408 4942 3700 5016 quidquam

2120 5012 2246 5077 boni
2293 5020 2540 5090 quidem,
2565 5015 2783 5077 malive,
2818 5032 2839 5067 ι
2870 5024 2979 5066 ctc.
3009 5012 3204 5066 Ceteri
3233 5024 3365 5066 vero
3393 5026 3524 5065 mss.
3557 5022 3617 5065 ut
3645 5014 3700 5065 in

2122 5100 2313 5147 nostro
2344 5097 2515 5161 textu.
3018 5151 3057 5161 η
3105 5152 3116 5161 _
3353 5149 3390 5161 η
3412 5150 3445 5161 ,,

2194 5160 2455 5234 (2t)__Sic
2494 5168 2685 5234 omnes
2733 5161 2974 5234 mss._et
3007 5149 3490 5234 _Rab_antts.'i'3diti
3530 5166 3701 5234 vero,

2124 5252 2145 5286 ι
2185 5221 2444 5288 ἐθιιίηιιᾱ
2468 5228 2730 5296 quidest,
2751 5224 2898 5294 quod
2925 5226 2975 5277 in
3003 5224 3108 5277 hoc
3132 5222 3252 5277 loco
3278 5221 3499 5276 videtur
3517 5232 3672 5277 osteu

2119 5306 2196 5358 di.
2227 5302 2364 5367 Quia
2399 5295 2571 5352 solius
2602 5295 2693 5350 Dei
2725 5297 2816 5359 sit,
2858 5314 2878 5348 ι
2914 5306 3023 5349 etc.

2190 5362 2305 5445 (Ξέ)
2343 5367 2513 5445 Editi,
2548 5386 2568 5418 ι
2610 5382 2718 5421 non
2744 5382 2843 5434 pro
2874 5366 3131 5445 inlaudato
3156 5362 3333 5418 Dei'in
3360 5362 3527 5418 bono.
3565 5381 3587 5417 ι
3620 5422 3624 5426 θ

2341 5440 2507 5519 ξάῥξί,
2535 5458 2554 5489 ι
2589 5450 2840 5519 corporeo,
2881 5454 2902 5487 ι
2937 5434 3098 5491 male.

2194 5510 2307 5587 (ei)
2351 5510 2522 5587 _lj3d_iti.
2558 5527 2578 5560 ι
2617 5523 2761 5587 ergq
2778 5510 2937 5587 eisi.»

2192 5571 2306 5655 (25)
2351 5580 2612 5637 Rabanus
2644 5571 2709 5634 et—
2728 5576 3056 5633 Salodianus
3078 5616 3096 5645 ,
3137 5590 3448 5648 perperam,
3476 5589 3497 5626 ι
3530 5571 3699 5631 amit-

2122 5663 2254 5711 tant.
2298 5672 2318 5706 ι
