4170 6374
355 332 460 389 875

1301 321 1655 382 COMMENT.
1698 318 1763 373 ΙΝ
1798 312 2023 372 EPIST.
2065 311 2156 366 AD
2192 309 2359 366 ROM.
2403 308 2533 363 LIB.
2577 308 2643 362 ll.

3500 304 3607 356 874

356 452 519 525 477
552 450 715 516 mala,
748 462 956 506 certum
984 458 1068 507 est
1098 448 1225 519 quia
1265 445 1440 500 malus
1470 451 1588 499 erat
1610 450 1760 503 tunc,
1806 451 1928 492 cum
1956 438 2006 497 Λ
2027 431 2370 501 judicaturos
2421 429 2475 482 hi
2525 428 2617 498 qui
2668 441 2901 495 pra‘csse
2939 424 3124 478 volunt
3154 421 3365 493 populis
3399 424 3604 492 cogita-

360 544 559 614 agebat
587 543 749 599 mala.
774 542 826 598 ls
842 557 969 597 vero
992 543 1034 596 si
1064 540 1459 610 prmteritorum
1483 533 1755 604 paenitens
1780 546 1932 585 men-

360 645 468 691 tem
498 650 654 689 suam
689 635 933 704 corrigat
964 636 1032 687 ad
1074 632 1233 694 bona,
1264 637 1317 683 et
1344 628 1485 683 bene
1512 636 1657 695 agat,
1685 623 1824 679 bene
1853 623 1934 676 Io-

360 736 584 797 quatur,
613 728 749 782 bene
776 729 1004 795 cogitet,
1035 725 1173 779 bene
1200 723 1361 787 velit;
1400 721 1490 789 qui
1524 721 1641 774 haec
1667 719 1796 787 agit,
1823 731 1929 770 non

364 820 459 874 tibi
491 820 706 872 videtur
741 820 939 882 bonus,
972 828 1026 872 et
1061 817 1257 871 merito
1288 815 1535 884 recipere
1558 811 1738 866 bona?
1767 808 1933 864 Simi—

362 911 570 968 literet
601 911 645 964 si
680 926 747 965 ex
778 912 917 964 bono
949 909 1071 979 quis
1098 915 1448 963 convertatur
1481 906 1550 958 ad
1578 903 1929 968 malum,non

357 1005 469 1074 jam
496 1005 688 1064 bonus,
718 1004 863 1070 quod
899 1002 1020 1063 fuit,
1050 1011 1106 1055 et
1139 1015 1245 1053 non
1292 1007 1399 1060 est,
1426 998 1520 1052 sed
1569 996 1746 1050 malus
1783 993 1932 1062 judi-

362 1095 596 1157 cabitur,
623 1094 766 1163 quod
799 1102 904 1147 est.
934 1093 1105 1147 Actus
1129 1091 1274 1145 enim
1304 1089 1422 1143 sive
1465 1086 1591 1141 boni
1640 1086 1757 1141 sive
1806 1084 1933 1138 mali

362 1191 720 1255 praetereunt,
757 1183 851 1238 sed
900 1184 1196 1238 secundum
1244 1179 1327 1234 sui
1366 1178 1681 1248 qualitatem
1724 1175 1937 1242 agentis

365 1285 600 1331 mentem
628 1276 1022 1345 imaginantur,
1067 1282 1122 1329 et
1153 1274 1414 1333 formant,
1445 1284 1675 1339 eamque
1703 1269 1789 1322 vel
1837 1268 1936 1322 bo-

365 1374 490 1420 nam
522 1367 837 1435 relinquunt
870 1366 954 1419 vel
982 1366 1203 1430 malam,
1235 1379 1327 1419 seu
1355 1376 1546 1432 paenae.
1574 1376 1670 1415 seu
1701 1359 1939 1427 prmmiis

365 1458 767 1514 destinandam.
799 1458 914 1513 Erit
944 1471 1074 1524 ergo
1098 1457 1340 1526 iniquum
1361 1454 1447 1509 vel
1476 1455 1673 1508 bonam
1700 1461 1937 1505 mentem

367 1563 465 1618 pro
490 1549 648 1604 malis
674 1550 843 1619 gestis
872 1548 1074 1617 puniri.
1100 1547 1181 1603 vel
1207 1546 1408 1601 malam
1427 1560 1526 1615 pro
1548 1542 1704 1599 bonis
1727 1542 1940 1598 actibus

367 1641 667 1695 munerari.
706 1640 906 1695 Verum
940 1648 1000 1694 ut
1028 1641 1204 1693 adhuc
1228 1638 1447 1708 planius
1475 1635 1571 1688 iiat
1615 1634 1760 1703 quod
1800 1633 1938 1689 dici-

366 1743 508 1796 mus,
537 1730 796 1784 addamus
819 1730 983 1784 etiam
1008 1729 1160 1783 haec:
1192 1742 1457 1798 ponamus
1481 1741 1603 1782 esse
1628 1725 1861 1779 animam
1884 1724 1938 1777 in

368 1838 473 1891 qua
512 1823 726 1879 babitet
773 1823 1047 1893 impietas,

365 1921 420 1967 et
460 1913 752 1968 multitudo
783 1914 963 1969 omnis
1008 1914 1300 1980 malorum,
1346 1912 1542 1982 quibus
1588 1909 1801 1965 scilicet
1841 1910 1941 1963 mi—

369 2004 601 2058 nistram
640 2019 700 2059 se
729 2003 1097 2073 famulamque
1129 2002 1456 2058 subdiderit.
1507 2001 1662 2067 Quod
1696 2000 1742 2055 si
1775 1999 1827 2053 in
1854 2013 1941 2054 se-

368 2095 655 2164 metipsam
686 2109 933 2166 regressa
962 2093 1077 2167 (‘26)
1116 2093 1230 2149 ltzec
1264 2093 1466 2157 anima,
1509 2090 1695 2162 pietati
1730 2102 1940 2150 rursus,

365 2188 421 2234 et
450 2182 741 2237 virtutibus
773 2182 971 2237 mentis
998 2197 1108 2236 suae
1129 2182 1350 2252 januam
1384 2180 1613 2250 pandat,
1649 2193 1828 2233 nonne
1859 2177 1944 2230 in-

369 2285 557 2340 gressa
596 2271 771 2339 pietas
796 2271 1130 2340 impietatem
1158 2271 1420 2326 continuo
1467 2270 1736 2340 depellet?
1781 2273 1945 2326 Simi-

366 2361 495 2416 liter
521 2371 575 2416 et
593 2361 802 2430 justitia
838 2364 1157 2434 injustitiam
1189 2364 1390 2428 trudet,
1424 2372 1481 2418 et
1506 2363 1770 2432 sapientia
1797 2364 1938 2419 stul-

368 2453 567 2516 titiam,
593 2461 648 2509 et
675 2452 943 2510 sobrietas
981 2455 1254 2510 luxuriam
1289 2454 1537 2525 iurgabit;
1569 2463 1730 2525 atque
1756 2455 1827 2509 ita
1854 2457 1946 2510 de—

367 2543 541 2613 pulsis
572 2559 637 2599 ex
672 2546 966 2615 semetipsa
1004 2546 1410 2602 habitatoribus
1459 2546 1730 2614 barbaris,
1786 2547 1948 2603 civile

370 2644 427 2689 et
456 2635 754 2705 legitimum
802 2638 1094 2693 virtutibus
1138 2638 1403 2709 praebebit
1446 2639 1763 2709 bOSpitium.
1800 2638 1949 2706 Quo-

372 2726 535 2780 modo
567 2741 701 2794 ergo
721 2727 834 2796 jam
871 2728 1085 2797 plenam
1120 2730 1415 2784 virtutibus
1455 2730 1694 2783 animam
1737 2730 1946 2798 justum

372 2817 481 2870 erit
510 2816 578 2871 de
603 2817 691 2871 his
711 2833 944 2887 arguere
967 2834 1088 2888 qua:
1115 2821 1341 2890 gesserit
1373 2835 1496 2875 cum
1535 2821 1770 2876 nondum
1804 2829 1951 2876 esset

374 2908 552 2963 amica
584 2910 865 2975 virtutum,
891 2921 949 2966 et
979 2914 1045 2966 de
1073 2913 1351 2983 impietate
1380 2914 1550 2982 piam,
1581 2912 1648 2967 de
1683 2913 1949 2982 iniustitia

367 2999 590 3068 justam,
626 3002 692 3055 de
723 3002 936 3057 luxuria
976 3005 1213 3059 sobriam
1245 3006 1650 3059 condemnare?
1678 3005 1791 3061 Hoc
1817 3021 1950 3078 ergo

374 3091 535 3147 modo
567 3092 731 3146 etiam
760 3093 813 3147 in
842 3094 927 3149 his
947 3111 1178 3164 quorum
1200 3096 1439 3152 remissae
1466 3106 1593 3152 sunt
1611 3098 1948 3167 iniquitates,

376 3193 432 3237 et
460 3197 690 3253 quorum
745 3192 887 3240 tecta
943 3195 1071 3239 sunt
1130 3200 1351 3255 peccata
1390 3189 1458 3253 ⁷⁸,
1490 3191 1810 3246 'credendus
1866 3201 1952 3247 est

377 3275 519 3331 Deus
546 3276 838 3330 secundum
872 3277 1155 3333 veritatem
1190 3292 1410 3334 servare
1435 3278 1727 3349 judicium.

447 3365 503 3419 2.
559 3384 579 3417 ‹
616 3365 912 3422 Existimas
945 3377 1131 3424 autem
1167 3370 1310 3436 hoc,
1356 3384 1390 3424 o
1439 3371 1602 3425 homo
1634 3372 1814 3426 omnis
1859 3373 1952 3443 qui

372 3453 586 3522 iudicas
620 3470 715 3512 eos
748 3457 839 3527 qui
867 3458 994 3512 talia
1019 3468 1207 3529 agunt,
1235 3467 1290 3514 et
1317 3458 1452 3514 facis
1482 3460 1596 3522 illa,
1627 3460 1752 3530 quia
1787 3471 1839 3515 tu
1872 3463 1953 3517 ef-

378 3541 553 3614 fugies
578 3545 837 3613 judicium
864 3547 960 3605 Dei
977 3550 1023 3583 ⁸⁰
1043 3550 1068 3603 ?
1086 3569 1106 3602 ›
1127 3548 1183 3605 Si
1211 3551 1394 3605 omnia
1423 3565 1543 3619 quae
1563 3550 1671 3605 Lex
1692 3551 1952 3621 loquitur,

381 3633 469 3688 his
499 3637 589 3705 qui
616 3638 668 3690 in
700 3638 820 3707 lege
860 3650 987 3695 sunt
1026 3641 1302 3710 loquitur;
1340 3651 1395 3696 et
1421 3657 1541 3711 quae
1579 3643 1951 3713 Evangelium,

385 3724 468 3778 vel
494 3727 783 3796 Apostolus
827 3747 971 3786 nunc
1020 3732 1282 3802 loquitur,
1319 3748 1427 3787 non
1463 3733 1802 3802 principibus
1849 3749 1952 3789 sae-

381 3815 511 3880 culi,
541 3831 642 3872 nec
667 3821 882 3889 regibus
908 3823 1114 3888 mundi,
1135 3826 1229 3879 sed
1255 3824 1623 3879 Ecclesiarum
1649 3825 1955 3880 rectoribus

382 3915 437 3960 et
466 3908 804 3978 principibus
850 3910 1127 3983 loquitur,
1174 3915 1257 3970 bis
1295 3913 1549 3969 videlicet
1585 3916 1677 3985 qui
1704 3913 1955 3983 judicant

388 4012 487 4051 eos
504 4001 594 4070 qui
624 4001 771 4057 intus
800 4014 948 4070 sunt,
975 4006 1027 4059 id
1050 4016 1133 4061 est
1168 4006 1464 4075 episcopis,
1500 4005 1965 4082 νεξρεεξξριξςείξ,

385 4099 442 4143 et
473 4091 810 4150 diaconibus.
845 4095 941 4150 [iis
969 4111 1100 4166 ergo
1129 4096 1262 4151 dicit
1296 4110 1364 4151 ne
1398 4097 1715 4150 existiment
1765 4114 1823 4152 se
1870 4097 1954 4153 cf-

387 4190 573 4259 l‘ugere
598 4185 860 4254 judicium
889 4186 1006 4251 Dei,
1046 4188 1088 4242 si
1122 4202 1184 4242 ea
1213 4188 1555 4242 committant
1584 4188 1707 4258 ipsi,
1734 4188 1801 4242 de
1829 4190 1954 4258 qui-

389 4282 491 4335 bus
526 4278 662 4332 alios
694 4275 940 4344 iudicant
966 4288 1020 4331 et
1050 4279 1436 4333 condemnant.
1477 4276 1540 4330 Et
1582 4277 1707 4333 ideo
1744 4286 1960 4346 oportet

389 4382 832 4439 unumquemque
857 4369 922 4424 de
950 4383 1047 4423 sua
1070 4369 1220 4437 prius
1247 4368 1578 4422 conscientia
1600 4368 1871 4437 judicare,
1905 4377 1959 4422 et

388 4472 519 4518 tunc
550 4434 667 4531 ejus
698 4434 856 4531 quem
900 4434 1128 4528 judicat,
1175 4469 1327 4530 gesta
1365 4434 1658 4514 discutere.
1712 4459 1866 4525 Quod
1913 4434 2036 4548 si?!)

2036 533 2178 579 rent.
2207 521 2375 576 Nemo
2401 534 2533 591 ergo
2558 519 2834 573 existimet
2871 518 3013 585 quod
3043 514 3281 585 effugere
3321 515 3490 583 possit
3515 515 3607 583 ju-

2033 616 2236 671 dicium
2286 613 2401 679 Dei,
2448 612 2595 666 sicut
2636 619 2691 664 et
2736 607 3008 676 Propheta
3049 607 3215 660 dicit:
3254 624 3273 656 ι
3310 605 3429 672 Quo
3460 606 3549 659 ibo
3574 621 3605 658 a

2035 707 2227 776 spiritu
2280 714 2393 769 tuo,
2422 714 2475 758 et
2503 719 2531 755 a
2557 700 2696 755 facie
2730 708 2820 753 tua
2851 712 2959 768 quo
2989 696 3189 767 fugiam
3206 696 3334 749 3‘?»
3370 694 3438 749 Et
3479 697 3607 763 quia

2036 797 2153 851 hazc
2184 794 2249 848 ad
2285 809 2380 848 eos
2410 793 2645 846 maxime
2669 790 2926 843 dicuntur
2967 788 3057 857 qui
3110 797 3351 855 prmsuut
3387 785 3610 853 judiciis

2036 886 2359 954 populorum
2404 882 2540 954 (27),
2586 881 2792 934 idcirco
2834 888 2885 933 et
2922 878 3048 932 alibi
3090 879 3243 943 dicit,
3298 878 3439 947 quod
3487 896 3507 930 ι
3545 879 3612 931 de

2038 977 2201 1032 domo
2226 973 2320 1029 Dei
2352 971 2861 1042 iucipietjudicium
2886 969 2953 1024 ⁸⁸.
2982 986 3003 1022 ι
3048 969 3118 1023 Et
3157 969 3283 1022 item
3318 968 3450 1022 alibi
3499 969 3609 1022 Do-

2037 1067 2217 1122 minus
2256 1065 2422 1120 dicit:
2483 1081 2502 1114 ‹
2529 1061 2589 1116 1η
2627 1061 2715 1115 his
2746 1059 2838 1130 qui
2877 1061 3259 1129 approximant
3291 1059 3423 1112 mihi
3484 1072 3612 1111 san-

2039 1155 2321 1211 ctilicabor
2340 1154 2421 1219 ⁸³;
2453 1172 2474 1205 ι
2507 1153 2650 1207 sicut
2682 1151 2737 1205 in
2766 1149 3022 1205 Nadabet
3050 1149 3224 1203 Abiud
3260 1159 3470 1218 gestum
3498 1158 3609 1210 est,

2041 1264 2164 1304 cum
2197 1248 2433 1302 alienum
2470 1247 2676 1314 ignem,
2704 1243 2754 1296 id
2779 1251 2863 1296 est
2898 1258 3005 1296 non
3041 1256 3280 1307 sacrum,
3313 1241 3511 1294 divinis
3535 1240 3614 1293 al-

2044 1337 2251 1393 taribus
2279 1335 2616 1391 obtulerunt.
2672 1334 2866 1403 Incipit
2923 1347 3054 1402 ergo
3094 1332 3357 1401 judicium
3400 1346 3430 1385 a
3485 1330 3612 1386 ﬁliis

2039 1431 2212 1497 prius.
2248 1446 2267 1479 ι
2295 1427 2588 1497 ιΐιδεθιιειιι
2621 1426 2766 1481 enim
2799 1424 2973 1478 «Deus
3000 1438 3213 1477 omnem
3246 1423 3474 1493 quemin
3511 1440 3613 1477 nu-

2042 1537 2255 1577 merum
2282 1519 2472 1589 recipit
2496 1517 2727 1571 ﬁliorum
2746 1514 2812 1569 ⁸⁸.
2844 1533 2863 1566 ι
2888 1512 3110 1579 Verum,
3137 1524 3196 1567 ut
3215 1528 3315 1584 ego
3339 1515 3611 1579 existimo,

2045 1628 2163 1675 nec,
2198 1612 2241 1665 si
2274 1618 2458 1680 posset
2485 1609 2633 1677 quis,
2666 1606 2890 1662 deberet
2917 1604 3054 1660 velle
3086 1603 3320 1675 effugere
3348 1604 3611 1675 judicium

2044 1703 2164 1757 Dei.
2197 1700 2316 1755 Non
2356 1699 2546 1754 venire
2574 1698 2715 1752 enim
2745 1698 2808 1752 ad
2832 1696 3101 1766 judicium
3140 1697 3253 1761 Dei,
3293 1695 3401 1750 hoc
3439 1705 3521 1750 est
3545 1700 3613 1753 ad
3704 1696 3723 1716 ‘

1086 1788 1379 1889 inju'smia’
1409 1820 1660 1886 summa,
1696 1819 1934 1882 luxuria,
1966 1807 2009 1861 Β
2038 1793 2496 1856 emendationem,
2523 1790 2610 1845 vel
2641 1791 2708 1845 ad
2747 1791 3058 1855 sanitatem,
3091 1797 3146 1845 et
3176 1788 3470 1843 remedium
3503 1804 3612 1844 non

2042 1900 2251 1939 ventre.

2114 1973 2169 2027 5.
2203 1991 2221 2025 ι
2248 1973 2357 2026 Aut
2396 1972 2616 2027 divitias
2646 1969 2906 2025 bonitatis
2932 1968 3070 2039 ejus,
3094 1979 3151 2024 et
3179 1967 3613 2033 sustentationis,

2042 2075 2097 2119 et
2128 2064 2406 2134 patientiae
2432 2058 2770 2116 contemnis?
2818 2060 3041 2130 ignoras
3088 2057 3202 2128 (28)
3232 2056 3488 2125 quoniam
3524 2058 3621 2113 be-

2043 2157 2281 2228 nignitas
2312 2155 2403 2210 Dei
2435 2154 2499 2208 ad
2537 2153 2913 2223 pmnitentiam
2935 2160 2988 2206 te
3008 2150 3327 2206 adducit”?
3352 2169 3370 2203 ι
3390 2150 3618 2205 Divitias

2045 2249 2311 2306 bonitatis
2340 2247 2433 2302 Dei
2482 2247 2574 2301 ille
2605 2259 2904 2313 agnoscere
2944 2251 3141 2312 potest,
3179 2243 3271 2313 qui
3305 2244 3637 2298 considerat

2046 2349 2248 2410 quanta
2277 2339 2331 2393 in
2360 2338 2520 2392 terris
2552 2337 2692 2390 mala
2722 2336 2966 2405 quotidie
3004 2336 3256 2390 homines
3298 2345 3511 2406 gerunt,
3562 2345 3620 2391 et.

2046 2429 2320 2501 quomodo
2342 2442 2479 2497 pene
2509 2439 2703 2481 omnes
2732 2424 3090 2487 declinantes,
3119 2432 3176 2478 et
3206 2424 3368 2479 simul
3400 2425 3620 2479 inutiles

2047 2520 2175 2575 facti
2212 2518 2280 2583 ⁸⁸,
2331 2517 2496 2571 latam
2545 2525 2603 2570 ct
2662 2514 2956 2585 spatiosam
2988 2514 3306 2583 perditionis
3342 2514 3625 2569 ambulant

2051 2613 2215 2677 viam,
2253 2619 2485 2682 angusto
2505 2608 2629 2664 vitze
2652 2609 2846 2664 itinere
2867 2606 3113 2677 neglecto
3131 2607 3198 2672 ⁸⁷,
3220 2615 3275 2661 et
3301 2616 3481 2662 tamen
3506 2607 3622 2679 ('29)

2050 2707 2136 2761 bis
2160 2706 2418 2761 omnibus
2450 2705 2617 2759 Deum
2651 2701 3041 2772 producentem
3077 2699 3245 2781 solem
3281 2715 3439 2754 suum
3485 2715 3624 2769 quo-

2050 2798 2200 2863 tidie,
2233 2806 2288 2852 et
2315 2795 2526 2864 pluvias
2566 2794 2971 2848 ministrantem
2999 2792 3087 2857 '3;
3121 2773 3194 2876 {et
3227 2778 3337 2860 qui
3362 2776 3685 2846 conside?w

2049 2898 2136 2944 rat
2167 2887 2281 2959 (50)
2298 2886 2485 2955 quanti
2510 2885 2755 2956 quotidie
2810 2885 2864 2937 in
2889 2883 3059 2938 Deum
3081 2884 3547 2953 blasphemant,et
3568 2886 3623 2940 in

2050 2980 2246 3036 coelum
2275 2977 2579 3034 extendunt
2604 2976 2818 3047 linguas
2840 2990 2968 3032 suas
2989 2975 3057 3029 °’.
3077 2973 3195 3029 Jam
3217 2974 3346 3045 quid
3376 2976 3442 3030 de
3468 2974 3626 3030 frau-

2051 3075 2232 3137 dibus,
2270 3075 2337 3127 de
2363 3072 2415 3124 vi
2447 3070 2582 3141 (5|),
2618 3068 2685 3123 de
2711 3068 2944 3132 scelere,
2971 3067 3038 3122 de
3068 3067 3368 3138 sacrilegiis
3422 3077 3477 3122 et
3505 3070 3625 3135 pia-

1975 3155 2019 3212 C
2053 3165 2192 3219 culis
2227 3145 2698 3249 dicam‘ﬂQuibus
2743 3169 2922 3214 tamen
2959 3160 3213 3214 omnibus
3263 3160 3318 3212 in
3362 3160 3465 3215 hoc
3504 3159 3625 3215 loco

2053 3257 2129 3315 illi
2156 3256 2412 3309 videntur
2431 3255 2481 3307 in
2503 3254 2713 3309 scelere
2737 3251 3001 3321 preferri,
3025 3252 3116 3320 qui
3136 3250 3271 3305 alios
3293 3250 3621 3319 judicantes,

2054 3350 2155 3418 ipsi
2203 3347 2554 3402 committunt
2595 3359 2716 3415 qua:
2751 3345 2804 3398 in
2859 3343 3074 3398 caeteris
3121 3344 3372 3412 puniunt.
3409 3343 3464 3398 Si
3498 3345 3624 3413 quis

2054 3454 2185 3510 ergo
2217 3441 2358 3493 hanc
2394 3437 2694 3492 bonitatem
2725 3435 2845 3498 Dei,
2887 3444 2943 3490 et
2984 3434 3433 3489 sustentationem
3476 3434 3623 3505 ejus,

2054 3544 2108 3585 et
2132 3529 2448 3597 patientiam
2481 3527 2802 3591 contemnit,
2835 3527 3047 3595 ignorat
3084 3525 3230 3594 quod
3273 3538 3370 3593 per
3404 3526 3521 3580 haec
3553 3525 3624 3579 ad

2056 3621 2433 3695 pmniteutiam
2462 3628 2808 3690 provocatur.
2842 3616 3178 3672 Sustentatio
3205 3629 3333 3670 vero
3357 3630 3385 3669 a
3410 3616 3624 3686 patien-

2057 3719 2130 3768 tia
2160 3716 2260 3769 boc
2282 3714 2500 3767 videtur
2525 3710 2764 3773 diﬂ'erre,
2797 3711 2940 3779 quod
2970 3709 3058 3776 qui
3086 3706 3401 3761 inﬁrmitate
3431 3709 3626 3777 magis,

2065 3824 2228 3879 quam
2279 3805 2562 3875 proposito
2596 3803 2938 3871 delinquunt,
2974 3800 3267 3855 sustentari
3316 3801 3726 3879 (ΙίθιιιινεεηιιχεωἼ

2059 3902 2153 3971 qui
2187 3915 2319 3955 vero
2359 3897 2622 3967 pertinaci
2673 3903 2855 3950 mente
2904 3895 3055 3949 velut
3104 3893 3380 3949 exsultant
3423 3892 3536 3965 (52)
3570 3892 3624 3948 in

2058 3997 2270 4052 delictis
2304 3996 2435 4061 suis,
2468 3992 2596 4047 ferri
2626 3991 2891 4059 patienter
2923 3990 3135 4046 dicendi
3174 3997 3321 4044 sunt.
3349 3988 3456 4045 Sed
3484 3989 3629 4044 sicut

2059 4088 2240 4142 omnia
2269 4087 2325 4141 in
2357 4098 2608 4139 mensura
2641 4081 2772 4136 fecit
2812 4080 2974 4145 Deus,
3012 4091 3066 4135 et
3099 4080 3359 4149 pondere,
3412 4087 3469 4132 et
3518 4094 3621 4132 nu-

2059 4193 2211 4234 mero
2237 4178 2307 4244 9°,
2355 4177 2426 4230 ita
2464 4175 2628 4229 etiam
2681 4172 2958 4242 patientia:
3000 4173 3119 4241 ejus
3175 4181 3324 4225 certa
3373 4183 3627 4225 mensura

2063 4278 2178 4325 est:
2217 4282 2379 4339 quam
2411 4278 2717 4320 mensuram
2743 4262 3075 4318 credendum
3108 4274 3193 4317 est
3215 4276 3338 4317 esse
3372 4275 3628 4316 consum-

2070 4372 2271 4414 matam
2308 4359 2423 4428 (55)
2453 4357 2539 4411 vel
2568 4358 2636 4410 ab
2668 4356 2752 4409 bis
2773 4354 2863 4424 qui
2888 4352 3094 4407 diluvio
3118 4354 3417 4423 perierunt,
3448 4349 3532 4403 vel
3559 4352 3629 4405 ab

2064 4453 2150 4507 bis
2189 4451 2279 4519 qui
2311 4450 2365 4503 in
2398 4447 2647 4503 Sodomis
2679 4446 2885 4501 ctelesti
2922 4446 3044 4515 igne
3075 4445 3269 4497 vastati
3301 4451 3447 4496 sunt.
3474 4441 3632 4498 Unde

391 4555 568 4618 ﬁeret,
593 4554 773 4609 onmis
812 4552 1027 4623 penitus
1070 4550 1303 4605 adeundi
1338 4550 1562 4606 honoris
1592 4550 1954 4606 ecclesiastici
1980 4533 2034 4631 Γ
2063 4545 2208 4599 etde
2243 4540 2581 4596 Amorrhaeis
2606 4539 2843 4593 dicitur:
2890 4556 2909 4589 ‹
2950 4536 3197 4590 Nondum
3231 4534 3377 4588 enim
3426 4533 3631 4601 repleta

391 4644 797 4702 abscinderetur
819 4643 1064 4706 ambitio,
1088 4644 1135 4697 si
1164 4659 1223 4697 se
1243 4641 1569 4712 judicandos
1592 4642 1773 4710 potius
1799 4657 1958 4711 quam
1978 4654 1983 4693 ξ

462 4761 508 4793 "
534 4759 674 4816 Psal.
690 4775 839 4825 xm,
874 4761 925 4813 ‘l.

392 4831 561 4886 Hebr.
586 4846 689 4895 xu,
716 4831 768 4884 6.

393 4901 452 4959 9.
524 4902 570 4934 ’°
597 4902 727 4971 Sap.
775 4915 853 4967 XI,
884 4899 976 4954 21.
1054 4899 1098 4929 “
1125 4898 1263 4953 Gen.
1292 4913 1385 4958 xv,
1416 4899 1508 4952 ‘16.

467 5040 580 5109 (26)
612 5037 715 5109 Ms.
760 5036 973 5109 Regius
1002 5050 1149 5109 num.
1202 5033 1361 5109 1639,
1411 5050 1431 5109 ς
1474 5045 1728 5096 reversa;
1763 5047 1808 5109 in
1831 5026 1967 5106 alter

395 5095 790 5171 Vallis-Clarae,
835 5095 891 5161 ἔι
934 5095 1386 5169 Genebrardus,r
1413 5095 1726 5172 ingressa.)
1770 5095 1965 5152 Caeteri

395 5198 528 5237 mss.
566 5187 621 5234 et
647 5178 799 5240 editi,
835 5194 855 5227 ‹
886 5189 1152 5245 regressa.
1182 5192 1202 5224 ι

467 5236 580 5319 (27)
632 5236 906 5319 Rabanus,
946 5236 992 5319 '5
1024 5245 1115 5312 qui
1154 5248 1423 5319 praesunt,
1474 5250 1532 5319 et
1589 5246 1714 5293 sunt
1754 5236 1964 5319 judiges

396 5304 737 5391 populorum.
784 5335 804 5368 ι
857 5304 1303 5391 Ρουιοὶοεί-ῃιξ.
1334 5304 1961 5391 “Regiusnnumllﬁﬁg,

405 5374 424 5440 ἱ
458 5374 547 5459 qui
594 5386 826 5459 alienum
851 5374 1072 5459 ignem.
1105 5401 1125 5433 ι
1174 5381 1240 5435 Et
1275 5374 1529 5459 itifra,'in
1570 5378 1678 5433 ﬁne
1722 5374 1963 5438 articuli,

400 5450 592 5514 omnes
618 5455 747 5510 editi
767 5450 1002 5516 'babént,
1035 5470 1056 5503 ι
1091 5467 1196 5505 non
1223 5450 1525 5519 pervenire.
1563 5467 1582 5501 ι

474 5529 584 5599 (28)
604 5526 748 5599 Mss.
778 5526 906 5584 duo,
938 5541 959 5573 ‹
991 5513 1300 5599 ignorans.»
1327 5513 1970 5599 (Ite-terimsquaba‘nu‘s

404 5609 459 5652 et
477 5580 617 5652 ‘edi'ti
656 5612 675 5645 ι
701 5580 977 5665 ignoras,»
997 5580 1104 5665 eic.
1128 5590 1373 5665 Ilox_m_s.
1407 5586 1607 5657 Regius
1628 5601 1778 5641 num.
1808 5580 1968 5646 1659,

412 5685 431 5720 σ
462 5667 679 5720 divitias
713 5659 912 5732 Quippe
942 5661 1200 5732 bonitatis
1237 5659 1398 5732 Dei,_:
1438 5668 1545 5732 etc.

481 5719 593 5809 (29)
623 5753 642 5786 ι
674 5719 898 5788 Tamen.
930 5755 949 5781 ι
984 5729 1040 5784 In
1071 5738 1226 5782 antea
1265 5728 1425 5782 editis
1455 5726 1816 5789 desideratur,
1837 5730 1892 5777 et
1917 5719 1971 5774 in

774 5826 1061 5898 Panos.
1080 5821 1200 5882 Gn.
1242 5817 1415 5881 XIV.

1001 4759 1047 4791 ⁸ο
1067 4757 1223 4813 Rom.
1253 4774 1315 4818 tt.
1344 4757 1398 4812 '5.
1473 4758 1515 4789 ⁸¹
1535 4755 1680 4811 Psal.
1699 4771 1969 4816 cxxxvttt,
1991 4756 2040 4809 7.

884 4805 930 4861 δέ
962 4805 1223 4889 again;
1254 4805 1316 4882 ’ὶῖ
1346 4805 1438 4860 ’ὶσ
1465 4805 1948 4891 955111.};‘1‘5‘61

2049 4823 2187 4877 attb.
2232 4835 2327 4883 vtt,
2366 4805 2587 4883 13,14.
2661 4816 2707 4848 ⁸⁸
2736 4814 2925 4873 Matth.
2954 4827 3008 4876 v,
3052 4810 3138 4866 45.
3213 4809 3258 4841 ⁸⁸
3290 4805 3430 4861 Psal.
3460 4820 3630 4869 Lxxtt,

2066 4644 2195 4692 sunt
2239 4632 2354 4704 (ὃῦ)
2389 4639 2610 4701 peccata
2651 4628 3090 4683 Amorrbaaorum
3126 4632 3299 4694 usque
3335 4638 3480 4676 nunc
3505 4621 3574 4678 ⁹¹.
3606 4640 3627 4673 ι

2134 4753 2180 4784 ⁸²
2208 4752 2222 4803 l
2249 4749 2395 4804 Petr.
2416 4762 2491 4812 tv,
2514 4746 2601 4800 l7.
2678 4728 2723 4777 ’⁸⁵
2741 4744 2913 4799 Levii.
2944 4757 2998 4803 x,
3022 4741 3117 4812 5.“
3150 4739 3197 4772 '3‘
3217 4736 3498 4812 frons",
3529 4738 3631 4801 12;

2072 5034 2181 5075 uno
2241 5032 2345 5071 ms.
2394 5014 2578 5084 Regio,
2627 5012 2729 5084 sed
2750 5010 3085 5084 _restituitur
3121 5023 3189 5084 ex
3243 5009 3458 5063 cmteris
3495 5025 3629 5084 m_ss.

2145 5086 2257 5157 ('50)
2287 5087 2379 5141 Sic
2405 5077 2513 5157 ms.
2544 5077 3148 5157 Valli51Clam._(_3:eteri
3177 5092 3306 5132 vero
3343 5093 3500 5145 mss.,
3524 5079 3634 5136 Ra-

2070 5149 2249 5215 banus
2267 5168 2322 5211 et
2352 5155 2482 5210 editi
2518 5172 2537 5205 ι
2574 5152 2618 5207 si
2649 5151 2770 5218 quis
2801 5149 3133 5218 consideret,
3163 5167 3182 5199 ι
3217 5158 3322 5202 etc.

2143 5224 2254 5294 (51)
2274 5222 2363 5275 Sic
2384 5227 2528 5294 recte
2539 5214 2681 5294 mss:
2689 5218 2964 5294 _plertq_ue.
2985 5214 3133 5294 ﬁdit:
3152 5232 3280 5269 vero
3300 5226 3355 5294 et
3377 5234 3641 5294 m_s._unus

2068 5284 2266 5365 Regius
2283 5307 2436 5365 num.
2461 5287 2613 5365 1640,
2637 5307 2655 5338 ‹
2670 5284 2741 5365 _de
2762 5285 2921 5339 vitiis.
2948 5284 3237 5365 {Raba'nus
3254 5307 3272 5338 ι
3297 5288 3364 5341 de
3384 5289 3634 5365 divitiis;

2143 5353 2253 5433 βε)
2280 5361 2352 5414 Ita
2384 5372 2515 5433 r_nss.
2550 5356 2889 5433 pierique_e_t_
2907 5354 3067 5433 editi.
3117 5353 3370 5433 Rabanus
3414 5367 3543 5408 vero
3579 5362 3636 5407 et

2074 5424 2178 5491 ms.
2221 5424 2360 5487 unus
2385 5424 2586 5499 Regius
2618 5424 2769 5480 num.
2794 5424 2950 5499 164],
2993 5440 3012 5474 ε
3048 5424 3328 5499 insultant.
3361 5442 3382 5475 ι

2149 5501 2260 5575 (55)
2287 5503 2379 5555 Sic
2405 5492 2658 5575 Ra'banus
2680 5506 2734 5549 et
2767 5495 2970 5575 rectius
2988 5492 3216 5575 quidem
3241 5507 3403 5575 quam
3448 5509 3468 5545 ι
3496 5507 3633 5550 cono

2077 5564 2367 5641 sumpiam,
2406 5587 2424 5620 ι
2463 5568 2752 5641 utbabent
2784 5564 2920 5641 editi
2948 5572 3004 5617 et
3029 5577 3159 5616 mss.
3192 5564 3384 5641 nostri.

2150 5631 2261 5715 (514)
2289 5631 2415 5715 Mss.
2448 5639 2665 5715 quidam
2702 5654 2720 5685 ι
2748 5633 3192 5715 completasunt.
3213 5650 3245 5715 Δι
3279 5631 3477 5688 Caeteri
3506 5645 3636 5688 vero

2081 5702 2392 5779 ms‘s.,'cditi
2423 5718 2475 5763 et
2506 5705 2781 5769 Rabanus,
2814 5722 2833 5756 ι
2869 5702 3071 5772 repleta
3106 5711 3281 5757 sunt.»

3244 5792 3323 5854 28

3712 3872 3722 3931 l
