4170 6344
514 323 620 382 875

1997 318 2318 379 ORIGENIS

3677 329 3784 385 876

509 443 639 500 Fert
667 458 799 515 ergo
838 442 981 501 Deus
1013 444 1309 515 patienter,
1339 453 1393 500 et
1427 453 1706 515 exspectat
1737 441 2092 509 uniuscujus-
2123 447 2167 503 Α
2196 439 2378 496 omnia
2411 455 2532 509 qnze
2562 440 2675 510 agit
2704 442 2862 513 digna
2901 450 3029 498 sunt
3062 459 3230 514 regno
3262 443 3525 501 cmlorum
3551 461 3563 499 :
3597 454 3651 500 et
3675 446 3781 500 istc

509 554 617 607 que
652 536 1052 608 paenitentiam.
1109 535 1216 592 Sed
1266 551 1373 590 non
1424 551 1525 591 nos
1567 534 1831 590 dissolvat
1864 534 1988 603 hoc,
2042 544 2096 589 et

513 630 700 683 tardos
732 627 799 682 ad
831 628 1248 683 conversionem
1275 627 1466 691 faciat,
1505 626 1633 695 quia
1663 639 1856 680 rursus
1876 626 2094 696 patien-

408 722 605 823 L’t‘irc
640 721 759 791 ejus
782 727 837 775 et
874 719 1289 776 sustentatiouis
1314 729 1463 774 certa
1500 732 1755 773 mensura
1778 724 1882 771 est.

585 812 640 866 4.
683 831 702 865 ‹
745 812 1055 867 Secundum
1091 809 1348 865 duritiam
1377 821 1559 864 autem
1589 818 1759 875 tuam,
1783 815 1839 863 et
1865 822 1960 862 cor
1988 807 2095 861 im-

516 905 813 973 paanitens,
857 902 1198 962 tbesaurizas
1238 901 1334 955 tibi
1391 901 1498 969 ipsi
1550 900 1690 954 iram
1744 900 1798 952 in
1845 898 1933 954 die
1978 898 2094 962 irae,

514 996 683 1068 478
710 994 1142 1051 etrevclationis
1187 993 1321 1063 justi
1354 992 1545 1063 judicii
1594 992 1711 1056 Dei,
1761 992 1853 1069 qui
1909 991 2098 1047 reddet

516 1090 811 1157 unicuique
845 1087 1142 1143 secundum
1179 1100 1344 1154 opera
1390 1086 1510 1155 ejus
1526 1086 1595 1138 θ’.
1637 1102 1655 1136 δ
1691 1083 1801 1139 Cor
1826 1084 2021 1138 durum
2040 1084 2092 1137 in

517 1181 816 1252 Scripturis
864 1180 967 1235 dici
1009 1179 1255 1246 .videtur,
1300 1194 1424 1233 cum
1463 1193 1614 1232 mens
1663 1178 1902 1232 humana
1947 1176 2097 1233 velut

517 1288 646 1330 cera
701 1272 906 1342 frigore
941 1272 1247 1342 iniquitatis
1278 1272 1543 1326 obstricta
1575 1269 1916 1340 signaculum
1959 1270 2095 1324 ima-

515 1365 663 1435 ginis
694 1363 890 1419 divinae
926 1377 1032 1416 non
1069 1362 1287 1433 recipit.
1332 1360 1448 1417 l’loc
1492 1363 1633 1417 idem
1664 1360 1792 1415 alibi
1820 1375 1918 1416 cor
1943 1375 2098 1416 cras-

517 1473 638 1513 sum
667 1455 991 1528 appellatur,
1018 1457 1165 1512 sicut
1190 1469 1315 1510 cum
1341 1455 1543 1510 dicitur
1574 1455 1725 1524 (55):
1762 1472 1781 1505 ι
1817 1453 2097 1530 lnc_rassa-

518 1561 632 1604 tum
668 1556 753 1605 est
787 1562 881 1603 cor
916 1547 1098 1618 populi
1129 1546 1288 1615 hujus
1308 1548 1435 1602 ον.»
1471 1544 1823 1601 Contrarium
1862 1559 1994 1599 vero
2014 1553 2098 1599 est

517 1644 655 1697 duro
680 1641 866 1707 molle,
888 1640 1036 1710 quod
1078 1639 1131 1694 in
1169 1640 1468 1709 Scripturis
1499 1653 1594 1693 cor
1616 1650 1877 1691 carneum
1919 1636 2099 1690 nomi-

515 1743 677 1789 natur
706 1733 801 1800 ⁹³;
842 1742 899 1787 ει
933 1746 1124 1787 crasso
1172 1732 1286 1804 (36)
1333 1730 1548 1794 subtile,
1599 1729 1685 1784 vel
1734 1739 1918 1793 tenue,
1955 1728 2094 1797 quod

512 1823 806 1894 Apostolus
855 1822 1165 1891 spiritalem
1214 1821 1490 1876 hominem
1543 1827 1701 1874 vocat
1728 1817 1774 1850 ”‘
1819 1833 1944 1873 eum
1999 1817 2093 1887 qui

512 1916 793 1972 examinat
842 1915 1045 1971 omnia.
1102 1913 1273 1984 Igitur
1303 1927 1432 1968 cum
1466 1912 1590 1982 quis
1625 1911 1732 1966 scit
1773 1925 1898 1980 quas
1943 1908 2089 1964 bona

515 2018 660 2076 sunt,
688 2018 744 2064 et
771 2022 878 2064 non
910 2008 1024 2079 agit
1053 2008 1214 2074 bona,
1265 2021 1365 2076 per
1416 2006 1677 2061 duritiam
1731 2004 1914 2060 cordis
1958 2018 2093 2060 con-

513 2112 779 2171 temptum
810 2098 1058 2155 omnium
1091 2100 1363 2154 bonorum
1396 2099 1599 2154 habere
1646 2099 1953 2155 credendus
1984 2109 2088 2155 est.

513 2192 835 2248 Crassitudo
867 2204 999 2246 vero
1027 2189 1211 2246 cordis
1243 2200 1346 2256 est,
1381 2190 1471 2244 ubi
1500 2188 1717 2244 subtilis
1737 2197 1792 2243 et
1834 2189 2095 2259 spiritalis

512 2281 894 2352 intelligentia:
924 2297 1030 2336 non
1081 2279 1344 2351 recipitur
1386 2293 1580 2335 sensus
1620 2294 1634 2328 τ

515 2376 789 2445 ptenitens
816 2373 1069 2430 effectum
1105 2372 1445 2429 thesaurizat
1485 2370 1591 2427 sibi
1624 2370 1727 2440 ipsi
1753 2372 1889 2426 iram
1920 2372 1974 2427 in
2004 2373 2094 2428 die

514 2468 631 2532 irae,
664 2476 719 2522 et
755 2465 1103 2522 revelationis
1132 2464 1267 2535 justi
1307 2464 1499 2535 judicii
1552 2462 1674 2533 Dei,
1722 2468 1847 2522 dum
1895 2466 2095 2521 bonum

515 2574 653 2630 opus
686 2573 798 2615 non
824 2558 1007 2629 agitur
1033 2573 1130 2629 per
1160 2556 1458 2623 duritiam;
1490 2558 1801 2615 intellectus
1832 2572 1966 2614 vero
1993 2558 2095 2615 bo-

515 2664 618 2706 nus
644 2664 742 2719 per
771 2648 1189 2705 crassitudinem
1212 2648 1394 2704 cordis
1422 2650 1751 2705 excluditur.
1776 2650 1982 2722 ('57)De
2015 2651 2096 2705 ira

521 2752 705 2797 autem
734 2741 831 2798 Dei
865 2749 920 2796 et
947 2741 1221 2810 superius,
1253 2750 1515 2811 quantum
1546 2757 1635 2798 res
1664 2743 1776 2812 pati
1806 2742 2011 2809 voluit,
2042 2751 2099 2799 et

514 2832 572 2888 in
612 2832 735 2888 aliis
771 2832 906 2888 locis
954 2846 1098 2902 saepe
1119 2832 1414 2888 dissertum
1459 2840 1564 2889 est.
1608 2830 1762 2899 Quod
1783 2847 1916 2889 vero
1939 2833 2096 2900 dicit,

529 2945 549 2979 ι
581 2926 945 2983 Thesaurizas
981 2926 1078 2982 tibi
1108 2927 1210 2998 ipsi
1242 2927 1381 2981 iram
1422 2929 1478 2982 in
1508 2927 1596 2983 die
1620 2927 1734 2996 irae,
1770 2944 1793 2980 ι
1840 2927 2095 2984 conside-

515 3016 746 3074 randum
779 3025 887 3074 est.
920 3016 1239 3073 Thesaurus
1261 3019 1591 3089 appellatur,
1618 3034 1726 3090 quo
1751 3020 1955 3076 diversi
2003 3036 2099 3093 ge-

1688 2288 1743 2334 et
1771 2280 1841 2334 ita
1867 2295 1964 2336 cor
1991 2280 2095 2335 im-

2202 532 2325 587 talis
2372 532 2686 587 divitiarum
2708 548 2931 589 suarum
2962 536 3249 590 thesauros
3280 536 3464 590 condit
3493 536 3548 590 in
3588 524 3791 592 'coelisf

2200 622 2282 679 Ita
2310 624 2478 694 igitur
2513 624 2944 695 uniuscujusque
2980 627 3218 682 thesauri
3250 640 3535 695 possessor
3556 635 3613 682 et
3649 642 3783 681 con-

2200 715 2344 771 ditor
2374 724 2552 786 potest
2585 714 2722 772 alius
2762 717 2980 784 quidem
3033 718 3294 785 carnalis,
3325 718 3465 773 alius
3495 734 3628 774 vero
3660 720 3783 773 ani-

2199 808 2361 865 malis
2385 818 2568 875 nomo,
2598 808 2738 863 alius
2765 816 2948 863 autem
2973 809 3272 878 spiritualis
3301 808 3588 880 appellari.
3624 807 3781 864 Nunc

2195 903 2307 973 jam
2342 902 2628 957 videamus
2652 916 2772 971 quae
2799 910 2882 957 est
2908 902 3028 956 dies
3072 901 3186 968 iraa,
3221 916 3383 972 quam
3416 902 3504 958 hic
3550 901 3785 971 Aposto-

2200 993 2285 1050 lus
2333 991 2617 1060 nominat,
2667 1008 2789 1062 qua:
2837 1000 3019 1048 tamen
3057 992 3276 1048 facilius
3307 994 3677 1064 dignoscetur,
3730 994 3779 1049 si

2202 1084 2267 1139 de
2294 1098 2360 1138 ea
2388 1083 2518 1153 quid
2544 1083 2710 1138 etiam
2739 1082 2962 1153 reliqua:
2994 1082 3295 1155 Scriptura:
3324 1085 3568 1139 indicent
3598 1086 3784 1154 requi-

2201 1189 2409 1230 ramus.
2454 1175 2584 1242 Quae
2612 1188 2743 1244 ergo
2789 1176 2858 1231 ad
2895 1189 3140 1245 praesens
3178 1177 3427 1245 exempla
3484 1191 3783 1233 occurrere

2198 1273 2475 1335 poterunt,
2526 1265 2855 1335 aptabimus,
2911 1275 2968 1321 et
3016 1280 3083 1321 ex
3132 1265 3220 1322 his
3253 1281 3376 1337 qua:
3411 1267 3484 1322 sit
3527 1269 3643 1325 dies
3688 1269 3783 1325 iraa

2203 1358 2623 1417 monstrabitur.
2656 1358 2936 1429 Scriptum
2962 1367 3048 1414 est
3086 1357 3143 1414 in
3195 1359 3365 1417 Amos
3407 1363 3671 1433 pr0pheta
3694 1365 3779 1417 ’3:

2207 1467 2225 1499 ι
2271 1448 2360 1504 Vae
2391 1451 2477 1504 his
2507 1450 2599 1518 qui
2633 1450 2957 1507 desiderant
2984 1453 3126 1508 diem
3160 1452 3393 1508 Domini.
3431 1453 3504 1510 Ut
3528 1455 3657 1524 quid
3684 1469 3781 1511 vo-

2201 1542 2282 1596 bis
2313 1541 2455 1596 diem
2484 1542 2741 1597 Domini?
2772 1551 2828 1598 et
2858 1543 2978 1598 haec
3006 1551 3090 1599 est
3125 1545 3384 1611 tenebrae,
3412 1554 3468 1600 et
3503 1562 3610 1602 non
3656 1545 3772 1609 lux.

2200 1631 2685 1703 Quemadmodum
2723 1635 2770 1688 si
2818 1632 3043 1705 ell‘ugiat
3091 1634 3257 1691 homo
3283 1649 3312 1688 a
3341 1635 3480 1692 facie
3508 1636 3697 1703 leonis,
3726 1647 3782 1693 et

2201 1731 2456 1778 occurrat
2486 1723 2534 1777 ei
2564 1737 2746 1787 ursus,
2778 1735 2833 1780 et
2859 1724 3028 1780 intret
3055 1725 3111 1779 in
3143 1726 3364 1781 domum
3394 1740 3573 1791 suam,
3598 1737 3653 1782 et
3679 1741 3779 1782 ex-

2201 1818 2388 1871 tendat
2418 1829 2612 1871 manus
2637 1830 2763 1871 suas
2791 1814 2858 1870 ad
2878 1816 3168 1886 parietem,
3184 1825 3240 1872 et
3260 1818 3505 1873 mordeat
3525 1833 3647 1874 eum
3665 1834 3782 1874 ser-

2196 1925 2353 1981 pens.
2380 1909 2571 1965 Nonne
2597 1910 2839 1965 tenebrae
2864 1919 2993 1966 sunt
3023 1911 3139 1966 dies
3174 1909 3415 1974 Domini,
3449 1921 3503 1967 et
3526 1927 3631 1966 non
3682 1913 3779 1968 lux

2195 2011 2250 2057 et
2280 2000 2453 2069 caligo
2483 2016 2603 2070 quae
2628 2017 2735 2057 non
2764 2001 3072 2071 resplendet
3100 2003 3125 2056 ἲ
3151 2020 3171 2054 ι
3238 2002 3346 2058 Sed
3399 2014 3454 2057 et
3485 2003 3600 2059 ἔθει
3650 2005 3784 2061 dicit

2196 2093 2264 2148 ad
2298 2096 2627 2157 sacerdOtes,
2666 2104 2720 2150 et
2747 2110 2845 2151 eos
2864 2097 2955 2165 qui
2982 2095 3142 2150 altari
3177 2096 3566 2151 desert-inuti:
3598 2114 3618 2148 ι
3657 2097 3781 2151 Cia--

2197 2195 2342 2241 mate
2370 2186 2439 2240 ad
2470 2185 2757 2242 Dominum
2789 2186 2906 2241 sine
2934 2186 3269 2241 cessatione:
3289 2184 3403 2240 lleu
3426 2201 3534 2251 me,
3562 2187 3664 2240 heu
3693 2201 3781 2242 me

2197 2279 2252 2334 in
2270 2278 2434 2345 diem,
2454 2278 2581 2349 quia
2599 2293 2765 2348 prope
2778 2287 2864 2334 est
2880 2279 2994 2334 dies
3023 2276 3260 2341 Domini.
3294 2286 3350 2332 et
3380 2278 3522 2332 sicut
3557 2278 3781 2332 miseria

2196 2387 2259 2427 ex
2278 2370 2499 2427 miseria
2516 2369 2727 2425 veniet!
2752 2388 2771 2421 ι
2799 2366 2859 2423 Et
2884 2377 3005 2438 post
3029 2381 3199 2437 pauca
3216 2367 3278 2419 ’τ
3307 2384 3326 2419 ι
3348 2365 3500 2421 Tuba
3525 2366 3703 2421 cauite
3725 2367 3780 2421 in

2198 2458 2353 2526 Sion,
2365 2458 2661 2529 praedicate
2675 2458 2728 2512 in
2744 2465 2930 2512 monte
2947 2466 3135 2513 sancto
3152 2471 3291 2520 meo,
3307 2463 3362 2510 et
3374 2455 3783 2511 confundantur

2196 2566 2390 2608 omnes
2421 2551 2517 2622 qui
2548 2551 2803 2606 habitant
2840 2564 3002 2620 super
3044 2555 3273 2613 terram,
3306 2549 3434 2617 quia
3471 2548 3628 2604 adest
3665 2547 3783 2603 dies

2197 2643 2437 2710 Domini,
2469 2642 2595 2712 quia
2639 2656 2809 2712 prope
2832 2649 2918 2697 est
2954 2641 3071 2697 dies
3104 2641 3451 2695 tenebrarum
3494 2648 3551 2694 et
3592 2639 3782 2708 caligi-

2197 2737 2306 2801 nis,
2338 2736 2455 2791 dies
2491 2735 2654 2791 nubis
2678 2744 2733 2790 et
2762 2733 2995 2790 nebulae.
3031 2733 3185 2787 Sicut
3232 2734 3559 2787 matutinum
3602 2731 3779 2787 effun-

2198 2829 2359 2883 detur
2403 2840 2568 2898 super
2612 2835 2826 2882 montes
2870 2824 3102 2896 populus
3138 2822 3341 2880 multus
3369 2833 3425 2880 et
3460 2824 3643 2879 fortis.
3694 2824 3780 2880 Si-

2198 2920 2343 2976 milis
2369 2920 2418 2975 ei
2449 2935 2558 2975 non
2608 2919 2708 2973 fuit
2738 2934 2769 2975 a
2814 2918 3037 2984 saeculo,
3072 2927 3130 2972 et
3152 2924 3277 2986 post
3308 2917 3485 2987 ipsum
3515 2932 3623 2972 non
3675 2918 3784 2973 erit

2194 3027 2372 3083 usque
2401 3012 2455 3067 in
2490 3027 2665 3067 annos
2696 3011 3245 3068 sarculisazculorum.
3273 3010 3412 3064 Ante
3433 3009 3610 3078 ipsum
3642 3009 3784 3080 ignis

516 3108 665 3164 neris
696 3123 855 3179 opes,
890 3119 946 3164 et
978 3110 1179 3166 divitize
1212 3123 1632 3183 congregantur.
1663 3111 1838 3183 Hujus
1865 3115 1923 3169 in
1949 3113 2096 3170 Scri-
2122 3136 2171 3198 ο
2200 3119 2554 3171 consumens,
2582 3115 2638 3159 et
2683 3114 2806 3175 post
2839 3103 3015 3173 ipsum
3054 3102 3271 3157 ﬂamma
3318 3115 3572 3155 accensa.
3626 3099 3782 3155 Sicut

515 3202 695 3271 pturis
758 3201 1180 3272 significantiam
1246 3204 1519 3274 triplicem
1580 3206 1829 3277 legimus.
1890 3208 2095 3264 Dicitur

515 3296 660 3349 enim
695 3293 749 3348 in
783 3293 1077 3363 Evangelio
1106 3296 1154 3327 ⁸⁸
1191 3295 1482 3351 thesaurus
1512 3311 1634 3353 esse
1662 3299 1888 3369 quidam
1913 3299 1968 3355 in
1996 3308 2098 3356 ter-

519 3387 614 3453 ris,
650 3387 703 3441 in
734 3400 844 3454 quo
882 3385 1135 3456 prohibet
1168 3388 1427 3443 Dominus
1455 3389 1811 3445 thesaurizari
1839 3408 1854 3443 :
1883 3399 1938 3446 et
1959 3392 2100 3449 alius

518 3479 809 3534 thesaurus
838 3478 891 3532 in
919 3477 1079 3543 coelo,
1110 3477 1166 3531 in
1195 3494 1302 3548 quo
1324 3478 1477 3549 jubet
1498 3479 1686 3536 ﬁdeles
1703 3497 1948 3552 quosque
1968 3497 2099 3552 opes

516 3584 644 3626 suas
691 3570 1036 3625 recondere:
1070 3579 1125 3625 et
1167 3571 1259 3625 hic
1288 3586 1434 3625 nunc
1480 3572 1772 3641 Apostolus
1815 3574 1947 3628 dicit
2004 3576 2098 3628 irae

519 3663 831 3720 thesauros.
849 3660 1053 3717 Omnes
1078 3677 1209 3733 ergo
1244 3664 1491 3736 homines
1514 3680 1610 3734 per
1644 3666 1761 3721 haec
1797 3681 1919 3735 quae
1933 3678 2099 3736 agunt

519 3758 572 3811 in
599 3756 703 3811 hoc
738 3760 964 3822 mundo,
1011 3755 1068 3811 in
1113 3773 1224 3813 uno
1269 3758 1453 3827 aliquo
1497 3773 1563 3813 ex
1606 3759 1727 3816 istis
1764 3762 1939 3817 tribus
1967 3775 2097 3816 con-

517 3857 749 3919 gregant
799 3848 1110 3907 thesauros.
1159 3850 1267 3903 Aut
1300 3851 1446 3906 enim
1493 3850 1729 3905 infidelis
1778 3861 1864 3907 est
1892 3853 2016 3921 quis
2043 3860 2099 3907 et

515 3940 762 4008 iniquus,
784 3951 840 3995 et
870 3956 967 4010 per
999 3940 1255 3996 duritiam
1285 3941 1488 4004 cordis,
1529 3950 1587 3996 et
1614 3956 1710 3997 cor
1752 3943 2098 4013 impmniteus

518 4035 573 4087 in
601 4033 858 4089 thesauro
889 4034 984 4087 ira:
1013 4042 1167 4087 actus
1202 4048 1333 4089 suos
1368 4034 1638 4089 recondit.
1687 4033 1798 4089 Aut
1846 4044 2098 4091 terrenus

517 4134 623 4192 est,
656 4134 723 4195 ,ει
770 4127 838 4181 de
886 4135 1035 4180 terra
1082 4126 1246 4194 sapit,
1284 4140 1351 4180 ac
1382 4127 1450 4181 de
1485 4135 1632 4181 terra
1669 4126 1911 4195 loquitur
1934 4126 2008 4193 ",
2042 4135 2097 4182 et

517 4232 641 4273 cum
670 4217 723 4273 ei
755 4216 1004 4272 attulerit
1037 4230 1166 4288 ager
1195 4216 1406 4272 fructus
1442 4218 1660 4285 uberes,
1689 4218 1924 4273 destruit
1969 4219 2097 4273 hor-

516 4324 612 4365 rea
633 4323 753 4376 sua,
779 4318 835 4364 et
856 4306 1063 4377 majora
1077 4307 1390 4374 aedificat",
1414 4317 1470 4364 et
1496 4309 1831 4364 thesauriaat
1850 4309 1904 4363 in
1929 4318 2094 4363 terra.

519 4403 586 4456 Et
612 4401 700 4457 ille
731 4400 946 4471 quidem
986 4399 1180 4467 durus,
1209 4399 1299 4455 hic
1328 4410 1508 4455 autem
1536 4402 1743 4457 stultus
1766 4403 2094 4472 appellatur.

2201 3199 2486 3271 paradisus
2517 3198 2833 3253 deliciarum
2861 3196 2968 3251 erit
3000 3205 3143 3251 terra
3184 3204 3310 3249 ante
3341 3193 3534 3249 faciem
3562 3192 3703 3262 ejus,
3728 3203 3785 3249 et

2199 3302 2323 3366 post
2347 3304 2555 3362 tergum
2585 3291 2700 3359 ejus
2713 3304 2936 3359 campus
2955 3288 3262 3344 erterminii
3293 3286 3427 3359 (59),
3443 3287 3790 3343 etnullusest

2200 3383 2291 3453 qui
2321 3385 2518 3438 evadat
2543 3398 2691 3437 eum.
2724 3380 2882 3436 Sicut
2906 3389 3159 3450 aspectus
3182 3392 3449 3448 equorum
3486 3379 3657 3434 facies
3687 3393 3784 3432 eo-

2201 3491 2354 3540 rum;
2390 3483 2442 3529 et
2468 3475 2608 3529 sicut
2631 3473 2867 3543 equites,
2900 3472 2979 3525 ita
3010 3477 3328 3539 sequentur.
3357 3469 3512 3524 Sicut
3536 3485 3637 3525 vox
3658 3486 3783 3525 cur-

2200 3582 2358 3622 ruum
2380 3580 2543 3634 super
2576 3565 2807 3619 vertices
2837 3561 3100 3616 montium
3129 3559 3420 3617 insilient.»
3451 3558 3557 3615 Sed
3585 3570 3640 3615 et
3666 3575 3785 3615 om-

2200 3659 2293 3714 nia
2325 3659 2378 3713 in
2421 3655 2881 3726 consequentibus
2913 3655 2980 3709 de
3009 3652 3200 3709 eadem
3249 3652 3446 3708 scribit
3487 3667 3663 3723 usque
3713 3654 3784 3707 ad

2200 3767 2323 3808 eum
2354 3752 2532 3807 locutu
2564 3751 2649 3805 ubi
2680 3747 2857 3804 dicit'
2896 3770 2908 3803 :
2941 3764 2961 3798 ι
2994 3746 3061 3801 Et
3090 3744 3353 3801 Dominus
3398 3745 3549 3801 dabit
3594 3761 3782 3801 vocent

2200 3859 2355 3901 suam
2377 3854 2507 3898 ante
2537 3840 2735 3897 faciem
2763 3840 2980 3895 virtutis
3009 3853 3142 3905 sum,
3182 3839 3313 3909 quia
3340 3838 3534 3909 ingens
3564 3850 3648 3895 est
3667 3840 3783 3894 val-

2201 3938 2266 3994 de
2285 3933 2578 3990 multitudo
2596 3940 2904 3988 castrorum
2932 3928 3074 4000 ejus,
3106 3937 3161 3985 et
3188 3929 3367 3985 valida
3396 3945 3561 4001 opera
3591 3930 3783 3986 verbo-

2200 4044 2322 4085 rum
2372 4029 2506 4096 ejus.
2554 4025 2782 4094 Propter
2832 4024 2977 4093 quod
3027 4036 3224 4093 magna
3252 4030 3336 4077 est
3382 4022 3500 4077 dies
3543 4022 3779 4085 Domini,

2200 4136 2396 4193 magna
2420 4128 2476 4176 et
2502 4118 2697 4173 nobilis
2725 4116 2885 4171 valde
2914 4132 2929 4170 :
2965 4121 3023 4169 et
3064 4113 3189 4184 quis
3223 4113 3329 4170 erit
3373 4113 3599 4168 idoneus
3631 4113 3725 4168 ei?
3754 4132 3777 4167 ι

2201 4215 2514 4286 Sophonias
2539 4225 2672 4266 vero
2689 4209 2764 4265 ita
2792 4209 2925 4264 dicit
2948 4207 2971 4239 ⁸
2992 4226 3004 4261 :
3028 4224 3047 4258 ‹
3070 4205 3449 4262 Revereamini
3469 4205 3580 4277 (40)
3598 4205 3782 4262 afacio

2200 4309 2411 4368 Domini
2447 4305 2561 4371 Dei,
2593 4304 2849 4375 quoniam
2873 4314 3044 4372 prope
3062 4307 3146 4355 est
3168 4298 3284 4354 dies
3305 4298 3538 4366 Domini,
3558 4307 3611 4353 ct
3638 4313 3780 4369 prae-

2198 4402 2410 4475 paravit
2442 4400 2710 4455 Dominus
2751 4394 3035 4450 victimam
3066 4406 3243 4454 suam,
3283 4391 3651 4446 sanctificavit
3680 4405 3778 4445 vo—

517 4492 727 4548 Dicitur
750 4490 897 4546 enim
923 4492 993 4545 ad
1021 4505 1144 4547 eum
1173 4505 1189 4544 :
1226 4507 1245 4542 ς
1286 4490 1484 4555 Stulte,
1516 4492 1623 4547 hac
1655 4502 1814 4547 nocte
1848 4501 2097 4562 repetent
2128 4487 2171 4541 D
2203 4505 2353 4551 catos
2384 4506 2533 4549 suos.
2568 4510 2586 4542 ι
2622 4488 2687 4543 Et
2716 4497 2837 4557 post
2868 4499 3037 4556 pauca
3059 4483 3081 4515 ⁸
3109 4500 3123 4537 :
3163 4501 3182 4535 ‹
3219 4483 3394 4553 Prope
3423 4496 3506 4538 εει
3534 4483 3651 4539 dies
3680 4484 3783 4536 Do-

518 4586 618 4641 abs
643 4592 697 4640 te
724 4585 962 4639 animam
985 4592 1156 4649 tuam,
1198 4585 2086 4656 etquaeparasti,cujuserunt93?»

516 4688 625 4741 Aut
652 4686 870 4757 sapiens
901 4692 1009 4747 est,
1045 4692 1101 4740 et
1132 4685 1185 4739 in
1212 4685 1382 4742 Deum
1414 4683 1591 4747 dives,
1618 4690 1672 4737 et
1698 4680 1751 4735 in
1785 4679 1950 4735 terris
1976 4693 2093 4732 am-

514 4784 711 4843 bulans
748 4780 864 4852 (38)
895 4778 1368 4838 conversationem
1417 4776 1579 4830 habet
1628 4774 1680 4827 in
1715 4771 1891 4838 cretis,
1931 4781 2094 4840 atque

2206 4590 2336 4646 mini
2391 4600 2612 4655 magna,
2661 4595 2831 4652 prope
2872 4587 2980 4639 est.
3013 4586 3069 4632 et
3095 4577 3253 4633 velox
3283 4575 3396 4648 (41)
3430 4575 3609 4631 valde.
3660 4576 3780 4632 Vox

2204 4680 2312 4735 diei
2348 4673 2568 4732 Domini
2608 4687 2824 4737 amara,
2858 4678 2913 4724 et
2946 4669 3080 4723 dura
3119 4666 3297 4737 posita
3343 4676 3449 4736 est,
3485 4678 3543 4723 et
3576 4668 3776 4723 valida.

2202 4768 2326 4823 Dies
2358 4767 2474 4833 ira},
2510 4765 2625 4819 dies
2653 4761 2767 4831 illa,
2815 4760 2933 4815 dies
2993 4759 3256 4828 angustiae
3306 4770 3363 4816 et
3408 4761 3776 4827 necessitatis,

590 4925 635 4983 ρ’
661 4924 818 4979 Rom.
839 4938 898 4985 tt,
930 4920 986 4985 5,
1014 4921 1068 4976 6.
1131 4914 1407 4971 "‘Matth.
1438 4927 1561 4985 xu}.
1587 4910 1682 4975 15;
1715 4905 2083 4985 |sa_._vt.‘10.h
2103 4903 2374 4985 ﬁli-1.6911.
2397 4900 2602 4985 ship:
2634 4896 2956 4985 XXVI-32$
3000 4898 3089 4985 “‘l
3111 4898 3249 4985 ‘Cor.
3274 4916 3335 4985 ιιζ
3358 4898 3560 4985 ρ5.ω⁰⁸
3586 4899 3777 4985 alatur.

516 4976 591 5063 νιξ
617 4968 1115 5063 ιᾲζὲὖῗῒσῖοξιξι.
1151 4968 1384 5063 mist.“
1424 4984 1469 5017 ’τ
1504 4968 1987 5063 ιλίιεηίιρηρςῌξξ..
2029 4979 2089 5063 ἐς
2122 4978 2248 5033 ibid.
2280 4976 2370 5029 eo.
2446 4973 2490 5004 οο
2517 4972 2683 5025 Alnos
2713 4982 2765 5032 ν,
2797 4968 2977 5024 l8-20.
3055 4971 3073 5001 ι
3103 4971 3240 5026 Joel.
3267 4971 3403 5037 1,14.
3438 4970 3527 5028 15.
3603 4969 3777 5027 ηυρλ.

517 5045 818 5129 iiIi-‘5'.“
854 5063 984 5118 ibid.
1019 5060 1110 5115 tt.
1182 5045 1628 5126 ιἐοριιοιιηττ.
1704 5048 1886 5104 “ibid.
1929 5045 2112 5103 14-18.

589 5182 702 5253 (55)
728 5180 819 5236 Sic
839 5194 944 5234 ms.
962 5175 1342 5253 Segiusnum.
1372 5168 1529 5225 1659.
1554 5164 1750 5222 Οιειετί
1775 5177 1905 5220 vero
1930 5175 2088 5228 mss.,

516 5244 796 5318 Ralianus,
832 5260 887 5303 et
916 5248 1042 5303 editi
1075 5244 1279 5320 t_dicit.
1306 5259 1334 5320 ρ

593 5302 1011 5393 (adiiciam.
1037 5334 1058 5369 ι
1108 5315 1273 5369 Deest
1304 5311 1359 5366 in
1397 5307 1581 5367 editis.
1631 5302 1753 5360 Mox
1780 5317 1885 5360 ms.
1922 5317 2083 5370 unus,

523 5388 1226 5474 ιεἰεξτέᾼερειοιιιενιέὶιει,
1283 5464 1408 5474 _-__.
1465 5449 1530 5474 ,ο
1592 5457 1637 5474 -.

574 5446 705 5590 1$37)
739 5446 869 5516 V'ide
898 5446 1059 5528 supra
1087 5457 1180 5513 lib.
1211 5470 1251 5521 ι,
1283 5464 1432 5506 num.
1464 5449 1554 5517 18,
1589 5457 1641 5504 et
1671 5446 1769 5502 lib.
1796 5460 1872 5511 tv,
1900 5450 2085 5527 contra

548 5539 589 5590 Ie
612 5550 753 5590 sitm.
777 5547 926 5587 num.
964 5530 1052 5590 72,
1079 5538 1133 5583 et
1158 5526 1214 5581 in
1244 5522 1436 5590 psalm.
1464 5537 1524 5581 ιι.
1557 5534 1767 5575 necnon
1790 5526 1845 5572 et
1887 5515 2076 5590 humtl.

519 5538 753 5595 Celsum,
777 5547 926 5587 num.
964 5538 1052 5591 72,
1079 5538 1133 5583 et
1158 5543 1214 5581 ιη
1244 5538 1436 5591 psatm.
1464 5538 1524 5581 ιι.
1557 5538 1767 5575 necnon
1790 5538 1845 5572 et
1888 5538 2076 5570 ιιυιιιιι.

516 5609 589 5661 22
631 5608 685 5659 in
714 5603 932 5657 Lucam.
965 5601 1071 5654 Sed
1100 5598 1166 5652 ad
1189 5596 1292 5649 alia
1325 5594 1441 5647 loca
1469 5593 1555 5648 hic
1580 5590 1851 5661 reSpicere
1870 5586 2085 5642 videtur

519 5678 778 5742 Origenes
798 5688 916 5742 quae
948 5682 1222 5742 nuncnon
1255 5672 1532 5742 exstant“
1591 5729 1628 5742 Ἀ
1729 5730 1763 5742 __

592 5729 703 5815 (ξὸ)
735 5729 951 5815 Sic'ms.
985 5738 1185 5815 liegius
1219 5750 1365 5815 num.
1400 5732 1556 5815 1659.
1591 5729 1670 5815 Ita
1692 5729 2083 5815 etiamncaetcri

522 5798 876 5883 ιιιέδέόιείιίιὴ
900 5810 1001 5869 nisi
1018 5798 1162 5881 (ιιῖοα
1179 5808 1429 5864 omittam
1448 5817 1558 5860 «cu
1584 5811 1708 5857 ante
1727 5819 1745 5852 ι
1774 5800 1826 5855 in
1854 5798 2075 5855 Deum.»

2195 5160 2450 5214 Rabanus
2483 5170 2630 5219 vero,
2664 5171 2683 5205 ς
2715 5161 2809 5207 aut
2831 5151 2877 5208 si
2907 5154 3125 5223 sapiens
3161 5164 3247 5211 est
3288 5156 3344 5212 in
3381 5154 3575 5220 Deum,
3621 5155 3777 5213 dives

2197 5230 2251 5284 in
2279 5230 2439 5283 terris
2460 5225 2765 5291 ambulans,
2804 5242 2825 5275 ι
2856 5232 2965 5278 etc.

2235 5298 2377 5382 "(39)
2410 5300 2715 5421 Siclomnes
2741 5309 2873 5350 mss.
2897 5294 3044 5349 Editi
3072 5308 3224 5363 vero,
3260 5314 3280 5348 ι
3315 5306 3483 5367 caput
3511 5296 3778 5352 extermi-

2237 5387 2269 5421 ΙΙ
2299 5386 2315 5421 ε
2351 5388 2369 5421 ι
2408 5385 2494 5421 ma
2517 5383 2568 5421 8.

2194 5385 2494 5516 n_"(‘l_0’)_l1t'-.:l
2500 5383 2809 5507 llegendum
2835 5433 3052 5516 videtur
3067 5434 3239 5516 juxta
3253 5436 3561 5516 Scriptura:
3586 5451 3778 5516 εξεηι-

2190 5504 2733 5581 ριεἰ·ἱει’(ἱιέςεεε,”ειυω
2765 5508 2947 5581 omnia
2980 5504 3531 5581 feruntreokafisiciis;
3565 5509 3659 5581 sed
3695 5516 3776 5560 ta-

2189 5575 2314 5663 men
2354 5595 2549 5663 pontes
2572 5575 2721 5637 mss.
2758 5575 2954 5643 nostri,
2994 5586 3053 5632 et
3093 5579 3224 5635 editi
3252 5581 3482 5644 habent,
3511 5596 3531 5629 ι
3566 5577 3777 5633 Rever-

2196 5659 2390 5803 um’ll).
2419 5670 2512 5779 Sic
2542 5736 2731 5781 omnes
2772 5738 2906 5785 mss.
2948 5719 3093 5782 Editi
3128 5735 3282 5787 vero,
3324 5736 3344 5772 ε
3391 5728 3447 5776 ει
3490 5719 3651 5777 velox
3693 5718 3777 5771 ni-

2191 5807 2311 5850 mis.
2357 5812 2377 5846 ι
