4170 6430
492 389 595 445 877
1439 387 1796 446 COMMENT.
1837 386 1907 443 IN
1946 385 2164 443 EPlST.
2209 387 2302 443 AD
2340 387 2505 446 ROM.
2549 387 2679 446 LIB.
2721 390 2789 447 II.
3651 400 3759 454 878

493 518 613 572 dies
642 516 957 573 acerbitatis
980 524 1038 571 et
1074 516 1420 585 perditionis,
1458 516 1573 571 dies
1617 513 1968 569 tenebrarum
2016 520 2069 566 et
2099 513 2147 571 Α
2176 511 2345 581 ipsius
2374 510 2615 567 defuncti
2668 521 2831 577 sunt,
2869 511 2935 567 ad
2965 515 3109 572 hunc
3142 516 3391 575 ultimum
3415 519 3559 577 diem
3612 521 3760 591 judi.

493 610 766 680 caliginis,
802 611 918 665 dies
946 610 1106 664 nubis
1135 619 1189 665 et
1223 610 1455 674 nebulae,
1483 608 1601 662 dies
1633 609 1774 662 tubae
1816 618 1870 661 et
1915 607 2067 661 clan-
2172 604 2329 659 candi
2373 615 2736 661 reserventur.
2768 606 2934 675 Cujus
2970 609 3044 664 rei
3074 610 3362 667 interiores
3406 628 3604 671 causas
3641 630 3763 670 cer.

495 703 641 773 goris
675 717 836 770 super
865 704 1119 758 civitates
1158 704 1418 767 munitas,
1454 712 1511 757 et
1551 717 1716 771 super
1752 716 1937 756 muros
1973 716 2069 755 ex-

493 789 688 846 celsos.
723 791 789 845 Et
837 793 1070 846 alliciam
1112 791 1381 856 homines,
1428 802 1482 846 et
1525 793 1879 849 ambulabunt
1926 794 2068 850 sicut

492 883 643 945 cmci,
686 883 945 953 quoniam
995 884 1226 938 Domino
1269 895 1674 954 peccaverunt:
1710 898 1766 941 et
1792 887 2065 942 effundam

492 975 811 1044 sanguinem
839 990 1028 1030 eorum
1070 977 1212 1031 sicut
1240 976 1538 1045 pulverem,
1563 986 1620 1032 et
1648 992 1841 1033 carnes
1874 994 2063 1034 eorum

493 1077 550 1121 ut
572 1078 834 1122 stercora.
867 1068 1072 1122 Aurum
1108 1083 1321 1135 eorum,
1345 1078 1399 1123 et
1432 1080 1715 1139 argentum
1742 1085 1931 1127 eorum
1954 1089 2060 1129 non

490 1163 697 1230 poterit
750 1161 986 1217 liberare
1027 1176 1121 1217 eos
1167 1162 1220 1215 in
1264 1163 1352 1216 die
1403 1162 1499 1218 ine
1548 1164 1779 1218 Domini.
1828 1165 1881 1219 In
1941 1166 2065 1236 igne

444 1286 447 1289 ι
489 1257 852 1312 minulationis
884 1258 1001 1325 ejus
1043 1267 1401 1313 consumetur
1450 1259 1628 1314 omnis
1674 1270 1815 1314 terra
1841 1300 1859 1322 .
1918 1274 2059 1329 quo-

490 1349 634 1403 niam
672 1349 838 1421 479
862 1351 1382 1404 consummationem
1399 1358 1455 1404 et
1483 1349 1883 1405 festinationem
1903 1352 2065 1407 faciet

490 1457 652 1509 super
678 1458 868 1498 omnes
890 1443 982 1512 qui
1006 1443 1255 1498 habitant
1278 1452 1499 1498 terram.
1524 1462 1543 1494 ι
1561 1443 1726 1499 Isaias
1746 1459 1963 1514 quoque
1989 1445 2064 1499 si-

488 1534 691 1588 militer
725 1542 1036 1589 memorat:
1076 1553 1097 1585 α
1133 1534 1274 1590 Ecce
1304 1534 1452 1590 enim
1491 1535 1607 1589 dies
1638 1535 1850 1590 Domini
1882 1535 2062 1590 veniet

487 1624 809 1680 insanabilis
834 1625 1034 1681 furoris
1060 1633 1119 1680 et
1144 1627 1237 1681 ir:e
1264 1666 1280 1691 ,
1314 1641 1521 1696 ponere
1556 1627 1745 1682 orbem
1777 1635 1935 1681 terra:
1965 1628 2060 1682 de-

487 1727 692 1775 sertum
722 1759 739 1783 ,
785 1727 841 1773 et
870 1728 1190 1788 peceatores
1242 1722 1471 1789 perdere
1501 1735 1567 1774 ex
1603 1734 1669 1775 eo
1700 1720 1744 1775 ⁸.
1781 1739 1800 1772 ι
1841 1720 1907 1774 Ει
1941 1730 2062 1790 post

484 1827 657 1880 pauca
692 1829 706 1866 :
746 1831 766 1863 ς
797 1814 1008 1870 Caelum
1040 1814 1199 1869 enim.
1221 1814 1406 1869 furore
1432 1814 1788 1881 accendetur,
1817 1823 1872 1869 et
1905 1824 2053 1870 terra
2088 1853 2129 1908 Β

486 1905 799 1960 movebitur
836 1921 866 1959 ιι
898 1903 1266 1960 fundamentis
1283 1904 1419 1967 suis,
1447 1915 1672 1975 propter
1693 1905 1931 1960 furorem
1961 1907 2056 1962 irae

484 1996 699 2051 Domini
735 1997 974 2052 Sabaoth
1006 2037 1023 2063 ,
1080 1998 1135 2051 in
1196 1998 1285 2051 die
1341 2012 1448 2066 qua
1494 1998 1871 2065 supervenerit
1904 1996 2079 2052 furor.

481 2088 603 2156 ejus
629 2090 672 2143 ⁷.
708 2109 729 2142 ι
761 2088 862 2144 His
910 2098 990 2144 tot
1035 2098 1091 2145 et
1137 2089 1333 2145 talibus
1369 2091 1436 2145 de
1469 2090 1555 2143 die
1586 2090 1682 2145 ira:
1730 2091 2060 2147 testimoniis

484 2182 832 2252 congregatis
855 2220 871 2245 ,
899 2190 1033 2251 puto
1061 2184 1210 2251 quod
1248 2181 1390 2236 ultra
1424 2181 1574 2237 locus
1614 2181 1702 2236 hic
1726 2182 2061 2249 expositione

484 2287 590 2326 non
625 2281 806 2343 egeat.
838 2273 1135 2330 Evidenter
1166 2274 1309 2329 enim
1341 2274 1395 2328 in
1422 2275 1510 2331 his
1524 2275 1781 2329 omnibus
1804 2277 1920 2331 dies
1942 2276 2058 2341 irae,

482 2364 737 2419 vindicta:
766 2366 887 2420 dies
917 2375 972 2419 et
1002 2365 1193 2435 judicii
1227 2367 1542 2437 designatur
1584 2367 1720 2438 (42).
1752 2367 1882 2423 lude
1907 2369 2061 2423 deni-

483 2471 591 2525 que
619 2457 688 2512 ad
713 2457 860 2512 diem
894 2457 991 2513 irae
1027 2457 1185 2528 addit
1237 2458 1531 2527 Apostolus
1555 2499 1571 2523 ,
1622 2478 1641 2511 ι
1673 2467 1730 2514 et
1761 2460 2059 2517 revelatio-

484 2556 591 2604 m‘s.
629 2568 648 2601 ι
705 2549 797 2604 Sic
838 2550 983 2604 enim
1016 2551 1150 2605 dicit
1180 2569 1195 2606 :
1231 2568 1249 2602 ‹
1287 2548 1344 2605 lu
1376 2551 1466 2607 die
1493 2553 1587 2607 irae
1618 2562 1675 2607 et
1708 2552 2059 2610 revelationis

479 2639 612 2708 justi
634 2639 827 2708 judicii
853 2640 971 2696 Dei.
1009 2659 1028 2693 ι
1065 2641 1374 2697 Revelanda
1421 2658 1656 2714 namque
1686 2658 1808 2699 esse
1833 2645 2013 2700 omnia
2039 2686 2056 2712 ,

480 2733 649 2787 etiam
679 2734 733 2787 in
775 2734 1068 2806 Evangelio
1101 2736 1437 2807 designatur,
1475 2751 1597 2791 cum
1630 2737 1872 2793 dicitur:
1907 2757 1928 2791 ‹
1963 2738 2058 2794 Ni-

480 2823 557 2878 hi‘.
588 2826 859 2880 occultum
889 2828 1031 2895 quod
1065 2842 1170 2881 non
1204 2828 1624 2897 manifestetnr;
1655 2845 1755 2885 nec
1781 2841 2057 2902 opertum,

480 2915 624 2983 quod
660 2932 767 2970 non
793 2917 1064 2972 reveletur
1084 2918 1129 2972 ⁸.
1165 2937 1185 2971 ι
1221 2918 1328 2974 Sed
1368 2929 1426 2976 et
1452 2921 1739 2990 Apostolus
1766 2921 1819 2976 in
1861 2936 2060 2979 conse-

480 3008 779 3078 quentibus
829 3007 988 3076 hujus
1042 3009 1297 3079 Epistula:
1348 3012 1525 3068 dicit:
1563 3031 1581 3064 ‹
1623 3011 2057 3083 Cogitationibus

478 3103 879 3169 accusantibus,
918 3111 1011 3158 aut
1040 3105 1204 3159 etiam
1238 3104 1675 3174 defendentibus,
1705 3110 1759 3164 in
1789 3111 1900 3176 die,
1929 3126 2053 3166 eum

2173 707 2286 751 tum
2316 707 2400 752 est
2454 698 2849 754 secretioribus
2896 700 3173 770 mysteriis
3204 706 3441 774 contegi.
3479 723 3499 757 σ
3547 705 3755 778 Myste-

2171 786 2311 841 rium
2350 806 2368 838 ι
2396 802 2525 843 vero
2557 805 2578 839 ι
2620 788 2764 858 regis
2799 789 3137 845 abscondere
3159 791 3358 847 bonum
3382 802 3468 849 est
3501 794 3565 850 ι’.
3597 815 3615 849 ι
3648 794 3754 851 Ta-

2169 895 2295 935 men
2328 881 2727 949 explanationis
2750 882 2924 952 gratia
2945 883 3214 951 dicemus,
3247 885 3298 939 in
3326 898 3589 955 quantum
3621 906 3749 960 pos-

2169 969 2325 1023 sibile
2360 981 2443 1024 eSt
2469 970 2679 1039 paginis
2704 971 2867 1025 verba
2901 973 3272 1028 committere.
3306 975 3457 1031 Multi
3490 987 3618 1033 sunt
3652 972 3748 1049 qui

2167 1075 2233 1115 ex
2275 1062 2377 1116 hac
2410 1062 2518 1116 vita
2545 1063 2809 1118 abeuntes
2839 1102 2857 1128 ,
2894 1063 2977 1118 vel
3027 1065 3294 1121 bonorum
3341 1068 3425 1124 vel
3481 1071 3746 1127 malorum

2166 1160 2288 1221 post
2321 1165 2382 1205 se
2400 1152 2646 1220 quaedam
2684 1153 2893 1207 semina
2924 1154 3282 1225 reliquerunt,
3317 1173 3385 1213 ex
3409 1159 3605 1226 quibus
3643 1161 3739 1230 qui

2166 1252 2459 1311 supersunt
2488 1243 2739 1300 homines
2769 1284 2785 1308 ,
2818 1258 3140 1302 occastones
3164 1248 3246 1302 vel
3277 1249 3472 1306 salutis
3507 1252 3586 1307 vel
3620 1268 3746 1323 pero

2165 1335 2382 1389 ditionis
2413 1335 2687 1404 accipiunt
2718 1354 2732 1390 :
2785 1336 2937 1391 verbi
2991 1340 3167 1407 gratia
3198 1341 3426 1396 dixerim
3457 1383 3472 1407 ,
3518 1353 3578 1397 ut
3614 1341 3746 1404 sunt

2164 1441 2356 1482 omnes
2389 1428 2478 1497 qui
2514 1442 2710 1498 pravas
2731 1439 2912 1484 sectas
2941 1440 2995 1485 et
3018 1432 3226 1488 alienas
3256 1449 3286 1488 a
3318 1434 3429 1490 Deo
3459 1436 3600 1492 inter
3621 1436 3745 1507 phi-

2164 1517 2422 1587 losophos
2463 1519 2860 1587 condiderunt;
2918 1521 3003 1576 vel
3027 1524 3119 1593 qui
3158 1526 3370 1594 magica
3397 1528 3686 1599 sacrilegia
3720 1567 3744 1599 ,

2163 1618 2257 1663 aut
2284 1611 2377 1681 qui
2411 1625 2628 1667 errores
2671 1622 2944 1670 astrorum
2973 1654 2988 1678 ,
3039 1624 3095 1670 et
3167 1617 3384 1673 decreta
3421 1618 3743 1694 ﬁnxerunt;

2161 1703 2246 1758 vel
2278 1703 2388 1777 (44)
2425 1714 2579 1760 certe
2623 1705 2719 1775 qui
2771 1707 2913 1776 apud
2943 1720 3046 1762 nos
3076 1716 3328 1766 aectores
3358 1708 3741 1770 haereticorum

2163 1807 2217 1851 et
2251 1811 2540 1865 pravorum
2566 1798 2874 1866 dogmatum
2900 1798 3052 1855 libris
3102 1801 3263 1857 editis
3292 1804 3550 1860 exstitere
3584 1824 3602 1873 ;
3655 1796 3742 1865 vel

2160 1889 2325 1943 etiam
2357 1887 2450 1958 qui
2497 1889 2796 1945 schismata
2838 1890 2892 1945 in
2922 1889 3185 1948 Ecclesiis
3211 1933 3227 1958 ,
3275 1903 3331 1950 et
3365 1897 3627 1953 scandala
3674 1914 3742 1955 ae

2161 1980 2534 2036 disSensiones
2563 1983 2771 2052 operati
2802 1993 2951 2039 sunt.
2982 1983 3021 2038 E
3059 1987 3338 2042 contrario
3366 2004 3498 2045 vero
3524 1998 3765 2059 apostoo.

2160 2071 2389 2127 licarum
2416 2072 2720 2131 litterarum
2756 2084 2892 2145 opus
2915 2119 2929 2143 ,
2964 2076 3345 2148 profectusque
3368 2095 3462 2153 per
3483 2076 3587 2138 has
3616 2082 3742 2138 uni.

2163 2155 2355 2219 rersaa‘
2368 2161 2648 2232 Ecclesiae,
2678 2172 2733 2219 et
2760 2167 3051 2221 conversio
3064 2168 3130 2221 ad
3156 2167 3349 2233 Deum,
3372 2178 3534 2239 atque
3554 2185 3742 2235 emen-

2161 2253 2308 2308 datio
2343 2254 2506 2310 totius
2556 2257 2739 2310 mundi
2771 2265 2859 2311 est
2892 2255 3028 2328 (45).
3056 2256 3295 2323 Quorum
3324 2260 3568 2318 omnium
3601 2268 3741 2324 cau-

2160 2358 2234 2400 sa:
2265 2360 2376 2399 non
2414 2345 2519 2401 nisi
2541 2361 2664 2401 cum
2696 2348 2867 2417 ipsius
2900 2349 3087 2404 mundi
3123 2349 3230 2404 ﬁne
3255 2352 3584 2408 claudentur
3612 2370 3627 2408 :
3682 2354 3740 2411 et

2162 2437 2286 2494 ideo
2312 2455 2419 2496 non
2455 2452 2599 2497 esset
2631 2442 2839 2510 justum
2880 2440 3149 2511 judicium
3180 2443 3298 2510 Dei,
3340 2444 3514 2501 donec
3552 2447 3621 2503 de
3653 2447 3740 2503 his

2161 2532 2391 2602 singulis
2416 2532 2498 2588 vel
2526 2534 2827 2603 profectus,
2849 2533 2942 2588 vel
2969 2534 3364 2604 impedimenta
3411 2538 3736 2607 penderent.

2160 2623 2314 2691 Quod
2333 2633 2389 2681 et
2413 2626 2711 2696 Apostolus
2739 2628 3053 2698 significare
3075 2630 3312 2695 videtur,
3340 2645 3464 2686 cum
3496 2635 3628 2691 dicit
3652 2625 3699 2667 ¹⁸
3719 2672 3735 2693 .

2165 2736 2185 2770 ι
2219 2720 2587 2786 Quorumdam
2618 2721 2898 2776 hominum
2937 2731 3159 2792 peccata
3215 2722 3511 2780 manifesta
3558 2734 3684 2782 sunt
3714 2765 3733 2792 ,

2159 2810 2520 2878 praecedentia
2559 2811 2627 2866 ad
2677 2810 2987 2879 judicium;
3049 2815 3407 2883 quorumdam
3461 2824 3646 2873 autem
3675 2827 3733 2879 et

2159 2900 2583 2971 subsequuntur.
2637 2923 2656 2957 ι
2707 2902 2828 2958 Jam
2866 2918 2995 2959 vero
3034 2905 3081 2960 si
3130 2907 3296 2962 etiam
3327 2917 3484 2963 extra
3534 2920 3735 2982 corpus

2157 2994 2318 3062 positi
2353 2994 2437 3050 vel
2461 2997 2660 3063 sancti,
2686 2999 2777 3067 qui
2811 3014 2934 3053 eum
2962 2997 3188 3054 Christo
3225 3011 3371 3067 sunt,
3413 3011 3583 3073 agunt
3630 2996 3736 3061 ειι.»

2159 3087 2311 3155 quid,
2343 3097 2397 3143 et
2423 3088 2674 3144 laborant
2704 3104 2803 3162 pro
2836 3094 2997 3148 nobis
3029 3093 3097 3147 ad
3122 3093 3537 3151 similitudinem
3567 3108 3735 3167 ango-

475 3192 742 3261 judicabit
772 3193 916 3249 Deus
939 3194 1151 3249 occulta
1186 3196 1465 3250 hominum
1486 3197 1532 3251 ’.
1571 3217 1591 3250 ι
1634 3198 1689 3254 In
1725 3214 1838 3271 quo
1867 3201 2053 3272 utique

2159 3182 2358 3247 lorum,
2390 3183 2484 3251 qui
2537 3183 2734 3240 salutis
2803 3194 3001 3240 nostrae
3055 3184 3357 3242 ministeria
3390 3192 3731 3256 procurant:

481 3284 722 3339 ostendit
753 3285 962 3340 occulta
986 3286 1263 3341 hominum
1294 3288 1581 3343 revelanda
1606 3306 1714 3345 non
1746 3293 1849 3348 nisi
1884 3294 1936 3348 in
1969 3295 2057 3351 die

480 3389 585 3443 qua
621 3375 968 3444 judicaturus
999 3386 1083 3432 est
1135 3377 1276 3433 Deus
1307 3419 1324 3444 ,
1375 3379 1518 3434 sicut
1543 3390 1599 3436 et
1643 3382 1709 3437 ad
1740 3382 2056 3441 Corinthios

477 3465 785 3521 evidentius
812 3467 974 3522 dicit:
1014 3485 1034 3518 α
1054 3466 1235 3525 Nolite
1261 3478 1388 3525 ante
1407 3480 1641 3539 tempus,
1672 3491 1691 3525 ι
1716 3475 1893 3544 inquit
1916 3476 2049 3546 (45),

484 3572 508 3605 σι
537 3552 809 3622 judicare,
840 3570 1121 3628 usquequo
1152 3560 1339 3615 veniat
1367 3560 1631 3617 Dominus
1655 3601 1672 3628 ,
1700 3565 1792 3636 qui
1833 3575 1888 3620 et
1934 3567 2055 3621 illu-

480 3645 708 3701 minabit
738 3647 947 3701 occulta
984 3652 1334 3705 tenebrarum
1359 3690 1376 3715 ,
1427 3663 1484 3708 et
1515 3655 1890 3712 manifestabit
1923 3672 2053 3712 con-

466 3735 600 3790 silia
620 3737 864 3791 cordium
896 3739 965 3796 ⁸ο.
1005 3756 1026 3789 ι
1060 3739 1192 3807 Qua:
1232 3742 1419 3811 utique
1466 3744 1650 3798 omnia
1684 3746 1756 3800 de
1803 3746 1907 3802 hac
1954 3761 2052 3801 ea-

478 3828 601 3883 dem
631 3828 719 3883 die
751 3828 857 3883 dici
887 3829 1284 3900 intelliguntur,
1318 3834 1372 3887 in
1406 3849 1513 3904 qua
1540 3837 1800 3904 tenebrae,
1829 3849 1886 3893 et
1916 3852 2050 3893 mm-

476 3934 593 3984 ror,
632 3930 686 3973 et
734 3919 956 3975 tristitia
989 3921 1174 3977 futura
1234 3923 1509 3991 dicuntur,
1570 3937 1793 3999 propter
1830 3944 1925 3986 eos
1958 3931 2051 4000 qui

478 4010 663 4066 multis
691 4021 1044 4080 peccatorum
1072 4015 1392 4085 vulneribus
1424 4017 1663 4074 confossi
1704 4021 1846 4091 ignis
1874 4037 2051 4078 reme-

475 4102 581 4157 diis
628 4103 969 4172 indigebunt.
1001 4104 1121 4171 Quo
1175 4105 1229 4161 in
1284 4115 1526 4176 tempore
1564 4110 1774 4165 dicetur
1820 4113 1885 4167 ad
1917 4128 2051 4167 san-

477 4206 595 4251 etos
631 4213 646 4249 :
686 4216 706 4249 ι
739 4197 929 4267 Perge,
955 4199 1186 4269 populus
1217 4215 1391 4265 meus,
1423 4203 1564 4256 intra
1600 4205 1650 4259 in
1672 4209 2048 4274 promptuaria

474 4301 589 4354 tua,
624 4290 819 4345 claude
851 4292 1052 4346 ostium
1097 4300 1268 4358 tuum,
1301 4294 1578 4350 occultare
1613 4298 1915 4369 paulisper,
1951 4300 2051 4355 do-

473 4396 577 4436 nec
611 4391 852 4437 transeat
875 4382 1028 4438 furor
1058 4385 1152 4440 ira:
1182 4398 1316 4439 meae
1356 4384 1422 4440 υ.
1468 4404 1487 4438 ι
1514 4387 1571 4441 1η
1599 4389 1803 4457 quibus
1839 4405 2049 4447 sermo-

472 4474 635 4530 nibus
660 4484 877 4545 qnantaa
907 4476 1109 4531 divitiae
1130 4477 1391 4532 bonitatis
1409 4476 1508 4534 Dei
1536 4481 1901 4549 oceultentur,
1918 4499 2048 4555 pro-

2157 3273 2243 3330 vel
2273 3289 2488 3329 rursum
2521 3285 2834 3343 peccatores
2861 3277 3025 3331 etiam
3070 3277 3172 3347 ipsi
3218 3286 3373 3333 extra
3408 3294 3604 3350 corpus
3630 3297 3733 3353 po-

2157 3364 2243 3419 siti
2264 3367 2432 3433 agu'nt
2462 3364 2662 3434 aliquid
2682 3368 2979 3421 secundum
2997 3369 3333 3437 propositum
3364 3371 3565 3427 mentis
3591 3385 3732 3447 sua,

2156 3456 2225 3510 ad
2254 3455 2570 3526 angelorum
2624 3457 2976 3515 nihilominus
3031 3458 3440 3516 similitudinem
3475 3462 3737 3520 sinistroa

2158 3562 2301 3609 rum,
2332 3560 2455 3601 cum
2481 3545 2680 3614 quibus
2709 3557 2765 3603 et
2791 3550 2844 3603 in
2874 3557 3144 3605 aeternum
3174 3551 3354 3622 ignem
3379 3554 3625 3610 mittendi
3649 3557 3722 3610 (Ιίι

2154 3649 2353 3694 cuntur
2379 3653 2409 3693 a
2431 3637 2650 3695 Christo
2687 3639 2828 3707 “°“‘,
2863 3641 3133 3698 habeatur
3161 3644 3342 3701 ethoc
3368 3660 3585 3717 quoque
3605 3646 3724 3720 (46)

2153 3733 2298 3787 inter
2330 3734 2546 3789 occulta
2589 3733 2705 3800 Dei,
2741 3747 2842 3789 nec
2888 3734 3152 3790 chartulae
3186 3739 3574 3794 committenda
3604 3754 3729 3812 my.

2152 3825 2341 3880 steria.
2386 3823 2673 3881 Suﬂlciant
2723 3825 2824 3880 ista
2856 3827 2923 3881 de
2960 3827 3048 3881 die
3099 3826 3195 3882 ira:
3238 3838 3293 3883 et
3352 3830 3725 3891 revelationis.

2151 3916 2308 3972 Nunc
2337 3919 2683 3987 requiramus
2713 3916 2780 3972 de
2812 3914 2960 3987 justo
2983 3918 3194 3986 judicio
3223 3918 3340 3987 Dei,
3390 3922 3443 3975 in
3470 3936 3578 3992 quo
3604 3924 3722 3979 ι’εώ

2151 4010 2243 4064 det
2266 4009 2561 4078 unicuique
2585 4010 2882 4065 secundum
2913 4025 3078 4081 opera
3124 4026 3243 4067 sua.
3297 4013 3364 4067 Et
3391 4014 3572 4083 primo
3606 4015 3726 4084 quia

2150 4102 2276 4156 dem
2328 4100 2695 4156 excludantur
2725 4102 2966 4157 haeretici
2995 4142 3012 4167 ,
3052 4104 3143 4172 qui
3196 4105 3382 4159 dicunt
3414 4106 3588 4161 bonas
3634 4106 3724 4161 vel

2152 4192 2321 4248 malas
2347 4194 2654 4247 animarum
2690 4204 2953 4261 naturas;
2987 4204 3041 4249 et
3075 4196 3299 4250 audiant
3331 4200 3459 4268 quia
3489 4214 3593 4253 nou
3620 4215 3724 4269 pro

2150 4294 2341 4339 natura
2369 4285 2665 4354 unicuique
2718 4285 2883 4351 Deus,
2910 4286 3004 4340 sed
3027 4302 3131 4355 pro
3165 4291 3423 4356 operibus
3448 4293 3567 4345 suis
3594 4293 3723 4349 red--

2150 4378 2260 4432 det.
2303 4378 2552 4432 Secundo
2587 4378 2641 4431 in
2675 4377 2794 4433 loco
2820 4379 3161 4435 aedificentur
3192 4381 3406 4442 fideles.
3436 4398 3502 4438 ne
3530 4395 3723 4452 putent

2151 4468 2257 4522 sibi
2293 4468 2396 4522 hoc
2422 4469 2599 4523 solum
2631 4466 2877 4527 sufficere
2919 4486 3079 4540 posse
3127 4472 3271 4541 quod
3322 4475 3589 4544 credunt;
3625 4477 3721 4535 sed

468 4575 592 4636 pter
620 4534 713 4620 eos
741 4564 833 4633 qui
862 4566 1180 4635 patientiam
1214 4568 1331 4636 ejus
1361 4569 1773 4640 bonitatemque
1800 4534 2044 4630 eontem-

2158 4561 2327 4615 sciant
2349 4558 2555 4628 justum
2606 4558 2870 4627 judicium
2900 4563 2992 4618 Dei
3046 4564 3275 4618 reddere
3307 4566 3598 4637 unicuique
3627 4583 3718 4629 se-

470 4666 631 4719 nunt,
688 4656 1047 4713 manifestare
1105 4673 1217 4714 non
1251 4674 1386 4729 opus
1424 4669 1524 4715 est.
1558 4660 1879 4730 Requiritur
1912 4679 2043 4721 sane

470 4763 501 4801 a
524 4746 845 4817 quibusdam
879 4762 978 4803 cur
1003 4747 1119 4805 dies
1173 4749 1283 4815 hic,
1312 4751 1379 4822 de
1407 4764 1514 4820 quo
1542 4753 1790 4821 superius
1847 4754 2043 4810 biblio-

467 4840 657 4894 thecas
685 4839 1036 4908 propheticas
1061 4842 1355 4908 movimus,
1385 4842 1437 4896 in
1461 4842 1570 4897 ﬁne
1596 4844 1783 4898 mundi
1806 4852 2042 4903 statutus

467 4933 560 4997 sit,
593 4943 651 4986 ut
675 4947 867 4987 omnes
892 4931 985 5001 qui
1034 4933 1104 4987 ab
1132 4933 1290 4987 initio
1338 4933 1523 4988 saeculi
1559 4947 1731 5000 usque
1762 4936 1830 4991 ad
1881 4936 2041 4993 finem

538 5075 560 5106 ⁸
599 5072 697 5127 lsa.
741 5089 840 5127 xttt
866 5114 882 5140 ,
924 5073 979 5129 9.

1077 5074 1262 5146 "_iltid.
1288 5074 1375 5146 l5.
1415 5144 1425 5146 _
1452 5075 1475 5107 ³
1503 5073 1696 5146 Matth.
1715 5092 1759 5146 7x
1787 5117 1802 5139 ,
1855 5077 1948 5133 26'.
2023 5080 2044 5112 ’

2159 5095 2232 5134 ιιι.
2273 5095 2334 5146 ιι,
2379 5077 2466 5146 15,
2504 5077 2593 5132 16.
2671 5074 2903 5132 “lCor.
2933 5093 3006 5144 tv,
3023 5075 3078 5132 5.

2149 4653 2386 4707 cundum
2419 4668 2583 4722 opera
2608 4668 2730 4709 sua.
2768 4655 2910 4709 Sane
2944 4655 3202 4723 quoniam
3226 4656 3356 4711 dicit
3380 4658 3434 4713 in
3463 4659 3566 4714 hoc
3594 4674 3725 4721 esse

2144 4747 2348 4817 justum
2370 4747 2632 4817 judicium
2658 4748 2776 4812 Dei,
2805 4756 2865 4802 ut
2889 4748 3180 4818 unicuique
3211 4748 3401 4804 reddat
3419 4752 3715 4808 secundum

2145 4856 2310 4912 opera
2339 4855 2437 4895 sua
2467 4839 2602 4912 (47),
2627 4842 2953 4897 videbuntur
2982 4853 3321 4913 nequaquam
3345 4859 3444 4914 pro
3471 4825 3575 4900 hoc
3598 4860 3717 4902 sero

2147 4950 2305 4991 mone
2334 4933 2547 4989 excludi
2587 4949 2745 5004 posse
2770 4935 3002 5005 gentiles
3025 4976 3042 5003 ,
3087 4937 3136 4992 si
3194 4936 3334 4993 forte
3359 4947 3411 4992 et
3453 4938 3555 5007 ipsi
3586 4937 3713 4997 boni

3226 5076 3267 5113 ¹¹
3292 5077 3400 5135 lsa.
3425 5094 3576 5148 xxvr,
3621 5078 3712 5139 20.

467 5144 515 5176 "
542 5144 674 5200 Tob.
708 5158 807 5210 xu,
832 5143 884 5196 7.
960 5144 1005 5177 ⁸³
1030 5143 1050 5198 l
1079 5141 1220 5198 Tim.
1248 5160 1284 5199 v
1306 5185 1325 5211 ,
1363 5144 1456 5200 24.
1534 5146 1651 5177 ’δ’ίδ
1681 5145 1877 5203 Matth.
1920 5165 2050 5215 xxv,
2084 5152 2175 5205 M.

536 5282 649 5355 (42)
687 5281 792 5355 Sic_
814 5298 946 5355 mss.
971 5283 1295 5355 plerique_et
1337 5284 1615 5343 Rabanus.
1643 5286 1788 5343 Editi
1813 5304 1963 5353 vero,
1986 5299 2044 5346 et

464 5352 569 5428 ms.
597 5367 737 5428 unus
761 5352 1145 5428 ﬁcgiusnum.
1180 5352 1342 5419 1641,
1378 5372 1399 5407 τι
1430 5355 1549 5411 dies
1574 5359 1669 5413 iraa
1690 5368 1746 5414 et
1766 5358 2038 5428 vindictae,

461 5424 581 5494 dies
598 5423 801 5494 j_udi_cii
835 5423 1204 5494 designatur.»

557 5491 650 5563 45)
676 5510 697 5543 r
717 5491 918 5562 luquit.
944 5491 977 5546 ι’
988 5495 1149 5551 Deest
1171 5498 1224 5551 in
1241 5497 1424 5563 editis,
1439 5498 1814 5554 etrestituitur
1828 5512 1895 5554 ex
1910 5514 2042 5554 mss.

558 5563 648 5640 μ)
686 5563 1149 5640 Editi._Rabanus
1183 5576 1240 5622 et
1280 5583 1382 5625 ms.
1424 5569 1629 5640 Regius
1677 5584 1831 5624 num.
1878 5568 2043 5637 1659,

461 5635 719 5686 omittunt
746 5651 766 5683 ε
793 5635 878 5688 vel
902 5653 948 5688 ι.

535 5702 649 5774 (£5)
683 5720 702 5753 ι
736 5704 833 5759 Est
865 5723 885 5756 ι
923 5714 1041 5772 post
1073 5723 1093 5757 ι
1136 5707 1305 5762 totius
1329 5709 1560 5775 mundi,
1598 5726 1619 5761 ι
1655 5708 1926 5763 omittitur
1982 5709 2037 5765 in

466 5773 649 5839 editis,
680 5783 737 5826 et
772 5774 824 5829 in
857 5775 1131 5845 plerisque
1163 5792 1296 5833 mss.
1332 5773 1556 5834 nostris.
1597 5778 1855 5834 Babanus
1899 5780 2037 5833 hanc

472 5857 654 5900 vocem
678 5845 834 5913 ponit
863 5856 985 5917 post
1011 5865 1031 5898 ι
1057 5849 1482 5917 apostolicarum
1508 5849 1809 5908 litterarum
1842 5865 2031 5922 opus.»

2143 5290 2244 5345 Ms.
2279 5289 2480 5360 Regius
2513 5300 2663 5345 num.
2696 5281 2858 5354 1659,
2886 5305 2907 5341 ι
2954 5287 3121 5346 totius
3152 5287 3340 5346 mundi
3391 5287 3709 5346 manifesta-

2143 5363 2331 5416 bitur:
2367 5375 2618 5428 quorum,
2656 5379 2677 5413 ο
2705 5370 2814 5415 etc.

2213 5430 2328 5500 (46)
2359 5431 2458 5485 Ms.
2491 5444 2633 5485 unus
2656 5471 2672 5496 ,
2710 5447 2729 5481 ι
2781 5429 3088 5501 habeantur
3141 5438 3196 5486 et
3243 5428 3358 5501 haec
3385 5441 3602 5501 quoque
3626 5469 3643 5495 ,
3675 5445 3699 5487 ι

2142 5499 2249 5556 etc.
2283 5501 2389 5556 Sed
2416 5502 2596 5555 caeteri
2626 5514 2783 5564 mss.,
2812 5499 3065 5556 Rabanus
3089 5510 3147 5556 et
3170 5500 3302 5556 editi
3332 5508 3391 5555 ut
3413 5501 3467 5556 in
3489 5499 3659 5556 textu.

2215 5569 2327 5641 (47)
2360 5569 2561 5641 ¢_Sane
2586 5571 2842 5638 quoniam
2870 5571 3002 5625 dicit
3030 5571 3222 5641 inghoc
3250 5585 3372 5626 esse
3393 5571 3594 5640 justum
3611 5569 3705 5640 ju-

2142 5639 2348 5696 dicium
2389 5639 2506 5704 Dei,
2547 5648 2609 5693 ut
2655 5641 2948 5708 unicuique
2982 5640 3174 5694 reddat
3213 5639 3508 5696 secundum
3540 5654 3705 5707 opera

2144 5725 2265 5765 sua.
2296 5729 2315 5762 ι
2347 5709 2473 5764 Haec
2503 5709 2882 5764 desiderantur
2912 5710 3143 5765 inlibris
3176 5720 3335 5764 antea
3362 5711 3542 5773 editis,
3574 5710 3703 5767 etin

2144 5795 2247 5835 ms.
2280 5780 2447 5850 Regio
2482 5794 2631 5833 num.
2673 5781 2832 5840 1639.
2864 5795 3071 5836 necnon
3099 5782 3239 5852 apud
3270 5781 3582 5847 liabanum;
3610 5782 3706 5835 sed

2141 5852 2506 5909 restituuntur
2539 5864 2607 5905 ex
2636 5852 2847 5906 caneris
2877 5864 3008 5906 mss.
