4170 6362
466 357 569 411 879

1899 357 2223 416 ORIGENIS

3612 371 3716 424 880

464 469 670 541 aliquid
707 480 1024 540 operentur,
1068 482 1124 527 et
1164 475 1504 530 emendatius
1536 484 1718 544 agant.
1747 475 1852 531 Sed
1883 478 2032 532 et'il~
2063 484 2110 540 Α
2140 479 2398 545 tentione,
2429 486 2483 534 et
2506 479 2598 551 qui
2629 478 2874 534 difﬁdunt
2915 482 3137 550 quidem
3167 485 3383 538 veritati
3434 486 3570 557 (53),
3623 488 3720 539 ob-

463 564 554 618 lud
581 565 724 632 quod
757 565 808 616 in
847 564 1130 620 Ezechiele
1156 569 1414 638 scriptum
1446 578 1530 623 est
1551 607 1568 632 ,
1594 569 1721 623 huic
1750 569 2036 624 sententiae

462 655 679 708 videtur
707 655 1008 710 adversari.
1042 657 1181 712 Dicit
1212 660 1354 713 enim
1388 679 1400 713 :
1440 679 1458 712 ι
1497 661 1631 716 Cum
1662 667 1929 718 averterit
1975 680 2037 721 se

459 744 641 817 iustus
672 762 701 800 a
732 747 944 817 justitia
979 765 1100 814 sua,
1132 760 1179 804 et
1219 752 1411 805 lecerit
1460 753 1800 821 iniquitatem
1840 770 2037 809 secun-

467 848 592 903 dum
624 863 816 903 omnes
858 849 1176 917 iniquitates
1203 865 1342 920 quas
1372 851 1501 906 fecit
1551 852 1793 922 iniquus,
1848 868 2038 908 omnes

458 939 685 1007 justitia:
719 940 836 1009 ejus
883 956 1018 1009 quas
1047 941 1176 996 fecit
1231 957 1336 996 non
1363 945 1932 999 commemorabuntur
1981 946 2033 1000 in

463 1033 614 1100 lapsu
649 1032 766 1100 ejus
797 1049 905 1102 quo
936 1035 1118 1103 lapsus
1146 1044 1226 1088 est
1253 1051 1268 1098 ;
1303 1035 1396 1089 sed
1428 1037 1478 1088 in
1508 1039 1746 1106 peccatis
1781 1036 1892 1110 (48)
1924 1040 2037 1094 suis

463 1141 584 1194 qua:
613 1128 874 1195 peccavit,
913 1127 964 1180 in
996 1128 1131 1197 ipsis
1169 1129 1428 1184 morietur
1459 1130 1524 1181 ¹⁹.
1545 1126 1783 1182 »Ειθιιὶιιι
1804 1132 1847 1185 si
1901 1132 2036 1186 nihil

462 1233 528 1273 ex
554 1218 763 1288 justitia
790 1218 942 1289 justi,
975 1235 1098 1274 cum
1146 1219 1324 1289 lapsus
1360 1220 1563 1288 fuerit,
1599 1225 1990 1280 memorabitur
2014 1267 2030 1290 ,

461 1310 734 1378 quomodo
776 1310 1069 1380 unicuique
1106 1313 1298 1367 reddet
1347 1315 1488 1369 Deus
1535 1319 1834 1370 secundum
1864 1333 2031 1386 opera

461 1401 601 1455 sua?
633 1400 737 1455 Sed
765 1403 1045 1457 videamus
1081 1418 1147 1458 ne
1173 1402 1314 1460 forte
1342 1406 1739 1462 absolutionem
1774 1409 1856 1462 sui
1890 1411 1942 1464 in
1971 1425 2032 1465 se

462 1492 578 1562 ipse
608 1505 788 1547 sermo
816 1493 1032 1548 divinus
1057 1494 1342 1561 inveniat,
1397 1498 1442 1552 si
1497 1499 1844 1556 observemus
1895 1516 2034 1571 quo-

462 1596 622 1649 modo
646 1595 906 1666 scriptum
954 1607 1035 1652 est
1070 1597 1213 1666 quod
1238 1597 1405 1671 580
1437 1600 1570 1656 dicit
1598 1619 1612 1656 :
1652 1620 1672 1654 ι
1707 1601 1841 1658 Cum
1875 1618 2032 1657 aver-

460 1704 555 1742 Sus
583 1687 743 1743 fuerit
773 1687 950 1756 justus
978 1689 1242 1759 ajustitia
1282 1705 1400 1755 sua,
1443 1710 1461 1743 ι
1509 1701 1700 1747 etnon
1757 1691 2035 1749 suﬂ'ecerit

458 1792 583 1831 eum
606 1778 818 1834 dicere:
843 1796 863 1830 ι
888 1778 1025 1834 Cum
1044 1794 1268 1835 aversus
1282 1779 1710 1853 fueritajustitia
1735 1798 1831 1838 sua
1859 1782 2025 1855 (49);»

2143 580 2450 639 temperant
2484 582 2662 628 autem
2715 574 3015 644 iniquitati,
3049 575 3132 630 ira
3163 586 3212 629 et
3266 577 3566 647 indignatio
3599 596 3614 632 :
3666 589 3720 633 et

2143 662 2422 717 tribulatio
2469 673 2522 718 et
2549 665 2798 734 angustia
2848 666 2901 719 in
2937 681 3152 720 omnem
3200 667 3440 720 animam
3483 668 3719 723 hominis

2138 755 2416 824 operantis
2445 755 2668 823 malum,
2699 755 2877 811 Judzei
2917 757 3180 826 primum,
3210 768 3265 811 et
3297 757 3475 813 Graeci
3507 777 3520 812 :
3548 760 3715 829 gloria

2139 856 2342 910 autem,
2373 856 2429 900 et
2457 847 2650 914 honor,
2681 856 2736 902 et
2765 863 2868 918 pax
2903 850 3046 902 omni
3088 853 3336 918 operanti
3370 852 3592 915 bonum,
3621 851 3715 906 Ju-

2139 937 2255 991 dazo
2289 937 2546 1006 primum,
2573 949 2627 992 et
2653 938 2866 994 Graeco.
2900 940 3016 995 Non
3047 943 3192 996 enim
3233 956 3589 1009 personarum
3617 957 3710 995 ac-

2137 1027 2315 1097 ceptio
2337 1038 2420 1083 est
2448 1028 2588 1099 apud
2617 1029 2784 1084 Deum
2813 1033 2914 1084 ".i
2947 1031 3344 1098 Quaerentibus,
3378 1034 3575 1102 inquit,
3600 1033 3715 1103 glo-

2139 1121 2297 1186 riam,
2323 1129 2379 1175 et
2402 1121 2685 1189 honorem,
2714 1134 2768 1177 et
2790 1123 3278 1192 incorruptionem,
3310 1140 3407 1194 pro
3434 1125 3561 1179 boni
3583 1141 3715 1194 0pc-

2137 1213 2212 1268 ris
2236 1214 2497 1284 patientia
2523 1214 2632 1268 vita
2655 1225 2856 1270 aeterna
2883 1216 3122 1281 dabitur,
3152 1232 3258 1271 non
3287 1217 3461 1274 solum
3489 1218 3713 1283 Judazis,

2135 1311 2333 1378 quibus
2362 1309 2565 1365 credita
2588 1311 2843 1366 videntur
2904 1311 3114 1380 eloquia
3148 1313 3241 1366 Dei
3290 1314 3357 1377 ³³,
3401 1313 3496 1367 sed
3547 1315 3716 1368 etiam

2135 1401 2360 1466 Graecis,
2386 1401 2735 1471 quiajustum
2763 1413 2845 1458 est
2875 1404 2966 1460 Dei
2995 1405 3339 1474 judicium,et
3363 1420 3470 1458 non
3504 1414 3714 1459 tantum

2134 1492 2436 1550 Iudaeorum
2461 1496 2602 1550 Deus
2633 1504 2738 1561 est,
2771 1496 2865 1551 sed
2891 1505 2945 1551 et
2978 1497 3218 1565 gentium
3254 1496 3320 1551 ".
3348 1495 3439 1551 His
3466 1513 3598 1552 vero
3621 1499 3713 1567 qui

2135 1602 2233 1656 per
2257 1591 2663 1643 contentionem
2696 1589 2891 1642 mentis
2928 1589 3063 1660 (54),
3098 1597 3151 1644 et
3185 1589 3351 1644 animi
3388 1591 3714 1659 pravitatem

2136 1678 2356 1734 veritati
2384 1695 2490 1734 non
2537 1681 2784 1744 credunt,
2837 1681 2933 1736 sed
2987 1680 3329 1750 iniquitatem
3384 1693 3712 1750 sequuntur,

2140 1769 2387 1824 redditur
2430 1770 2508 1823 ira
2558 1779 2614 1824 et
2647 1770 2980 1840 indignatio,
3017 1770 3293 1826 tribulatio
3331 1780 3385 1826 et
3417 1773 3668 1842 angustia
3695 1813 3713 1839 ,

459 1869 886 1932 sed—addiderit
918 1896 932 1933 :
977 1896 996 1930 ι
1028 1877 1092 1932 Ει
1127 1879 1319 1934 fecerit
1359 1880 1696 1950 iniquitatem
1736 1885 2031 1939 secundum

2141 1876 2246 1915 non
2284 1865 2462 1915 solum
2495 1863 2707 1933 gentili,
2740 1865 2832 1917 sed
2866 1872 2919 1917 et
2949 1862 3156 1924 Judteo,
3181 1865 3303 1934 quia
3345 1881 3448 1918 non
3479 1875 3561 1918 est
3594 1881 3714 1935 per-

457 1984 648 2023 omnes
675 1969 992 2040 iniquitates
1016 1987 1155 2040 quas
1199 1971 1330 2028 fecit
1363 1975 1601 2044 iniquus.
1635 1993 1655 2028 ι
1712 1975 1770 2030 1η
1815 1991 1923 2047 quo
1951 1977 2031 2032 vi-

457 2061 618 2116 detur
644 2060 880 2116 latenter
903 2062 1207 2128 liujusmodi
1237 2065 1534 2122 inseruisse
1568 2067 1899 2123 intellectum
1921 2111 1935 2134 ,
1974 2079 2035 2124 ut

457 2153 503 2207 si
527 2151 670 2208 forte
703 2168 807 2207 non
839 2153 1137 2208 secundum
1170 2170 1360 2211 omnes
1389 2157 1703 2226 iniquitates
1736 2176 1872 2230 quas
1901 2161 2034 2216 fecit

459 2244 699 2312 iniquus,
730 2242 920 2298 fecerit
945 2243 1144 2314 justus,
1182 2262 1288 2302 non
1313 2262 1504 2302 omnes
1527 2249 1753 2318 justitia:
1799 2253 1916 2321 ejus
1949 2254 2017 2308 de

459 2346 719 2400 memoria
762 2344 1076 2400 auferantur
1105 2365 1120 2414 ;
1153 2348 1197 2401 si
1225 2363 1358 2404 vero
1389 2363 1580 2405 onmes
1609 2351 1924 2420 iniquitates
1955 2354 2033 2410 fe-

458 2439 755 2507 eeritquas
782 2437 1002 2505 iniquus
1043 2438 1153 2508 agit
1209 2438 1323 2510 (50)
1351 2480 1368 2504 ,
1419 2451 1546 2497 tunc
1583 2443 1797 2498 demum
1839 2461 2032 2502 omnes

451 2529 683 2596 justitia:
735 2529 788 2583 in
839 2528 991 2598 lapsu
1036 2529 1154 2600 ejus
1188 2532 1254 2585 de
1308 2535 1568 2588 memoria
1607 2537 2028 2595 subtrahuntur.

463 2621 589 2675 llaec
612 2621 862 2690 quamvis
913 2621 1268 2678 occultaverit
1322 2625 1376 2678 in
1434 2624 1738 2695 Scripturis
1793 2629 2033 2700 Spiritus

457 2722 680 2768 sanctus
705 2722 926 2784 propter
958 2716 1058 2771 hos
1086 2716 1176 2784 qui
1202 2716 1418 2772 divitias
1443 2719 1700 2776 bonitatis
1732 2732 1786 2777 et
1821 2726 2031 2793 patien-

460 2807 549 2859 tia:
593 2806 712 2876 ejus
742 2815 1116 2872 contemnunt,
1148 2825 1254 2864 non
1310 2820 1488 2866 tamen
1519 2814 1738 2882 penitus
1768 2815 2028 2876 abstulit:

457 2895 581 2964 quia
613 2905 670 2950 et
727 2896 1018 2953 thesaurus
1057 2899 1110 2953 in
1159 2915 1291 2971 agro
1340 2905 1690 2960 absconditus
1749 2921 1855 2961 non
1905 2907 2031 2976 qui-

458 2989 583 3042 dem
616 2989 684 3044 ab
713 2991 963 3046 omnibus
1003 2991 1299 3057 invenitur,
1335 3011 1402 3050 ne
1451 2997 1611 3051 facile
1658 2999 1947 3066 diripiatur
1977 3009 2032 3053 et

454 3088 644 3147 pereat
673 3097 686 3132 :
719 3081 992 3136 invenitur
1025 3094 1207 3140 tamen
1238 3102 1268 3140 a
1291 3087 1672 3156 prudentibus,
1700 3091 1792 3159 qui
1821 3092 2032 3160 possint

457 3173 556 3238 ire,
592 3185 646 3228 et
677 3174 911 3230 vendere
945 3177 1122 3232 omnia
1157 3193 1275 3246 quin
1306 3179 1526 3242 habent,
1564 3189 1815 3236 etemere
1838 3198 2027 3253 agrum

456 3274 685 3330 illum".
705 3275 770 3330 Et
790 3277 902 3332 haec
917 3293 1051 3348 ergo
1067 3281 1313 3347 quamvis
1337 3281 1651 3336 abscondita
1678 3283 1852 3337 sintin
1879 3285 2027 3338 Scri-

455 3368 647 3434 pturis,
691 3368 833 3422 sicut
864 3370 1126 3437 scriptum
1157 3373 1305 3425 est"
1339 3389 1352 3425 :
1400 3391 1418 3424 ι
1462 3371 1635 3439 Quam
1670 3389 1863 3441 magna
1891 3376 2027 3430 mul-

456 3459 630 3515 titudo
659 3461 958 3516 dulcedinis
993 3473 1097 3516 tua:
1125 3502 1141 3526 ,
1199 3465 1454 3532 Domine,
1495 3481 1657 3537 quam
1694 3467 2026 3522 abscondisti

455 3552 769 3606 timentibus
797 3563 849 3607 te
879 3555 893 3607 1
932 3573 950 3605 ι
980 3563 1157 3608 tamen
1188 3556 1536 3611 inveniuntur
1560 3559 1628 3613 ab
1659 3559 1762 3622 bis,
1797 3561 1888 3629 qui
1919 3577 2024 3614 non

454 3649 879 3718 solnmjustum,
929 3654 1024 3708 sed
1060 3655 1222 3708 etiam
1264 3655 1458 3710 bonum
1505 3672 1625 3712 esse
1678 3660 1842 3712 Deum
1897 3657 2028 3726 legis

453 3753 508 3796 et
545 3746 952 3814 prophetarum,
979 3762 1045 3802 ex
1079 3748 1164 3804 his
1195 3749 1309 3821 (51)
1356 3766 1475 3818 quae
1515 3751 1567 3804 in
1620 3751 2026 3819 Scripturarum

454 3843 712 3912 mysterio
743 3850 866 3897 sunt
899 3841 1168 3895 occultata
1192 3881 1206 3904 ,
1239 3842 1556 3895 defendunt.
1590 3842 1663 3895 Ex
1701 3843 1900 3911 quibus
1937 3857 2030 3895 ne-

454 3935 684 3991 cessitas
701 3934 880 4002 exegit
903 3948 1070 4002 pauca
1084 3934 1391 4004 patefacere
1408 3937 1580 4005 gratia
1603 3934 1714 4005 (52)
1730 3937 2030 4004 exponendi

454 4026 807 4096 apostolicum
837 4041 1166 4090 sermonem,
1191 4041 1297 4095 quo
1326 4027 1402 4080 ait
1433 4045 1446 4080 :
1486 4044 1504 4078 ι
1532 4026 1667 4082 Justi
1688 4029 1877 4096 judicii
1906 4029 2023 4096 Dei,

455 4119 549 4190 qui
590 4120 783 4174 reddet
814 4119 1105 4188 unicuique
1143 4121 1438 4173 secundum
1466 4134 1627 4188 opera
1664 4135 1782 4174 sua.
1832 4141 1850 4174 ι

523 4235 579 4289 5.
610 4252 628 4285 ι
666 4233 759 4288 His
787 4234 1002 4302 quidem
1050 4233 1140 4302 qui
1193 4232 1489 4287 secundum
1536 4233 1850 4303 patientiam
1898 4235 2023 4289 boni

453 4325 654 4395 operis,
689 4325 913 4396 gloriam
941 4366 957 4390 ,
1017 4332 1072 4378 et
1119 4325 1380 4378 honorem
1407 4364 1421 4389 ,
1458 4334 1513 4378 et
1563 4325 2024 4394 incorruptionem

453 4439 723 4500 quaerunt,
755 4430 922 4482 vitam
951 4437 1207 4482 aeternam
1241 4443 1256 4482 :
1291 4428 1376 4483 bis
1417 4440 1596 4482 autem
1653 4429 1743 4497 qui
1775 4444 1840 4484 ex
1896 4443 2023 4481 con-

528 4552 570 4584 "
602 4551 794 4604 Ezech.
817 4547 1076 4611 xvm,‘24.
1151 4546 1398 4604 "Matth.
1430 4563 1547 4611 ιιιιι,
1585 4549 1670 4600 41.
1713 4549 1755 4579 ’ί
1783 4547 1926 4601 Psal.
1954 4548 2178 4610 xxx.20.
2228 4551 2271 4580 ²²
2305 4550 2459 4603 Rom.
2490 4549 2603 4612 tt,7
2656 4565 2769 4620 seq.

528 4621 725 4674 Enhes.
755 4619 943 4674 v1.12.
1021 4619 1065 4648 ’δ
1088 4618 1218 4672 Luc.
1253 4619 1474 4674 nt.l9.
1552 4620 1594 4650 ¹⁷
1631 4618 1823 4672 Matth.
1861 4634 2007 4674 xxvi.
2058 4621 2144 4674 10.
2223 4620 2269 4651 ’⁸
2298 4619 2470 4672 Exod.
2516 4637 2679 4674 xxmv
2705 4659 2721 4674 .

455 4624 500 4657 ³⁸
525 4621 725 4693 Ephes.
755 4635 828 4682 τι,
858 4619 943 4672 12.
1021 4619 1065 4648 ²⁶
1088 4618 1218 4672 Luc.
1253 4635 1366 4682 nt,
1389 4619 1474 4672 l9.

526 4735 772 4826 (48)"Ms.
806 4755 1005 4826 Regius
1038 4770 1183 4826 num.
1219 4754 1356 4808 1610
1378 4795 1400 4826 ,ν
1427 4775 1445 4807 ι
1488 4770 1592 4809 ηοιι
1631 4771 2025 4811 commemora-
2058 4762 2103 4815 D

454 4829 658 4882 buntur
689 4846 704 4893 ;
736 4827 828 4880 sed
851 4827 902 4878 in
943 4825 1090 4893 lapsu
1109 4825 1228 4893 ejus
1253 4841 1360 4892 quo
1395 4825 1578 4893 lapsus
1607 4837 1709 4890 est,
1739 4838 1792 4879 et
1825 4829 1875 4879 iii
1903 4845 2025 4890 pec-

457 4897 631 4962 c'atis,
677 4916 694 4949 i
748 4907 854 4948 etc.
893 4895 968 4947 lla
1016 4895 1180 4947 etiam
1229 4895 1402 4958 editi,
1436 4896 1535 4949 nisi
1579 4897 1722 4964 quod
1771 4900 2027 4950 omittant

462 4985 481 5018 ‹
522 4968 636 5022 sed.
683 4985 703 5018 ι
729 4966 924 5020 Caneri
953 4979 1081 5018 vero
1112 4979 1243 5016 mss.
1270 4973 1324 5017 et
1356 4964 1612 5019 Rabanns
1648 4968 1850 5020 rectius
1882 4981 1938 5018 ut
1970 4969 2022 5018 in

457 5048 627 5102 textu,
663 5037 803 5103 quod
831 5035 1106 5103 sequentia
1141 5044 1458 5103 monstrant.
1495 5036 1698 5089 Deinde
1735 5051 1867 5089 mss.
1907 5037 2022 5103 ple-

457 5053 627 5102 texui,
703 5053 803 5090 non
831 5053 1106 5103 sequentia
1141 5053 1458 5087 nmnsrrant.
1495 5053 1698 5089 uetnue
1735 5053 1867 5089 mss.
1907 5053 2016 5103 pte-

457 5053 944 5176 riqueJiiabanus
974 5113 1041 5176 et
1067 5102 1218 5176 editi,
1260 5120 1278 5152 ι
1310 5105 1670 5176 γῡίεειιιᾷριιὶιιι
1703 5121 1716 5158 :
1743 5105 1798 5160 Si
1829 5107 2016 5166 nihil,i

455 5173 560 5230 etc.
593 5175 700 5230 Sed
731 5175 933 5243 rectior
954 5173 1166 5226 videtur
1199 5173 1357 5228 lectio
1381 5190 1480 5229 ms.
1503 5174 1656 5243 Regii
1686 5191 1834 5229 num.
1863 5176 2018 5241 1659,

462 5267 478 5298 ι
521 5247 730 5300 Etenim
757 5243 802 5298 si
825 5241 980 5308 nihil,
1009 5259 1027 5291 ι
1047 5249 1151 5294 etc.

529 5317 639 5388 (49)
667 5335 685 5368 ι
705 5316 784 5388 Et
816 5331 920 5388 non
945 5312 1221 5388 suffecerit
1257 5327 1391 5388 eum
1411 5313 1592 5388 dicere
1621 5333 1635 5368 :
1690 5313 1824 5388 Cum
1857 5330 2024 5388 aver-

456 5381 549 5440 sus
578 5381 742 5441 fuerit
765 5401 794 5438 a
824 5383 1035 5452 justitia
1073 5397 1190 5437 sua.
1222 5400 1240 5432 i
1273 5381 1484 5437 Omissa
1519 5386 1632 5437 haec
1657 5396 1781 5438 sunt
1811 5387 1862 5437 in
1910 5387 2022 5450 ple-

458 5457 643 5524 risque
672 5456 850 5510 editis.
891 5453 1084 5524 thteri
1119 5453 1270 5513 editi,
1293 5467 1436 5524 mss.
1474 5453 1715 5522 plerique
1757 5465 1814 5509 ct
1843 5453 2023 5509 Raba-

455 5523 578 5596 nus’,
614 5546 632 5576 ‹
666 5537 718 5579 et
747 5542 850 5578 non
878 5523 1862 5596 suﬂlceretgrtErasmus,(suffecit)
1894 5541 2019 5580 cum

455 5595 859 5651 diceret....sed
879 5593 1084 5648 addidit
1149 5593 1244 5659 (al.
1278 5593 1467 5655 addit),
1511 5593 1576 5646 Et
1595 5594 1781 5649 fecerit
1801 5593 2014 5649 omnem

455 5664 780 5731 impietatem
809 5704 821 5725 ,
853 5683 871 5716 ι
909 5665 978 5717 al.
1009 5682 1028 5714 ε
1061 5677 1274 5715 onmem
1311 5663 1668 5730 iniquitatem,
1704 5683 1722 5716 ι
1762 5677 1868 5717 etc.
1913 5666 2018 5720 Sed

453 5735 661 5786 rectius
695 5735 894 5789 habere
927 5735 1140 5790 videtur
1168 5749 1268 5790 ms.
1300 5733 1497 5804 Regius
1531 5752 1680 5791 num.
1720 5735 1857 5793 1659
1878 5748 1935 5792 ιιι
1964 5739 2018 5792 in

458 5814 640 5857 llOBll‘O
667 5812 835 5858 textu.

2136 1969 2393 2008 sonarum
2427 1957 2674 2023 acceptio
2722 1957 2862 2025 apud
2903 1956 3092 2010 Deum.
3142 1955 3266 2010 lla:c
3293 1958 3512 2026 quidem
3543 1973 3714 2027 quan-

2137 2055 2248 2099 tum
2309 2048 2377 2098 ad
2432 2061 2744 2101 sermonum
2810 2048 3060 2101 ordinem
3122 2058 3349 2116 spectat.
3412 2047 3517 2102 Sed
3571 2063 3714 2103 nunc

2135 2152 2254 2206 qua:
2297 2138 2364 2190 ad
2415 2137 2728 2192 interiorem
2791 2155 3008 2194 sensum
3047 2141 3318 2208 pertinent
3346 2141 3711 2209 requiramus.

2139 2243 2158 2276 ι
2195 2224 2308 2288 llis,
2361 2226 2555 2295 inquit,
2614 2228 2704 2291 qui
2743 2243 2840 2296 per
2885 2227 3202 2296 patientiam
3245 2229 3370 2283 boni
3427 2232 3629 2299 operis.
3687 2249 3709 2282 ι

2137 2315 2292 2382 Quod
2343 2317 2516 2371 dicit:
2586 2335 2604 2368 ι
2645 2315 3122 2373 Patientiatnbuni
3189 2322 3389 2389 operis,
3441 2339 3461 2373 ι
3527 2333 3714 2378 osten-

2135 2409 2214 2462 dit
2245 2408 2484 2463 laborem
2522 2409 2811 2478 quemdam
2849 2419 2902 2464 et
2931 2424 3131 2478 agones
3179 2411 3464 2467 imminere
3495 2414 3582 2468 bis
3609 2413 3701 2483 qui

2134 2501 2334 2554 bonum
2371 2516 2506 2569 opus
2534 2499 2714 2554 facere
2740 2501 2945 2556 volunt.
2983 2521 3002 2552 ι
3048 2501 3339 2558 Luctamen
3369 2516 3452 2560 est
3485 2525 3504 2558 ι
3539 2507 3704 2570 enim,

2134 2595 2353 2648 sicutet
2393 2593 2534 2648 idem
2576 2593 2869 2662 Apostolus
2900 2594 3032 2648 dicit
3081 2598 3126 2627 ³⁵
3152 2637 3168 2660 ,
3210 2615 3229 2646 ί
3289 2612 3395 2651 non
3453 2598 3717 2651 adversus

2135 2700 2357 2739 carnem
2389 2695 2444 2739 et
2491 2687 2831 2755 sanguinem,
2874 2689 2969 2743 sed
2993 2690 3250 2744 adversus
3278 2691 3636 2758 principatus,
3662 2700 3717 2742 et

2135 2785 2455 2843 potestates,
2478 2787 2532 2831 et
2585 2781 2766 2833 mundi
2797 2781 2961 2850 hujus
3015 2791 3297 2846 rectores;
3334 2801 3352 2831 ι
3385 2797 3504 2849 qua:
3530 2782 3712 2834 omnia

2133 2865 2276 2921 bono
2313 2871 2463 2936 operi
2498 2870 2889 2926 adversantur:
2919 2883 2973 2927 et
3007 2873 3126 2926 ideo
3158 2873 3418 2941 patientia
3461 2887 3716 2927 necessa-

2138 2959 2212 3012 ria
2243 2969 2345 3023 est,
2371 2961 2498 3029 quia
2532 2962 2793 3031 scriptum
2823 2974 2906 3018 est
2943 2965 2989 2997 ³⁸
3025 2984 3037 3018 :
3081 2984 3098 3016 ι
3132 2965 3186 3018 lti
3218 2973 3396 3018 vestra
3451 2966 3712 3034 patientia

2135 3052 2430 3120 acquiretis
2455 3053 2666 3109 animas
2692 3064 2926 3110 vestras.
2961 3075 2980 3107 ι
3017 3055 3312 3111 Videamus
3349 3067 3530 3112 autem
3564 3061 3710 3126 quod

2135 3143 2266 3196 dicit
2287 3158 2421 3212 opus
2446 3144 2670 3199 bonum.
2707 3147 2964 3201 Dominus
2995 3148 3045 3202 in
3080 3149 3369 3217 Evangelia
3395 3151 3458 3204 de
3491 3166 3554 3204 ea
3589 3167 3709 3204 mu-

2055 3234 2100 3292 C
2135 3235 2288 3303 liere,
2324 3252 2446 3304 qua:
2471 3238 2805 3292 alabastrum
2837 3242 3095 3310 unguenti
3128 3243 3350 3310 pretiosi
3400 3241 3588 3295 cll‘udit
3618 3260 3711 3296 su-

2136 3343 2232 3396 per
2258 3338 2420 3397 caput
2442 3328 2584 3398 ejus,
2620 3331 2933 3397 pronuntiat
2960 3331 3086 3398 quia
3115 3349 3133 3381 ι
3176 3329 3322 3400 Opus
3356 3334 3556 3386 bonum
3585 3349 3716 3400 ope-

2136 3429 2250 3472 rata
2283 3429 2368 3474 est
2398 3421 2450 3473 in
2482 3436 2566 3474 tne
2591 3421 2658 3485 ³⁷,
2693 3439 2712 3472 ι
2746 3421 3037 3490 designans
3087 3425 3227 3492 quod
3274 3426 3365 3493 qui
3396 3427 3562 3478 verbo
3617 3425 3712 3479 Dei

2137 3522 2473 3579 unguentum
2511 3512 2896 3581 snperfnderit,
2956 3514 3174 3579 idest,
3223 3517 3313 3584 qui
3375 3531 3537 3585 opera
3585 3532 3708 3570 cum

2137 3605 2302 3656 verbo
2329 3604 2639 3666 sociaverit,
2670 3603 2758 3658 ille
2779 3620 2918 3673 opus
2958 3604 3156 3658 bonum
3186 3615 3459 3675 operetur.
3497 3605 3710 3660 0dora~

2137 3703 2222 3748 tus
2257 3709 2490 3762 namque
2515 3693 2745 3749 eﬂicitur
2793 3697 2940 3751 omni
3006 3709 3400 3767 unguentorum
3441 3700 3713 3752 suavitate

2130 3785 2370 3854 repletus
2407 3801 2612 3851 sermo,
2661 3802 2784 3842 cum
2825 3787 2988 3842 fuerit
3026 3805 3190 3858 opere
3239 3801 3294 3844 et
3344 3792 3561 3844 actibus
3594 3791 3710 3860 (55)

2132 3886 2444 3930 exornatus.
2483 3874 2636 3930 Nunc
2691 3877 2820 3944 quid
2851 3886 2934 3931 est
2983 3876 3207 3946 gloriam
3260 3889 3312 3930 et
3347 3878 3713 3945 incorruptio-

2133 3982 2252 4020 nem
2284 3982 2546 4035 quaerere,
2583 3969 2925 4037 requiramus
2953 3969 3090 4039 (56).
3123 3968 3302 4024 Multis
3325 3971 3379 4022 in
3409 3970 3542 4022 locis
3569 3970 3712 4024 Scri-

2131 4069 2302 4126 ptura:
2325 4068 2530 4113 sanctae
2559 4059 2626 4112 de
2659 4061 2830 4129 gloria
2880 4063 3144 4115 scribunt.
3178 4059 3309 4114 Nunt
3338 4062 3390 4114 in
3429 4061 3611 4115 Exodo
3643 4062 3710 4114 de

2132 4150 2312 4222 Moyse
2335 4153 2536 4206 dicitur
2572 4152 2640 4216 ’⁸,
2669 4155 2811 4220 quod
2865 4171 2986 4208 cum
3025 4155 3382 4208 descenderet
3410 4154 3475 4205 de
3503 4163 3706 4217 monte,

2134 4244 2468 4311 gloritieatus
2496 4245 2565 4298 sit
2592 4244 2772 4298 vultus
2805 4245 2940 4310 ejus.
2981 4245 3092 4298 lloe
3121 4255 3374 4299 retexens
3419 4243 3709 4314 Apostolus

2135 4337 2200 4389 ad
2227 4335 2538 4390 Corinthios
2569 4337 2704 4390 dicit
2735 4356 2748 4391 :
2798 4357 2816 4388 ε
2852 4338 3006 4405 Quod
3037 4339 3081 4390 si
3121 4337 3480 4391 ministerium
3515 4338 3707 4391 muttis

2135 4429 2186 4481 in
2219 4429 2416 4482 litteris
2445 4428 2734 4484 formatum
2763 4431 2813 4483 in
2841 4431 3129 4499 lapidibus,
3167 4429 3367 4484 factum
3393 4439 3478 4484 est
3513 4430 3567 4484 in
3595 4431 3709 4500 glo-

2850 4549 2897 4579 ’³
2933 4547 3091 4601 Rom.
3123 4563 3204 4612 ιιι,
3242 4547 3300 4601 ‘2.
3376 4547 3422 4578 ’δ
3454 4549 3582 4602 ibid.
3614 4547 3706 4603 29.

2223 4620 2269 4651 ’⁸
2298 4619 2470 4672 Exod.
2516 4637 2679 4674 xxmv
2705 4618 2750 4684 ,ἡ
2808 4618 2896 4674 29.

2206 4756 2320 4826 (50)
2351 4775 2370 4806 ι
2411 4757 2554 4824 Agit.
2584 4777 2602 4808 ι
2641 4756 2791 4810 Hanc
2830 4757 3312 4826 vocetn__0tniltuut
3365 4770 3465 4826 nis.
3507 4756 3705 4823 Regius

2135 4823 2544 4881 ηιιιιι.’1659”ει
2578 4827 2849 4880 Rabanus.
2879 4825 2976 4878 Ms.
3016 4823 3216 4892 Regius
3257 4841 3406 4881 num.
3431 4825 3559 4878 1641
3603 4832 3703 4879 lia-

2131 4897 2236 4956 bet,
2275 4914 2294 4945 ι
2328 4897 2478 4949 facit.
2515 4916 2531 4947 ι
2567 4897 2761 4949 (helori
2800 4911 2924 4947 cum
2953 4896 3133 4956 etlilis,
3171 4913 3188 4944 ι
3225 4899 3356 4962 agit.
3400 4915 3418 4945 ›

2199 4967 2314 5037 (51)
2352 4965 2442 5020 Sic
2465 4981 2657 5020 omnes
2690 4964 3175 5037 mssaEditivero,
3210 4980 3494 5034 perperam
3530 4983 3544 5020 :
3581 4982 3599 5014 ι
3649 4975 3706 5018 et

2126 5034 2513 5104 prdpli'etarum
2553 5035 2878 5089 testimoniis
2909 5049 2973 5086 cx
3006 5034 3109 5098 his,
3152 5054 3172 5086 ›
3208 5049 3314 5089 etc.

2197 5106 2311 5175 (52)
2353 5106 2428 5159 Ita
2452 5106 2606 5168 editi,
2630 5115 2685 5158 et
2709 5106 2908 5160 rectius
2924 5106 3141 5172 quidem
3164 5121 3322 5172 quam
3351 5120 3481 5158 mss.
3508 5105 3701 5167 nostri,

2125 5178 2216 5243 qui
2246 5191 2436 5229 omnes
2464 5176 2684 5237 habent,
2721 5193 2739 5225 ι
2773 5191 2938 5244 pauca
2971 5176 3278 5241 patefacere
3309 5179 3638 5244 exponenti,
3677 5194 3694 5224 ι

2129 5262 2288 5307 unus,
2326 5263 2346 5295 ‹
2385 5249 2804 5310 exponentibus.
2846 5265 2864 5296 ι
2898 5254 3004 5298 etc.

2201 5317 2316 5385 (55)
2347 5315 2490 5369 Editi
2515 5354 2531 5377 ,
2571 5334 2591 5366 ι
2628 5326 2684 5370 et
2730 5318 2818 5384 qui
2857 5330 2961 5368 non
3007 5316 3363 5383 acquiescunt
3399 5315 3639 5371 veritati.
3676 5334 3694 5364 ι

2129 5385 2441 5440 Sedomnes
2473 5400 2601 5439 mss.
2636 5396 2693 5439 ut
2730 5388 2781 5439 in
2807 5395 2990 5438 nostro
3019 5395 3190 5440 textu.

2199 5456 2313 5527 (54)
2347 5455 2672 5527 Ms._Regius
2701 5473 2849 5510 num.
2882 5455 3042 5521 1641,
3067 5476 3084 5506 ι
3121 5472 3216 5522 per
3238 5458 3699 5524 contemptionem

2124 5525 2340 5580 mentis.
2380 5545 2398 5576 ι
2434 5525 2626 5580 Οιιξιετί
2660 5542 2790 5580 vero
2819 5542 2946 5578 mss.
2977 5536 3030 5578 et
3060 5527 3188 5578 editi
3218 5537 3276 5578 ut
3310 5528 3362 5578 in
3391 5537 3559 5580 textu.

2199 5596 2312 5666 (55)
2345 5595 2438 5651 Sic
2465 5611 2597 5650 mss.
2626 5607 2682 5650 et
2709 5595 2984 5652 Rabanus.
3019 5596 3161 5648 Editi
3203 5611 3353 5663 vero,
3393 5613 3412 5646 ι
3457 5608 3514 5650 ιιι
3547 5611 3705 5665 opor-

2128 5675 2204 5720 tet
2227 5667 2458 5728 actibus,
2493 5685 2511 5717 i
2547 5678 2655 5719 etc.

2201 5737 2313 5808 (56)
2349 5738 2425 5790 Ita
2451 5737 2788 5808 Rabanuset
2835 5752 2937 5790 ms.
2974 5735 3371 5792 Vallis-Clarae.
3425 5735 3516 5790 Sic
3539 5738 3700 5790 etiam

2129 5823 2231 5864 ms.
2248 5807 2449 5877 Regius
2472 5823 2622 5862 num.
2639 5807 2799 5874 1641,
2821 5809 2922 5862 nisi
2943 5809 3086 5877 quod
3111 5809 3326 5863 omittat
3354 5827 3372 5858 ι
3399 5823 3695 5874 ιιυωιυιίτ.»
