4170 6426
496 352 595 407 881

1458 346 1818 404 COMMENT.
1856 347 1925 402 ΙΝ
1954 347 2173 404 EPIST.
2210 347 2302 402 AD
2339 346 2506 404 ROM.
2548 347 2678 402 LIB.
2719 347 2786 402 Il.

3650 353 3756 406 8⁸8⁸1

499 475 579 526 ria
613 491 628 539 ;
690 473 765 526 ita
800 479 987 526 utnon
1023 479 1246 540 possent
1270 469 1552 526 intendere
1581 470 1677 524 lilii
1710 469 1878 525 lsrael
1906 471 1959 524 in
1993 469 2074 525 fa-
2102 474 2150 532 Α
2177 472 2303 540 quia
2338 488 2356 522 ι
2379 471 2574 535 homo,
2617 485 2738 525 cum
2766 470 2819 523 in
2852 470 3059 524 honore
3101 478 3270 534 esset,
3301 485 3407 524 non
3448 470 3759 545 intellexit;

495 565 635 618 ciem
663 562 858 634 Moysi,
894 571 1118 632 propter
1147 561 1376 632 gloriam
1411 562 1591 618 vultus
1624 561 1766 632 ejus,
1799 579 1920 632 qua:
1941 563 2072 618 abo-

496 655 677 720 letur;
710 664 914 723 quanto
971 655 1145 724 magis
1201 653 1565 709 ministerium
1597 654 1835 724 Spiritus
1879 656 1985 710 erit
2018 656 2074 709 in

497 745 710 810 gloria!
780 746 835 799 Si
871 745 1018 799 enim
1079 746 1132 799 in
1187 745 1497 800 ministerio
1548 747 1912 801 damnationis
1957 747 2075 814 glo-

499 836 578 888 ria
609 834 721 907 (57)
748 845 864 898 est,
900 845 1104 904 quanto
1154 838 1326 908 magis
1370 837 1669 892 abundabit
1710 838 2075 892 ministerium

493 926 719 994 iustitia:
746 929 799 982 in
826 928 1037 998 gloria?
1067 948 1086 981 ι
1115 929 1182 983 Ει
1213 939 1336 999 post
1355 944 1525 998 pauca
1556 931 1744 985 addit:
1781 949 1798 982 ι
1836 930 1945 986 Nos
1979 947 2075 986 au-

503 1025 610 1070 tem
661 1033 851 1072 omnes
884 1019 1119 1072 revelata
1161 1018 1302 1074 facie
1349 1021 1578 1090 gloriam
1611 1021 1825 1076 Domini
1877 1039 2077 1092 specu-

499 1109 693 1173 lantes,
724 1110 778 1163 in
811 1111 1054 1164 eamdem
1093 1111 1384 1181 imaginem
1416 1112 1529 1184 (58)
1563 1111 2018 1169 transformamur
2046 1131 2076 1169 a

500 1200 672 1268 gloria
707 1202 759 1254 in
797 1202 1022 1271 gloriam
1081 1213 1337 1274 tanquam
1386 1220 1416 1258 a
1469 1206 1679 1260 Domini
1708 1207 1912 1275 Spiritu
1945 1208 2010 1260 ”.
2050 1227 2071 1260 ι

500 1292 597 1345 Est
617 1307 747 1362 ergo
777 1295 1024 1362 quaedam
1062 1295 1230 1366 gloria
1263 1296 1557 1350 secundum
1585 1298 1926 1365 Apostolum,
1957 1313 2078 1367 qua:

501 1398 612 1437 non
636 1383 990 1454 gloriﬁcatur,
1019 1396 1077 1440 ut
1102 1385 1188 1440 illa
1211 1401 1333 1455 quae.
1363 1387 1414 1439 in
1441 1386 1590 1440 vultu
1613 1386 1787 1458 Moysi
1815 1388 1937 1456 fuit,
1957 1403 2076 1458 quze

500 1473 700 1530 dicitur
729 1491 852 1531 esse
881 1479 1182 1544 destructa,
1232 1493 1350 1547 quae
1409 1477 1571 1549 Legis
1616 1479 1798 1535 littera
1849 1481 2076 1552 intelligi

499 1577 699 1636 potest,
742 1568 947 1624 habens
975 1571 1196 1637 quidam
1241 1573 1472 1643 gloriam
1531 1582 1945 1643 pra-ceptorum,
1980 1576 2076 1628 sed

500 1675 622 1729 quae
653 1661 948 1731 glorificari
979 1679 1084 1717 non
1137 1666 1330 1733 possit.
1365 1665 1460 1721 Est
1494 1675 1549 1720 et
1595 1665 1701 1720 alia
1736 1665 1927 1736 gloria,
1955 1681 2078 1736 quae

499 1757 782 1817 permanet
827 1758 883 1805 et
937 1751 1273 1822 glorificatur
1339 1755 1393 1808 in
1458 1755 1696 1811 Christo.
1743 1755 1876 1810 Cum
1929 1757 2073 1810 enim

2177 570 2528 631 comparatus
2580 571 2663 615 est
2704 561 2970 630 jumentis
3013 560 3419 629 insipientibus,
3452 569 3506 616 et
3560 562 3756 616 similis

2176 657 2354 712 factus
2398 663 2484 709 est
2536 652 2641 708 illis
2664 653 2774 705 ³⁸.»
2843 651 3047 718 Quaerit
3094 667 3220 723 ergo
3280 653 3430 708 illum
3490 654 3756 708 honorem

2177 767 2344 822 quem
2375 749 2608 804 habebat
2639 745 2751 818 (60)
2781 755 3075 817 antequam
3103 757 3517 815 compararetur
3540 747 3758 816 jumen-

2180 844 2250 898 tis
2284 839 2695 910 insipientibus,
2721 838 2775 891 id
2806 845 2891 891 est
2933 836 3082 890 illum
3121 851 3286 906 quem
3311 837 3546 892 habebat
3574 837 3628 890 in
3663 851 3756 905 pa-

2178 933 2382 1002 radiso,
2412 940 2704 1000 antequam
2726 939 2996 998 peccaret,
3027 931 3288 983 honorem
3319 944 3428 998 quo
3449 928 3539 984 Dei
3563 945 3753 985 vocem

2177 1025 2491 1080 merebatur
2519 1022 2729 1086 audire,
2774 1022 3037 1076 honorem
3071 1033 3180 1088 quo
3205 1019 3442 1088 paradisi
3486 1018 3755 1075 fructibus

2178 1128 2233 1174 et
2267 1117 2411 1187 ligno
2436 1115 2562 1169 vitae
2587 1113 2894 1168 fruebatur.
2924 1111 3032 1167 Sed
3058 1123 3113 1167 et
3136 1112 3263 1165 illud
3287 1112 3430 1180 quod
3460 1111 3590 1166 dicit
3614 1113 3756 1179 Apo-

2178 1209 2350 1265 stolus
2383 1225 2396 1262 :
2432 1224 2452 1258 σ
2479 1205 2712 1261 Reddite
2763 1204 3013 1260 omnibus
3058 1204 3277 1270 debita;
3330 1204 3414 1258 cui
3467 1205 3754 1266 honorem,

2180 1303 2440 1356 honorem
2465 1298 2532 1364 ³⁷,
2569 1316 2587 1349 ι
2621 1297 2688 1350 ad
2739 1297 2843 1350 hoc
2875 1296 3008 1350 mihi
3049 1296 3323 1366 respicere
3361 1295 3594 1350 videtur.
3645 1294 3756 1364 Ego
3823 1329 3826 1332 .

2178 1393 2323 1446 enim
2354 1390 2434 1444 sic
2459 1387 2706 1458 intelligo
2729 1387 2993 1442 honorem
3020 1387 3264 1441 debitum
3289 1386 3442 1441 reddi
3476 1386 3584 1440 Deo
3614 1385 3754 1455 (Gl),

2179 1485 2224 1540 si
2257 1481 2402 1553 quod
2436 1482 2668 1535 debetur
2695 1478 2932 1543 iustitiae
2963 1478 3248 1544 reddatur,
3280 1487 3336 1533 et
3373 1477 3508 1532 nihil
3545 1492 3611 1532 ex
3639 1477 3758 1546 ejus

2178 1584 2334 1644 parte
2366 1570 2644 1640 injustitiae
2668 1570 3042 1625 concedatur:
3091 1569 3344 1625 similiter
3375 1577 3432 1625 et
3458 1570 3672 1624 veritati
3707 1570 3753 1623 si

2179 1677 2300 1732 qua:
2331 1677 2426 1715 sua
2459 1670 2584 1715 sunt
2614 1658 2690 1711 ita
2717 1659 3042 1727 reddantur,
3079 1667 3138 1712 ut
3176 1658 3310 1713 nihil
3334 1674 3403 1714 ex
3431 1659 3549 1728 ejus
3587 1659 3759 1728 parti-

2177 1754 2283 1808 bus
2307 1753 2594 1808 mendacio
2622 1753 2963 1822 relinquatur
2992 1769 3006 1804 :
3033 1751 3314 1821 sapientiae
3336 1766 3573 1821 quoque,
3599 1759 3655 1805 et
3674 1753 3761 1804 in-

498 1843 835 1898 ascendisset
857 1847 912 1899 in
937 1855 1178 1901 montem
1214 1862 1336 1901 cum
1363 1846 1526 1901 Petro
1553 1887 1568 1910 ,
1622 1856 1676 1902 et
1730 1845 1934 1902 Jacobo
1963 1890 1978 1914 ,
2022 1855 2077 1902 et
2107 1837 2151 1891 Β
2180 1849 2470 1910 nocentiae,
2510 1845 2852 1914 bonitatique
2874 1845 2919 1899 si
2939 1845 3012 1898 ita
3040 1844 3329 1898 reddamus
3346 1859 3468 1914 quae
3491 1859 3585 1898 sua
3608 1853 3756 1907 sunt,

499 1933 708 1991 Joanne
731 1975 746 2001 ,
801 1938 1227 1994 transformatus
1256 1955 1380 1994 esse
1411 1940 1466 1994 in
1510 1941 1740 2011 gloriam
1793 1941 2073 1996 scribitur.

504 2042 526 2076 ι
560 2025 627 2079 Et
655 2037 781 2083 tunc
816 2039 1207 2098 apparuerunt,
1249 2049 1268 2083 ι
1297 2031 1493 2100 inquit,
1539 2049 1558 2082 ι
1598 2031 1811 2103 Moyses
1847 2042 1900 2084 et
1933 2032 2078 2086 Elias

498 2119 873 2190 colloquentes
911 2137 1033 2176 cum
1059 2139 1124 2178 eo
1153 2124 1218 2180 ³ο.
1253 2143 1272 2176 ι
1311 2124 1413 2177 Per
1439 2125 1583 2194 quod
1610 2126 2079 2194 ostenditur,quia

501 2213 636 2282 legis
683 2223 738 2267 et
790 2214 1177 2284 prOpIIetarum
1234 2216 1412 2288 gloria
1461 2227 1591 2271 tunc
1645 2218 1917 2286 apparuit,
1954 2232 2078 2272 cum

500 2303 753 2359 Christus
785 2304 983 2360 luisset
1011 2307 1434 2364 transformatus
1475 2310 1530 2363 in
1576 2309 1750 2380 gloria
1775 2347 1793 2375 ,
1850 2320 1910 2364 ut
1935 2309 2080 2364 illius

499 2397 672 2466 gloria
703 2397 1002 2452 illuminata
1033 2400 1317 2469 pr0phetia
1342 2410 1396 2456 et
1423 2401 1533 2466 lex,
1593 2411 1777 2457 amoto
1809 2401 2079 2456 velamine

501 2489 722 2558 litterze,
759 2493 1090 2562 intelligatur
1146 2495 1200 2548 in
1233 2497 1448 2566 spiritu.
1501 2498 1702 2552 Verum
1737 2499 1864 2567 quia
1924 2507 1980 2553 et
2024 2500 2077 2556 in

498 2585 688 2642 Exodo
743 2587 946 2642 dicitur
1000 2589 1043 2620 ³⁸
1095 2589 1264 2659 gloria
1324 2591 1418 2646 Dei
1457 2593 1699 2660 replesse
1751 2593 2077 2650 tabernacu-

498 2676 612 2730 lum
665 2680 999 2748 testimonii;
1047 2694 1104 2737 et
1154 2685 1351 2738 iterum
1384 2685 1436 2738 in
1496 2685 1838 2740 dedicatione
1892 2689 2077 2758 templi

496 2766 658 2838 481
688 2770 1044 2827 nihilominus
1063 2773 1408 2829 descendisse
1425 2774 1596 2844 gloria
1623 2776 1741 2842 Dei,
1758 2786 1814 2830 et
1837 2779 2081 2845 replesse

497 2858 718 2910 domum
753 2857 925 2925 fumo,
957 2860 1206 2930 caligine,
1229 2871 1285 2916 et
1315 2861 1482 2928 nube,
1508 2862 1562 2916 in
1595 2879 1704 2931 quo
1753 2865 1937 2934 utique
1961 2867 2077 2936 ipsa

499 2949 692 3003 adesse
725 2947 821 3005 Dei
867 2953 1157 3021 prazsentia
1204 2953 1520 3024 designatur
1545 2956 1589 2987 ³⁸
1617 2971 1632 3008 :
1671 2956 1762 3010 illa
1791 2957 1844 3012 in
1872 2959 1956 3013 his
1980 2975 2080 3028 pu-

499 3040 663 3093 tanda
693 3049 778 3097 est
803 3043 909 3098 dici
930 3043 1066 3115 (58‘)
1082 3045 1276 3115 gloria,
1299 3047 1366 3100 de
1387 3061 1492 3114 qua
1517 3047 1808 3115 Apostolus
1831 3051 2078 3106 scribens

497 3133 568 3188 ad
600 3131 858 3188 Hebraeos
886 3135 1020 3190 dicit
1044 3136 1112 3190 de
1139 3135 1300 3202 Filio,
1341 3139 1469 3206 quia
1517 3139 1589 3193 sit
1617 3156 1636 3190 ι
1670 3139 1930 3208 splendor
1959 3142 2076 3213 glo-

499 3224 616 3292 riae,
649 3235 704 3279 et
727 3225 905 3296 imago
929 3241 1185 3295 expressa
1212 3228 1531 3283 substantiae
1557 3231 1675 3300 ejus
1703 3231 1772 3284 ³³.
1798 3230 1931 3286 ιΡθι·
1953 3249 2078 3302 quae

495 3318 601 3372 hoc
637 3317 948 3373 declaratur
972 3318 1108 3389 (59),
1156 3319 1331 3390 ipsum
1379 3320 1582 3376 fontem
1627 3323 1814 3393 gloriae
1859 3322 2076 3379 Patrem

498 3410 630 3475 dici,
656 3425 720 3465 ex
743 3426 850 3480 quo
881 3412 1140 3482 splendor
1165 3413 1352 3483 gloriae
1380 3413 1552 3470 Filius
1577 3427 1895 3486 generatur,
1919 3418 2076 3488 cujus

498 3505 919 3575 participatione
949 3522 1144 3564 omnes
1190 3516 1455 3564 creatura:
1499 3509 1730 3580 gloriam
1755 3513 1960 3568 habere
1991 3515 2076 3567 di—

499 3608 698 3654 cuntur
730 3619 746 3656 :
780 3602 922 3656 sicut
967 3603 1034 3657 de
1089 3603 1176 3658 his
1220 3604 1312 3674 qui
1365 3620 1432 3660 ex
1485 3605 1892 3662 resurrectione
1927 3618 2075 3675 sunt,

498 3692 761 3748 scribitur
784 3711 800 3749 :
841 3713 860 3746 ε
936 3695 1053 3749 Alia
1083 3696 1256 3765 gloria
1280 3696 1432 3764 solis,
1456 3697 1562 3750 alia
1586 3697 1756 3767 gloria
1781 3698 1946 3763 lunae,
1967 3700 2075 3755 alia

498 3783 670 3850 gloria
697 3786 1000 3842 stellarum.
1033 3787 1205 3842 Stella
1235 3805 1264 3842 a
1291 3790 1446 3844 stella
1493 3790 1670 3846 differt
1701 3793 1756 3848 in
1778 3791 1949 3863 gloria
1971 3794 2068 3847 “.o

498 3875 649 3931 lianc
695 3892 825 3946 ergo
867 3879 1119 3947 gloriam,
1145 3896 1265 3950 qua:
1286 3896 1349 3937 ex
1400 3881 1805 3941 resurrectione
1848 3894 1952 3952 est,
1980 3890 2072 3956 qui

498 3968 807 4035 requirunt,
857 3979 912 4025 et
967 3971 1258 4037 honorem,
1309 3981 1360 4027 et
1410 3974 1896 4044 incorruptionem,
1938 3977 2072 4033 illud

496 4059 614 4114 sine
647 4061 812 4116 dubio
838 4061 1120 4117 invenient
1147 4065 1291 4133 quod
1317 4067 1579 4134 scriptum
1609 4077 1734 4122 est:
1771 4087 1791 4120 ι
1825 4069 2074 4124 Semina-

497 4159 586 4204 tur
613 4166 812 4228 corpus
842 4153 896 4207 in
932 4155 1256 4224 ignominia,
1281 4169 1467 4229 surget
1501 4158 1553 4212 in
1586 4160 1756 4230 gloria
1787 4178 1801 4227 ;
1832 4162 2073 4216 semina-

496 4251 584 4297 tur
614 4244 666 4297 in
690 4245 1063 4313 corruptione,
1094 4259 1279 4317 surget
1319 4249 1374 4302 iu
1421 4251 1834 4320 incorruptione
1858 4253 1926 4307 ³⁸.
1961 4273 1979 4305 ι
2008 4253 2076 4308 Et

495 4335 617 4390 Ideo
657 4334 952 4405 inquisitor
982 4336 1144 4406 hujus
1173 4339 1382 4408 gloriae,
1410 4350 1467 4396 et
1515 4343 1766 4411 honoris,
1797 4355 1853 4399 et
1891 4345 2073 4400 incor-

497 4427 766 4496 ruptionis
800 4443 899 4498 per
931 4431 1254 4499 patientiam
1288 4432 1415 4486 boni
1449 4434 1632 4502 operis
1668 4435 1836 4490 vitam
1882 4453 2075 4492 conse-

495 4523 679 4588 quitur
727 4532 1016 4578 aeternam.
1049 4523 1250 4579 Verum
1283 4528 1413 4595 quia
1445 4529 1512 4582 de
1551 4527 1746 4598 gloria,
1781 4542 1840 4585 ut
1892 4534 2074 4602 potui-
2103 4552 2148 4610 υ

496 4627 636 4677 mus,
673 4614 1049 4680 discussimns,
1074 4617 1352 4673 videamus
1381 4620 1513 4688 quid
1538 4631 1594 4675 et
1635 4622 1814 4678 honor
1847 4625 2069 4692 iudicet,

494 4704 620 4770 quia
654 4706 746 4774 qui
803 4707 872 4761 ad
904 4718 1166 4763 aeternam
1202 4713 1367 4764 vitam
1419 4713 1700 4778 festinant,
1745 4731 1853 4768 non
1894 4717 2072 4771 solum

498 4797 751 4869 gloriam,
803 4800 898 4854 sed
945 4808 1002 4854 et
1046 4800 1310 4858 honorem
1361 4817 1632 4876 quaerunt.
1669 4806 1945 4877 Scriptum
1988 4820 2074 4866 est

565 4985 610 5015 ’9
637 4982 680 5036 ll
711 4985 954 5055 Cornu,
986 4983 1104 5055 779,
1137 4985 1224 5039 18.
1261 4988 1307 5018 ³³
1339 4987 1686 5053 Matth.xvn,
1716 4993 1832 5047 1-5.
1878 4994 1922 5024 ³¹
1958 4993 2072 5050 Exo

2179 5011 2250 5053 IL,
2281 4993 2369 5048 5'2.
2447 4992 2490 5022 ³²
2518 4992 2556 5046 ll
2584 4992 2761 5046 Paral.
2790 5007 2882 5055 vII,
2916 4991 2966 5043 1.

780 5053 978 5130 3'Aibid.
1131 5125 1159 5130 Δ
1184 5057 1230 5088 ³⁸
1262 5056 1403 5112 Psal.
1439 5077 1626 5123 XLVIII,
1658 5063 1742 5114 15.
1818 5064 1862 5094 ³⁷
1895 5063 2054 5119 Rom.

2179 5081 2214 5130 I,
2251 5065 2303 5118 7.
2380 5063 2423 5094 ³⁸
2467 5067 2485 5116 l
2522 5066 2649 5117 Cor.
2702 5078 2741 5127 I,
2785 5053 2876 5115 50.
2952 5060 2996 5091 ³³
3024 5060 3188 5116 Mare.
3233 5053 3340 5127 xv,’
3386 5063 3470 5130 17,
3518 5065 3605 5129 18,
3665 5069 3752 5120 19.

495 5069 584 5111 xv,
613 5055 702 5107 41.
780 5055 824 5083 ³⁵
850 5055 978 5108 ibid.
1016 5055 1105 5107 4'2.
1184 5057 1230 5088 ³⁸
1262 5056 1403 5112 Psal.
1439 5077 1626 5123 XLVIII,
1658 5063 1742 5114 15.
1818 5064 1862 5094 ³⁷
1895 5063 2031 5118 Rom

495 5123 539 5155 ⁸ο
566 5123 724 5178 Joan.
749 5139 802 5185 ν,
829 5123 921 5177 25.
1000 5124 1043 5155 ⁸⁸
1073 5126 1092 5179 l
1121 5125 1245 5182 Cor.
1277 5145 1360 5194 III,
1394 5131 1482 5184 17.
1557 5132 1602 5164 ⁸³
1634 5133 1678 5186 ll
1701 5133 1826 5189 Cor.
1863 5150 1941 5202 xr,
1978 5137 2032 5188 5.

494 5280 695 5362 (Σαξιθτὶ
721 5295 852 5336 vero
867 5298 1016 5362 _mss.
1043 5295 1100 5340 et
1136 5288 1311 5362 editi,
1349 5306 1369 5340 ι
1396 5289 1550 5346 Nunc
1596 5291 1811 5360 quidem
1842 5292 2071 5362 gloriam

495 5361 552 5403 et
577 5353 1044 5427 insorruptjonem
1070 5353 1430 5427 requiramus.
1470 5378 1490 5412 ›

567 5419 1044 5495 (57)Μεξῐῖθεὶυε
1083 5419 1233 5481 ιιυίη.
1262 5427 1420 5495 1641,
1455 5449 1475 5482 ι
1517 5432 1578 5486 Si
1633 5432 1781 5488 enim
1827 5433 2076 5489 ministe-

499 5491 1043 5567 ritI-Inmdamnationis
1069 5497 1123 5551 in
1157 5497 1332 5567 gloria
1361 5491 1463 5557 est.
1494 5519 1515 5553 ο

835 5565 1032 5634 Regius
1052 5561 1202 5622 num.
1224 5569 1384 5642 1659,
1408 5589 1426 5622 ι
1451 5573 1638 5626 eadem
1657 5573 1914 5642 imagine,
1941 5584 2074 5629 Ietc.

572 5631 712 5713 (ὄβς).
738 5636 827 5713 Sic
861 5631 1054 5713 omnes
1065 5631 1380 5713 _mss._E_diti
1397 5656 1555 5713 vero,
1584 5645 1732 5698 «Dei.
1760 5631 1796 5696 ἶ
1817 5631 2074 5700 Rabanus

495 5709 544 5755 el
577 5703 753 5777 editio
778 5703 989 5777 veneta
1014 5706 1299 5776 Theophili
1325 5703 1626 5777 Salodiaﬁni,
1659 5733 1676 5765 ι
1697 5715 1823 5768 diei.
1851 5733 1869 5767 ι

567 5771 679 5843 (59)
695 5771 772 5828 ita
787 5771 1207 5834 cditi.hiss.vero
1222 5782 1445 5850 nostri,«
1458 5782 1561 5838 Per
1573 5771 1691 5855 qum
1710 5785 1820 5840 haec
1839 5784 1938 5857 (at.
1971 5781 2073 5837 Per

2181 1947 2243 1992 ut
2270 1937 2408 1992 nihil
2435 1954 2503 1993 ex
2519 1953 2710 1994 eorum
2738 1937 2920 2000 bonis,
2945 1935 3030 1990 vel
3056 1936 3322 2000 stultitiae,
3347 1936 3431 1991 vel
3447 1936 3758 2007 calliditati,

2179 2029 2264 2084 vel
2304 2029 2527 2084 malitiae
2555 2030 2954 2100 permittamus.
2989 2027 3126 2083 Cum
3166 2027 3338 2093 enim,
3373 2029 3520 2082 verbi
3553 2030 3754 2098 gratia,

2180 2121 2234 2176 in
2267 2121 2566 2190 judicando
2604 2121 2688 2176 vel
2717 2136 3011 2191 personam
3044 2122 3285 2189 potentis
3335 2120 3637 2190 acceperis,
3673 2121 3760 2175 vel

2179 2231 2279 2285 pro
2307 2215 2465 2269 amici
2494 2214 2670 2284 gratia
2721 2229 2841 2284 quae
2883 2224 3013 2268 sunt
3056 2228 3188 2268 vera
3221 2213 3615 2283 suppresseris,
3647 2230 3758 2268 non

2182 2308 2474 2363 reddidisti
2506 2307 2768 2361 honorem
2815 2305 3056 2360 debitum
3089 2304 3339 2373 justitiaz,
3372 2320 3473 2360 nec
3511 2305 3757 2373 veritati,

2180 2402 2274 2456 sed
2321 2399 2672 2455 dehonorasti
2721 2397 3017 2467 justitiam,
3046 2407 3102 2452 et
3149 2397 3329 2451 fecisti
3369 2399 3758 2453 contumeliam

2179 2491 2396 2546 veritati
2423 2509 2438 2545 :
2472 2498 2527 2544 et
2555 2505 2679 2544 cum
2710 2488 2960 2544 Christus
3005 2488 3077 2543 sit
3098 2487 3333 2556 justitia,
3360 2499 3416 2542 et
3441 2490 3759 2543 sanctiﬁca-

2183 2587 2288 2650 tio,
2345 2594 2399 2639 et
2454 2585 2657 2639 veritas
2683 2582 2751 2650 ³⁸,
2785 2583 2897 2637 eris
2948 2581 3142 2636 similis
3186 2581 3294 2636 illis
3342 2583 3434 2650 qui
3479 2581 3756 2637 Christum

2180 2676 2430 2745 colaphis
2465 2676 2804 2739 ceciderunt,
2833 2681 2888 2728 et
2916 2673 3009 2742 qui
3041 2673 3094 2727 in
3129 2671 3324 2728 faciem
3357 2674 3473 2742 ejus
3495 2689 3762 2744 conspue-

2183 2776 2331 2832 runt,
2359 2776 2414 2821 et
2439 2766 2530 2835 qui
2560 2767 2613 2820 in
2635 2766 2846 2819 calamo
2878 2772 3045 2834 caput
3065 2764 3183 2836 ejus
3213 2766 3606 2834 percutientes,
3633 2780 3762 2820 ver-

2183 2859 2273 2913 tici
2301 2858 2417 2927 ejus
2443 2859 2820 2929 imposuerunt
2844 2862 3087 2932 spineam
3120 2874 3379 2914 coronam
3409 2858 3476 2911 ‘9.
3499 2857 3631 2924 Quis
3655 2873 3758 2913 au-

2182 2965 2289 3008 tem
2323 2956 2500 3009 honor
2543 2955 2659 3027 (6‘2)
2692 2957 2898 3026 estqui
2944 2957 3028 3011 his
3060 2957 3314 3011 omnibus
3357 2956 3652 3011 virtutibus
3687 2958 3757 3010 ah

2180 3044 2400 3097 homine
2433 3046 2684 3112 debetur,
2732 3044 2785 3098 in
2820 3045 3128 3117 Evangeliis
3175 3047 3486 3114 edocemur,
3539 3045 3760 3101 dicente

2184 3138 2409 3191 Domino
2440 3137 2524 3190 “z
2569 3157 2587 3189 ι
2617 3137 2690 3192 Ut
2719 3153 2911 3193 omnes
2956 3137 3321 3194 honorificent
3362 3137 3588 3203 Filium,
3615 3139 3758 3193 sicut

2183 3228 2549 3284 honorilicant
2587 3227 2829 3283 Patrem.
2865 3247 2885 3281 ι
2917 3228 3256 3284 Honorilicat
3284 3243 3416 3299 ergo
3455 3228 3675 3284 Patrem
3703 3239 3760 3285 et

2180 3320 2402 3386 Filium,
2428 3319 2520 3389 qui
2546 3319 2810 3375 honorem
2837 3321 3062 3390 dignum
3095 3330 3150 3375 et
3176 3320 3418 3375 studium
3456 3321 3635 3376 defert
3664 3337 3762 3376 sa-

2181 3413 2420 3480 pientiaa,
2451 3423 2503 3468 et
2523 3413 2772 3484 justitia,
2792 3423 2846 3468 et
2873 3413 3110 3478 veritati,
3134 3414 3500 3482 omnibusque
3530 3414 3614 3468 his
3636 3429 3760 3484 qua:

2179 3518 2300 3558 esse
2349 3504 2610 3558 dicuntur
2641 3503 2910 3558 Christus.
2954 3503 3068 3558 Hoc
3109 3519 3243 3574 ergo
3294 3506 3455 3558 modo
3507 3512 3761 3572 quaerunt

2177 3593 2434 3664 gloriam,
2460 3604 2516 3648 et
2544 3594 2832 3661 honorem,
2864 3604 2922 3648 et
2959 3595 3450 3665 incorruptionem,
3474 3595 3565 3664 qui
3599 3595 3758 3649 festi-

2179 3693 2310 3738 nant
2362 3685 2430 3739 ad
2463 3693 2721 3740 aeternam
2762 3685 2950 3740 vitam.
2995 3687 3103 3742 Sed
3132 3695 3189 3740 et
3239 3686 3577 3756 incorruptio
3623 3685 3756 3756 quid

2177 3775 2406 3842 indicet,
2446 3777 2556 3831 cito
2585 3779 2842 3843 sciemus,
2874 3779 2921 3834 si
2947 3780 3091 3850 quod
3118 3779 3166 3833 ei
3198 3780 3533 3835 contrarium
3567 3789 3651 3835 est
3675 3780 3754 3834 di—

2176 3874 2504 3928 scutiamus.
2565 3871 2908 3943 lncorruptio
2963 3872 3298 3929 contrariam
3363 3873 3532 3928 habet
3564 3887 3758 3927 corru-

2176 3965 2438 4033 ptiouem.
2461 3964 2752 4034 Corruptio
2781 3965 2992 4020 duobus
3025 3965 3203 4020 modis
3237 3965 3485 4020 accidere
3509 3965 3711 4019 dicitur
3741 3986 3754 4020 :

2177 4055 2577 4124 corporaliter,
2619 4067 2676 4109 et
2725 4056 3067 4125 spiritaliter.
3117 4057 3488 4128 Corporaliter
3532 4058 3755 4126 accidit,

2177 4162 2302 4200 cum
2346 4149 2592 4202 evenerit
2627 4148 2758 4202 illud
2808 4150 2952 4218 quod
2997 4150 3265 4218 scriptqu
3315 4161 3440 4206 est:
3489 4169 3507 4201 I
3539 4150 3596 4205 Si
3631 4153 3756 4221 quis

2179 4239 2435 4308 templum
2467 4239 2559 4294 Dei
2593 4241 2926 4309 corruperit,
2949 4250 3267 4310 corrumpet
3298 4242 3446 4296 illum
3472 4243 3616 4298 Deus
3635 4243 3705 4297 “.
3727 4262 3748 4296 ι

2177 4330 2508 4400 Spiritaliter
2538 4345 2687 4397 vero,
2713 4347 2839 4386 cum
2889 4332 3019 4387 illud
3063 4334 3325 4389 acciderit
3366 4336 3510 4404 quod
3555 4337 3756 4390 nihilo-

2177 4424 2356 4476 minus
2391 4423 2681 4492 Apostolus
2719 4424 2853 4477 dicit
2893 4422 2979 4475 “:
3013 4439 3033 4473 ι
3072 4424 3275 4479 Vereor
3309 4437 3492 4480 autem
3521 4442 3588 4480 ne
3614 4427 3758 4482 sicut

2177 4530 2400 4582 serpens
2423 4515 2588 4569 Evam
2616 4516 2832 4570 seduxit
2859 4526 3057 4572 astutIa
3089 4520 3304 4584 sua,sic
3337 4530 3756 4588 corrumpantur

2178 4624 2370 4663 sensus
2406 4609 2574 4663 vestri
2614 4624 2644 4662 a
2683 4609 3036 4680 simplicitate
3070 4610 3217 4673 fidei,
3247 4625 3367 4679 quae
3388 4622 3473 4665 est
3506 4612 3558 4665 in
3590 4611 3754 4666 Chri-

2179 4714 2264 4758 sto
2291 4701 2440 4758 Jesu.
2475 4721 2495 4754 ι
2535 4702 2594 4757 Si
2625 4702 2748 4771 quis
2788 4717 2918 4769 ergo
2945 4705 3014 4757 ab
3039 4703 3124 4757 his
3148 4719 3267 4773 quae
3300 4719 3464 4774 supra
3516 4705 3755 4761 diximus

2180 4799 2446 4854 manserit
2477 4813 2708 4868 corpore
2731 4807 2786 4854 cl.
2815 4799 3007 4868 spiritu
3044 4798 3412 4867 incorruptus,
3437 4799 3543 4852 iste
3567 4798 3753 4852 incor-

3046 4990 3090 5020 ³³
3116 4988 3279 5044 Hebr.
3308 5008 3344 5056 I,
3379 4990 3431 5043 5.
3511 4991 3554 5022 ³⁸
3579 4990 3598 5044 l
3626 4994 3751 5048 Cor.

2178 5309 2297 5365 qua:
2325 5295 2399 5365 et)
2427 5293 2751 5365 declaralur,
2781 5293 3107 5365 I_Rabanus,
3128 5312 3147 5344 ι
3179 5293 3282 5348 Per
3302 5307 3422 5362 quae
3457 5297 3749 5353 declarat.»

2253 5363 2414 5436 (60)’‹
2438 5365 2608 5430 Quem
2658 5363 2908 5436 habebat.
2943 5381 2964 5414 ι
3002 5363 3126 5419 Haec
3161 5366 3358 5420 desunt
3402 5367 3456 5420 in
3485 5369 3669 5435 editis,
3703 5380 3756 5425 et

2181 5437 2545 5491 restituuntur
2570 5451 2638 5489 ex
2663 5435 2918 5489 omnibus
2945 5448 3078 5489 mss.

2254 5505 2366 5574 (61)
2402 5522 2420 5555 ι
2455 5507 2583 5579 Deo.
2611 5523 2634 5579 ξ
2663 5501 2946 5579 Omittitur
2986 5505 3038 5558 in
3084 5503 3270 5579 editis,
3308 5515 3362 5557 et
3392 5505 3450 5559 in’
3479 5507 3757 5579 plerisque

2186 5592 2338 5639 mss.,
2376 5575 2472 5628 sed
2507 5576 2812 5631 restituitur
2837 5592 2905 5630 ex
2934 5590 3066 5630 mss.
3103 5574 3451 5644 Regionum.
3485 5574 3645 5631 1639.

2252 5646 2364 5770 (69.?
2399 5646 2490 5699 Sic
2519 5661 2650 5701 mss.
2681 5649 2871 5699 nostri.
2903 5646 3046 5700 Editi
3086 5661 3234 5709 vero,
3267 5646 3366 5710 al.,
3410 5664 3428 5696 ι
3457 5646 3628 5713 Quem
3669 5667 3759 5705 au-

2257 5735 2288 5770 n
2361 5731 2631 5770 tonorem:
2666 5737 2683 5767 ›
2727 5715 2824 5770 aL.
2863 5736 2881 5768 ι
2905 5715 3037 5770 Ouis
3087 5727 3267 5770 autem
3295 5718 3581 5770 honorem.
3609 5739 3626 5770 ι
3660 5725 3756 5770 aL.

2185 5715 2288 5791 tem
2323 5715 2631 5791 honorem;
2666 5737 2683 5767 ›
2727 5715 2824 5780 al.,
2863 5736 2881 5768 ι
2905 5715 3037 5782 Quis
3064 5727 3267 5791 ‘autem
3295 5718 3581 5787 honorem,
3609 5739 3626 5772 ι
3660 5725 3756 5786 al.,

2188 5808 2206 5842 ι
2234 5789 2368 5855 Quia
2400 5796 2583 5842 autem
2619 5790 2901 5843 honorem.
2925 5805 2948 5839 ι
