4170 6386
413 322 518 383 883

1861 319 2183 381 ORIGENIS

3577 324 3682 382 εει

415 445 727 515 raptionem
768 456 1015 515 qumrcre
1059 442 1284 510 dicitur,
1316 456 1425 513 quo
1464 439 1679 498 scilicet
1721 454 1821 511 per
1858 440 2006 497 hanc
2031 448 2080 506 Α
2109 440 2356 497 cusativo
2394 440 2734 513 protulisset,
2769 439 2815 497 si
2847 441 2901 497 id
2932 441 2998 497 ad
3042 441 3319 498 reddentis
3352 441 3448 496 Dei
3496 457 3684 514 perso-

414 538 783 592 nbservantize
833 537 1329 606 incorruptionem,
1360 535 1508 589 illam
1553 547 1676 602 qua:
1717 550 1785 589 ex
1822 549 2004 589 resur-

415 631 658 686 rectione
682 642 766 686 est
789 631 1251 699 incorruptionem
1275 630 1533 699 consequi
1556 627 1674 698 (6'5)
1706 636 2000 683 mereatur.

417 724 561 791 Quid
620 733 803 779 autem
871 723 1031 778 detur
1077 723 1194 779 haec
1242 723 1651 792 requirentibus
1698 721 2002 778 videamus.

421 837 440 868 ι
469 815 616 881 Vita,
639 834 660 869 ι
713 815 921 884 inquit,
977 832 996 866 ι
1019 823 1223 869 :eterna
1254 829 1269 868 :
1301 833 1323 867 ι
1384 814 1474 868 illa
1511 814 1577 871 de
1610 829 1718 885 qua
1749 813 2005 869 Salvator

417 908 598 971 docet,
629 920 756 960 cum
788 905 921 958 dicit
953 921 967 958 :
1007 923 1027 956 ‹
1057 903 1184 959 Haec
1214 912 1297 959 est
1328 915 1510 958 autem
1548 903 1659 958 vita
1681 911 1910 970 :eterna,
1944 913 2007 958 ut

417 1003 753 1066 cognoscant
779 1002 833 1049 te
863 995 1037 1049 solum
1070 1009 1260 1049 verum
1306 994 1499 1063 Deum,
1531 1003 1589 1049 et
1609 1008 1769 1065 quem
1802 995 2003 1050 misisti

356 1076 364 1085 ’
416 1084 599 1139 Jesum
641 1084 916 1140 Christum
944 1084 1011 1138 ".
1041 1103 1060 1136 ι
1106 1083 1211 1139 Per
1266 1085 1415 1154 quod
1475 1085 1720 1140 ostendit
1751 1085 1807 1139 in
1850 1086 2003 1156 agni-

417 1177 567 1232 tione
591 1176 709 1242 Dei,
730 1187 785 1232 et
811 1176 1017 1231 Christi
1046 1173 1197 1244 Jesu,
1219 1176 1347 1230 vita:
1372 1185 1591 1231 aeternae
1622 1189 1845 1230 manere
1870 1176 2005 1231 sub-

417 1266 699 1322 stantiam.
740 1266 961 1337 Agnitio
991 1280 1122 1320 vero
1151 1265 1243 1321 Dei
1275 1266 1548 1335 quomodo
1579 1266 1768 1321 haberi
1804 1266 2000 1336 possit,

417 1358 681 1413 docemur
732 1358 788 1412 in
828 1355 1082 1422 Psalmis,
1108 1372 1232 1412 cum
1265 1356 1470 1411 dicitur
1498 1356 1548 1389 “
1581 1374 1596 1411 :
1636 1375 1655 1408 ι
1694 1355 1915 1425 Vacate,
1948 1365 2004 1414 et

417 1451 701 1520 agnoscite
722 1450 979 1519 quoniam
1013 1464 1113 1521 ego
1145 1466 1263 1505 sum
1294 1449 1457 1504 Deus.
1481 1468 1501 1502 ι

490 1544 545 1601 6.
572 1561 592 1596 ι
616 1543 713 1601 liis
737 1555 917 1600 autem
943 1545 1033 1614 qui
1061 1556 1128 1598 ex
1148 1542 1521 1609 contentione,
1556 1551 1611 1597 et
1639 1543 1732 1612 qui
1756 1541 2006 1598 diﬁidunt

419 1631 636 1700 quidem
670 1634 915 1697 veritati,
938 1635 1318 1703 obtemperant
1350 1642 1537 1687 autem
1565 1633 1887 1702 iniquitati,
1920 1633 2001 1688 ira

420 1735 477 1780 et
513 1724 837 1795 indignatio,
865 1725 1144 1781 tribulatio
1191 1735 1248 1780 et
1297 1724 1550 1794 angustia
1573 1724 1637 1780 ⁸⁸.
1672 1744 1692 1777 ι
1727 1726 1830 1792 Qui
1864 1726 2001 1780 sim-

2110 549 2238 589 nam
2281 534 2490 591 referre
2539 535 2827 591 voluisset.
2858 535 3011 603 Quod
3041 546 3097 592 et
3140 538 3194 592 in
3232 530 3355 591 aliis
3388 535 3686 605 Scriptura:

2107 625 2245 681 locis
2270 624 2529 681 similiter
2557 627 2879 699 intelligitur
2905 628 3213 697 designari,
3249 629 3395 682 sicut
3424 627 3477 682 in
3509 629 3686 698 primo

2110 716 2249 772 libro
2278 716 2622 788 Regnorum,
2648 718 2740 772 ubi
2758 717 2894 772 dicit
2925 718 3219 774 Dominus:
3249 736 3268 770 ι
3298 718 3688 774 Glorilicantes

2107 821 2193 861 me
2245 806 2586 877 glorificabo,
2645 817 2961 877 Spernentes
3006 821 3094 862 me
3138 805 3545 876 spernentur“.
3572 824 3591 857 ι
3628 804 3684 858 lu

2105 910 2214 965 quo
2249 897 2536 952 evidenter
2568 897 2878 952 ostenditur
2928 898 3113 952 dicere
3159 897 3422 953 Dominus
3452 912 3549 952 eos
3589 898 3683 965 qui

2104 990 2450 1061 glorificandi
2485 1001 2637 1057 sunt,
2661 1005 2760 1060 per
2792 1006 2851 1046 se
2884 990 3300 1060 glorificandosj';
3334 991 3401 1046 de
3434 991 3520 1045 his
3555 1006 3686 1046 vero

2105 1083 2197 1152 qui
2228 1081 2515 1152 spernendi
2558 1090 2707 1147 sunt,
2738 1095 2843 1136 non
2898 1080 3154 1137 retulisse
3198 1082 3266 1136 ad
3298 1095 3381 1147 se,
3401 1081 3495 1136 sed
3523 1081 3685 1136 abso-

2105 1174 2215 1229 lute
2244 1174 2469 1243 dixisse,
2496 1174 2623 1245 quia
2655 1185 3003 1245 Spernentur.
3041 1174 3099 1230 Si
3137 1175 3283 1230 enim
3315 1184 3372 1229 ut
3414 1177 3554 1231 bona
3586 1189 3686 1245 per

2106 1267 2457 1334 semetipsum
2487 1263 2821 1335 prtestat,ita
2852 1275 2907 1320 et
2934 1266 3073 1320 mala
3100 1282 3199 1336 per
3218 1266 3568 1335 semetipsum
3598 1282 3689 1321 re-

2107 1357 2371 1411 tribueret
2401 1355 2565 1423 Deus,
2587 1370 2931 1425 consequens
2953 1363 3094 1422 erat,
3118 1363 3177 1410 ut
3200 1371 3308 1425 quo
3333 1356 3493 1410 modo
3519 1355 3683 1421 dixit,

2110 1467 2130 1501 ι
2168 1447 2559 1505 Glorilicantes
2598 1463 2685 1505 me
2733 1448 3117 1519 glorificabo,»
3180 1448 3253 1502 ita
3305 1448 3563 1503 diceret:
3619 1447 3686 1503 Et

2107 1549 2428 1608 spernentes
2487 1554 2572 1594 me
2610 1555 2885 1611 spernam.
2921 1539 3029 1595 Sed
3070 1548 3128 1595 et
3168 1540 3225 1594 in
3279 1539 3388 1595 alio
3423 1539 3545 1595 loco
3586 1554 3687 1609 per

2106 1632 2429 1700 prophetam
2462 1632 2638 1687 simile
2668 1632 2801 1702 quid
2829 1632 3045 1687 videtur
3076 1630 3289 1687 ostendi
3321 1632 3376 1687 in
3421 1647 3508 1698 eo,
3539 1632 3686 1701 quod

2108 1725 2164 1779 hi
2195 1724 2285 1794 qui
2310 1733 2443 1779 cunt
2470 1725 2523 1779 in
2555 1718 2732 1794 ignem
2762 1723 2905 1795 (68),
2939 1739 3047 1779 non
3081 1739 3111 1779 a
3143 1723 3274 1793 Deo,
3300 1724 3395 1780 sed
3425 1739 3453 1779 a
3485 1733 3689 1780 semet-

420 1818 639 1887 pliciter
668 1819 786 1874 hzec
814 1818 1038 1888 accipit,
1062 1817 1314 1874 sufficere
1332 1818 1509 1873 credit
1539 1819 1605 1873 ad
1637 1820 1997 1884 intellectum,
2034 1844 2077 1898 η
2106 1818 2239 1888 ipsis
2287 1832 2410 1872 eum
2448 1818 2733 1872 inveniant
2776 1833 3090 1885 accensum,
3120 1820 3262 1874 sicut
3300 1819 3434 1874 dicit
3472 1818 3642 1875 Isaias
3667 1842 3683 1877 :

419 1910 719 1966 secundum
766 1910 882 1981 (64)
930 1925 993 1965 ea
1025 1925 1146 1979 qua:
1174 1924 1339 1981 supra
1387 1912 1535 1967 dicta
1564 1920 1726 1975 sunt,
1775 1910 2006 1966 reddere

422 2004 593 2057 Deum
626 2002 919 2072 unicuique
952 2002 1251 2057 secundum
1277 2016 1444 2071 opera
1469 2017 1566 2057 sua
1601 2019 1617 2055 :
1651 2003 1704 2056 id
1728 2010 1833 2065 est,
1864 2002 2006 2057 sicut

419 2095 552 2160 illis,
586 2094 678 2164 qui
709 2106 809 2164 per
846 2092 1168 2164 patientiam
1219 2092 1345 2146 boni
1380 2093 1559 2163 operis
1605 2103 1857 2163 quaerunt
1885 2093 2004 2162 glo-

418 2190 558 2243 riam
584 2185 722 2257 (65),
739 2196 796 2242 et
822 2186 1308 2254 incorruptionem,
1324 2186 1493 2239 vitam
1514 2185 1690 2240 reddit
1716 2194 2001 2252 aeternam;

420 2282 495 2335 ita
525 2288 582 2336 et
634 2279 754 2334 istis
781 2278 875 2348 qui
906 2293 972 2332 ex
1001 2278 1353 2333 contentione
1380 2275 1637 2333 difﬁdunt
1663 2278 1880 2346 quidem
1907 2292 2004 2331 vc-

419 2371 594 2437 ritati,
619 2372 1008 2440 obtemperant
1051 2378 1234 2426 autem
1281 2367 1586 2440 iniquitati,
1616 2370 1754 2424 iram
1786 2369 2005 2426 etindi-

418 2460 756 2531 gnatiouem,
789 2458 1199 2515 tribulationem
1227 2469 1283 2516 et
1313 2460 1623 2530 angustiam
1650 2461 1865 2516 reddat.
1898 2461 2003 2516 Sed

420 2553 515 2621 qui
543 2552 600 2608 in
629 2551 946 2624 apostolicis
969 2552 1190 2619 litteris,
1213 2567 1313 2622 per
1343 2567 1482 2622 quas
1512 2551 1623 2625 (66)
1645 2552 1901 2608 Christus
1921 2552 2005 2607 lo-

416 2648 628 2717 quitur,
673 2647 785 2702 iota
818 2661 1011 2713 unum,
1056 2656 1151 2701 aut
1196 2661 1364 2702 unum
1416 2645 1628 2716 apicem
1674 2660 1781 2701 non
1828 2644 2005 2700 credit

418 2736 656 2791 otiosum
682 2736 752 2802 “,
778 2734 1120 2791 asseverabit
1151 2750 1263 2791 non
1315 2751 1414 2805 per
1451 2750 1694 2792 errorem
1742 2735 2006 2805 Apostolo

418 2826 719 2898 contigisse
741 2836 801 2881 ut
831 2827 927 2882 tali
944 2827 1218 2884 locutione
1248 2836 1515 2890 uteretur,
1534 2828 1723 2883 dicens
1747 2827 1791 2861 ⁸⁷
1817 2848 1830 2883 :
1861 2846 1880 2880 ι
1902 2828 2004 2896 Qui

422 2921 615 2977 reddet
660 2919 751 2977 bis
787 2919 1033 2991 quidem,
1063 2920 1156 2990 qui
1181 2933 1278 2988 per
1301 2918 1624 2989 patientiam
1667 2920 1796 2976 boni
1821 2921 2006 2990 operis

420 3010 650 3083 gloriam
691 3020 747 3066 et
759 3011 1022 3067 honorem
1038 3020 1285 3081 quaerunt
1296 3054 1310 3079 ,
1327 3014 1496 3068 vitam
1511 3010 1676 3086 ‘82
1690 3023 1966 3069 aeternam.
1980 3030 1999 3063 ι

421 3102 522 3160 His
543 3118 673 3160 vero
702 3105 792 3176 qui
817 3120 884 3161 ex
903 3107 1248 3161 contentione
1279 3108 1662 3176 obtemperant
1705 3103 2001 3175 iniquitati,

2113 1926 2132 1960 ι
2166 1910 2243 1964 Ite
2275 1909 2330 1964 in
2362 1909 2571 1964 lumine
2601 1911 2743 1981 ignis
2780 1911 2970 1975 vestri,
3019 1921 3075 1964 et
3124 1910 3343 1965 flamma
3375 1910 3490 1981 (69)
3520 1926 3686 1982 quam

2105 2001 2433 2056 accendistis
2460 2001 2527 2057 ⁴².
2567 2020 2587 2053 ι
2644 2001 2712 2056 Et
2763 2012 2825 2057 ut
2873 2004 3051 2058 adhuc
3106 2004 3321 2069 planior
3361 2003 3557 2059 horum
3589 2006 3693 2058 liae

2107 2092 2383 2157 dissertio,
2405 2092 2680 2147 addentur
2705 2094 2873 2149 etiam
2897 2095 3012 2150 haec
3043 2108 3058 2147 :
3093 2093 3148 2149 Si
3177 2096 3299 2164 quis
3324 2105 3514 2151 contra
3544 2110 3685 2165 pra:-

2105 2192 2321 2252 ceptum
2372 2186 2572 2241 medici
2606 2187 2840 2257 sumptis
2883 2186 3151 2242 malorum
3190 2187 3439 2243 ciborum
3480 2190 3681 2255 succis,

2106 2286 2163 2331 et
2185 2276 2431 2346 corporis
2453 2279 2670 2334 turbata
2709 2280 2991 2349 temperie,
3019 2280 3105 2334 vel
3136 2280 3315 2336 febres
3347 2280 3434 2336 vel
3478 2281 3686 2351 quosli-

2104 2368 2196 2423 bet
2257 2366 2630 2434 hujuscemodi
2682 2371 2980 2427 incurrerit
3030 2371 3271 2437 morbos,
3320 2382 3535 2428 certum
3596 2381 3686 2428 est

2104 2461 2249 2531 quod
2308 2476 2417 2517 nou
2462 2477 2560 2532 per
2608 2464 2899 2528 medicum,
2939 2464 3033 2520 sed
3066 2480 3165 2535 per
3204 2464 3683 2536 intemperantiam

2106 2567 2259 2607 suam
2291 2561 2497 2623 pestem
2552 2554 2832 2624 languoris
2882 2557 3192 2625 acceperit;
3225 2556 3271 2611 si
3305 2570 3438 2611 vero
3487 2554 3687 2611 medici

2105 2656 2377 2716 przecepta
2420 2648 2736 2703 custodiens
2784 2648 2837 2702 in
2888 2650 3154 2718 sospitate
3184 2648 3466 2718 perduret,
3496 2647 3703 2717 utique.

2104 2752 2206 2807 per
2232 2739 2503 2795 medicum
2539 2741 2751 2795 dicetur
2773 2741 2975 2797 habere
3006 2742 3239 2811 gratiam
3275 2740 3549 2796 sanitatis.
3566 2738 3687 2798 Hoc

2106 2845 2237 2901 ergo
2262 2832 2424 2887 modo
2455 2842 2857 2902 consequenter
2883 2833 3157 2890 videbitur
3184 2832 3332 2889 Deus
3354 2833 3470 2903 ipse
3493 2846 3593 2903 per
3625 2846 3689 2888 se

2105 2924 2335 2980 reddere
2366 2925 2660 2997 unicuique
2702 2928 3003 2982 secundum
3027 2942 3189 2995 opera
3232 2941 3353 2993 sua,
3385 2939 3507 2995 quae
3543 2926 3685 2980 bona

2106 3025 2235 3072 sunt
2266 3035 2281 3072 :
2326 3017 2465 3072 mala
2495 3030 2675 3074 autem
2707 3020 2896 3075 venire
2928 3020 3298 3089 intelligentur
3328 3033 3436 3075 non
3484 3032 3514 3072 a
3550 3018 3683 3080 Deo,

2106 3109 2203 3165 sed
2227 3126 2294 3165 ex
2318 3111 2572 3181 pessimis
2601 3113 3038 3182 intemperantiae
3060 3114 3258 3179 succis,
3289 3121 3344 3167 et
3373 3111 3539 3167 cruda
3560 3124 3687 3181 pra-

419 3210 530 3252 non
565 3195 723 3262 dixit,
756 3197 894 3251 iram
917 3208 966 3253 et
989 3198 1433 3270 indignationem,
1464 3207 1526 3253 ut
1562 3209 1617 3254 et
1646 3198 1752 3255 hoc
1797 3197 2003 3254 refera-
2029 3200 2273 3273 mitate
2311 3210 2613 3273 gestorum.
2634 3202 2837 3258 Verum
2885 3212 2941 3259 et
2962 3205 3068 3259 hoc
3098 3205 3273 3273 ipsum
3308 3206 3454 3275 quod
3494 3206 3632 3261 dixit
3667 3223 3684 3259 :

449 3306 512 3354 ur
533 3291 602 3347 ad
630 3307 650 3343 ι
678 3291 889 3356 reddet,
920 3309 940 3343 ι
985 3292 1127 3360 quod
1160 3292 1411 3362 superius
1454 3293 1699 3359 dixerat;
1737 3293 1831 3348 sed
1880 3294 1956 3347 ait
1984 3312 1999 3350 :

449 3306 512 3345 ur
533 3302 602 3347 ad
630 3307 650 3343 ι
678 3302 889 3356 reddet,
920 3309 940 3343 ι
985 3302 1127 3360 quoa
1160 3306 1411 3362 superius
1454 3302 1699 3359 dixerat;
1737 3302 1831 3348 sed
1880 3302 1956 3347 ait
1984 3312 1999 3350 :

342 3302 556 3485 [tua
586 3392 644 3439 et
678 3383 1005 3454 indignatio,
1054 3384 1335 3439 tribulatio
1385 3394 1442 3441 et
1487 3384 1760 3456 angustia.
1796 3403 1816 3437 ι
1852 3385 2006 3442 Unde

421 3474 516 3544 qui
544 3474 809 3545 spiritalis
837 3484 942 3542 est,
991 3485 1048 3531 et
1080 3475 1334 3547 intelligit
1362 3477 1493 3546 quid
1536 3476 1774 3547 Spiritus
1813 3476 2005 3547 loqua-

421 3578 512 3630 tur
542 3567 657 3641 (67)
689 3569 742 3624 in
776 3568 966 3636 Paulo,
993 3569 1128 3625 dicit
1157 3583 1265 3624 non
1293 3569 1411 3625 haec
1432 3569 1750 3640 Apostolum
1778 3583 1878 3640 per
1903 3571 2006 3623 im-

419 3661 696 3731 peritiam,
737 3661 833 3717 sed
867 3676 964 3731 per
990 3661 1233 3716 divinam
1282 3661 1534 3733 peritiam
1565 3661 1960 3730 conscripsisse
1987 3676 2002 3715 :

418 3753 636 3810 scilicet
666 3762 727 3808 ut
754 3767 854 3823 per
892 3753 1006 3808 haec
1038 3755 1352 3809 ostenderet
1383 3768 1448 3809 ea
1497 3751 1715 3821 quidem
1762 3768 1882 3828 quae
1919 3767 2006 3808 se-

422 3846 666 3901 cundum
718 3844 1034 3914 patientiam
1086 3843 1215 3899 boni
1255 3845 1439 3913 operis
1476 3843 1849 3914 querentibus
1891 3842 2007 3912 glo-

423 3937 564 3992 riam
593 3945 652 3992 et
695 3934 1163 4004 incorruptionem
1216 3936 1495 3991 reddenda
1533 3944 1681 4000 sunt,
1709 3950 1808 4004 per
1837 3935 2006 3990 Deum

425 4029 601 4096 reddi,
629 4029 683 4085 id
709 4038 793 4085 est
835 4030 1007 4084 vitam
1055 4036 1317 4107 aiternam
1345 4047 1359 4084 :
1393 4044 1456 4084 ea
1488 4042 1625 4083 vero
1650 4043 1771 4098 quae
1812 4042 2007 4084 conse-

420 4132 667 4193 quuntur
694 4135 788 4178 eos
810 4121 902 4191 qui
935 4134 1034 4190 per
1057 4120 1465 4178 contentionem
1511 4118 1757 4175 difﬁdunt
1785 4122 2004 4191 quidem

422 4214 671 4281 veritati,
719 4200 1099 4284 obtemperant
1153 4227 1285 4269 vero
1337 4212 1634 4283 iniquitati,
1674 4228 1782 4269 non
1830 4229 1861 4267 a
1894 4214 2006 4269 Deo

425 4308 568 4375 dari,
591 4307 751 4379 cujus
770 4308 912 4365 dona
964 4309 1149 4378 utique
1177 4308 1582 4379 permanentia,
1612 4316 1667 4363 et
1697 4308 1815 4377 ipso
1843 4306 2005 4376 digna

424 4408 555 4454 sunt
582 4413 600 4452 :
632 4399 729 4456 sed
782 4413 853 4455 ex
902 4401 1290 4470 consequentia
1333 4410 1611 4471 gestorum
1656 4414 1878 4454 suorum
1919 4398 2004 4454 his

423 4496 523 4563 qui
554 4505 850 4567 operantur
883 4495 1111 4563 malum,
1159 4498 1244 4552 ira
1274 4506 1331 4552 et
1369 4496 1695 4567 indignatio,
1726 4494 2004 4551 tribulatio

2120 3311 2139 3346 ι
2173 3292 2274 3360 Qui
2327 3310 2393 3349 ex
2450 3295 2800 3350 contentione
2855 3295 3110 3351 diffidunt
3161 3296 3378 3367 quidem
3440 3297 3685 3363 veritati,

2105 3386 2486 3456 obtemperant
2539 3394 2720 3441 autem
2776 3386 3117 3455 iniquitati,»
3170 3386 3532 3443 iudiscussum
3573 3402 3687 3442 non

2107 3476 2450 3533 omittamus.
2482 3477 2539 3533 lu
2571 3478 2659 3534 his
2695 3478 2842 3533 enim
2882 3478 3111 3548 singulis
3143 3479 3434 3549 languores
3462 3478 3687 3549 quidam

2108 3571 2304 3625 animae
2331 3571 2399 3626 ab
2446 3570 2703 3642 Apostolo
2748 3570 3126 3643 designantur,
3158 3586 3389 3643 quorum
3421 3569 3687 3626 medelam

2112 3662 2300 3718 nullus
2350 3664 2610 3731 inveniet,
2655 3665 2756 3720 nisi
2808 3666 2960 3733 prius
3000 3665 3316 3721 morborum
3369 3663 3692 3734 cognoverit

2112 3768 2334 3812 causas.
2363 3755 2432 3811 Et
2467 3756 2592 3812 ideo
2636 3756 2691 3812 in
2742 3757 2941 3813 divinis
2984 3756 3286 3827 Scripturis
3336 3757 3691 3828 aegritudines

2110 3848 2313 3903 animae
2346 3858 2709 3904 numerantur
2740 3860 2796 3905 et
2822 3850 3061 3905 remedia
3089 3850 3496 3912 describuntur,
3538 3858 3597 3901 ut
3630 3848 3687 3902 hi

2108 3942 2205 4010 qui
2245 3954 2307 3995 se
2349 3941 2666 4011 apostolicis
2714 3943 3058 3998 subdiderint
3101 3941 3409 4011 disciplinis
3452 3940 3689 4012 (70),ex

2109 4030 2195 4087 his
2228 4046 2347 4103 quae
2386 4032 2589 4102 scripta
2623 4041 2752 4088 sunt
2787 4032 2985 4104 agnitis
3024 4032 3378 4103 languoribus
3426 4031 3562 4096 suis,
3592 4045 3689 4084 cu-

2109 4124 2211 4179 rati
2241 4125 2457 4194 possint
2477 4125 2733 4179 dicere"
2765 4123 2971 4191 Lauda,
3004 4124 3190 4179 anima
3212 4138 3353 4191 mea,
3375 4121 3689 4184 Dominum,

2108 4217 2200 4287 qui
2223 4200 2912 4287 s‘anatomneslanguores
2956 4216 3166 4271 tuos".
3199 4234 3218 4267 ι
3256 4214 3407 4270 Unus
3449 4229 3581 4283 ergo
3620 4227 3691 4268 ex

2110 4307 2330 4364 caeteris
2365 4308 2560 4365 anima:
2616 4309 2864 4379 languor,
2888 4318 2945 4364 et
2971 4308 3191 4378 quidem
3222 4307 3515 4376 pessimus,
3553 4320 3689 4360 con-

2109 4400 2281 4456 tentio
2322 4416 2447 4457 esse
2481 4400 2823 4472 intelligenda
2854 4412 2959 4469 est,
2987 4414 3084 4469 per
3121 4415 3285 4470 quam
3338 4414 3505 4453 omne
3553 4412 3691 4469 opus

2066 4492 2073 4501 ’
2110 4509 2337 4565 pravum
2372 4494 2603 4565 geritur.
2633 4495 2740 4550 Per
2774 4495 2919 4549 hanc
2958 4494 3197 4549 haereses
3241 4501 3564 4555 nascuntur,
3591 4506 3691 4560 per

424 4595 483 4639 et
498 4586 749 4655 angustia
776 4587 903 4651 erit,
931 4587 1233 4643 secundum
1256 4601 1317 4643 ea
1349 4601 1471 4656 quae
1496 4587 2006 4643 thesaurizaverunt
2037 4586 2083 4643 D
2113 4584 2252 4641 hanc
2275 4585 2599 4651 schismata,
2639 4594 2695 4640 et
2719 4585 2905 4640 omnia
2939 4582 3197 4641 scandala
3226 4583 3280 4639 in
3311 4584 3573 4639 Ecclesiis
3597 4597 3693 4654 ge-

422 4676 683 4749 sibijpsi.
707 4675 845 4732 Nam
896 4677 1084 4747 utique
1136 4677 1282 4733 sicut
1325 4676 1399 4733 ibi
1441 4695 1461 4730 ι
1501 4678 1669 4731 vitam
1697 4686 1954 4732 aeternam
1979 4695 1998 4729 ι

420 4782 556 4824 casu
579 4770 895 4829 accnsativo
924 4769 1249 4840 protulerat,
1281 4770 1357 4825 ita
1403 4778 1460 4826 et
1485 4769 1575 4825 hic
1612 4769 1748 4824 iram
1780 4779 1835 4825 et
1865 4769 2007 4825 indi-

389 4895 395 4901 -
424 4862 763 4939 gnationem,
791 4861 1315 4932 tribulationemque
1331 4872 1387 4917 et
1414 4861 1720 4933 angustiam
1756 4876 1887 4916 casu
1911 4876 2004 4917 ac-

489 4986 534 5033 δι³
559 4987 717 5045 Joan.
745 5001 878 5053 xvii,
905 4987 960 5051 5,.
1069 4986 1281 5042 “.Psal.
1313 5002 1438 5053 xtv,
1472 4987 1561 5041 11.

495 5194 610 5268 (65)
662 5195 738 5259 Ita
789 5209 920 5251 mss.
956 5195 1228 5268 plerique,
1275 5194 1408 5249 editi
1444 5192 1826 5268 ‘ct_liaba_nus.
1872 5192 2006 5249 Mss.

425 5264 558 5322 vero
587 5264 835 5335 quidam,
875 5283 895 5316 ι
921 5265 1020 5336 per
1044 5267 1186 5328 hanc
1213 5265 1646 5328 observantiam,
1678 5264 1854 5331 illam,
1885 5279 2009 5334 quae

424 5356 493 5392 ex
528 5338 937 5391 resurrectione
968 5347 1072 5404 est,
1102 5336 1387 5402 consequi,
1412 5353 1431 5385 ι
1471 5342 1578 5388 etc.

494 5406 609 5531 (534)
664 5402 1099 5468 «Secundum.»
1134 5406 1299 5462 Deest
1342 5406 1397 5460 in
1453 5419 1584 5459 mss.
1634 5402 1805 5474 Regio
1849 5421 2002 5461 uum.

497 5546 610 5615 (6‘5)
645 5544 811 5612 Editi,
845 5565 864 5599 ι
889 5547 1144 5612 credunt,
1172 5545 1254 5601 vel
1274 5555 1523 5617 quaerunt
1544 5546 1795 5617 gloriam.
1820 5565 1840 5599 ι
1868 5546 1998 5604 Mss.

425 5632 617 5671 omnes
646 5618 933 5682 omittunt,
966 5636 985 5668 ι
1005 5616 1367 5675 credunt.vel.
1401 5635 1420 5668 ι

495 5686 623 5753 (66).
666 5685 741 5738 ita
771 5686 1171 5743 Genebrardus.
1219 5689 1325 5743 Sed
1369 5689 1550 5743 caeteri
1595 5689 1724 5744 editi
1764 5698 1820 5745 et
1862 5701 1995 5743 mss.

430 5756 600 5826 nostri
628 5771 839 5826 omnes,
879 5775 898 5807 ι
923 5771 1021 5826 per
1045 5774 1200 5826 quos.
1234 5778 1254 5808 ι

498 5825 612 5907 ((ὶῆ
629 5824 728 5886 Ms.
753 5824 959 5909 Regius
982 5824 1130 5884 num.
1158 5828 1329 5910 1.639,!
1357 5849 1375 5882 ι
1400 5834 1544 5914 quod
1568 5829 1800 5915 Spiritus
1825 5830 2001 5915 loqui,-

2112 4684 2401 4743 uerentur,
2439 4678 2568 4732 dum
2616 4678 2673 4733 bi
2703 4679 2797 4747 qui
2841 4676 2987 4745 apud
3034 4676 3362 4745 semetipsos
3392 4675 3692 4744 prudentes

2113 4778 2264 4835 sunt,
2293 4777 2348 4823 et
2374 4768 2429 4823 in
2469 4778 2768 4840 conspectu
2797 4785 2896 4825 suo
2928 4769 3206 4840 sapientes
3226 4769 3297 4835 “,
3333 4766 3597 4838 quidquid
3624 4765 3692 4819 li‘.

2114 4861 2296 4918 buerit
2328 4877 2427 4932 pro
2457 4862 2577 4933 lege
2605 4861 2909 4920 defendunt
2936 4881 2953 4918 :
2990 4872 3047 4921 et
3071 4863 3198 4919 inde
3240 4863 3302 4918 lit
3335 4873 3393 4916 ut
3418 4858 3693 4915 diliidatur

1638 4987 1689 5057 8⁸7
1714 4986 1874 5045 Rom.
1901 5003 1961 5051 ll,
1998 4991 2004 5036 1

2107 4989 2139 5042 ι.
2217 4988 2263 5021 ιθ
2287 4987 2479 5049 Matth.
2512 4988 2685 5055 v,'l8.
2761 4989 2807 5021 ⁸⁷
2838 4988 2998 5046 Rom.
3028 5004 3090 5054 ιι,
3120 4987 3174 5057 6,
3208 4988 3263 5045 7.
3337 4987 3383 5019 ⁸⁸
3408 4988 3425 5043 l
3452 4985 3589 5057 Reg.
3622 5003 3693 5053 tt,

423 5058 513 5115 30.
579 5059 624 5091 ”
662 5058 770 5117 lsa.
806 5074 862 5124 ι..
890 5056 978 5114 li.
1054 5056 1102 5091 ⁸ο
1133 5056 1276 5113 Psal.
1307 5069 1406 5124 Cll,
1432 5057 1488 5125 2,
1518 5058 1574 5112 5.
1648 5056 1692 5089 ³¹
1725 5058 1832 5112 lsa.
1863 5072 1916 5122 v,
1943 5057 2034 5112 21.

2113 5202 2226 5264 tur,
2252 5212 2270 5245 ι
2309 5201 2415 5249 etc.
2447 5193 2601 5248 Alter
2626 5192 2823 5264 Regius
2861 5209 3012 5251 num.
3068 5193 3228 5260 1640,
3265 5212 3284 5246 ι
3320 5195 3412 5264 qui
3450 5194 3689 5262 Spiritus
3760 5234 3771 5245 .

2109 5263 2422 5345 loquatur,»
2455 5273 2560 5320 etc.
2592 5263 2910 5322 Sed’caateri
2940 5281 3095 5332 mss.,
3118 5263 3372 5320 Rabanus
3396 5274 3450 5320 et
3475 5266 3605 5319 editi
3630 5276 3689 5318 ut

2107 5344 2163 5389 Ill
2201 5344 2372 5391 textu.

2182 5405 2299 5479 (68)
2331 5405 2433 5463 Ms.
2466 5408 2673 5479 Regius
2694 5423 2846 5464 num.
2875 5407 3036 5476 1659,
3067 5425 3097 5479 ε
3123 5407 3267 5475 (ιιιοά
3302 5406 3472 5476 iniqui
3495 5413 3687 5479 euntes

2109 5475 2164 5529 in
2194 5475 2393 5547 ignem.
2419 5497 2440 5530 ι
2481 5475 2676 5535 ειέιειί
2717 5494 2849 5535 vero
2878 5475 3036 5543 mss.,
3066 5477 3325 5533 Rabauus
3365 5475 3420 5533 et
3457 5476 3588 5531 editi
3626 5484 3687 5531 ut

2107 5546 2162 5603 in
2194 5546 2380 5603 nostro
2406 5548 2584 5605 textu.

2163 5617 2291 5699 ⁹(69)
2330 5618 2409 5699 [ta
2434 5636 2570 5676 mss.
2610 5630 2666 5676 et
2710 5617 3151 5699 cditixﬂabanus
3197 5633 3350 5683 vero,
3387 5636 3406 5670 ι
3430 5617 3527 5685 lte,
3560 5616 3683 5687 illu;

2102 5690 2310 5743 minate
2338 5690 2495 5758 ignes
2518 5701 2755 5757 vestros,
2781 5700 2838 5746 et
2863 5690 3158 5755 flammam,
3190 5710 3208 5742 ι
3241 5699 3346 5744 etc.

2176 5760 2290 5833 (70)
2324 5759 2737 5831 Ceuebrardus,
2773 5782 2792 5814 ι
2818 5760 3169 5846 discipulis,’
3209 5762 3379 5829 male",
