4170 6414
398 338 502 397 835

1348 329 1704 387 COMMENT.
1746 329 1816 384 IN
1856 328 2076 387 EPIST.
2117 327 2211 382 AD
2245 324 2413 382 ROM.
2456 324 2586 381 LIB.
2619 320 2698 389 (Π.

3541 316 3645 373 886

394 458 607 523 quidem
655 455 908 525 veritati,
956 453 1363 523 obtemperetur
1422 461 1606 506 autem
1666 451 1960 521 iniquitati.
1992 453 2040 510 Α
2067 423 2219 503 bulat
2265 447 2428 502 Deus.
2480 442 2539 498 ln
2569 448 2915 513 peccatorum
2950 450 3081 492 vero
3116 435 3372 493 cordibus
3400 435 3492 492 ubi
3544 451 3643 490 au-

396 548 643 605 Dillidere
680 564 864 620 porro,
892 561 990 618 pro
1031 561 1139 601 non
1169 545 1418 609 credere,
1444 545 1530 599 vel
1553 559 1658 597 non
1689 544 1969 611 obtempe-

395 655 538 705 rare,
571 641 787 709 soLeLin
815 639 1117 709 Scripturis
1150 638 1357 694 sanctis
1388 635 1639 702 inveniri,
1670 635 1811 689 sicut
1831 642 1888 688 et
1913 634 1967 687 in

395 731 498 786 hoc
529 732 646 788 loco
677 726 871 801 :Iquod
906 732 1045 785 forte
1089 730 1285 800 aptius.
1299 728 1527 783 Latinus
1574 726 1843 794 interpres
1873 741 1971 795 ρος

394 824 595 878 suisset
624 818 761 892 (Ἡ),
789 824 834 878 si
863 822 1091 878 dixisset
1116 841 1130 877 :
1157 820 1258 889 Qui
1294 834 1401 874 non
1434 818 1696 874 obediunt
1728 818 1965 881 veritati,

394 914 489 968 sed
513 912 777 968 obediunt
811 912 1109 981 iniquitati.
1146 910 1335 966 Omnis
1360 924 1492 981 ergo
1525 912 1619 981 qui
1659 908 1896 963 alienum
1934 923 1965 962 a

395 1002 625 1055 veritate
660 1001 769 1056 iter
799 1001 1123 1071 ingreditur,
1143 1016 1240 1055 nec
1270 998 1519 1069 sequitur
1548 1013 1669 1052 eum
1693 998 1783 1066 qui
1806 998 1961 1060 dixit,

399 1108 418 1142 ι
450 1090 560 1161 Ego
599 1106 717 1145 sum
757 1092 963 1146 veritas
988 1092 1059 1157 ⁸³,
1087 1109 1106 1143 ι
1137 1088 1329 1144 dillidit
1383 1088 1620 1151 veritati,
1679 1096 1734 1143 et
1780 1086 1967 1142 inobe-

396 1180 554 1234 diens
590 1191 674 1235 est
706 1181 779 1235 ei.
815 1178 909 1236 Sic
930 1180 1024 1250 qui
1057 1193 1163 1233 non
1185 1177 1359 1233 solum
1386 1175 1499 1247 (72)
1534 1175 1588 1230 in
1618 1174 1964 1236 actibus.scd

392 1281 449 1325 et
475 1270 529 1325 in
568 1271 818 1327 sensibus
846 1280 902 1326 et
947 1270 1002 1325 in
1041 1270 1146 1325 ﬁde
1176 1278 1397 1333 errant;
1425 1267 1570 1336 quod
1618 1264 1855 1320 maxime
1897 1281 1963 1320 ex

392 1366 738 1421 contentione
787 1366 1075 1433 contingit.
1122 1362 1228 1418 Sed
1274 1371 1328 1418 et
1378 1360 1470 1430 qui
1518 1358 1801 1428 sapientiae
1826 1358 1965 1414 obsi-

391 1463 559 1521 stunt,
590 1466 644 1510 et
684 1455 908 1525 justitia
959 1469 1024 1509 ac
1076 1450 1519 1516 sanctiﬁcationi,
1553 1448 1777 1506 Christo
1832 1446 1967 1503 dilb-

392 1549 542 1610 tlunt,
579 1547 669 1616 qui
709 1547 852 1601 sicut
886 1545 1090 1600 veritas
1129 1552 1234 1609 est,
1266 1543 1338 1597 ita
1363 1550 1417 1598 et
1457 1540 1749 1610 sapientia,
1786 1539 1861 1593 ita
1910 1547 1964 1594 et

386 1639 748 1694 sanctiﬁcatio
785 1646 868 1693 est
892 1637 958 1691 ⁵³.
984 1636 1099 1692 Non
1121 1636 1505 1705 obtemperare
1529 1642 1711 1688 autem
1738 1631 1962 1687 Christo

386 1727 480 1795 qui
513 1727 725 1798 justitia
766 1736 875 1793 est,
906 1728 1011 1783 hoc
1042 1736 1121 1782 est
1142 1726 1525 1795 obtemperare
1575 1722 1875 1793 iniquitati,
1907 1731 1961 1776 et

2071 539 2258 610 gustia
2303 546 2466 602 sunt,
2526 535 2651 605 quia
2692 532 2870 590 locum
2919 529 3184 586 dederunt
3212 527 3424 583 diabolo
3458 526 3645 597 ingre-

2071 631 2251 687 diendi
2278 670 2294 696 ,
2350 627 2657 699 ingreditur
2688 623 2905 694 quidem
2946 619 3368 690 diabolus(76),
3395 621 3489 675 sed
3537 614 3642 674 non

2070 732 2132 776 ut
2186 720 2430 784 habitet,
2470 731 2645 787 neque
2688 722 2750 768 ut
2790 711 3120 778 inambulet;
3183 710 3444 782 angustia
3495 710 3641 764 enim

2069 823 2197 869 sunt
2226 830 2242 867 :
2277 813 2371 868 sed
2406 819 2463 866 ut
2489 810 2656 864 lateat
2688 817 2945 877 tanquam
2979 806 3032 860 in
3068 817 3301 859 caverna
3329 818 3346 870 ;
3383 812 3464 858 cst
3494 803 3639 858 enim

2068 918 2314 972 serpens.
2359 901 2450 956 Sic
2480 917 2607 971 ergo
2642 901 2695 954 in
2730 915 2788 955 se
2832 897 3024 953 infelix
3061 895 3238 952 anima
3272 908 3436 963 quam
3465 891 3639 962 pessi-

2069 1012 2192 1052 mus
2229 997 2317 1051 hic
2345 996 2537 1063 anguis
2566 993 2860 1058 obsederit,
2890 989 3201 1060 serpentino
3226 987 3427 1056 frigore
3456 986 3639 1055 rigens

2071 1087 2384 1150 attrahitur,
2417 1094 2471 1141 et
2495 1092 2833 1149 coarctatur,
2865 1092 3031 1152 atque
3066 1080 3122 1134 in
3146 1091 3334 1133 omnes
3361 1075 3638 1146 angustias

2068 1180 2287 1251 cogitur
2313 1196 2327 1234 :
2356 1177 2446 1232 illa
2472 1191 2602 1232 vero
2631 1187 2753 1244 qua
2781 1175 3119 1243 obtemperat
3160 1167 3414 1234 veritati,
3459 1166 3632 1221 instar

2066 1272 2187 1328 cali
2212 1270 2491 1332 dilatatur,
2522 1275 2683 1336 atque
2714 1263 3048 1329 diﬂunditur,
3079 1271 3133 1318 et
3161 1259 3290 1315 solis
3317 1258 3542 1329 iustitiae
3575 1255 3641 1309 il-

2068 1365 2336 1418 lustratur
2363 1359 2562 1427 radiis,
2594 1367 2651 1413 et
2678 1357 2800 1411 aula
2832 1353 3112 1424 sapientia
3156 1367 3217 1407 ac
3241 1348 3487 1406 veritatis
3520 1344 3636 1403 cili-

2099 1454 2232 1508 itur.

2099 1469 2232 1508 ttur.

2065 1469 2094 1510 ε
2133 1543 2189 1598 7.
2228 1543 2338 1599 Cur
2379 1549 2560 1597 tamen
2625 1539 2705 1595 ira
2752 1546 2808 1592 et
2843 1534 3142 1606 indignatio
3168 1531 3353 1587 Judao
3399 1530 3634 1601 primum

2064 1644 2120 1690 et
2145 1634 2335 1690 Graec
2366 1633 2408 1665 ⁶¹
2440 1632 2462 1686 2
2496 1631 2634 1697 Quia
2661 1638 2714 1685 et
2743 1629 2914 1699 gloria
2939 1637 2994 1680 et
3019 1628 3192 1680 honor
3214 1623 3343 1694 ipsis
3372 1621 3631 1693 primum.

2064 1726 2228 1781 Prius
2258 1727 2401 1781 enim
2436 1724 2543 1779 illis
2573 1723 2777 1777 credita
2807 1729 2938 1776 sunt
2971 1718 3183 1788 eloquia
3215 1716 3310 1771 Dei
3346 1715 3412 1781 θ’,
3444 1724 3499 1769 et
3532 1713 3634 1783 ipsi

384 1784 473 1871 his
500 1784 710 1873 actibus
737 1784 874 1887 quos
915 1816 1029 1887 (75)
1056 1817 1174 1871 sine
1222 1784 1386 1870 dubio
1423 1784 1834 1885 consequuntur
1863 1784 1957 1865 illa
1993 1784 2035 1840 Β
2064 1817 2251 1873 dicunt
2286 1833 2301 1868 :
2346 1833 2365 1866 ε
2417 1814 2566 1869 Beati
2615 1827 2801 1868 sumus
2843 1809 3037 1873 Israel,
3071 1784 3198 1878 quia
3246 1822 3368 1878 qua
3413 1805 3634 1876 placent

383 1922 502 1978 qua
530 1909 732 1978 scripta
761 1918 910 1976 sunt,
962 1928 981 1962 ι
1010 1909 1091 1963 ira
1141 1918 1196 1963 et
1243 1908 1566 1979 indignatio,
1601 1904 1877 1961 tribulatio
1906 1914 1962 1959 et
2061 1907 2190 1971 Deo,
2225 1907 2382 1963 nobis
2408 1915 2535 1962 nota
2573 1913 2698 1960 sunt
2731 1904 2797 1958 “.
2838 1921 2857 1955 ι
2889 1902 2956 1957 Ει
2983 1901 3106 1956 ideo
3134 1901 3427 1955 secundum
3460 1897 3633 1951 Evan-

381 1999 629 2068 angustia
656 1999 725 2053 “.
750 2018 769 2052 ι
807 2000 988 2055 Deira
1027 2014 1170 2068 sape
1188 2001 1298 2070 jam
1333 1999 1573 2054 diximus
1608 1997 1752 2067 quod
1790 1997 1960 2052 inter-
2059 1998 2185 2069 gelii
2213 1999 2558 2064 sententiam,
2596 2013 2615 2046 ‹
2653 2009 2863 2060 servus,
2891 1994 2984 2065 qui
3016 1991 3269 2062 cognovit
3294 1989 3631 2044 voluntatem

380 2090 506 2144 dum
535 2090 651 2160 ipse
673 2090 763 2160 qui
791 2105 854 2145 ex
883 2092 1093 2159 peccati
1108 2090 1446 2148 conscientia
1473 2089 1667 2144 anima
1695 2088 1959 2143 incutitur
2061 2088 2264 2143 domini
2308 2087 2391 2142 sui
2422 2128 2438 2155 ,
2472 2096 2527 2141 et
2580 2100 2685 2139 non
2739 2085 2867 2139 fecit
2894 2126 2909 2151 ,
2942 2084 3102 2153 digne
3155 2081 3326 2151 plagis
3359 2078 3632 2148 vapulabit

377 2180 678 2245 cruciatus,
723 2181 800 2235 ira
834 2183 1169 2251 appelletur:
1197 2179 1495 2253 indignatio
1539 2189 1719 2236 autem
1741 2222 1755 2247 ,
1788 2181 1957 2249 ipsius

382 2268 473 2323 ira
504 2279 683 2324 tumor
709 2270 928 2339 quidam
964 2270 1304 2341 signiﬁcatur
1346 2270 1480 2341 (74),
1516 2279 1570 2324 et
1616 2285 1714 2339 per
1745 2270 1954 2339 singula

377 2372 607 2427 quaque
631 2360 922 2414 commotio
958 2379 970 2414 :
1005 2370 1064 2413 ut
1088 2361 1158 2425 si,
1190 2360 1340 2414 verbi
1382 2362 1583 2427 gratia,
1618 2358 1811 2413 vulnus
1854 2357 1955 2411 ali-

377 2447 520 2513 quod
543 2446 841 2515 pessimum
872 2447 1008 2501 iram
1034 2462 1321 2518 ponamus,
1370 2445 1528 2513 hujus
1559 2457 1742 2500 autem
1773 2454 1953 2499 tumor

374 2544 431 2591 et
463 2536 746 2604 distentio,
784 2537 1084 2609 indignatio
1115 2537 1357 2593 vulneris
1390 2537 1710 2607 appelletur.
1756 2535 1954 2593 Tribu-

375 2624 507 2681 latio
536 2642 668 2683 vero
693 2644 857 2699 quam
881 2628 1232 2700 subsequitur
1257 2631 1528 2700 angustia,
1556 2644 1661 2684 non
1688 2637 1775 2684 est
1799 2630 1951 2685 simi-

377 2718 446 2774 lis
471 2720 708 2789 putanda
736 2720 813 2775 illi
849 2721 1189 2777 tribulationi
1222 2723 1289 2777 de
1333 2737 1440 2791 qua
1465 2720 1600 2775 dicit
1632 2721 1947 2791 Apostolus,

373 2810 501 2879 quia
527 2828 547 2862 ι
577 2810 854 2867 tribulatio
875 2814 1195 2883 patientiam
1213 2823 1475 2883 operatur
1503 2812 1571 2865 ⁸⁵.
1600 2830 1619 2865 ι
1679 2812 1770 2867 llla
1803 2814 1946 2868 enim

376 2899 498 2955 talis
547 2900 823 2957 tribulatio
874 2904 1179 2970 angustiam
1239 2917 1345 2957 non
1398 2902 1563 2957 habet
1615 2901 1948 2973 subsequen-

375 2999 506 3058 tem,
537 2991 680 3048 sicut
700 3001 756 3047 et
796 2993 912 3063 ipse
941 2995 1232 3064 Apostolus
1255 2995 1383 3050 dicit
1413 3013 1427 3049 :
1470 3013 1490 3046 ι
1521 2992 1945 3053 Tribulationcm

371 3083 642 3151 patintur,
695 3084 789 3141 sed
851 3100 957 3142 non
1019 3086 1397 3157 angustiamur
1437 3086 1504 3140 ".
1563 3105 1583 3141 ι
1649 3087 1763 3144 lmo
1816 3105 1944 3146 vero

368 3171 535 3243 483
562 3187 667 3229 non
706 3175 878 3230 solum
914 3176 1115 3231 nullam
1160 3177 1466 3253 angustiam
1514 3175 1797 3235 tribulatio
1851 3180 1942 3235 illa

369 3273 681 3319 sanctorum
702 3305 721 3335 ,
747 3266 841 3322 sed
871 3263 1214 3322 latitudinem
1247 3268 1435 3324 habet.
1469 3266 1710 3335 Denique
1752 3270 1833 3325 sic
1862 3273 1944 3326 di-

341 3351 447 3424 .cit
488 3351 669 3421 justus
719 3369 737 3409 :
796 3373 815 3407 ί
873 3354 931 3411 1η
992 3357 1341 3413 tribulatione
1393 3356 1634 3412 dilatasti
1689 3374 1778 3415 me
1813 3361 1880 3416 ⁸⁷.
1921 3381 1939 3414 ι

370 3443 543 3512 llujus
574 3445 879 3502 latitudinis
910 3459 967 3504 et
990 3451 1287 3521 Apostolus
1317 3456 1572 3511 conscius
1601 3457 1702 3512 sibi
1735 3456 1802 3511 ad
1836 3456 1941 3509 Co-

369 3535 598 3593 rinthios
619 3540 810 3595 scribit
840 3541 886 3573 '3
923 3557 939 3595 :
979 3560 999 3594 ε
1036 3543 1152 3600 Non
1176 3546 1563 3616 angustiamini
1610 3547 1663 3603 in
1694 3563 1817 3616 me,
1849 3550 1941 3604 sed

367 3629 753 3698 angustiamini
810 3634 867 3690 in
915 3636 1217 3693 visceribus
1245 3639 1460 3695 vestris.
1501 3658 1520 3690 ι
1568 3639 1636 3696 Et
1688 3640 1940 3696 addidit:

370 3738 390 3771 ι
426 3720 739 3779 Dilatamini
769 3734 826 3782 et
851 3743 970 3785 vos.
1007 3747 1028 3781 ι
1064 3727 1277 3787 Idcirco
1304 3745 1435 3802 ergo
1467 3733 1610 3789 Deus
1644 3733 1711 3788 de
1734 3736 1940 3789 sanctis

361 3813 478 3868 suis
502 3828 638 3887 quos
671 3816 887 3875 dilatari
926 3822 1099 3890 novit,
1136 3833 1190 3878 et
1215 3824 1420 3881 habere
1455 3826 1598 3880 intra
1631 3826 1817 3881 cordis
1854 3826 1940 3881 sui

361 3904 699 3963 domicilium
753 3912 927 3979 spatia
975 3913 1137 3985 longe
1181 3915 1399 3987 lateque
1445 3917 1674 3985 dill‘usa,
1735 3920 1871 3975 dicit
1923 3938 1937 3974 :

367 4011 390 4047 r
434 3993 706 4053 Habitabo
736 3999 791 4054 in
825 4001 928 4068 eis,
960 4012 1015 4058 et
1048 4003 1398 4061 inambulabo
1424 4007 1491 4063 ⁸⁸.
1527 4026 1546 4060 ι
1599 4008 1712 4065 Hoc
1743 4025 1938 4065 munus

361 4098 392 4137 a
423 4083 534 4143 Deo
581 4088 723 4145 inter
771 4101 965 4148 catera
1019 4095 1323 4166 sapientia]
1351 4101 1835 4170 muneragaccepit
1883 4109 1939 4155 et

362 4176 646 4249 Salomon,
676 4182 824 4238 sicut
861 4188 1126 4258 scriptum
1161 4199 1245 4245 est
1279 4206 1293 4244 :
1332 4208 1351 4242 ι
1384 4192 1452 4247 Ει
1478 4192 1650 4260 dedit,
1690 4213 1708 4246 ι
1741 4195 1935 4264 inquit,

365 4289 386 4322 ι
417 4272 676 4329 Dominus
706 4274 981 4333 Salomoni
1016 4280 1128 4350 (75)
1152 4282 1492 4351 prudentiam
1516 4285 1739 4339 multam
1760 4285 1932 4349 valde,

358 4372 414 4415 et
445 4363 788 4422 latitudinem
835 4369 1019 4427 cordis
1052 4370 1117 4426 ⁸ο.
1152 4391 1171 4425 ι
1203 4372 1260 4427 1η
1294 4373 1398 4429 hac
1446 4388 1579 4447 ergo
1625 4387 1932 4432 sanctorum

2061 2176 2271 2244 multis,
2310 2194 2329 2227 ›
2367 2176 2471 2231 hoc
2503 2183 2589 2230 cst
2620 2172 2838 2229 Judaus
2879 2190 2893 2225 :
2935 2190 2954 2224 ι
2989 2172 3078 2244 qui
3106 2181 3284 2226 autem
3307 2186 3412 2225 non
3431 2184 3634 2239 cogno-

2056 2268 2153 2333 vit,
2186 2286 2205 2319 ι
2231 2267 2474 2335 Gracus,
2503 2266 2553 2321 id
2576 2275 2660 2320 est
2707 2264 2950 2335 gentilis,
2979 2281 2999 2315 ς
3022 2260 3498 2332 vapulabitpaucis
3514 2259 3581 2313 “.
3603 2278 3626 2312 ι

2054 2357 2286 2414 Interest
2330 2358 2476 2413 enim
2527 2357 2847 2427 cognovisse
2875 2355 3066 2419 Deum,
3100 2365 3154 2408 et
3187 2354 3504 2423 cognovisse
3535 2367 3628 2406 vo-

2055 2452 2320 2505 luntatem
2341 2449 2458 2516 Dei,
2484 2450 2610 2520 quia
2633 2448 2884 2516 cognosci
2900 2447 3040 2502 Deus
3073 2465 3090 2498 ι
3123 2461 3152 2500 a
3176 2453 3423 2500 creatura
3440 2444 3625 2499 mundi

2055 2556 2153 2610 per
2181 2555 2245 2595 ea
2276 2555 2397 2609 qua
2438 2539 2580 2594 facta
2614 2549 2740 2595 sunt
2777 2557 2795 2589 ›
2830 2538 2994 2593 etiam
3034 2552 3063 2591 a
3108 2536 3400 2608 gentilibus
3428 2537 3622 2606 patuit,

2053 2641 2108 2688 et
2132 2648 2154 2684 ι
2178 2631 2505 2699 sempiterna
2523 2627 2639 2697 ejus
2664 2629 2838 2683 virtus
2860 2643 2926 2683 ac
2944 2628 3197 2683 divinitas
3217 2627 3292 2681 ":
3330 2647 3351 2680 ι
3374 2627 3626 2682 voluntas

2051 2736 2182 2777 vero
2220 2722 2336 2791 ejus
2368 2736 2473 2776 non
2501 2720 2604 2775 nisi
2644 2735 2709 2774 ex
2735 2719 2876 2789 Lege
2902 2719 3268 2787 cognoscitur,
3303 2727 3358 2774 et
3388 2720 3619 2788 pr0phe-

2053 2817 2143 2870 tis.
2188 2814 2387 2870 Verum
2416 2812 2671 2881 quoniam
2708 2821 2763 2867 et
2801 2814 2866 2865 ad
2895 2827 3110 2882 poenam
3137 2821 3193 2867 et
3218 2811 3497 2883 pramium
3525 2809 3623 2865 Ju—

2055 2907 2205 2961 daos
2251 2904 2491 2976 prafert,
2526 2913 2582 2958 et
2620 2902 2839 2959 Graecos
2869 2904 3141 2971 postponit
3184 2903 3498 2972 Apostolus,
3534 2916 3621 2956 re-

2049 2998 2370 3067 quirendum
2405 3008 2489 3051 est
2513 3011 2649 3066 quos
2677 2996 2762 3050 hic
2791 2995 3044 3060 Gracos,
3081 3009 3218 3064 quos
3241 2994 3455 3049 Judaos
3491 2995 3621 3048 velit

2048 3089 2295 3159 intelligi.
2327 3089 2382 3145 Si
2413 3088 2537 3144 illos
2568 3087 2698 3142 dicit
2748 3085 2980 3152 Judaos,
3013 3087 3103 3156 qui
3147 3086 3324 3141 adhuc
3349 3085 3448 3141 sub
3477 3084 3622 3156 Lege

2054 3192 2220 3248 sunt,
2259 3192 2314 3237 et
2354 3182 2422 3235 ad
2454 3180 2730 3236 Christum
2763 3194 2868 3233 non
2901 3181 3160 3248 veniunt,
3198 3189 3255 3235 et
3278 3179 3619 3236 Christianos

2052 3271 2291 3336 Gracos,
2328 3270 2381 3326 id
2424 3282 2508 3326 est
2546 3271 2638 3339 qui
2677 3284 2743 3324 ex
2785 3271 3037 3338 gentibus
3086 3272 3346 3338 credunt,
3402 3270 3620 3326 videtur

2046 3374 2239 3420 contra
2270 3364 2436 3421 totius
2464 3364 2707 3436 mysterii
2736 3364 2922 3419 venire
2948 3363 3294 3421 sententiam.
3335 3363 3618 3431 Quomodo

2048 3457 2191 3512 enim
2240 3455 2315 3511 illi
2366 3455 2529 3527 primi
2581 3455 2831 3510 dicentur
2877 3457 2944 3510 de
2990 3455 3190 3526 quibus
3240 3456 3439 3511 dictum
3485 3468 3615 3512 est:

2051 3565 2070 3598 ι
2102 3545 2244 3601 Ecce
2276 3555 2438 3601 erunt
2469 3547 2625 3612 primi
2649 3548 2931 3603 novissimi
2964 3547 3228 3607 “netad
3259 3561 3396 3618 quos
3417 3547 3616 3603 iterum

2044 3638 2216 3693 dicit:
2255 3655 2274 3689 ι
2312 3636 2454 3692 Ecce
2493 3637 2828 3708 relinquetur
2856 3637 3011 3694 vobis
3046 3638 3238 3693 domus
3280 3647 3463 3697 vestra
3521 3638 3619 3693 de-

2043 3737 2187 3783 serta
2215 3726 2312 3781 "‘3
2356 3743 2378 3779 ι
2418 3727 2483 3783 Ει
2518 3727 2752 3794 iterum,
2788 3743 2909 3784 cum
2969 3727 3296 3783 accessisset
3344 3730 3412 3782 ad
3459 3728 3618 3784 ﬁcul-

2043 3832 2199 3873 neam
2236 3816 2508 3886 Salvator,
2542 3819 2596 3873 in
2625 3832 2732 3888 qua
2762 3833 2868 3873 non
2901 3817 3112 3874 invenit
3140 3818 3416 3887 fructum,
3452 3823 3613 3887 dixit,

2041 3909 2167 3980 quia
2216 3927 2236 3961 ι
2275 3924 2549 3980 nunquam
2595 3925 2663 3964 ex
2721 3919 2774 3968 te
2826 3909 3038 3967 fructus
3085 3920 3339 3968 nascatur
3366 3912 3432 3965 ⁸⁸.
3492 3930 3512 3964 ο
3551 3915 3618 3968 Et

2040 4004 2147 4056 duo
2180 4001 2362 4073 populi
2411 4002 2468 4056 in
2526 4010 2685 4058 utero
2734 4003 2994 4060 Rebecca
3040 4004 3503 4072 designabantur,
3545 4021 3614 4062 ex

2044 4095 2247 4163 quibus
2287 4094 2673 4164 dicitur,quia
2703 4112 2724 4146 ι
2765 4095 2940 4165 major
2992 4097 3192 4153 serviet
3240 4097 3465 4165 minori,
3503 4116 3524 4150 ι
3557 4108 3613 4154 et

2044 4186 2222 4240 minor
2254 4187 2467 4256 accepit
2492 4188 2925 4244 benedictionem
2957 4188 3220 4259 primatus
3252 4189 3300 4222 ⁶⁹
3334 4188 3469 4262 (77).
3499 4190 3606 4246 Sed
3645 4222 3653 4231 ν

2043 4288 2099 4333 et
2130 4276 2235 4332 alia
2266 4278 2564 4333 secundum
2591 4282 2693 4336 hoc
2721 4280 3006 4335 innumera
3033 4281 3087 4335 in
3121 4280 3423 4351 Scripturis
3453 4283 3608 4338 inve-

2040 4373 2175 4428 nies.
2203 4371 2260 4427 Si
2290 4386 2424 4429 vero
2453 4373 2664 4429 Judaos
2713 4387 2849 4438 nos,
2895 4375 2949 4429 id
2995 4383 3079 4429 est
3126 4375 3473 4432 Christianos
3515 4391 3613 4447 ap-

359 4455 538 4513 cordis
584 4457 874 4517 latitudine
913 4478 1018 4517 non
1050 4463 1227 4519 solum
1259 4466 1501 4534 habitat,
1544 4468 1639 4523 sed
1673 4478 1728 4523 et
1758 4470 1930 4524 inam-

2052 4464 2222 4529 )ellat,
2249 4473 2303 4519 et
2340 4480 2464 4533 eos,
2524 4466 2614 4535 qui
2663 4480 2729 4519 ex
2783 4466 2929 4521 omni
2980 4480 3182 4535 genere
3231 4453 3606 4535 crediderunt,

428 4595 651 4673 'jlgan.
686 4598 1010 4673 XIV,_6.__”
1040 4601 1216 4673 lgCor.
1251 4619 1288 4666 ι,
1319 4603 1410 4658 '50.
1486 4603 1531 4636 ⁸⁸
1561 4604 1718 4659 Rom.
1750 4623 1808 4673 tt,
1832 4605 1889 4672 8,
1916 4605 1973 4661 9.

359 4666 405 4743 _'_'
442 4666 482 4720 ll
510 4666 635 4722 Cor.
667 4683 742 4743 vt,
769 4670 982 4743 12)-15.
1032 4671 1104 4743 ,7”
1132 4672 1307 4728 Levit.
1332 4688 1484 4737 xxw,
1526 4675 1595 4729 12
1630 4692 1646 4742 ;
1687 4675 1726 4729 ll
1766 4666 1891 4731 Cor.
1931 4690 2003 4743 vt,
2040 4675 2126 4729 16.

359 4738 515 4814 item.
553 4753 635 4814 ιιι,
671 4739 728 4793 2.
804 4738 1113 4814 6_’_l3art_t_ch._
1148 4758 1225 4808 tv,
1264 4744 1321 4797 4.
1373 4742 1598 4814 f‘Luc.
1628 4738 1727 4810 im,
1750 4747 1841 4814 47,
1864 4744 1956 4801 48.

356 4806 405 4843 ⁸⁸
433 4807 624 4864 Matth.
663 4822 778 4874 nt,
816 4810 909 4866 l9.
982 4812 1028 4842 “
1074 4806 1668 4881 Gen.xxv,23;xxvu,
1703 4806 1793 4871 ‘29.

426 4944 669 5022 (7l)_Si_c
697 4955 844 5003 recte
871 4950 1198 5022 ms.Regius
1227 4969 1376 5009 num.
1397 4953 1556 5011 1641.
1575 4955 1771 5010 Cateri
1796 4971 1928 5013 vero

356 5030 515 5097 mss.,
539 5016 808 5097 [tabanus
824 5027 881 5073 et
904 5020 1054 5097 editi:
1080 5016 1107 5072 ἶ
1128 5025 1272 5097 quod
1298 5025 1439 5097 forte
1465 5025 1805 5097 aptius»(ms.
1827 5025 1930 5083 Re-

354 5087 474 5153 gius
490 5100 650 5163 _num.
673 5087 830 5163 1659,
852 5089 991 5155 quod
1021 5087 1237 5163 fortius)
1267 5113 1284 5143 ‹
1317 5087 1548 5149 Latinus
1575 5087 1925 5163 interpretari

354 5156 656 5233 primisset,
690 5158 802 5233 si,»
856 5167 961 5213 etc.
1014 5160 1183 5233 Paulo
1219 5156 1349 5231 post
1393 5179 1497 5220 ms.
1533 5156 1732 5233 Regius
1774 5183 1923 5222 num.

355 5225 527 5307 {65%.},
574 5226 808 5307 «Omnis
840 5231 1109 5307 ergo_qui
1162 5225 1339 5307 alieno
1391 5249 1421 5287 a
1468 5225 1701 5307 veritate
1734 5234 1926 5292 itinere

354 5295 620 5366 graditur.
649 5315 666 5347 ι
690 5295 797 5351 Sed
818 5295 998 5353 caeteri
1017 5295 1176 5366 mss.,
1201 5301 1336 5356 Ral).
1365 5311 1420 5356 ct
1435 5304 1566 5358 editi
1593 5314 1653 5357 ut
1681 5304 1733 5358 in
1756 5316 1924 5362 textu.

449 5363 539 5441 72)
582 5365 661 5418 Ita
700 5374 850 5441 recte
894 5382 1026 5441 mss.
1072 5363 1336 5440 plerique.
1369 5372 1560 5429 Cateri
1598 5388 1727 5429 vero
1771 5391 1926 5441 mss.,

353 5432 612 5512 Rabanus
638 5445 692 5490 et
717 5436 870 5512 editi,
900 5456 919 5489 ε
940 5439 984 5512 si
1011 5432 1103 5507 qui
1128 5432 1246 5512 non'
1265 5441 1439 5496 solum
1469 5461 1487 5494 ι
1523 5443 1618 5512 (al.
1649 5461 1669 5494 ι
1698 5446 1787 5512 qui
1820 5432 1927 5500 non

356 5503 555 5577 solum,
584 5521 605 5555 ι
641 5506 847 5577 omisso
884 5525 904 5559 r
933 5509 978 5562 si
1008 5503 1043 5561 ἶ
1068 5510 1150 5565 vel
1187 5530 1208 5562 r
1240 5513 1355 5577 sic;
1386 5531 1406 5564 ι
1438 5503 1557 5568 al.'r
1587 5514 1668 5569 sic
1697 5503 1805 5568 non
1834 5532 1927 5570 so-

355 5571 486 5657 lum,
513 5591 532 5624 ι
567 5576 826 5657 omisso_r
851 5577 975 5645 qui;
1009 5598 1027 5631 ι
1064 5581 1133 5633 al.
1169 5598 1187 5632 ι
1215 5582 1308 5637 sed
1341 5571 1445 5653 'qui
1480 5597 1589 5638 non
1635 5582 1843 5657 solum)
1873 5587 1931 5641 in

354 5643 658 5715 tidggrrat,
690 5662 708 5695 ι
744 5645 814 5699 al.
856 5643 1111 5715 (errent,
1137 5669 1157 5701 ι
1185 5661 1290 5707 ctc.

423 5710 538 5781 (7‘5)
581 5712 670 5788 S_ic
697 5729 800 5788 ms.
836 5716 1034 5788 Regius
1072 5710 1220 5777 ιιίιιιι.
1260 5721 1418 5785 1640,
1453 5722 1732 5788 Mcrlinus,
1778 5723 1915 5778 Era-

363 5786 1198 5849 smusethncbrardus.Cateri
1229 5805 1354 5849 vero
1375 5808 1541 5861 mss.,l
1577 5811 1597 5847 ι
1624 5805 1678 5849 ct
1708 5786 1765 5851 bi
1793 5803 1926 5854 sunt

2047 4606 2093 4637 ⁸⁵
2125 4605 2282 4659 Rom.
2318 4605 2448 4668 v.5.
2525 4606 2571 4636 ⁵⁸
2608 4603 2797 4659 llCor.
2836 4621 2909 4669 iV,
2953 4605 3006 4660 8.
3097 4609 3141 4639 ³⁷
3202 4608 3347 4665 Psal.
3411 4626 3487 4678 tv,
3549 4612 3604 4666 2.

2047 4675 2126 4726 16.
2230 4675 2512 4726 θυιιιιιρα.
2557 4691 2626 4726 ιν.
2670 4674 2759 4726 29.
2862 4676 2904 4707 ⁸³
2969 4677 3127 4726 Rom.
3186 4693 3246 4726 ιι-
3293 4684 3347 4726 9-
3399 4682 3484 4726 m-
3562 4684 3604 4717 ει

2040 4675 2126 4729 16.
2230 4675 2273 4705 ⁶⁰
2296 4675 2357 4728 lll
2380 4676 2512 4746 Reg.
2557 4691 2626 4735 tv,
2670 4674 2759 4730 29.
2862 4676 2904 4707 ⁸³
2969 4677 3127 4732 Rom.
3186 4693 3247 4745 tt,
3293 4684 3349 4747 9,
3399 4674 3484 4736 10.
3562 4684 3607 4717 ⁶¹

2033 4746 2076 4777 ⁸⁸
2103 4745 2261 4800 Rom.
2290 4760 2325 4813 ι,
2348 4744 2438 4799 20.
2515 4744 2559 4775 ⁸⁵
2582 4746 2766 4800 Matth.
2787 4761 2876 4811 xx,
2908 4747 2991 4801 16.
3038 4749 3080 4779 ετ
3107 4746 3478 4819 Mattlt.xxut,
3501 4752 3593 4810 38.

2035 4972 2209 5032 quos;
2237 4956 2608 5032 »_Sa10tliantts
2637 4965 2691 5011 et
2718 4957 2995 5024 Rabanus,
3028 4978 3046 5011 ι
3067 4969 3117 5015 et
3149 4959 3237 5032 his
3265 4978 3457 5032 quos.)

2104 5027 2217 5098 (74)
2255 5028 2349 5083 Sic
2399 5041 2773 5098 omttesiimss.
2831 5033 3002 5084 nostri
3052 5042 3107 5085 et
3145 5027 3423 5090 Rabanus.
3457 5035 3615 5097 Editi

2032 5112 2185 5162 vero,
2215 5115 2234 5150 ι
2255 5107 2436 5151 ιιιιιιοι·
2464 5098 2556 5165 qui
2584 5097 2745 5152 dictis
2768 5099 3129 5166 significatur.
3154 5119 3176 5154 ›

2104 5166 2216 5245 (75)
2252 5167 2401 5245 Mss._
2434 5168 2636 5245 plures,
2691 5185 2711 5219 t
2743 5177 2798 5222 et
2844 5168 2995 5223 dedit
3029 5172 3101 5238 ei,
3142 5173 3337 5245 inquit,
3382 5192 3405 5228 ι
3463 5184 3595 5245 etc.,

2033 5237 2237 5292 omisso
2265 5257 2283 5287 ι
2313 5237 2609 5291 Salomoni.
2638 5255 2653 5282 ι
3087 5237 3091 5238 ί
3214 5237 3249 5247 ’”

2108 5307 2216 5383 (76)
2246 5326 2263 5359 ι
2284 5305 2597 5383 Βίεῲοιιιξρ
2636 5308 2796 5364 Deest
2820 5308 2874 5363 in
2897 5325 3026 5367 mss.
3045 5319 3100 5367 et
3122 5312 3262 5383 apud
3291 5312 3601 5383 Rabanum,

2037 5380 2133 5432 sed
2167 5377 2348 5432 exstat
2380 5377 2434 5430 in
2464 5377 2651 5431 editis.

2107 5447 2219 5517 (77)
2252 5447 2340 5501 Sic
2372 5446 2500 5503 editi
2541 5446 2808 5517 plerique,
2839 5458 2891 5504 et
2919 5450 2992 5504 ita
3034 5451 3320 5520 legendum
3358 5453 3595 5509 videtur.

2034 5517 2288 5593 Attamen
2321 5531 2511 5593 omnes
2528 5532 2683 5593 _mss._
2716 5522 2912 5584 nostri,
2942 5521 3057 5593 alii,
3091 5517 3111 5573 ἱ
3141 5532 3197 5577 et
3230 5524 3414 5593 junior
3452 5529 3598 5579 acci-

2033 5587 2148 5657 piet
2175 5586 2571 5657 benedictionis
2605 5587 2901 5657 primatus;
2935 5609 2953 5642 ι
2985 5592 3059 5645 al.
3093 5610 3112 5642 ι
3153 5602 3209 5646 et
3230 5586 3425 5649 'minor
3454 5597 3600 5649 acci-

2032 5656 2143 5727 piet
2176 5656 2565 5727 benedictionis
2604 5658 2892 5724 primatum
2923 5676 2936 5725 ;
2970 5678 2988 5711 ι
3028 5662 3124 5727 al.,
3170 5680 3191 5714 ι
3220 5673 3275 5717 et
3299 5665 3479 5718 mittor
3508 5680 3600 5719 ac-

2032 5726 2175 5803 cepit
2200 5725 2589 5803 benedictionis
2615 5728 2899 5803 primatus.
2928 5749 2965 5803 ⁸ι
3011 5725 3195 5803 Εύῐιίο
3226 5732 3446 5803 Veneta,
3493 5753 3512 5786 ‹
3545 5748 3613 5793 ct.

2033 5798 2210 5853 minor
2238 5796 2857 5869 acceptabcncdictione
2892 5800 3170 5870 p'ralatus.
3207 5822 3231 5856 ι
