4170 6370
502 335 608 391 887

1949 337 2274 399 ORIGENIS

3670 346 3775 404 888

501 465 637 520 quos
675 450 797 522 ipse
826 452 958 509 dicit
987 455 1039 508 in
1066 454 1277 510 occulto
1304 454 1519 513 Judzeos
1553 456 1621 525 ",
1655 468 1824 515 restat
1851 470 1911 516 ut
1937 461 2091 517 Graa-
2118 472 2166 529 Α
2197 463 2249 519 in
2306 463 2425 519 loco
2478 472 2752 535 ponuntur
2788 466 2867 535 hi,
2899 484 2920 520 ι
2948 468 3042 538 qui
3092 482 3161 523 ex
3199 466 3569 532 contentione,
3608 468 3776 543 m

502 559 596 600 cos
633 547 868 617 gentiles
915 547 1036 603 illos
1061 550 1248 615 dicat,
1277 551 1368 619 qui
1418 552 1660 607 nondum
1717 554 2084 613 crediderunt.

504 634 613 692 Sed
647 638 920 707 quomodo
953 639 1245 708 Apostolus
1273 650 1479 696 tantam
1509 658 1658 712 spem
1684 644 1937 715 gentibus
1959 662 2093 701 non-

501 729 632 783 dum
684 732 1035 787 credentibus
1084 734 1266 802 ponit,
1313 750 1436 789 cum
1482 738 1857 793 ecclesiastica
1902 740 2089 810 regula

2196 567 2251 611 et
2275 559 2368 628 qui
2393 557 2637 615 dilIidunt
2664 562 2887 631 quidem
2912 563 3156 627 veritati,
3185 563 3567 630 obtemperant
3593 570 3772 615 autem

2194 647 2512 718 iniquitati;
2550 668 2571 702 ι
2609 651 2863 721 quibus'r
2902 654 2982 708 ira
3017 666 3073 709 et
3120 654 3457 725 indignatio,
3497 653 3776 709 tribulatio

2194 746 2251 791 et
2276 740 2525 808 angustia
2558 739 2606 772 ⁸⁸
2641 759 2660 793 ›
2687 742 2977 810 imminet;
3022 744 3074 799 id
3111 755 3222 812 est,
3257 745 3404 799 omni
3429 745 3624 799 anima:
3643 760 3775 811 ope~

501 821 761 877 videatur
790 826 1077 894 obsistere,
1111 843 1232 898 qua:
1264 830 1460 884 statuit
1490 841 1550 885 ut
1587 849 1606 883 ‹
1649 832 1753 886 nisi
1783 833 1906 902 quis
1933 848 2094 888 rena-
2193 820 2349 884 ranti'
2370 829 2481 902 (81)
2514 832 2747 898 malum,
2783 832 2969 890 Iudaeo
3002 836 3237 906 primum
3258 875 3273 901 ,
3309 846 3366 891 et
3411 834 3619 891 Greco.
3679 834 3776 891 His

505 923 592 967 tus
631 915 794 970 fuerit
827 932 893 971 ex
942 933 1080 986 aqua
1132 929 1185 974 et
1214 920 1417 989 Spiritu
1452 934 1643 977 sancto
1666 961 1683 987 ,
1717 939 1823 977 non
1864 942 1884 976 ι
1921 927 2091 994 possit

510 1021 531 1055 ι
562 1007 788 1063 introire
809 1010 862 1063 in
885 1025 1111 1080 regnum
1135 1013 1396 1068 cualorum
1426 1014 1471 1048 τί
1499 1032 1515 1081 ;
1554 1033 1573 1066 ι
1602 1026 1657 1069 et
1682 1017 1877 1071 iterum
1895 1014 2089 1072 Petrus

508 1097 563 1151 in
595 1098 823 1155 Actibus
854 1102 1221 1169 apostolorum
1253 1105 1318 1159 de
1357 1104 1581 1160 Christo
1631 1108 1953 1176 pronuntiat
2002 1109 2088 1163 di-

509 1203 643 1246 cens
677 1207 693 1245 :
734 1209 755 1243 σ
791 1190 977 1261 Neque
1006 1194 1149 1248 enim
1199 1204 1282 1249 est
1329 1195 1474 1251 aliud
1505 1196 1673 1252 ullum
1732 1213 1930 1253 nomen
1982 1200 2086 1255 sub

508 1285 684 1347 ctelo,
729 1288 783 1341 in
816 1303 924 1357 quo
969 1299 1217 1359 oporteat
1247 1307 1348 1347 nos
1387 1293 1573 1349 salvos
1616 1294 1733 1350 fieri
1765 1296 1857 1350 7'?
1894 1315 1913 1349 ι
1944 1295 2090 1364 Quo-

509 1376 671 1431 modo
696 1390 826 1448 ergo
857 1379 947 1434 hic
979 1390 1169 1450 gentes
1193 1382 1413 1452 gloriae,
1442 1394 1498 1439 et
1524 1384 1751 1441 honoris
1771 1426 1786 1451 ,
1834 1396 1892 1442 et
1932 1388 2086 1455 pacis

509 1469 750 1524 secundo
787 1480 909 1541 post
944 1468 1162 1527 Iudaeos
1210 1473 1330 1529 loco
1355 1476 1652 1547 participes
1682 1478 1820 1535 facit
1845 1480 1938 1535 "?
1977 1480 2083 1536 Sed

509 1560 790 1617 videamus
832 1578 901 1619 ne
937 1563 1078 1618 forte
1109 1565 1195 1618 illa
1227 1583 1347 1638 qua:
1375 1568 1516 1625 solet
1542 1571 1761 1627 bonitas
1781 1582 1836 1629 et
1859 1573 2086 1632 dulcedo

507 1653 602 1710 Dei
644 1657 902 1713 abscondi
951 1660 1006 1713 in
1058 1660 1367 1732 Scripturis
1404 1666 1611 1721 sanctis
1636 1708 1652 1732 ,
1681 1666 1887 1736 aliquid
1921 1668 2081 1724 etiam

505 1746 598 1803 hic
623 1749 879 1805 moliatur
899 1753 1195 1808 occultum.
1230 1754 1366 1810 Tres
1400 1758 1530 1812 mihi
1563 1758 1664 1814 hoc
1694 1759 1748 1813 in
1785 1759 1907 1816 loco
1934 1761 2085 1816 ordi-

2190 932 2373 976 autem
2403 922 2605 979 eisdem
2647 925 2811 980 etiam
2856 927 3125 982 bonorum
3182 928 3472 984 retributio
3524 928 3690 982 tertio
3716 927 3773 981 in

2191 1015 2312 1069 loco
2349 1016 2465 1085 pari
2493 1032 2616 1071 cum
2647 1017 2995 1075 distinctione
3023 1021 3379 1089 promittitur,
3431 1035 3555 1075 cum
3599 1019 3771 1075 dicit:

2195 1124 2216 1156 c
2254 1104 2441 1162 Gloria
2487 1117 2704 1175 autem,
2742 1119 2797 1165 et
2842 1111 3054 1176 honor,
3100 1121 3155 1167 et
3200 1127 3307 1182 pax
3338 1112 3484 1165 omni
3518 1111 3774 1182 aperanti

2189 1193 2416 1263 bonum,
2446 1195 2634 1254 Judzeo
2660 1199 2894 1269 primum
2927 1200 3191 1257 etGraeco
3216 1201 3287 1257 ⁸¹.
3321 1221 3339 1254 ι
3378 1202 3561 1269 Quod,
3588 1212 3649 1257 ut
3670 1216 3774 1270 ego

2189 1302 2389 1359 capere
2424 1306 2667 1360 possum,
2698 1295 2765 1349 de
2791 1291 3019 1360 Judreis,
3047 1306 3103 1349 ct
3131 1296 3387 1365 gentibus
3412 1297 3566 1361 dicit,
3598 1297 3769 1350 utris-

2189 1393 2295 1449 que
2320 1382 2561 1435 nondum
2591 1383 2960 1439 credentibus.
3004 1383 3193 1439 Potest
3226 1387 3371 1440 enim
3405 1384 3520 1440 ﬁeri
3545 1427 3565 1455 ,
3599 1396 3658 1439 ut
3686 1384 3770 1440 vel

2188 1484 2255 1525 ex
2280 1469 2367 1524 his
2402 1471 2493 1541 qui
2528 1472 2580 1526 in
2615 1470 2760 1543 Lege
2786 1483 2951 1539 sunt,
3000 1474 3045 1529 si
3082 1476 3204 1544 quis
3248 1476 3600 1544 persuasione
3649 1477 3773 1545 qui-

2186 1560 2309 1615 dem
2354 1563 2636 1619 communi
2695 1563 2810 1635 (8‘2)
2854 1563 3072 1620 Christo
3116 1580 3226 1620 non
3279 1565 3488 1631 credit,
3515 1575 3772 1637 operetur

2187 1663 2367 1709 tamen
2400 1658 2543 1727 quod
2576 1659 2775 1712 bonum
2799 1668 2909 1723 est,
2930 1658 3197 1730 justitiam
3227 1670 3430 1727 teneat,
3460 1663 3769 1719 misericor-

2185 1747 2329 1802 diam
2351 1748 2563 1821 diligat,
2586 1752 2893 1807 castitatem
2918 1763 2974 1808 et
2992 1755 3383 1810 continentiam
3413 1767 3616 1822 servet,
3645 1772 3762 1811 mo-

507 1851 605 1892 nes
664 1838 860 1895 fecisse
900 1843 1114 1898 videtur
1163 1846 1476 1915 Apostolus.
1516 1848 1701 1905 Primo
1746 1852 1889 1907 enim
1954 1852 2086 1908 dicit
2114 1838 2160 1900 B
2188 1841 2417 1897 destiam
2459 1842 2849 1915 lenitatemque
2880 1844 3192 1913 custodiat.
3220 1855 3386 1916 atque
3425 1862 3588 1902 omne
3630 1860 3767 1914 opus

504 1929 576 1985 de
629 1930 735 1998 his,
798 1951 817 1984 ε
857 1936 950 2003 qui
1001 1938 1299 1992 secundum
1340 1941 1661 2009 patientiam
1713 1941 1843 1998 boni
1901 1945 2084 2013 operis

504 2020 756 2090 gloriam,
784 2035 841 2079 et
866 2028 1154 2095 honorem,
1178 2039 1232 2085 et
1257 2032 1718 2102 incorruptionem
1747 2046 2022 2106 qureront,
2056 2055 2077 2090 ι

502 2113 647 2181 quod
682 2115 814 2186 ipsis
846 2120 1026 2175 reddit
1063 2121 1207 2178 Deus
1248 2142 1268 2172 ο
1313 2125 1481 2179 vitam
1523 2137 1781 2183 aeternam
1809 2127 1877 2185 ".
1917 2148 1937 2182 ι
1979 2129 2084 2184 Pa-

502 2206 749 2263 tientiam
785 2220 987 2278 ,autem
1040 2213 1164 2268 boni
1192 2217 1375 2285 operis
1432 2219 1483 2271 in
1544 2218 1651 2274 illis
1697 2235 1821 2277 esse
1868 2234 2080 2277 certum

503 2300 991 2371 equuiagones,
1042 2315 1100 2359 et
1127 2309 1427 2361 certamina
1481 2309 1763 2378 perferunt
1817 2314 2077 2378 pietatis:

504 2390 651 2456 quod
698 2406 864 2460 supra
912 2398 1267 2465 exposuimus
1313 2400 1597 2456 evidenter
1640 2405 1707 2458 de
1750 2403 2082 2461 Christianis

505 2480 611 2535 dici
648 2480 782 2554 (7‘8),
834 2487 974 2555 apud
1019 2504 1155 2557 quos
1206 2499 1480 2561 martyres
1524 2493 1680 2549 ﬁunt.
1725 2494 1996 2551 Probatur
2027 2499 2079 2552 id

504 2572 670 2625 ctiam
711 2589 810 2641 per
858 2576 962 2631 hoc
1007 2580 1149 2648 quod
1180 2579 1440 2637 Dominus
1494 2585 1628 2639 dicit
1677 2586 1745 2640 ad
1776 2588 2077 2655 apostolos,

505 2663 630 2731 quia
659 2681 681 2716 ι
721 2666 1132 2725 tribulationem
1176 2673 1450 2730 habebitis
1495 2676 1549 2731 in
1597 2678 1699 2733 hoc
1745 2681 1979 2746 mundo,
2024 2691 2080 2737 et

503 2757 739 2812 mundus
770 2761 1137 2830 gratulabitur
1159 2806 1174 2831 ,
1206 2780 1303 2821 vos
1328 2775 1508 2821 autem
1534 2768 1786 2839 lugebitis
1813 2771 1862 2803 ⁷⁵
1897 2788 1913 2827 :
1954 2792 1975 2826 ι
2023 2783 2081 2829 et

503 2846 711 2902 addidit
735 2859 859 2919 post
885 2866 1057 2921 pauca
1095 2873 1108 2909 :
1140 2874 1162 2908 α
1205 2856 1259 2909 In
1293 2858 1553 2927 patientia
1603 2871 1782 2916 vestra
1826 2864 2077 2933 acquire-

501 2936 572 2991 tis
611 2939 823 2995 animas
868 2946 1182 2999 vestras".
1232 2964 1252 2998 ι
1313 2948 1754 3005 Christianorum
1809 2967 1940 3025 ergo
1992 2964 2079 3011 est

500 3041 808 3096 pressuram
839 3035 950 3102 pati
978 3034 1033 3089 in
1064 3036 1167 3093 hoc
1202 3039 1432 3103 saeculo,
1479 3050 1537 3095 et
1584 3041 1808 3112 lugere,
1839 3060 2074 3114 quorum

499 3129 584 3175 est
614 3122 723 3177 vita
763 3134 990 3182 aeterna.
1018 3127 1084 3183 Et
1110 3130 1191 3185 vis
1239 3133 1382 3188 scire
1426 3137 1571 3203 quod
1621 3137 1818 3193 nullius
1848 3149 1931 3195 est
1967 3142 2075 3196 vita

2187 1933 2300 2005 (85)
2328 1933 2527 1990 bonum
2560 1946 2841 2005 Operetur,
2872 1937 2961 1993 hic
2988 1938 3201 1994 etiamsi
3233 1940 3397 1993 vitam
3444 1955 3551 1995 non
3597 1939 3765 1994 habet

2185 2038 2444 2082 aeternam
2466 2070 2482 2092 ,
2517 2030 2642 2097 quia
2686 2030 2919 2085 credens
2948 2029 3049 2084 soli
3074 2045 3204 2084 vero
3235 2030 3369 2098 Deo,
3391 2045 3499 2085 non
3532 2031 3763 2085 credidit

2184 2132 2238 2174 et
2262 2119 2403 2175 Filio
2428 2120 2545 2190 ejus
2577 2119 2709 2175 Jcsu
2751 2121 2976 2176 Christo
3015 2135 3176 2191 quem
3212 2121 3397 2186 misit,
3436 2130 3620 2176 tamen
3646 2124 3765 2191 glo-

2184 2212 2267 2265 ria
2288 2227 2515 2281 operum
2536 2213 2679 2283 ejus,
2708 2221 2759 2267 et
2788 2228 2916 2281 pax,
2942 2225 2999 2267 et
3022 2213 3196 2268 honor
3216 2214 3414 2283 poterit
3435 2229 3541 2268 non
3564 2214 3767 2284 perire.

2184 2301 2290 2357 Sed
2314 2312 2369 2357 et
2400 2301 2625 2360 Graecus
2651 2343 2668 2369 ,
2695 2304 2749 2358 id
2778 2312 2863 2359 est
2887 2303 3108 2374 gentilis
3131 2345 3146 2370 ,
3192 2306 3236 2360 si
3265 2320 3389 2359 cum
3421 2303 3538 2376 (84)
3591 2303 3762 2373 legem

2182 2412 2288 2451 non
2322 2396 2541 2460 habeat,
2572 2400 2687 2466 ipse
2743 2396 2847 2452 sibi
2893 2406 2978 2452 est
3015 2397 3123 2466 lex,
3163 2399 3459 2453 ostendens
3480 2414 3615 2469 opus
3635 2398 3769 2467 legis

2184 2487 2238 2542 in
2278 2488 2442 2542 corde
2476 2504 2575 2543 suo
2591 2489 2659 2554 ⁸²,
2701 2490 3007 2545 etnaturali
3047 2492 3261 2545 ratione
3302 2492 3586 2557 immotus,
3624 2493 3768 2546 sicut

2180 2580 2429 2634 videmus
2472 2579 2760 2635 nonnullos
2806 2581 2860 2634 in
2910 2583 3186 2650 gentibus,
3235 2581 3619 2650 veljustitiam
3673 2592 3756 2636 te-

2181 2682 2326 2737 neat,
2361 2671 2446 2727 vel
2468 2672 2775 2727 castitatem
2799 2681 3001 2741 servet,
3037 2673 3121 2727 vel
3147 2674 3516 2744 prudentiam,
3551 2683 3760 2744 tempe-

2181 2764 2452 2828 rantiam,
2503 2763 2941 2834 modestiamque
2992 2764 3307 2819 custodiat:
3344 2764 3448 2819 iste
3471 2764 3599 2819 licet
3631 2762 3767 2817 alie-

2180 2872 2283 2911 nus
2315 2871 2346 2911 a
2377 2857 2487 2910 vita
2515 2854 2766 2919 videatur
2785 2864 3014 2922 aeterna,
3041 2856 3170 2924 quia
3202 2870 3309 2911 non
3329 2856 3503 2910 credit
3524 2854 3763 2921 Christo,

2179 2958 2237 3004 ct
2268 2948 2478 3003 intrare
2506 2962 2614 3003 non
2655 2948 2831 3017 possit
2862 2946 2916 3001 in
2949 2961 3177 3017 regnum
3206 2948 3492 3012 malorum,
3526 2947 3652 3017 quia
3679 2963 3767 3001 re-

2179 3049 2340 3095 natus
2383 3055 2488 3094 non
2525 3049 2609 3095 est
2653 3054 2721 3093 ex
2765 3053 2904 3109 aqua
2929 3050 2985 3095 et
3033 3040 3242 3108 Spiritu
3291 3038 3362 3106 ⁸³,
3416 3040 3635 3094 videtur
3684 3048 3767 3093 ta-

2180 3148 2304 3190 men
2336 3131 2449 3204 (85)
2482 3131 2628 3203 quod
2662 3147 2761 3202 per
2790 3134 2906 3187 haec
2935 3147 3058 3202 qua:
3083 3131 3341 3187 dicuntur
3372 3132 3440 3188 ab
3478 3131 3761 3202 Apostolo,

497 3223 728 3281 aeterna,
778 3217 883 3273 nisi
934 3220 1053 3288 ejus
1102 3222 1194 3291 qui
1247 3225 1441 3278 credat
1488 3227 1540 3280 in
1576 3225 1899 3286 Christum?
1933 3232 2075 3288 Audi
2102 3206 2145 3262 Ο
2180 3226 2449 3282 bonorum
2475 3239 2700 3294 operum
2729 3224 2956 3295 gloriam
2982 3263 3000 3290 υ
3046 3235 3101 3280 ει
3139 3225 3401 3279 honorem
3429 3264 3445 3291 ο
3484 3233 3542 3278 ει
3573 3238 3762 3295 Pacem

499 3304 802 3363 Salvatoris
835 3308 1003 3379 ipsius
1031 3326 1218 3367 vocem
1252 3315 1532 3372 evidenter
1562 3317 1616 3371 in
1652 3317 1959 3393 Evangeliis
1987 3323 2076 3379 de-

497 3401 806 3472 signautem
842 3425 855 3459 :
891 3423 912 3457 ι
952 3404 1077 3461 Haec
1124 3416 1206 3467 est
1244 3418 1427 3464 autem
1458 3411 1570 3467 vita
1599 3422 1801 3470 aeterna
1823 3455 1839 3481 ,
1883 3425 1942 3471 ut
1981 3432 2072 3471 co-

498 3502 768 3560 gnoscant
820 3505 872 3551 te
921 3496 1094 3552 solum
1124 3513 1310 3554 verum
1354 3499 1555 3568 Deum,
1587 3512 1643 3560 et
1674 3519 1834 3574 quem
1872 3507 2069 3562 misisti

493 3582 682 3640 Iesum
714 3586 992 3644 Christum
1020 3590 1087 3644 '".
1119 3610 1137 3642 ι
1195 3588 1386 3648 Omnis
1423 3607 1555 3662 ergo
1590 3596 1683 3667 qui
1719 3612 1825 3652 non
1855 3601 2077 3669 agnovit

494 3674 716 3733 Patrem
751 3681 928 3735 solum
959 3696 1145 3736 verum
1176 3682 1366 3750 Deum,
1407 3694 1462 3741 et
1489 3686 1684 3742 Filium
1721 3688 1859 3756 ejus,
1887 3688 2072 3745 Jesum

495 3767 798 3834 Christum,
830 3772 1040 3827 alienus
1065 3783 1148 3828 est
1168 3774 1236 3829 ab
1263 3778 1568 3833 mteruitate
1592 3779 1740 3834 vitae.
1773 3778 1899 3835 Ilazc
1925 3782 2072 3836 enim

495 3857 611 3941 ipsa
629 3860 836 3930 agnitio
856 3871 912 3916 et
932 3861 1066 3918 ﬁdes
1079 3864 1186 3919 vita
1212 3879 1334 3922 esse
1357 3867 1672 3938 designatur
1701 3879 1927 3924 aeterna.
1977 3870 2074 3926 Est

493 3951 660 4022 igitur
679 3953 885 4021 primus
925 3956 1038 4027 (79)
1064 3956 1151 4013 hic
1193 3957 1632 4017 Christianorum
1671 3961 1840 4026 locus,
1874 3965 2074 4033 quibus

492 4055 595 4110 per
618 4044 936 4110 patientiam
976 4047 1105 4101 boni
1147 4050 1330 4119 operis
1369 4050 1635 4120 gloriam,
1685 4059 1740 4108 et
1785 4055 2070 4122 honorem,

495 4144 552 4189 et
583 4134 1050 4207 incorruptionem
1083 4146 1452 4210 quaerentibus
1483 4148 1593 4200 vita
1638 4156 1843 4203 aeterna
1880 4151 2074 4207 redde-

493 4238 584 4284 tur
616 4228 687 4296 ⁷⁸,
715 4230 802 4285 illa
829 4232 947 4289 sine
978 4234 1140 4290 dubio
1166 4239 1258 4307 qui
1287 4239 1422 4295 dicit
1448 4256 1464 4293 :
1506 4260 1525 4292 ι
1558 4240 1670 4311 Ego
1690 4258 1811 4297 sum
1840 4244 1950 4310 via,
1979 4260 2073 4300 ve.

495 4321 656 4388 ritas,
685 4331 739 4378 et
763 4325 872 4378 vita
900 4326 968 4380 τ’.
1009 4347 1029 4380 ι
1058 4327 1114 4381 In
1142 4327 1363 4385 Christo
1387 4341 1588 4397 autem,
1614 4333 1706 4401 qui
1737 4335 1845 4388 vita
1870 4344 2071 4391 aeterna

493 4423 598 4481 est,
630 4414 895 4469 bonorum
922 4419 1162 4473 omnium
1201 4431 1285 4475 est
1329 4420 1613 4490 plenitudo
1638 4423 1775 4495 (80).
1820 4426 2072 4483 Secundo

2180 3317 2415 3386 perdere
2445 3316 2662 3387 penitus
2694 3331 2801 3371 non
2831 3317 3022 3385 possit.
3079 3314 3135 3369 Si
3171 3314 3317 3369 enim
3351 3313 3653 3369 secundum
3698 3327 3763 3367 ea

2179 3426 2301 3481 qua:
2330 3410 2386 3464 in
2433 3408 2811 3479 superioribus
2840 3407 3229 3472 disseruimus,
3276 3407 3492 3461 videtur
3520 3405 3764 3476 Aposto-

2178 3504 2263 3559 lus
2289 3503 2654 3558 condemnare
2677 3500 2943 3571 gentiles,
2990 3515 3057 3556 ex
3089 3514 3156 3555 eo
3203 3499 3345 3570 quod
3392 3498 3628 3554 naturali
3677 3498 3763 3551 in-

2179 3595 2477 3667 telligentia
2501 3610 2627 3649 cum
2658 3592 3249 3664 cognovissentDeum,
3287 3605 3394 3645 non
3414 3591 3558 3646 sicut
3588 3589 3761 3643 Deum

2178 3684 2743 3759 magnilicaveruut“,
2759 3685 3029 3754 quomodo
3047 3699 3152 3738 non
3173 3692 3424 3753 putamus
3435 3682 3580 3754 quod
3594 3682 3759 3736 etiam

2177 3778 2493 3833 collaudare
2523 3792 2616 3833 eos
2642 3776 2848 3847 possit,
2879 3782 2935 3829 et
2981 3774 3215 3841 debeat,
3246 3775 3290 3828 si
3323 3774 3414 3844 qui
3471 3773 3525 3828 in
3556 3772 3640 3828 his
3663 3787 3762 3828 co-

2175 3879 2500 3940 gnoscentes
2528 3869 2721 3935 Deum,
2767 3868 2910 3923 sicut
2940 3866 3107 3922 Deum
3161 3865 3548 3938 magniﬁcent?
3586 3864 3761 3921 Dubi-

2175 3962 2278 4017 tari
2332 3963 2498 4033 igitur
2554 3977 2661 4016 non
2703 3971 2836 4031 puto
2888 3961 3032 4030 quod
3080 3960 3128 4015 is
3168 3960 3260 4029 qui
3295 3976 3393 4031 pro
3425 3959 3566 4013 malo
3593 3974 3761 4030 opere

2174 4054 2528 4110 condemnari
2557 4055 2871 4120 meruisset,
2910 4054 3050 4108 idem
3080 4054 3124 4107 si
3155 4063 3413 4123 Operatus
3439 4061 3587 4107 esset
3621 4067 3760 4122 opus

2174 4146 2376 4202 bonum
2407 4145 2544 4218 (86),
2576 4148 3014 4201 remuneratione
3041 4146 3165 4201 boni
3203 4146 3388 4216 operis
3432 4145 3628 4215 dignus
3666 4146 3764 4199 ha-

2175 4239 2416 4295 beretur.
2450 4240 2611 4296 Vides
2639 4240 2783 4294 enim
2817 4239 3092 4295 dicentem
3108 4238 3427 4308 Apostolum
3456 4237 3597 4309 (87),
3626 4238 3756 4308 quia

2181 4348 2202 4382 r
2240 4346 2431 4387 omnes
2474 4347 2573 4388 nos
2615 4341 2763 4387 stare
2801 4340 3020 4402 Oportet
3051 4342 3179 4385 ante
3239 4330 3477 4384 tribunal
3529 4330 3757 4395 ChriSIi,

2176 4434 2237 4481 ut
2280 4436 2526 4498 reportet
2580 4430 2955 4501 unusquisque
2992 4425 3216 4495 propria
3265 4423 3554 4493 corporis,
3593 4432 3760 4494 prout

564 4580 612 4612 ⁷⁸
646 4578 806 4653 Rom.
842 4597 905 4653 ll_,
939 4581 1030 4639 29.
1106 4584 1149 4613 '”
1190 4580 1346 4639 Joan.
1391 4600 1472 4649 ut,
1506 4587 1557 4641 5.
1635 4589 1680 4621 ⁷·
1717 4591 1837 4645 Act.
1862 4605 1934 4651 Iv,
1961 4590 2050 4646 12.

2203 4588 2362 4645 Rom.
2395 4588 2568 4651 11,Ι().
2643 4589 2690 4622 ⁷⁸
2721 4590 2853 4643 ibid.
2888 4588 2941 4641 7.
3014 4586 3223 4643 "Joan.
3245 4586 3474 4653 “1,20.
3550 4585 3597 4618 ⁷⁸
3615 4584 3754 4643 Luc.

490 4665 607 4724 xxi,
638 4651 753 4724 l9._
801 4650 1188 4724 "Joannxvtt.
1210 4653 1263 4724 5.
1342 4658 1387 4688 ⁷⁸
1411 4658 1569 4712 Rom.
1603 4674 1663 4724 ll,
1696 4660 1750 4717 7.

492 4722 581 4777 15.
656 4721 989 4789 "Joan.tu,
1029 4723 1082 4778 5.
1152 4722 1378 4781 8‘Rom.
1406 4728 1559 4794 1,21.

1847 4660 1890 4692 "
1906 4658 2064 4717 Joan.

2181 4677 2217 4728 Ι,
2254 4660 2309 4716 6.
2386 4660 2432 4692 ⁸⁸
2469 4658 2631 4714 Rom.
2673 4674 2734 4725 II,
2772 4659 2827 4724 8,
2860 4660 2916 4714 9.
2990 4658 3035 4689 ⁸¹
3059 4658 3196 4714 ibid.
3231 4658 3324 4712 10.
3400 4658 3445 4689 θ’
3492 4656 3625 4712 ibid.
3663 4656 3752 4720 Η,

563 4813 679 4890 (7_8)
703 4815 866 4881 Editi,
891 4835 910 4867 ι
941 4817 1084 4885 quod
1112 4830 1278 4890 supra
1306 4818 1546 4874 diximus
1569 4829 1623 4875 et
1650 4821 2065 4890 exposuimus...
2100 4822 2145 4879 D
2175 4815 2368 4890 Caneri
2404 4829 2534 4871 vero
2564 4815 2696 4890 editi
2717 4826 2773 4870 et
2799 4830 2903 4870 ms.
2929 4813 3217 4882 unus;al.,
3247 4834 3266 4867 ι
3295 4816 3696 4885 commonitus;
3727 4837 3749 4869 ι

492 4886 634 4959 apu_d
660 4886 803 4955 quos
834 4899 1106 4959 martyres
1143 4887 1392 4959 iuerint:
1437 4907 1456 4941 ι
1530 4892 1622 4945 sed
1685 4886 1875 4946 omnes
1928 4906 2061 4945 mss.

490 4966 549 5031 et
581 4955 928 5031 Rabanusut
965 4955 1224 5031 intexto.
1260 4958 1469 5031 Deinde
1501 4975 1633 5031 mss.
1664 4963 1932 5031 plerique,
1964 4961 2064 5015 lla-

491 5025 669 5102 banus
692 5036 749 5082 et
771 5028 974 5102 editi,__¢
1004 5027 1276 5102 Probatur
1304 5047 1323 5080 ι
1349 5029 1452 5102 _(al.
1477 5050 1495 5081 ι
1521 5025 1851 5102 Prohantur)
1883 5041 2063 5102 autem

490 5098 867 5172 etiam,‘gietc.
920 5097 1035 5172 Sed
1079 5098 1285 5172 rectior
1312 5099 1527 5172 videtur
1568 5102 1734 5156 lectio
1766 5097 1872 5156 ms.
1907 5100 2060 5172 Regii

492 5166 832 5237 nttm.i659,
870 5187 891 5221 ι
922 5168 1183 5237 probatur
1206 5169 1259 5223 id
1291 5171 1475 5232 etiam,
1507 5190 1525 5222 ι
1562 5182 1673 5228 etc.

561 5235 674 5309 (79)
710 5239 787 5294 Ita
835 5235 990 5305 editi,
1033 5247 1089 5294 et
1132 5236 1216 5309 sic
1243 5238 1545 5309 legendum
1581 5242 1817 5296 videtur.
1860 5241 2063 5297 Omnes

489 5306 675 5432 iumen
706 5324 840 5366 mss.
864 5310 1038 5365 nostri
1067 5317 1124 5364 et
1154 5306 1437 5377 Rabaims,
1462 5322 1576 5367 «est
1603 5313 1768 5384 igitur
1794 5312 2065 5383 plurimus

511 5393 599 5432 uc.
622 5397 641 5430 ι
668 5389 776 5432 etc.

511 5393 599 5442 uc,
622 5397 641 5430 ι
668 5389 776 5436 etc.

561 5448 674 5524 (80)
722 5450 894 5524 Alias,
947 5469 967 5502 ι
1013 5451 1285 5507 bonorum
1331 5453 1506 5509 omnis
1552 5465 1634 5509 est
1681 5452 1988 5524 plenitudo,
2038 5472 2058 5507 ι

488 5520 622 5574 editi
654 5520 915 5577 omittunt
935 5541 955 5574 ι
980 5532 1086 5578 est.
1120 5541 1141 5576 ι

426 5600 429 5603 ‘
560 5590 676 5666 (8i)
700 5590 799 5648 Ms.
831 5590 1032 5666 Regius
1068 5609 1220 5649 num.
1247 5593 1419 5666 71639,
1457 5613 1477 5646 ι
1510 5596 1659 5648 omni
1694 5596 1901 5651 homini
1934 5611 2065 5666 ope-

487 5662 658 5728 ranti,
708 5681 726 5712 ι
773 5672 883 5719 etc.
919 5662 1026 5718 Sed
1075 5665 1258 5720 caeteri
1290 5682 1422 5722 mss.
1467 5675 1523 5721 et
1552 5667 1680 5720 editi
1721 5667 1863 5721 utin
1893 5662 2065 5722 textu.

489 5727 769 5805 “abantis,
796 5748 1102 5804 perperam,
1131 5753 1152 5786 ‹
1182 5737 1330 5790 omni
1364 5736 1418 5790 in
1453 5752 1539 5790 me
1580 5738 1850 5805 operanti,
1887 5758 1906 5789 ι
1955 5748 2063 5792 etc.

561 5799 673 5872 (82)
711 5799 808 5859 Sic
836 5799 970 5860 is.
1010 5807 1281 5878 plerique,
1311 5805 1570 5865 Rabanus
1615 5799 1669 5863 et
1714 5799 2063 5865 Salodianus.

2173 4889 2269 4947 al.,
2300 4905 2320 4939 ι
2349 4886 2740 4942 communitus.
2767 4903 2787 4938 ι

2244 4956 2357 5030 (85)
2400 4975 2421 5030 ε
2455 4954 2628 5026 Opus.
2661 4956 2767 5030 )_|n
2800 4954 2969 5030 editis
3000 4956 3289 5030 omittitur.

2245 5024 2361 5099 (84)
2399 5024 2631 5099 lita—ms.
2681 5026 2893 5099 Regius,
2938 5027 3297 5099 uum.‘1659.
3344 5024 3756 5099 Αιιετίιὶθςίιιε

2173 5095 2494 5152 ηυὶιιζίϐΜ
2532 5098 2719 5163 habet,
2749 5095 2786 5147 ι’
2802 5098 2897 5151 sed
2920 5106 2976 5149 et
2998 5098 3042 5151 si
3070 5095 3293 5151 Graecus
3439 5095 3701 5163 quicum,
3725 5117 3747 5151 ι

2172 5178 2279 5222 etc.
2321 5168 2515 5224 Caneri
2551 5183 2711 5233 mss.,
2739 5166 2999 5222 Rabanus
3041 5177 3097 5222 et
3127 5168 3280 5232 editi,
3329 5184 3349 5218 ο
3389 5168 3483 5222 sed
3511 5176 3565 5221 et
3601 5168 3755 5224 Grae-

2172 5253 2272 5292 cus
2413 5239 2507 5303 qui
2542 5253 2687 5304 cum,
2719 5260 2738 5290 ο
2772 5250 2880 5296 etc.
3746 5241 3756 5252 '

2244 5308 2356 5381 (85)
2390 5309 2867 5383 «Tamen.»_Deest
2896 5312 2948 5363 in
2969 5308 3131 5383 editis
3149 5318 3202 5362 et
3231 5308 3575 5383 inplerisque
3596 5324 3707 5383 mss
3736 5349 3753 5374 ,

2171 5394 2383 5501 Becnon
2414 5392 2470 5435 et
2504 5380 2644 5449 apud
2679 5380 2963 5435 Rabanum
2990 5397 3006 5447 ;
3032 5380 3129 5434 sed
3175 5380 3485 5434 restituitur
3509 5395 3579 5434 ex
3614 5382 3753 5434 duo-

2211 5465 2275 5501 us
2306 5466 2440 5501 mss.

2211 5465 2275 5504 IIS
2306 5466 2440 5506 mss.

2247 5521 2363 5593 (86)
2391 5519 2559 5586 Editi,
2590 5539 2611 5573 ί
2647 5522 2789 5576 idem
2819 5521 2864 5577 si
2893 5531 3156 5591 operatur
3182 5521 3407 5593 bonum:
3439 5538 3460 5570 ι
3486 5518 3564 5593 ita
3587 5520 3754 5573 etiam

2176 5589 2458 5656 Rabanus,
2493 5593 2586 5660 qui
2618 5593 2821 5647 omittit
2866 5612 2886 5644 ι
2931 5589 3102 5647 idem.
3151 5611 3169 5642 ι
3232 5591 3331 5645 Ms.
3371 5590 3577 5660 Regius
3599 5606 3752 5643 num.

2178 5663 2337 5728 1659,
2383 5682 2403 5716 ί
2434 5663 2576 5717 idem
2609 5665 2656 5718 si
2694 5674 3021 5733 nperaretur
3062 5664 3289 5717 bonum.
3345 5680 3366 5714 ι
3421 5661 3526 5716 Sed
3566 5672 3751 5718 cteten

2175 5749 2307 5789 mss.
2344 5745 2403 5788 ut
2432 5734 2485 5787 in
2517 5742 2705 5789 nostro
2730 5743 2900 5789 texto.

2248 5805 2363 5878 (87)
2395 5808 2475 5863 Ita
2515 5820 2651 5862 mss.
2705 5803 2955 5875 plerique
2998 5812 3053 5860 et
3088 5803 3368 5861 Rabanus.
3422 5802 3750 5860 Salodianus
