  <div class='ocr_page' id='page_1' title='image "/cluster/home/n/w/nwhite01/storage/ocr_20150623/14:no.4/coo.31924054872928/456.png"; bbox 0 0 4170 6358; ppageno 0'>
   <div class='ocr_carea' id='block_1_1' title="bbox 393 339 498 395">
    <p class='ocr_par' dir='ltr' id='par_1_1' title="bbox 393 339 498 395">
     <span class='ocr_line' id='line_1_1' title="bbox 393 339 498 395; baseline -0.019 0"><span class='ocrx_word' id='word_1_1' title='bbox 393 339 498 395; x_wconf 77' lang='lat'><strong>889</strong></span> 
     </span>
    </p>
   </div>
   <div class='ocr_carea' id='block_1_2' title="bbox 1345 311 2696 386">
    <p class='ocr_par' dir='ltr' id='par_1_2' title="bbox 1345 311 2696 386">
     <span class='ocr_line' id='line_1_2' title="bbox 1345 311 2696 386; baseline -0.015 0"><span class='ocrx_word' id='word_1_2' title='bbox 1345 326 1706 386; x_wconf 81' lang='lat' dir='ltr'><strong>COMMENT.</strong></span> <span class='ocrx_word' id='word_1_3' title='bbox 1746 323 1813 381; x_wconf 81' lang='lat' dir='ltr'><strong>IN</strong></span> <span class='ocrx_word' id='word_1_4' title='bbox 1857 320 2077 378; x_wconf 85' lang='lat' dir='ltr'><strong>EPIST.</strong></span> <span class='ocrx_word' id='word_1_5' title='bbox 2119 319 2211 375; x_wconf 84' lang='lat' dir='ltr'><strong>AD</strong></span> <span class='ocrx_word' id='word_1_6' title='bbox 2249 315 2419 373; x_wconf 82' lang='lat' dir='ltr'><strong>ROM.</strong></span> <span class='ocrx_word' id='word_1_7' title='bbox 2462 313 2589 369; x_wconf 86' lang='lat' dir='ltr'><strong>LIB.</strong></span> <span class='ocrx_word' id='word_1_8' title='bbox 2630 311 2696 367; x_wconf 87' lang='lat' dir='ltr'><strong>II.</strong></span> 
     </span>
    </p>
   </div>
   <div class='ocr_carea' id='block_1_3' title="bbox 3550 302 3657 357">
    <p class='ocr_par' dir='ltr' id='par_1_3' title="bbox 3550 302 3657 357">
     <span class='ocr_line' id='line_1_3' title="bbox 3550 302 3657 357; baseline 0.019 -2"><span class='ocrx_word' id='word_1_9' title='bbox 3550 302 3657 357; x_wconf 73' lang='lat'><strong>89&#39;)</strong></span> 
     </span>
    </p>
   </div>
   <div class='ocr_carea' id='block_1_4' title="bbox 394 423 3656 529">
    <p class='ocr_par' dir='ltr' id='par_1_4' title="bbox 394 423 3656 529">
     <span class='ocr_line' id='line_1_4' title="bbox 394 423 3656 529; baseline -0.012 -15"><span class='ocrx_word' id='word_1_10' title='bbox 394 458 588 529; x_wconf 87' lang='lat' dir='ltr'><strong>gessit,</strong></span> <span class='ocrx_word' id='word_1_11' title='bbox 639 455 753 512; x_wconf 88' lang='lat' dir='ltr'><strong>sive</strong></span> <span class='ocrx_word' id='word_1_12' title='bbox 798 454 1023 518; x_wconf 88' lang='lat' dir='ltr'><strong>bonum,</strong></span> <span class='ocrx_word' id='word_1_13' title='bbox 1072 451 1187 507; x_wconf 88' lang='lat' dir='ltr'><strong>sive</strong></span> <span class='ocrx_word' id='word_1_14' title='bbox 1233 451 1432 505; x_wconf 91' lang='lat' dir='ltr'><strong>malum</strong></span> <span class='ocrx_word' id='word_1_15' title='bbox 1474 450 1541 503; x_wconf 80' lang='grc'><strong>⁸⁵.</strong></span> <span class='ocrx_word' id='word_1_16' title='bbox 1570 471 1588 502; x_wconf 75' lang='grc' dir='ltr'><strong>ι</strong></span> <span class='ocrx_word' id='word_1_17' title='bbox 1642 449 1771 503; x_wconf 87' lang='lat' dir='ltr'><strong>lude</strong></span> <span class='ocrx_word' id='word_1_18' title='bbox 1827 444 1975 500; x_wconf 85' lang='lat' dir='ltr'><strong>deni—</strong></span> <span class='ocrx_word' id='word_1_19' title='bbox 2003 448 2050 505; x_wconf 80' lang='grc' dir='ltr'><strong>Α</strong></span> <span class='ocrx_word' id='word_1_20' title='bbox 2077 459 2172 513; x_wconf 88' lang='lat' dir='ltr'><strong>per</strong></span> <span class='ocrx_word' id='word_1_21' title='bbox 2203 444 2320 497; x_wconf 71' lang='lat' dir='ltr'><strong>hrec</strong></span> <span class='ocrx_word' id='word_1_22' title='bbox 2351 438 2657 496; x_wconf 77' lang='lat' dir='ltr'><strong>evidentior</strong></span> <span class='ocrx_word' id='word_1_23' title='bbox 2692 435 2789 489; x_wconf 97' lang='lat' dir='ltr'><strong>ﬁat</strong></span> <span class='ocrx_word' id='word_1_24' title='bbox 2818 429 3133 502; x_wconf 69' lang='lat' dir='ltr'><strong>explanatio</strong></span> <span class='ocrx_word' id='word_1_25' title='bbox 3175 424 3448 497; x_wconf 90' lang='lat' dir='ltr'><strong>quomodo</strong></span> <span class='ocrx_word' id='word_1_26' title='bbox 3486 423 3656 478; x_wconf 68' lang='lat' dir='ltr'><strong>Jtltltt‘i</strong></span> 
     </span>
    </p>
   </div>
   <div class='ocr_carea' id='block_1_5' title="bbox 396 538 1971 619">
    <p class='ocr_par' dir='ltr' id='par_1_5' title="bbox 396 538 1971 619">
     <span class='ocr_line' id='line_1_5' title="bbox 396 538 1971 619; baseline -0.005 -19"><span class='ocrx_word' id='word_1_27' title='bbox 396 562 503 619; x_wconf 89' lang='lat' dir='ltr'><strong>que</strong></span> <span class='ocrx_word' id='word_1_28' title='bbox 527 554 610 599; x_wconf 90' lang='lat' dir='ltr'><strong>est</strong></span> <span class='ocrx_word' id='word_1_29' title='bbox 638 545 782 613; x_wconf 91' lang='lat' dir='ltr'><strong>quod</strong></span> <span class='ocrx_word' id='word_1_30' title='bbox 809 552 865 598; x_wconf 87' lang='lat' dir='ltr'><strong>et</strong></span> <span class='ocrx_word' id='word_1_31' title='bbox 892 544 947 598; x_wconf 89' lang='lat' dir='ltr'><strong>in</strong></span> <span class='ocrx_word' id='word_1_32' title='bbox 982 544 1085 597; x_wconf 92' lang='lat' dir='ltr'><strong>hoc</strong></span> <span class='ocrx_word' id='word_1_33' title='bbox 1118 542 1237 597; x_wconf 90' lang='lat' dir='ltr'><strong>loco</strong></span> <span class='ocrx_word' id='word_1_34' title='bbox 1278 540 1554 611; x_wconf 88' lang='lat' dir='ltr'><strong>subjungit</strong></span> <span class='ocrx_word' id='word_1_35' title='bbox 1586 559 1601 595; x_wconf 91' lang='lat'><strong>:</strong></span> <span class='ocrx_word' id='word_1_36' title='bbox 1639 557 1657 590; x_wconf 79' lang='grc' dir='ltr'><strong>ι</strong></span> <span class='ocrx_word' id='word_1_37' title='bbox 1687 538 1802 594; x_wconf 90' lang='lat' dir='ltr'><strong>Non</strong></span> <span class='ocrx_word' id='word_1_38' title='bbox 1825 540 1971 592; x_wconf 90' lang='lat' dir='ltr'><strong>enim</strong></span> 
     </span>
    </p>
   </div>
   <div class='ocr_carea' id='block_1_6' title="bbox 397 632 1963 709">
    <p class='ocr_par' dir='ltr' id='par_1_6' title="bbox 397 632 1963 709">
     <span class='ocr_line' id='line_1_6' title="bbox 397 632 1963 709; baseline -0.005 -16"><span class='ocrx_word' id='word_1_39' title='bbox 397 651 755 709; x_wconf 90' lang='lat' dir='ltr'><strong>personarum</strong></span> <span class='ocrx_word' id='word_1_40' title='bbox 799 635 1045 705; x_wconf 75' lang='lat' dir='ltr'><strong>acceptio</strong></span> <span class='ocrx_word' id='word_1_41' title='bbox 1082 643 1165 689; x_wconf 91' lang='lat' dir='ltr'><strong>est</strong></span> <span class='ocrx_word' id='word_1_42' title='bbox 1197 634 1336 703; x_wconf 87' lang='lat' dir='ltr'><strong>apud</strong></span> <span class='ocrx_word' id='word_1_43' title='bbox 1386 635 1549 687; x_wconf 87' lang='lat' dir='ltr'><strong>Deum</strong></span> <span class='ocrx_word' id='word_1_44' title='bbox 1584 634 1650 686; x_wconf 78' lang='grc'><strong>⁸⁸.</strong></span> <span class='ocrx_word' id='word_1_45' title='bbox 1681 652 1699 684; x_wconf 74' lang='grc' dir='ltr'><strong>ι</strong></span> <span class='ocrx_word' id='word_1_46' title='bbox 1727 633 1879 699; x_wconf 82' lang='lat' dir='ltr'><strong>Quod</strong></span> <span class='ocrx_word' id='word_1_47' title='bbox 1920 632 1963 686; x_wconf 91' lang='lat' dir='ltr'><strong>si</strong></span> 
     </span>
    </p>
   </div>
   <div class='ocr_carea' id='block_1_7' title="bbox 400 724 1973 794">
    <p class='ocr_par' dir='ltr' id='par_1_7' title="bbox 400 724 1973 794">
     <span class='ocr_line' id='line_1_7' title="bbox 400 724 1973 794; baseline -0.004 -11"><span class='ocrx_word' id='word_1_48' title='bbox 400 730 572 784; x_wconf 86' lang='lat' dir='ltr'><strong>adhuc</strong></span> <span class='ocrx_word' id='word_1_49' title='bbox 597 729 692 783; x_wconf 93' lang='lat' dir='ltr'><strong>tibi</strong></span> <span class='ocrx_word' id='word_1_50' title='bbox 729 727 949 783; x_wconf 88' lang='lat' dir='ltr'><strong>dubium</strong></span> <span class='ocrx_word' id='word_1_51' title='bbox 980 727 1215 792; x_wconf 90' lang='lat' dir='ltr'><strong>videtur,</strong></span> <span class='ocrx_word' id='word_1_52' title='bbox 1240 726 1365 779; x_wconf 90' lang='lat' dir='ltr'><strong>audi</strong></span> <span class='ocrx_word' id='word_1_53' title='bbox 1401 737 1456 780; x_wconf 91' lang='lat' dir='ltr'><strong>et</strong></span> <span class='ocrx_word' id='word_1_54' title='bbox 1483 725 1673 779; x_wconf 84' lang='lat' dir='ltr'><strong>Petrus</strong></span> <span class='ocrx_word' id='word_1_55' title='bbox 1699 724 1827 792; x_wconf 90' lang='lat' dir='ltr'><strong>quid</strong></span> <span class='ocrx_word' id='word_1_56' title='bbox 1859 724 1973 794; x_wconf 83' lang='lat'><strong>(88)</strong></span> 
     </span>
    </p>
   </div>
   <div class='ocr_carea' id='block_1_8' title="bbox 403 816 1974 887">
    <p class='ocr_par' dir='ltr' id='par_1_8' title="bbox 403 816 1974 887">
     <span class='ocr_line' id='line_1_8' title="bbox 403 816 1974 887; baseline -0.003 -15"><span class='ocrx_word' id='word_1_57' title='bbox 403 819 455 872; x_wconf 92' lang='lat' dir='ltr'><strong>in</strong></span> <span class='ocrx_word' id='word_1_58' title='bbox 488 817 713 872; x_wconf 88' lang='lat' dir='ltr'><strong>Actibus</strong></span> <span class='ocrx_word' id='word_1_59' title='bbox 733 817 1093 886; x_wconf 82' lang='lat' dir='ltr'><strong>apostolorum</strong></span> <span class='ocrx_word' id='word_1_60' title='bbox 1122 816 1454 885; x_wconf 92' lang='lat' dir='ltr'><strong>pronuntiet,</strong></span> <span class='ocrx_word' id='word_1_61' title='bbox 1478 832 1600 871; x_wconf 92' lang='lat' dir='ltr'><strong>cum</strong></span> <span class='ocrx_word' id='word_1_62' title='bbox 1626 817 1693 870; x_wconf 86' lang='lat' dir='ltr'><strong>ad</strong></span> <span class='ocrx_word' id='word_1_63' title='bbox 1719 816 1974 887; x_wconf 85' lang='lat' dir='ltr'><strong>gentilem</strong></span> 
     </span>
    </p>
   </div>
   <div class='ocr_carea' id='block_1_9' title="bbox 400 904 1973 974">
    <p class='ocr_par' dir='ltr' id='par_1_9' title="bbox 400 904 1973 974">
     <span class='ocr_line' id='line_1_9' title="bbox 400 904 1973 974; baseline -0.001 -14"><span class='ocrx_word' id='word_1_64' title='bbox 400 905 705 960; x_wconf 89' lang='lat' dir='ltr'><strong>Cornelium</strong></span> <span class='ocrx_word' id='word_1_65' title='bbox 743 904 1273 974; x_wconf 81' lang='lat' dir='ltr'><strong>fuissetingressus:</strong></span> <span class='ocrx_word' id='word_1_66' title='bbox 1317 924 1335 955; x_wconf 78' lang='grc' dir='ltr'>σ</span> <span class='ocrx_word' id='word_1_67' title='bbox 1364 905 1740 974; x_wconf 88' lang='lat' dir='ltr'><strong>Compertum,</strong></span> <span class='ocrx_word' id='word_1_68' title='bbox 1778 906 1973 974; x_wconf 85' lang='lat' dir='ltr'><strong>inquit,</strong></span> 
     </span>
    </p>
   </div>
   <div class='ocr_carea' id='block_1_10' title="bbox 405 995 1977 1067">
    <p class='ocr_par' dir='ltr' id='par_1_10' title="bbox 405 995 1977 1067">
     <span class='ocr_line' id='line_1_10' title="bbox 405 995 1977 1067; baseline 0.003 -17"><span class='ocrx_word' id='word_1_69' title='bbox 405 997 575 1051; x_wconf 84' lang='lat' dir='ltr'><strong>habeo</strong></span> <span class='ocrx_word' id='word_1_70' title='bbox 609 997 754 1064; x_wconf 91' lang='lat' dir='ltr'><strong>quod</strong></span> <span class='ocrx_word' id='word_1_71' title='bbox 792 995 932 1051; x_wconf 84' lang='lat' dir='ltr'><strong>Deus</strong></span> <span class='ocrx_word' id='word_1_72' title='bbox 962 1011 1318 1065; x_wconf 74' lang='lat' dir='ltr'><strong>personarum</strong></span> <span class='ocrx_word' id='word_1_73' title='bbox 1347 1008 1601 1067; x_wconf 88' lang='lat' dir='ltr'><strong>acceptor</strong></span> <span class='ocrx_word' id='word_1_74' title='bbox 1627 1013 1730 1051; x_wconf 92' lang='lat' dir='ltr'><strong>non</strong></span> <span class='ocrx_word' id='word_1_75' title='bbox 1755 1007 1857 1063; x_wconf 91' lang='lat' dir='ltr'><strong>est,</strong></span> <span class='ocrx_word' id='word_1_76' title='bbox 1883 1001 1977 1054; x_wconf 90' lang='lat' dir='ltr'><strong>sed</strong></span> 
     </span>
    </p>
   </div>
   <div class='ocr_carea' id='block_1_11' title="bbox 404 1087 1975 1160">
    <p class='ocr_par' dir='ltr' id='par_1_11' title="bbox 404 1087 1975 1160">
     <span class='ocr_line' id='line_1_11' title="bbox 404 1087 1975 1160; baseline 0.002 -19"><span class='ocrx_word' id='word_1_77' title='bbox 404 1088 458 1141; x_wconf 93' lang='lat' dir='ltr'><strong>iu</strong></span> <span class='ocrx_word' id='word_1_78' title='bbox 497 1088 643 1141; x_wconf 90' lang='lat' dir='ltr'><strong>omni</strong></span> <span class='ocrx_word' id='word_1_79' title='bbox 685 1087 819 1149; x_wconf 89' lang='lat' dir='ltr'><strong>loco,</strong></span> <span class='ocrx_word' id='word_1_80' title='bbox 858 1097 913 1143; x_wconf 92' lang='lat' dir='ltr'><strong>et</strong></span> <span class='ocrx_word' id='word_1_81' title='bbox 947 1087 1002 1141; x_wconf 89' lang='lat' dir='ltr'><strong>in</strong></span> <span class='ocrx_word' id='word_1_82' title='bbox 1041 1087 1189 1141; x_wconf 92' lang='lat' dir='ltr'><strong>omni</strong></span> <span class='ocrx_word' id='word_1_83' title='bbox 1220 1098 1403 1160; x_wconf 88' lang='lat' dir='ltr'><strong>gente,</strong></span> <span class='ocrx_word' id='word_1_84' title='bbox 1436 1088 1526 1157; x_wconf 92' lang='lat' dir='ltr'><strong>qui</strong></span> <span class='ocrx_word' id='word_1_85' title='bbox 1563 1089 1695 1143; x_wconf 81' lang='lat' dir='ltr'><strong>facit</strong></span> <span class='ocrx_word' id='word_1_86' title='bbox 1722 1089 1975 1146; x_wconf 89' lang='lat' dir='ltr'><strong>volunta-</strong></span> 
     </span>
    </p>
   </div>
   <div class='ocr_carea' id='block_1_12' title="bbox 406 1174 1980 1251">
    <p class='ocr_par' dir='ltr' id='par_1_12' title="bbox 406 1174 1980 1251">
     <span class='ocr_line' id='line_1_12' title="bbox 406 1174 1980 1251; baseline 0.006 -24"><span class='ocrx_word' id='word_1_87' title='bbox 406 1184 511 1228; x_wconf 90' lang='lat' dir='ltr'><strong>tem</strong></span> <span class='ocrx_word' id='word_1_88' title='bbox 542 1174 681 1241; x_wconf 87' lang='lat' dir='ltr'><strong>ejus,</strong></span> <span class='ocrx_word' id='word_1_89' title='bbox 710 1186 964 1245; x_wconf 88' lang='lat' dir='ltr'><strong>acceptus</strong></span> <span class='ocrx_word' id='word_1_90' title='bbox 995 1185 1081 1231; x_wconf 91' lang='lat' dir='ltr'><strong>est</strong></span> <span class='ocrx_word' id='word_1_91' title='bbox 1109 1178 1159 1231; x_wconf 91' lang='lat' dir='ltr'><strong>ei</strong></span> <span class='ocrx_word' id='word_1_92' title='bbox 1182 1178 1248 1231; x_wconf 80' lang='grc'><strong>⁸⁷.</strong></span> <span class='ocrx_word' id='word_1_93' title='bbox 1290 1198 1308 1230; x_wconf 77' lang='grc' dir='ltr'><strong>ι</strong></span> <span class='ocrx_word' id='word_1_94' title='bbox 1352 1178 1458 1232; x_wconf 87' lang='lat' dir='ltr'><strong>Sed</strong></span> <span class='ocrx_word' id='word_1_95' title='bbox 1489 1178 1652 1247; x_wconf 77' lang='lat' dir='ltr'><strong>objici</strong></span> <span class='ocrx_word' id='word_1_96' title='bbox 1699 1181 1856 1237; x_wconf 90' lang='lat' dir='ltr'><strong>nobis</strong></span> <span class='ocrx_word' id='word_1_97' title='bbox 1883 1197 1980 1251; x_wconf 89' lang='lat' dir='ltr'><strong>po-</strong></span> 
     </span>
    </p>
   </div>
   <div class='ocr_carea' id='block_1_13' title="bbox 407 1266 1975 1338">
    <p class='ocr_par' dir='ltr' id='par_1_13' title="bbox 407 1266 1975 1338">
     <span class='ocr_line' id='line_1_13' title="bbox 407 1266 1975 1338; baseline 0.005 -19"><span class='ocrx_word' id='word_1_98' title='bbox 407 1274 513 1320; x_wconf 91' lang='lat' dir='ltr'><strong>test</strong></span> <span class='ocrx_word' id='word_1_99' title='bbox 542 1266 671 1320; x_wconf 90' lang='lat' dir='ltr'><strong>illud</strong></span> <span class='ocrx_word' id='word_1_100' title='bbox 697 1268 840 1336; x_wconf 91' lang='lat' dir='ltr'><strong>quod</strong></span> <span class='ocrx_word' id='word_1_101' title='bbox 873 1268 1134 1324; x_wconf 87' lang='lat' dir='ltr'><strong>Dominus</strong></span> <span class='ocrx_word' id='word_1_102' title='bbox 1168 1270 1222 1323; x_wconf 92' lang='lat' dir='ltr'><strong>in</strong></span> <span class='ocrx_word' id='word_1_103' title='bbox 1260 1270 1556 1338; x_wconf 88' lang='lat' dir='ltr'><strong>Evangelio</strong></span> <span class='ocrx_word' id='word_1_104' title='bbox 1589 1272 1756 1328; x_wconf 85' lang='lat' dir='ltr'><strong>dicit:</strong></span> <span class='ocrx_word' id='word_1_105' title='bbox 1800 1292 1817 1326; x_wconf 79' lang='grc'><strong>(</strong></span> <span class='ocrx_word' id='word_1_106' title='bbox 1845 1275 1975 1329; x_wconf 83' lang='lat' dir='ltr'><strong>Om-</strong></span> 
     </span>
    </p>
   </div>
   <div class='ocr_carea' id='block_1_14' title="bbox 405 1358 1975 1433">
    <p class='ocr_par' dir='ltr' id='par_1_14' title="bbox 405 1358 1975 1433">
     <span class='ocr_line' id='line_1_14' title="bbox 405 1358 1975 1433; baseline 0.006 -23"><span class='ocrx_word' id='word_1_107' title='bbox 405 1358 488 1411; x_wconf 92' lang='lat' dir='ltr'><strong>nis</strong></span> <span class='ocrx_word' id='word_1_108' title='bbox 514 1358 605 1426; x_wconf 90' lang='lat' dir='ltr'><strong>qui</strong></span> <span class='ocrx_word' id='word_1_109' title='bbox 632 1359 805 1413; x_wconf 90' lang='lat' dir='ltr'><strong>credit</strong></span> <span class='ocrx_word' id='word_1_110' title='bbox 854 1360 908 1413; x_wconf 92' lang='lat' dir='ltr'><strong>in</strong></span> <span class='ocrx_word' id='word_1_111' title='bbox 956 1375 1064 1425; x_wconf 90' lang='lat' dir='ltr'><strong>me,</strong></span> <span class='ocrx_word' id='word_1_112' title='bbox 1113 1376 1221 1416; x_wconf 91' lang='lat' dir='ltr'><strong>non</strong></span> <span class='ocrx_word' id='word_1_113' title='bbox 1251 1362 1606 1431; x_wconf 88' lang='lat' dir='ltr'><strong>judicabitur.</strong></span> <span class='ocrx_word' id='word_1_114' title='bbox 1653 1365 1754 1433; x_wconf 86' lang='lat' dir='ltr'><strong>Qui</strong></span> <span class='ocrx_word' id='word_1_115' title='bbox 1793 1377 1975 1421; x_wconf 87' lang='lat' dir='ltr'><strong>autem</strong></span> 
     </span>
    </p>
   </div>
   <div class='ocr_carea' id='block_1_15' title="bbox 408 1453 1975 1526">
    <p class='ocr_par' dir='ltr' id='par_1_15' title="bbox 408 1453 1975 1526">
     <span class='ocr_line' id='line_1_15' title="bbox 408 1453 1975 1526; baseline 0.006 -22"><span class='ocrx_word' id='word_1_116' title='bbox 408 1467 515 1505; x_wconf 92' lang='lat' dir='ltr'><strong>non</strong></span> <span class='ocrx_word' id='word_1_117' title='bbox 549 1454 740 1514; x_wconf 89' lang='lat' dir='ltr'><strong>credit,</strong></span> <span class='ocrx_word' id='word_1_118' title='bbox 781 1454 892 1522; x_wconf 89' lang='lat' dir='ltr'><strong>jam</strong></span> <span class='ocrx_word' id='word_1_119' title='bbox 937 1453 1215 1520; x_wconf 91' lang='lat' dir='ltr'><strong>judicatus</strong></span> <span class='ocrx_word' id='word_1_120' title='bbox 1252 1464 1359 1523; x_wconf 89' lang='lat' dir='ltr'><strong>est,</strong></span> <span class='ocrx_word' id='word_1_121' title='bbox 1401 1459 1526 1526; x_wconf 83' lang='lat' dir='ltr'><strong>quia</strong></span> <span class='ocrx_word' id='word_1_122' title='bbox 1562 1474 1665 1512; x_wconf 91' lang='lat' dir='ltr'><strong>non</strong></span> <span class='ocrx_word' id='word_1_123' title='bbox 1718 1460 1895 1513; x_wconf 87' lang='lat' dir='ltr'><strong>credit</strong></span> <span class='ocrx_word' id='word_1_124' title='bbox 1923 1460 1975 1512; x_wconf 91' lang='lat' dir='ltr'><strong>in</strong></span> 
     </span>
    </p>
   </div>
   <div class='ocr_carea' id='block_1_16' title="bbox 406 1542 1980 1618">
    <p class='ocr_par' dir='ltr' id='par_1_16' title="bbox 406 1542 1980 1618">
     <span class='ocr_line' id='line_1_16' title="bbox 406 1542 1980 1618; baseline 0.006 -24"><span class='ocrx_word' id='word_1_125' title='bbox 406 1542 627 1597; x_wconf 91' lang='lat' dir='ltr'><strong>nomine</strong></span> <span class='ocrx_word' id='word_1_126' title='bbox 658 1544 921 1613; x_wconf 85' lang='lat' dir='ltr'><strong>uuigeuiti</strong></span> <span class='ocrx_word' id='word_1_127' title='bbox 958 1543 1079 1597; x_wconf 79' lang='lat' dir='ltr'><strong>Filii</strong></span> <span class='ocrx_word' id='word_1_128' title='bbox 1117 1544 1209 1599; x_wconf 89' lang='lat' dir='ltr'><strong>Dei</strong></span> <span class='ocrx_word' id='word_1_129' title='bbox 1233 1545 1300 1598; x_wconf 80' lang='grc'><strong>⁸⁸.</strong></span> <span class='ocrx_word' id='word_1_130' title='bbox 1334 1564 1352 1597; x_wconf 77' lang='grc' dir='ltr'><strong>ι</strong></span> <span class='ocrx_word' id='word_1_131' title='bbox 1386 1544 1492 1601; x_wconf 88' lang='lat' dir='ltr'><strong>Sed</strong></span> <span class='ocrx_word' id='word_1_132' title='bbox 1518 1546 1798 1602; x_wconf 84' lang='lat' dir='ltr'><strong>videamus</strong></span> <span class='ocrx_word' id='word_1_133' title='bbox 1840 1564 1980 1618; x_wconf 85' lang='lat' dir='ltr'><strong>quo-</strong></span> 
     </span>
    </p>
   </div>
   <div class='ocr_carea' id='block_1_17' title="bbox 407 1633 1980 1704">
    <p class='ocr_par' dir='ltr' id='par_1_17' title="bbox 407 1633 1980 1704">
     <span class='ocr_line' id='line_1_17' title="bbox 407 1633 1980 1704; baseline 0.004 -19"><span class='ocrx_word' id='word_1_134' title='bbox 407 1633 569 1687; x_wconf 84' lang='lat' dir='ltr'><strong>modo</strong></span> <span class='ocrx_word' id='word_1_135' title='bbox 597 1649 702 1687; x_wconf 94' lang='lat' dir='ltr'><strong>non</strong></span> <span class='ocrx_word' id='word_1_136' title='bbox 724 1633 1034 1702; x_wconf 88' lang='lat' dir='ltr'><strong>judicamur</strong></span> <span class='ocrx_word' id='word_1_137' title='bbox 1060 1635 1152 1704; x_wconf 88' lang='lat' dir='ltr'><strong>qui</strong></span> <span class='ocrx_word' id='word_1_138' title='bbox 1173 1636 1449 1690; x_wconf 90' lang='lat' dir='ltr'><strong>credimus</strong></span> <span class='ocrx_word' id='word_1_139' title='bbox 1464 1635 1708 1702; x_wconf 85' lang='lat' dir='ltr'><strong>Christo,</strong></span> <span class='ocrx_word' id='word_1_140' title='bbox 1740 1648 1801 1692; x_wconf 92' lang='lat' dir='ltr'><strong>ut</strong></span> <span class='ocrx_word' id='word_1_141' title='bbox 1834 1639 1980 1693; x_wconf 87' lang='lat' dir='ltr'><strong>scia-</strong></span> 
     </span>
    </p>
   </div>
   <div class='ocr_carea' id='block_1_18' title="bbox 405 1727 1975 1797">
    <p class='ocr_par' dir='ltr' id='par_1_18' title="bbox 405 1727 1975 1797">
     <span class='ocr_line' id='line_1_18' title="bbox 405 1727 1975 1797; baseline 0.003 -18"><span class='ocrx_word' id='word_1_142' title='bbox 405 1739 525 1781; x_wconf 88' lang='lat' dir='ltr'><strong>mus</strong></span> <span class='ocrx_word' id='word_1_143' title='bbox 556 1728 826 1795; x_wconf 91' lang='lat' dir='ltr'><strong>quomodo</strong></span> <span class='ocrx_word' id='word_1_144' title='bbox 875 1737 931 1781; x_wconf 92' lang='lat' dir='ltr'><strong>et</strong></span> <span class='ocrx_word' id='word_1_145' title='bbox 1008 1727 1095 1781; x_wconf 89' lang='lat' dir='ltr'><strong>ille</strong></span> <span class='ocrx_word' id='word_1_146' title='bbox 1135 1727 1248 1796; x_wconf 89' lang='lat' dir='ltr'><strong>jam</strong></span> <span class='ocrx_word' id='word_1_147' title='bbox 1296 1727 1575 1796; x_wconf 86' lang='lat' dir='ltr'><strong>judicatus</strong></span> <span class='ocrx_word' id='word_1_148' title='bbox 1620 1729 1691 1782; x_wconf 90' lang='lat' dir='ltr'><strong>sit</strong></span> <span class='ocrx_word' id='word_1_149' title='bbox 1721 1729 1815 1797; x_wconf 88' lang='lat' dir='ltr'><strong>qui</strong></span> <span class='ocrx_word' id='word_1_150' title='bbox 1871 1744 1975 1783; x_wconf 93' lang='lat' dir='ltr'><strong>non</strong></span> 
     </span>
    </p>
   </div>
   <div class='ocr_carea' id='block_1_19' title="bbox 2079 511 3658 605">
    <p class='ocr_par' dir='ltr' id='par_1_19' title="bbox 2079 511 3658 605">
     <span class='ocr_line' id='line_1_19' title="bbox 2079 511 3658 605; baseline -0.015 -17"><span class='ocrx_word' id='word_1_151' title='bbox 2079 511 2278 605; x_wconf 84' lang='lat' dir='ltr'><strong>primo,</strong></span> <span class='ocrx_word' id='word_1_152' title='bbox 2330 529 2525 585; x_wconf 89' lang='lat' dir='ltr'><strong>deinde</strong></span> <span class='ocrx_word' id='word_1_153' title='bbox 2561 525 2736 581; x_wconf 70' lang='lat' dir='ltr'><strong>Graeci</strong></span> <span class='ocrx_word' id='word_1_154' title='bbox 2788 528 3070 592; x_wconf 86' lang='lat' dir='ltr'><strong>ponuntur</strong></span> <span class='ocrx_word' id='word_1_155' title='bbox 3112 518 3182 572; x_wconf 87' lang='lat' dir='ltr'><strong>ab</strong></span> <span class='ocrx_word' id='word_1_156' title='bbox 3230 513 3511 585; x_wconf 83' lang='lat' dir='ltr'><strong>Apostoio.</strong></span> <span class='ocrx_word' id='word_1_157' title='bbox 3549 511 3658 566; x_wconf 87' lang='lat' dir='ltr'><strong>Sed</strong></span> 
     </span>
    </p>
   </div>
   <div class='ocr_carea' id='block_1_20' title="bbox 2080 607 3657 686">
    <p class='ocr_par' dir='ltr' id='par_1_20' title="bbox 2080 607 3657 686">
     <span class='ocr_line' id='line_1_20' title="bbox 2080 607 3657 686; baseline -0.021 -4"><span class='ocrx_word' id='word_1_158' title='bbox 2080 636 2261 681; x_wconf 89' lang='lat' dir='ltr'><strong>tamen</strong></span> <span class='ocrx_word' id='word_1_159' title='bbox 2287 626 2337 678; x_wconf 94' lang='lat' dir='ltr'><strong>in</strong></span> <span class='ocrx_word' id='word_1_160' title='bbox 2356 621 2586 678; x_wconf 89' lang='lat' dir='ltr'><strong>arbitrio</strong></span> <span class='ocrx_word' id='word_1_161' title='bbox 2604 617 2839 686; x_wconf 84' lang='lat' dir='ltr'><strong>legentis</strong></span> <span class='ocrx_word' id='word_1_162' title='bbox 2862 615 2936 669; x_wconf 88' lang='lat' dir='ltr'><strong>sit</strong></span> <span class='ocrx_word' id='word_1_163' title='bbox 2952 611 3188 682; x_wconf 87' lang='lat' dir='ltr'><strong>probare</strong></span> <span class='ocrx_word' id='word_1_164' title='bbox 3200 624 3321 677; x_wconf 66' lang='lat' dir='ltr'><strong>quae</strong></span> <span class='ocrx_word' id='word_1_165' title='bbox 3344 607 3487 661; x_wconf 85' lang='lat' dir='ltr'><strong>dicta</strong></span> <span class='ocrx_word' id='word_1_166' title='bbox 3508 611 3657 657; x_wconf 86' lang='lat' dir='ltr'><strong>sunt.</strong></span> 
     </span>
    </p>
   </div>
   <div class='ocr_carea' id='block_1_21' title="bbox 2077 699 3660 785">
    <p class='ocr_par' dir='ltr' id='par_1_21' title="bbox 2077 699 3660 785">
     <span class='ocr_line' id='line_1_21' title="bbox 2077 699 3660 785; baseline -0.015 -11"><span class='ocrx_word' id='word_1_167' title='bbox 2077 720 2189 774; x_wconf 89' lang='lat' dir='ltr'><strong>Nos</strong></span> <span class='ocrx_word' id='word_1_168' title='bbox 2206 727 2385 772; x_wconf 84' lang='lat' dir='ltr'><strong>autem</strong></span> <span class='ocrx_word' id='word_1_169' title='bbox 2407 716 2562 785; x_wconf 85' lang='lat' dir='ltr'><strong>plura</strong></span> <span class='ocrx_word' id='word_1_170' title='bbox 2579 709 2905 767; x_wconf 80' lang='lat' dir='ltr'><strong>adduximus</strong></span> <span class='ocrx_word' id='word_1_171' title='bbox 2932 708 2985 760; x_wconf 90' lang='lat' dir='ltr'><strong>in</strong></span> <span class='ocrx_word' id='word_1_172' title='bbox 3009 712 3325 766; x_wconf 87' lang='lat' dir='ltr'><strong>tractatum,</strong></span> <span class='ocrx_word' id='word_1_173' title='bbox 3354 716 3420 753; x_wconf 90' lang='lat' dir='ltr'><strong>ne</strong></span> <span class='ocrx_word' id='word_1_174' title='bbox 3439 699 3570 767; x_wconf 89' lang='lat' dir='ltr'><strong>quid</strong></span> <span class='ocrx_word' id='word_1_175' title='bbox 3594 700 3660 750; x_wconf 85' lang='lat' dir='ltr'><strong>de</strong></span> 
     </span>
    </p>
   </div>
   <div class='ocr_carea' id='block_1_22' title="bbox 2076 794 3587 883">
    <p class='ocr_par' dir='ltr' id='par_1_22' title="bbox 2076 794 3587 883">
     <span class='ocr_line' id='line_1_22' title="bbox 2076 794 3587 883; baseline -0.021 -15"><span class='ocrx_word' id='word_1_176' title='bbox 2076 810 2319 883; x_wconf 82' lang='lat' dir='ltr'><strong>Apostoli</strong></span> <span class='ocrx_word' id='word_1_177' title='bbox 2346 823 2508 862; x_wconf 89' lang='lat' dir='ltr'><strong>sensu</strong></span> <span class='ocrx_word' id='word_1_178' title='bbox 2535 806 2898 860; x_wconf 89' lang='lat' dir='ltr'><strong>indiscussum</strong></span> <span class='ocrx_word' id='word_1_179' title='bbox 2919 798 3233 866; x_wconf 82' lang='lat' dir='ltr'><strong>relinquere</strong></span> <span class='ocrx_word' id='word_1_180' title='bbox 3256 794 3587 846; x_wconf 62' lang='lat' dir='ltr'><strong>videremur.</strong></span> 
     </span>
    </p>
   </div>
   <div class='ocr_carea' id='block_1_23' title="bbox 2148 888 3659 977">
    <p class='ocr_par' dir='ltr' id='par_1_23' title="bbox 2148 888 3659 977">
     <span class='ocr_line' id='line_1_23' title="bbox 2148 888 3659 977; baseline -0.016 -19"><span class='ocrx_word' id='word_1_181' title='bbox 2148 903 2313 977; x_wconf 69' lang='grc'><strong>485</strong></span> <span class='ocrx_word' id='word_1_182' title='bbox 2342 901 2398 955; x_wconf 90' lang='lat'><strong>8.</strong></span> <span class='ocrx_word' id='word_1_183' title='bbox 2444 918 2463 950; x_wconf 73' lang='grc' dir='ltr'><strong>ι</strong></span> <span class='ocrx_word' id='word_1_184' title='bbox 2498 898 2819 964; x_wconf 83' lang='lat' dir='ltr'><strong>Quicunque</strong></span> <span class='ocrx_word' id='word_1_185' title='bbox 2873 891 3019 946; x_wconf 91' lang='lat' dir='ltr'><strong>enim</strong></span> <span class='ocrx_word' id='word_1_186' title='bbox 3073 888 3191 943; x_wconf 91' lang='lat' dir='ltr'><strong>sine</strong></span> <span class='ocrx_word' id='word_1_187' title='bbox 3227 888 3342 955; x_wconf 87' lang='lat' dir='ltr'><strong>lege</strong></span> <span class='ocrx_word' id='word_1_188' title='bbox 3394 896 3659 953; x_wconf 73' lang='lat' dir='ltr'><strong>peccave-</strong></span> 
     </span>
    </p>
   </div>
   <div class='ocr_carea' id='block_1_24' title="bbox 2078 974 3665 1061">
    <p class='ocr_par' dir='ltr' id='par_1_24' title="bbox 2078 974 3665 1061">
     <span class='ocr_line' id='line_1_24' title="bbox 2078 974 3665 1061; baseline -0.018 -9"><span class='ocrx_word' id='word_1_189' title='bbox 2078 974 2225 1061; x_wconf 45' lang='lat' dir='ltr'><strong>run—t,</strong></span> <span class='ocrx_word' id='word_1_190' title='bbox 2255 996 2373 1048; x_wconf 88' lang='lat' dir='ltr'><strong>sine</strong></span> <span class='ocrx_word' id='word_1_191' title='bbox 2397 992 2513 1060; x_wconf 87' lang='lat' dir='ltr'><strong>lege</strong></span> <span class='ocrx_word' id='word_1_192' title='bbox 2540 998 2595 1041; x_wconf 87' lang='lat' dir='ltr'><strong>et</strong></span> <span class='ocrx_word' id='word_1_193' title='bbox 2625 986 2901 1056; x_wconf 89' lang='lat' dir='ltr'><strong>peribunt,</strong></span> <span class='ocrx_word' id='word_1_194' title='bbox 2920 991 2976 1036; x_wconf 92' lang='lat' dir='ltr'><strong>et</strong></span> <span class='ocrx_word' id='word_1_195' title='bbox 2998 985 3270 1050; x_wconf 86' lang='lat' dir='ltr'><strong>quotquot</strong></span> <span class='ocrx_word' id='word_1_196' title='bbox 3298 978 3351 1029; x_wconf 92' lang='lat' dir='ltr'><strong>in</strong></span> <span class='ocrx_word' id='word_1_197' title='bbox 3387 974 3507 1041; x_wconf 87' lang='lat' dir='ltr'><strong>lege</strong></span> <span class='ocrx_word' id='word_1_198' title='bbox 3536 986 3665 1040; x_wconf 79' lang='lat' dir='ltr'><strong>pec-</strong></span> 
     </span>
    </p>
   </div>
   <div class='ocr_carea' id='block_1_25' title="bbox 2079 1065 3665 1154">
    <p class='ocr_par' dir='ltr' id='par_1_25' title="bbox 2079 1065 3665 1154">
     <span class='ocr_line' id='line_1_25' title="bbox 2079 1065 3665 1154; baseline -0.02 -9"><span class='ocrx_word' id='word_1_199' title='bbox 2079 1096 2364 1152; x_wconf 90' lang='lat' dir='ltr'><strong>caverunt,</strong></span> <span class='ocrx_word' id='word_1_200' title='bbox 2398 1100 2496 1154; x_wconf 89' lang='lat' dir='ltr'><strong>per</strong></span> <span class='ocrx_word' id='word_1_201' title='bbox 2527 1082 2697 1151; x_wconf 88' lang='lat' dir='ltr'><strong>legem</strong></span> <span class='ocrx_word' id='word_1_202' title='bbox 2720 1075 3137 1146; x_wconf 85' lang='lat' dir='ltr'><strong>judicabuntur.</strong></span> <span class='ocrx_word' id='word_1_203' title='bbox 3165 1068 3281 1123; x_wconf 90' lang='lat' dir='ltr'><strong>Non</strong></span> <span class='ocrx_word' id='word_1_204' title='bbox 3313 1066 3458 1121; x_wconf 85' lang='lat' dir='ltr'><strong>enim</strong></span> <span class='ocrx_word' id='word_1_205' title='bbox 3509 1065 3665 1117; x_wconf 78' lang='lat' dir='ltr'><strong>audi-</strong></span> 
     </span>
    </p>
   </div>
   <div class='ocr_carea' id='block_1_26' title="bbox 2079 1157 3663 1249">
    <p class='ocr_par' dir='ltr' id='par_1_26' title="bbox 2079 1157 3663 1249">
     <span class='ocr_line' id='line_1_26' title="bbox 2079 1157 3663 1249; baseline -0.02 -11"><span class='ocrx_word' id='word_1_206' title='bbox 2079 1192 2225 1238; x_wconf 90' lang='lat' dir='ltr'><strong>tores</strong></span> <span class='ocrx_word' id='word_1_207' title='bbox 2260 1180 2393 1249; x_wconf 83' lang='lat' dir='ltr'><strong>legis</strong></span> <span class='ocrx_word' id='word_1_208' title='bbox 2419 1176 2552 1247; x_wconf 86' lang='lat' dir='ltr'><strong>justi</strong></span> <span class='ocrx_word' id='word_1_209' title='bbox 2584 1182 2709 1228; x_wconf 87' lang='lat' dir='ltr'><strong>sunt</strong></span> <span class='ocrx_word' id='word_1_210' title='bbox 2746 1169 2887 1239; x_wconf 92' lang='lat' dir='ltr'><strong>apud</strong></span> <span class='ocrx_word' id='word_1_211' title='bbox 2916 1168 3109 1227; x_wconf 91' lang='lat' dir='ltr'><strong>Deum,</strong></span> <span class='ocrx_word' id='word_1_212' title='bbox 3141 1164 3234 1217; x_wconf 91' lang='lat' dir='ltr'><strong>sed</strong></span> <span class='ocrx_word' id='word_1_213' title='bbox 3269 1160 3502 1214; x_wconf 81' lang='lat' dir='ltr'><strong>factores</strong></span> <span class='ocrx_word' id='word_1_214' title='bbox 3530 1157 3663 1225; x_wconf 85' lang='lat' dir='ltr'><strong>legis</strong></span> 
     </span>
    </p>
   </div>
   <div class='ocr_carea' id='block_1_27' title="bbox 2074 1247 3662 1346">
    <p class='ocr_par' dir='ltr' id='par_1_27' title="bbox 2074 1247 3662 1346">
     <span class='ocr_line' id='line_1_27' title="bbox 2074 1247 3662 1346; baseline -0.021 -15"><span class='ocrx_word' id='word_1_215' title='bbox 2074 1247 2522 1346; x_wconf 83' lang='lat' dir='ltr'><strong>justiﬁeabuntur</strong></span> <span class='ocrx_word' id='word_1_216' title='bbox 2546 1267 2613 1320; x_wconf 65' lang='lat'><strong>9’.</strong></span> <span class='ocrx_word' id='word_1_217' title='bbox 2652 1285 2670 1317; x_wconf 80' lang='grc' dir='ltr'><strong>ι</strong></span> <span class='ocrx_word' id='word_1_218' title='bbox 2724 1264 2858 1317; x_wconf 89' lang='lat' dir='ltr'><strong>Cum</strong></span> <span class='ocrx_word' id='word_1_219' title='bbox 2903 1260 3050 1313; x_wconf 87' lang='lat' dir='ltr'><strong>dicat</strong></span> <span class='ocrx_word' id='word_1_220' title='bbox 3101 1253 3395 1324; x_wconf 83' lang='lat' dir='ltr'><strong>Apostolus</strong></span> <span class='ocrx_word' id='word_1_221' title='bbox 3433 1264 3527 1303; x_wconf 88' lang='lat' dir='ltr'><strong>eos</strong></span> <span class='ocrx_word' id='word_1_222' title='bbox 3571 1247 3662 1315; x_wconf 92' lang='lat' dir='ltr'><strong>qui</strong></span> 
     </span>
    </p>
   </div>
   <div class='ocr_carea' id='block_1_28' title="bbox 2079 1340 3664 1436">
    <p class='ocr_par' dir='ltr' id='par_1_28' title="bbox 2079 1340 3664 1436">
     <span class='ocr_line' id='line_1_28' title="bbox 2079 1340 3664 1436; baseline -0.021 -13"><span class='ocrx_word' id='word_1_223' title='bbox 2079 1370 2198 1423; x_wconf 87' lang='lat' dir='ltr'><strong>sine</strong></span> <span class='ocrx_word' id='word_1_224' title='bbox 2224 1368 2340 1436; x_wconf 83' lang='lat' dir='ltr'><strong>lege</strong></span> <span class='ocrx_word' id='word_1_225' title='bbox 2367 1366 2749 1433; x_wconf 88' lang='lat' dir='ltr'><strong>peccaverunt,</strong></span> <span class='ocrx_word' id='word_1_226' title='bbox 2787 1355 2908 1410; x_wconf 91' lang='lat' dir='ltr'><strong>sine</strong></span> <span class='ocrx_word' id='word_1_227' title='bbox 2945 1351 3062 1417; x_wconf 81' lang='lat' dir='ltr'><strong>lege</strong></span> <span class='ocrx_word' id='word_1_228' title='bbox 3105 1347 3402 1417; x_wconf 86' lang='lat' dir='ltr'><strong>perituros,</strong></span> <span class='ocrx_word' id='word_1_229' title='bbox 3429 1340 3664 1409; x_wconf 83' lang='lat' dir='ltr'><strong>requiri-</strong></span> 
     </span>
    </p>
   </div>
   <div class='ocr_carea' id='block_1_29' title="bbox 2081 1432 3662 1519">
    <p class='ocr_par' dir='ltr' id='par_1_29' title="bbox 2081 1432 3662 1519">
     <span class='ocr_line' id='line_1_29' title="bbox 2081 1432 3662 1519; baseline -0.016 -4"><span class='ocrx_word' id='word_1_230' title='bbox 2081 1462 2222 1515; x_wconf 88' lang='lat' dir='ltr'><strong>ritur</strong></span> <span class='ocrx_word' id='word_1_231' title='bbox 2258 1432 2440 1512; x_wconf 26' lang='lat' dir='ltr'><strong>uitrum</strong></span> <span class='ocrx_word' id='word_1_232' title='bbox 2473 1455 2541 1509; x_wconf 90' lang='lat' dir='ltr'><strong>de</strong></span> <span class='ocrx_word' id='word_1_233' title='bbox 2582 1452 2699 1506; x_wconf 76' lang='lat' dir='ltr'><strong>sola</strong></span> <span class='ocrx_word' id='word_1_234' title='bbox 2736 1447 2906 1519; x_wconf 81' lang='lat' dir='ltr'><strong>Moysi</strong></span> <span class='ocrx_word' id='word_1_235' title='bbox 2945 1445 3062 1516; x_wconf 88' lang='lat' dir='ltr'><strong>lege</strong></span> <span class='ocrx_word' id='word_1_236' title='bbox 3110 1439 3522 1507; x_wconf 88' lang='lat' dir='ltr'><strong>intelligendum</strong></span> <span class='ocrx_word' id='word_1_237' title='bbox 3573 1432 3662 1489; x_wconf 90' lang='lat' dir='ltr'><strong>sit.</strong></span> 
     </span>
    </p>
   </div>
   <div class='ocr_carea' id='block_1_30' title="bbox 2081 1525 3665 1619">
    <p class='ocr_par' dir='ltr' id='par_1_30' title="bbox 2081 1525 3665 1619">
     <span class='ocr_line' id='line_1_30' title="bbox 2081 1525 3665 1619; baseline -0.021 -12"><span class='ocrx_word' id='word_1_238' title='bbox 2081 1567 2147 1606; x_wconf 91' lang='lat' dir='ltr'><strong>an</strong></span> <span class='ocrx_word' id='word_1_239' title='bbox 2169 1559 2226 1605; x_wconf 90' lang='lat' dir='ltr'><strong>et</strong></span> <span class='ocrx_word' id='word_1_240' title='bbox 2254 1550 2321 1603; x_wconf 87' lang='lat' dir='ltr'><strong>de</strong></span> <span class='ocrx_word' id='word_1_241' title='bbox 2352 1548 2467 1619; x_wconf 90' lang='lat' dir='ltr'><strong>lege</strong></span> <span class='ocrx_word' id='word_1_242' title='bbox 2515 1542 2741 1607; x_wconf 85' lang='lat' dir='ltr'><strong>Christi,</strong></span> <span class='ocrx_word' id='word_1_243' title='bbox 2774 1538 2859 1593; x_wconf 91' lang='lat' dir='ltr'><strong>vel</strong></span> <span class='ocrx_word' id='word_1_244' title='bbox 2890 1536 3054 1591; x_wconf 91' lang='lat' dir='ltr'><strong>etiam</strong></span> <span class='ocrx_word' id='word_1_245' title='bbox 3098 1535 3165 1587; x_wconf 92' lang='lat' dir='ltr'><strong>de</strong></span> <span class='ocrx_word' id='word_1_246' title='bbox 3198 1538 3519 1598; x_wconf 89' lang='lat' dir='ltr'><strong>quacunque</strong></span> <span class='ocrx_word' id='word_1_247' title='bbox 3561 1525 3665 1575; x_wconf 90' lang='lat' dir='ltr'><strong>hu-</strong></span> 
     </span>
    </p>
   </div>
   <div class='ocr_carea' id='block_1_31' title="bbox 2082 1617 3667 1711">
    <p class='ocr_par' dir='ltr' id='par_1_31' title="bbox 2082 1617 3667 1711">
     <span class='ocr_line' id='line_1_31' title="bbox 2082 1617 3667 1711; baseline -0.023 -10"><span class='ocrx_word' id='word_1_248' title='bbox 2082 1659 2240 1701; x_wconf 88' lang='lat' dir='ltr'><strong>mana</strong></span> <span class='ocrx_word' id='word_1_249' title='bbox 2268 1642 2384 1711; x_wconf 82' lang='lat' dir='ltr'><strong>lege</strong></span> <span class='ocrx_word' id='word_1_250' title='bbox 2411 1617 2510 1693; x_wconf 85' lang='lat' dir='ltr'><strong>sub</strong></span> <span class='ocrx_word' id='word_1_251' title='bbox 2531 1651 2639 1706; x_wconf 89' lang='lat' dir='ltr'><strong>qua</strong></span> <span class='ocrx_word' id='word_1_252' title='bbox 2662 1640 3118 1700; x_wconf 87' lang='lat' dir='ltr'><strong>utrumquemque</strong></span> <span class='ocrx_word' id='word_1_253' title='bbox 3145 1620 3453 1678; x_wconf 84' lang='lat' dir='ltr'><strong>mortalium</strong></span> <span class='ocrx_word' id='word_1_254' title='bbox 3483 1617 3667 1670; x_wconf 83' lang='lat' dir='ltr'><strong>vivere</strong></span> 
     </span>
    </p>
   </div>
   <div class='ocr_carea' id='block_1_32' title="bbox 2082 1708 3666 1805">
    <p class='ocr_par' dir='ltr' id='par_1_32' title="bbox 2082 1708 3666 1805">
     <span class='ocr_line' id='line_1_32' title="bbox 2082 1708 3666 1805; baseline -0.02 -13"><span class='ocrx_word' id='word_1_255' title='bbox 2082 1708 2367 1805; x_wconf 64' lang='lat' dir='ltr'><strong>contingii,</strong></span> <span class='ocrx_word' id='word_1_256' title='bbox 2403 1729 2545 1800; x_wconf 89' lang='lat' dir='ltr'><strong>quod</strong></span> <span class='ocrx_word' id='word_1_257' title='bbox 2577 1726 2874 1783; x_wconf 89' lang='lat' dir='ltr'><strong>secundum</strong></span> <span class='ocrx_word' id='word_1_258' title='bbox 2910 1723 3081 1790; x_wconf 87' lang='lat' dir='ltr'><strong>ipsam</strong></span> <span class='ocrx_word' id='word_1_259' title='bbox 3109 1714 3345 1784; x_wconf 84' lang='lat' dir='ltr'><strong>judicari</strong></span> <span class='ocrx_word' id='word_1_260' title='bbox 3371 1711 3545 1778; x_wconf 88' lang='lat' dir='ltr'><strong>possit</strong></span> <span class='ocrx_word' id='word_1_261' title='bbox 3573 1708 3666 1777; x_wconf 89' lang='lat' dir='ltr'><strong>qui</strong></span> 
     </span>
    </p>
   </div>
   <div class='ocr_carea' id='block_1_33' title="bbox 404 1797 3668 1893">
    <p class='ocr_par' dir='ltr' id='par_1_33' title="bbox 404 1797 3668 1893">
     <span class='ocr_line' id='line_1_33' title="bbox 404 1797 3668 1893; baseline -0.007 -21"><span class='ocrx_word' id='word_1_262' title='bbox 404 1819 601 1873; x_wconf 90' lang='lat' dir='ltr'><strong>credit.</strong></span> <span class='ocrx_word' id='word_1_263' title='bbox 648 1818 1050 1888; x_wconf 83' lang='lat' dir='ltr'><strong>Numquidnam</strong></span> <span class='ocrx_word' id='word_1_264' title='bbox 1104 1826 1365 1887; x_wconf 88' lang='lat' dir='ltr'><strong>putamus</strong></span> <span class='ocrx_word' id='word_1_265' title='bbox 1426 1819 1516 1888; x_wconf 90' lang='lat' dir='ltr'><strong>qui</strong></span> <span class='ocrx_word' id='word_1_266' title='bbox 1578 1820 1873 1874; x_wconf 85' lang='lat' dir='ltr'><strong>crediderit</strong></span> <span class='ocrx_word' id='word_1_267' title='bbox 1925 1821 1977 1874; x_wconf 93' lang='lat' dir='ltr'><strong>in</strong></span> <span class='ocrx_word' id='word_1_268' title='bbox 2012 1797 2054 1852; x_wconf 76' lang='grc' dir='ltr'><strong>Β</strong></span> <span class='ocrx_word' id='word_1_269' title='bbox 2086 1829 2139 1881; x_wconf 84' lang='lat' dir='ltr'><strong>in</strong></span> <span class='ocrx_word' id='word_1_270' title='bbox 2166 1842 2228 1880; x_wconf 84' lang='lat' dir='ltr'><strong>ea</strong></span> <span class='ocrx_word' id='word_1_271' title='bbox 2259 1797 2487 1893; x_wconf 72' lang='lat' dir='ltr'><strong>peccat:</strong></span> <span class='ocrx_word' id='word_1_272' title='bbox 2529 1835 2597 1872; x_wconf 92' lang='lat' dir='ltr'><strong>an</strong></span> <span class='ocrx_word' id='word_1_273' title='bbox 2639 1816 2731 1886; x_wconf 92' lang='lat' dir='ltr'><strong>qui</strong></span> <span class='ocrx_word' id='word_1_274' title='bbox 2757 1823 2914 1866; x_wconf 87' lang='lat' dir='ltr'><strong>extra</strong></span> <span class='ocrx_word' id='word_1_275' title='bbox 2941 1808 3115 1864; x_wconf 89' lang='lat' dir='ltr'><strong>solam</strong></span> <span class='ocrx_word' id='word_1_276' title='bbox 3157 1801 3330 1887; x_wconf 78' lang='lat' dir='ltr'><strong>Moysi</strong></span> <span class='ocrx_word' id='word_1_277' title='bbox 3358 1801 3532 1868; x_wconf 84' lang='lat' dir='ltr'><strong>legem</strong></span> <span class='ocrx_word' id='word_1_278' title='bbox 3560 1806 3668 1860; x_wconf 90' lang='lat' dir='ltr'><strong>est,</strong></span> 
     </span>
    </p>
   </div>
   <div class='ocr_carea' id='block_1_34' title="bbox 404 1909 1978 1981">
    <p class='ocr_par' dir='ltr' id='par_1_34' title="bbox 404 1909 1978 1981">
     <span class='ocr_line' id='line_1_34' title="bbox 404 1909 1978 1981; baseline -0.004 -13"><span class='ocrx_word' id='word_1_279' title='bbox 404 1910 648 1979; x_wconf 85' lang='lat' dir='ltr'><strong>Christo,</strong></span> <span class='ocrx_word' id='word_1_280' title='bbox 680 1920 737 1966; x_wconf 92' lang='lat' dir='ltr'><strong>et</strong></span> <span class='ocrx_word' id='word_1_281' title='bbox 781 1921 909 1981; x_wconf 91' lang='lat' dir='ltr'><strong>post</strong></span> <span class='ocrx_word' id='word_1_282' title='bbox 939 1911 1046 1965; x_wconf 92' lang='lat' dir='ltr'><strong>hoc</strong></span> <span class='ocrx_word' id='word_1_283' title='bbox 1095 1910 1472 1972; x_wconf 89' lang='lat' dir='ltr'><strong>homicidium,</strong></span> <span class='ocrx_word' id='word_1_284' title='bbox 1526 1909 1611 1963; x_wconf 90' lang='lat' dir='ltr'><strong>vel</strong></span> <span class='ocrx_word' id='word_1_285' title='bbox 1652 1909 1978 1964; x_wconf 85' lang='lat' dir='ltr'><strong>adulterium</strong></span> 
     </span>
    </p>
   </div>
   <div class='ocr_carea' id='block_1_35' title="bbox 405 2000 1983 2068">
    <p class='ocr_par' dir='ltr' id='par_1_35' title="bbox 405 2000 1983 2068">
     <span class='ocr_line' id='line_1_35' title="bbox 405 2000 1983 2068; baseline -0.003 -8"><span class='ocrx_word' id='word_1_286' title='bbox 405 2004 763 2068; x_wconf 76' lang='lat' dir='ltr'><strong>commiserit,</strong></span> <span class='ocrx_word' id='word_1_287' title='bbox 810 2012 903 2057; x_wconf 90' lang='lat' dir='ltr'><strong>aut</strong></span> <span class='ocrx_word' id='word_1_288' title='bbox 945 2001 1141 2055; x_wconf 81' lang='lat' dir='ltr'><strong>falsum</strong></span> <span class='ocrx_word' id='word_1_289' title='bbox 1191 2001 1572 2056; x_wconf 90' lang='lat' dir='ltr'><strong>testimonium</strong></span> <span class='ocrx_word' id='word_1_290' title='bbox 1619 2000 1838 2063; x_wconf 79' lang='lat' dir='ltr'><strong>dixerit,</strong></span> <span class='ocrx_word' id='word_1_291' title='bbox 1889 2010 1983 2055; x_wconf 88' lang='lat' dir='ltr'><strong>aut</strong></span> 
     </span>
    </p>
   </div>
   <div class='ocr_carea' id='block_1_36' title="bbox 401 2091 1983 2173">
    <p class='ocr_par' dir='ltr' id='par_1_36' title="bbox 401 2091 1983 2173">
     <span class='ocr_line' id='line_1_36' title="bbox 401 2091 1983 2173; baseline -0.006 -17"><span class='ocrx_word' id='word_1_292' title='bbox 401 2095 608 2173; x_wconf 84' lang='lat' dir='ltr'><strong>aliquid</strong></span> <span class='ocrx_word' id='word_1_293' title='bbox 635 2093 943 2168; x_wconf 85' lang='lat' dir='ltr'><strong>hujusmodi</strong></span> <span class='ocrx_word' id='word_1_294' title='bbox 976 2091 1235 2163; x_wconf 87' lang='lat' dir='ltr'><strong>gesserit,</strong></span> <span class='ocrx_word' id='word_1_295' title='bbox 1266 2105 1388 2159; x_wconf 83' lang='lat' dir='ltr'><strong>quae</strong></span> <span class='ocrx_word' id='word_1_296' title='bbox 1418 2104 1805 2159; x_wconf 89' lang='lat' dir='ltr'><strong>nonnunquam</strong></span> <span class='ocrx_word' id='word_1_297' title='bbox 1835 2091 1983 2146; x_wconf 86' lang='lat' dir='ltr'><strong>vide-</strong></span> 
     </span>
    </p>
   </div>
   <div class='ocr_carea' id='block_1_37' title="bbox 402 2182 1980 2256">
    <p class='ocr_par' dir='ltr' id='par_1_37' title="bbox 402 2182 1980 2256">
     <span class='ocr_line' id='line_1_37' title="bbox 402 2182 1980 2256; baseline -0.008 -6"><span class='ocrx_word' id='word_1_298' title='bbox 402 2209 522 2249; x_wconf 90' lang='lat' dir='ltr'><strong>mus</strong></span> <span class='ocrx_word' id='word_1_299' title='bbox 556 2192 844 2248; x_wconf 87' lang='lat' dir='ltr'><strong>admittere</strong></span> <span class='ocrx_word' id='word_1_300' title='bbox 873 2191 1039 2245; x_wconf 88' lang='lat' dir='ltr'><strong>etiam</strong></span> <span class='ocrx_word' id='word_1_301' title='bbox 1078 2183 1291 2255; x_wconf 82' lang='lat' dir='ltr'><strong>ﬁdeles,</strong></span> <span class='ocrx_word' id='word_1_302' title='bbox 1322 2183 1451 2256; x_wconf 88' lang='lat' dir='ltr'><strong>quia</strong></span> <span class='ocrx_word' id='word_1_303' title='bbox 1485 2197 1584 2252; x_wconf 85' lang='lat' dir='ltr'><strong>pro</strong></span> <span class='ocrx_word' id='word_1_304' title='bbox 1611 2183 1696 2237; x_wconf 92' lang='lat' dir='ltr'><strong>his</strong></span> <span class='ocrx_word' id='word_1_305' title='bbox 1726 2182 1836 2253; x_wconf 91' lang='lat' dir='ltr'><strong>jam</strong></span> <span class='ocrx_word' id='word_1_306' title='bbox 1872 2198 1980 2237; x_wconf 91' lang='lat' dir='ltr'><strong>non</strong></span> 
     </span>
    </p>
   </div>
   <div class='ocr_carea' id='block_1_38' title="bbox 398 2272 1984 2353">
    <p class='ocr_par' dir='ltr' id='par_1_38' title="bbox 398 2272 1984 2353">
     <span class='ocr_line' id='line_1_38' title="bbox 398 2272 1984 2353; baseline -0.006 -15"><span class='ocrx_word' id='word_1_307' title='bbox 398 2283 733 2353; x_wconf 75' lang='lat' dir='ltr'><strong>iudicabitur</strong></span> <span class='ocrx_word' id='word_1_308' title='bbox 782 2281 875 2349; x_wconf 91' lang='lat' dir='ltr'><strong>qui</strong></span> <span class='ocrx_word' id='word_1_309' title='bbox 928 2278 1163 2334; x_wconf 90' lang='lat' dir='ltr'><strong>credidit</strong></span> <span class='ocrx_word' id='word_1_310' title='bbox 1207 2277 1263 2331; x_wconf 90' lang='lat' dir='ltr'><strong>in</strong></span> <span class='ocrx_word' id='word_1_311' title='bbox 1321 2273 1545 2331; x_wconf 81' lang='lat' dir='ltr'><strong>Christo</strong></span> <span class='ocrx_word' id='word_1_312' title='bbox 1583 2272 1606 2327; x_wconf 69' lang='grc' dir='ltr'>τ</span> <span class='ocrx_word' id='word_1_313' title='bbox 1648 2272 1870 2327; x_wconf 88' lang='lat' dir='ltr'><strong>Certum</strong></span> <span class='ocrx_word' id='word_1_314' title='bbox 1900 2282 1984 2329; x_wconf 90' lang='lat' dir='ltr'><strong>est</strong></span> 
     </span>
    </p>
   </div>
   <div class='ocr_carea' id='block_1_39' title="bbox 403 2363 1981 2436">
    <p class='ocr_par' dir='ltr' id='par_1_39' title="bbox 403 2363 1981 2436">
     <span class='ocr_line' id='line_1_39' title="bbox 403 2363 1981 2436; baseline -0.005 -12"><span class='ocrx_word' id='word_1_315' title='bbox 403 2371 520 2424; x_wconf 72' lang='lat' dir='ltr'><strong>htec</strong></span> <span class='ocrx_word' id='word_1_316' title='bbox 543 2368 728 2424; x_wconf 86' lang='lat' dir='ltr'><strong>omnia</strong></span> <span class='ocrx_word' id='word_1_317' title='bbox 755 2367 948 2421; x_wconf 88' lang='lat' dir='ltr'><strong>venire</strong></span> <span class='ocrx_word' id='word_1_318' title='bbox 981 2366 1049 2420; x_wconf 90' lang='lat' dir='ltr'><strong>ad</strong></span> <span class='ocrx_word' id='word_1_319' title='bbox 1075 2365 1344 2436; x_wconf 89' lang='lat' dir='ltr'><strong>judicium</strong></span> <span class='ocrx_word' id='word_1_320' title='bbox 1376 2382 1392 2433; x_wconf 87' lang='lat'><strong>;</strong></span> <span class='ocrx_word' id='word_1_321' title='bbox 1418 2374 1473 2419; x_wconf 91' lang='lat' dir='ltr'><strong>et</strong></span> <span class='ocrx_word' id='word_1_322' title='bbox 1508 2365 1631 2420; x_wconf 89' lang='lat' dir='ltr'><strong>ideo</strong></span> <span class='ocrx_word' id='word_1_323' title='bbox 1659 2364 1742 2419; x_wconf 90' lang='lat' dir='ltr'><strong>sic</strong></span> <span class='ocrx_word' id='word_1_324' title='bbox 1774 2363 1981 2417; x_wconf 76' lang='lat' dir='ltr'><strong>intelli-</strong></span> 
     </span>
    </p>
   </div>
   <div class='ocr_carea' id='block_1_40' title="bbox 404 2457 1986 2536">
    <p class='ocr_par' dir='ltr' id='par_1_40' title="bbox 404 2457 1986 2536">
     <span class='ocr_line' id='line_1_40' title="bbox 404 2457 1986 2536; baseline -0.004 -17"><span class='ocrx_word' id='word_1_325' title='bbox 404 2464 618 2536; x_wconf 87' lang='lat' dir='ltr'><strong>gendus</strong></span> <span class='ocrx_word' id='word_1_326' title='bbox 647 2473 733 2520; x_wconf 89' lang='lat' dir='ltr'><strong>est</strong></span> <span class='ocrx_word' id='word_1_327' title='bbox 766 2460 979 2517; x_wconf 92' lang='lat' dir='ltr'><strong>Domini</strong></span> <span class='ocrx_word' id='word_1_328' title='bbox 1016 2474 1198 2515; x_wconf 89' lang='lat' dir='ltr'><strong>sermo</strong></span> <span class='ocrx_word' id='word_1_329' title='bbox 1221 2465 1394 2529; x_wconf 86' lang='lat' dir='ltr'><strong>quem</strong></span> <span class='ocrx_word' id='word_1_330' title='bbox 1426 2459 1577 2522; x_wconf 82' lang='lat' dir='ltr'><strong>dicit,</strong></span> <span class='ocrx_word' id='word_1_331' title='bbox 1615 2478 1636 2511; x_wconf 84' lang='grc'><strong>‹</strong></span> <span class='ocrx_word' id='word_1_332' title='bbox 1678 2457 1782 2526; x_wconf 85' lang='lat' dir='ltr'><strong>Qui</strong></span> <span class='ocrx_word' id='word_1_333' title='bbox 1809 2459 1986 2513; x_wconf 87' lang='lat' dir='ltr'><strong>credit</strong></span> 
     </span>
    </p>
   </div>
   <div class='ocr_carea' id='block_1_41' title="bbox 404 2553 1985 2624">
    <p class='ocr_par' dir='ltr' id='par_1_41' title="bbox 404 2553 1985 2624">
     <span class='ocr_line' id='line_1_41' title="bbox 404 2553 1985 2624; baseline -0.003 -13"><span class='ocrx_word' id='word_1_334' title='bbox 404 2556 461 2611; x_wconf 91' lang='lat' dir='ltr'><strong>in</strong></span> <span class='ocrx_word' id='word_1_335' title='bbox 496 2571 604 2624; x_wconf 91' lang='lat' dir='ltr'><strong>me,</strong></span> <span class='ocrx_word' id='word_1_336' title='bbox 635 2571 740 2612; x_wconf 91' lang='lat' dir='ltr'><strong>non</strong></span> <span class='ocrx_word' id='word_1_337' title='bbox 767 2554 1125 2623; x_wconf 79' lang='lat' dir='ltr'><strong>judicabitur,</strong></span> <span class='ocrx_word' id='word_1_338' title='bbox 1152 2572 1172 2607; x_wconf 79' lang='grc' dir='ltr'><strong>ι</strong></span> <span class='ocrx_word' id='word_1_339' title='bbox 1209 2554 1338 2623; x_wconf 90' lang='lat' dir='ltr'><strong>quia</strong></span> <span class='ocrx_word' id='word_1_340' title='bbox 1369 2554 1665 2607; x_wconf 88' lang='lat' dir='ltr'><strong>secundum</strong></span> <span class='ocrx_word' id='word_1_341' title='bbox 1695 2556 1800 2609; x_wconf 90' lang='lat' dir='ltr'><strong>hoc</strong></span> <span class='ocrx_word' id='word_1_342' title='bbox 1839 2553 1985 2622; x_wconf 88' lang='lat' dir='ltr'><strong>quod</strong></span> 
     </span>
    </p>
   </div>
   <div class='ocr_carea' id='block_1_42' title="bbox 406 2646 1987 2719">
    <p class='ocr_par' dir='ltr' id='par_1_42' title="bbox 406 2646 1987 2719">
     <span class='ocr_line' id='line_1_42' title="bbox 406 2646 1987 2719; baseline -0.002 -15"><span class='ocrx_word' id='word_1_343' title='bbox 406 2648 639 2704; x_wconf 88' lang='lat' dir='ltr'><strong>credidit</strong></span> <span class='ocrx_word' id='word_1_344' title='bbox 661 2664 768 2703; x_wconf 93' lang='lat' dir='ltr'><strong>non</strong></span> <span class='ocrx_word' id='word_1_345' title='bbox 797 2647 1139 2719; x_wconf 86' lang='lat' dir='ltr'><strong>judicahitur</strong></span> <span class='ocrx_word' id='word_1_346' title='bbox 1169 2646 1325 2715; x_wconf 90' lang='lat' dir='ltr'><strong>quasi</strong></span> <span class='ocrx_word' id='word_1_347' title='bbox 1359 2646 1676 2701; x_wconf 88' lang='lat' dir='ltr'><strong>incredulus</strong></span> <span class='ocrx_word' id='word_1_348' title='bbox 1707 2655 1763 2701; x_wconf 90' lang='lat' dir='ltr'><strong>et</strong></span> <span class='ocrx_word' id='word_1_349' title='bbox 1795 2646 1987 2701; x_wconf 86' lang='lat' dir='ltr'><strong>inﬁde-</strong></span> 
     </span>
    </p>
   </div>
   <div class='ocr_carea' id='block_1_43' title="bbox 404 2737 1980 2804">
    <p class='ocr_par' dir='ltr' id='par_1_43' title="bbox 404 2737 1980 2804">
     <span class='ocr_line' id='line_1_43' title="bbox 404 2737 1980 2804; baseline -0.003 -9"><span class='ocrx_word' id='word_1_350' title='bbox 404 2740 605 2796; x_wconf 89' lang='lat' dir='ltr'><strong>lis:de</strong></span> <span class='ocrx_word' id='word_1_351' title='bbox 633 2740 846 2796; x_wconf 88' lang='lat' dir='ltr'><strong>actibus</strong></span> <span class='ocrx_word' id='word_1_352' title='bbox 895 2755 1027 2795; x_wconf 89' lang='lat' dir='ltr'><strong>vero</strong></span> <span class='ocrx_word' id='word_1_353' title='bbox 1076 2739 1190 2795; x_wconf 90' lang='lat' dir='ltr'><strong>suis</strong></span> <span class='ocrx_word' id='word_1_354' title='bbox 1241 2738 1361 2794; x_wconf 89' lang='lat' dir='ltr'><strong>sine</strong></span> <span class='ocrx_word' id='word_1_355' title='bbox 1411 2738 1577 2792; x_wconf 89' lang='lat' dir='ltr'><strong>dubio</strong></span> <span class='ocrx_word' id='word_1_356' title='bbox 1616 2737 1980 2804; x_wconf 88' lang='lat' dir='ltr'><strong>jndicabitur.</strong></span> 
     </span>
    </p>
   </div>
   <div class='ocr_carea' id='block_1_44' title="bbox 405 2831 1984 2904">
    <p class='ocr_par' dir='ltr' id='par_1_44' title="bbox 405 2831 1984 2904">
     <span class='ocr_line' id='line_1_44' title="bbox 405 2831 1984 2904; baseline -0.003 -16"><span class='ocrx_word' id='word_1_357' title='bbox 405 2832 487 2889; x_wconf 91' lang='lat' dir='ltr'><strong>lta</strong></span> <span class='ocrx_word' id='word_1_358' title='bbox 529 2848 660 2904; x_wconf 86' lang='lat' dir='ltr'><strong>ergo</strong></span> <span class='ocrx_word' id='word_1_359' title='bbox 688 2844 741 2890; x_wconf 90' lang='lat' dir='ltr'><strong>et</strong></span> <span class='ocrx_word' id='word_1_360' title='bbox 777 2833 872 2887; x_wconf 90' lang='lat' dir='ltr'><strong>ille</strong></span> <span class='ocrx_word' id='word_1_361' title='bbox 908 2833 1022 2902; x_wconf 89' lang='lat' dir='ltr'><strong>jam</strong></span> <span class='ocrx_word' id='word_1_362' title='bbox 1049 2832 1329 2904; x_wconf 90' lang='lat' dir='ltr'><strong>judicatus</strong></span> <span class='ocrx_word' id='word_1_363' title='bbox 1385 2841 1470 2887; x_wconf 88' lang='lat' dir='ltr'><strong>est</strong></span> <span class='ocrx_word' id='word_1_364' title='bbox 1514 2832 1605 2902; x_wconf 91' lang='lat' dir='ltr'><strong>qui</strong></span> <span class='ocrx_word' id='word_1_365' title='bbox 1644 2846 1753 2886; x_wconf 92' lang='lat' dir='ltr'><strong>non</strong></span> <span class='ocrx_word' id='word_1_366' title='bbox 1787 2831 1984 2897; x_wconf 88' lang='lat' dir='ltr'><strong>credit,</strong></span> 
     </span>
    </p>
   </div>
   <div class='ocr_carea' id='block_1_45' title="bbox 407 2925 2020 2995">
    <p class='ocr_par' dir='ltr' id='par_1_45' title="bbox 407 2925 2020 2995">
     <span class='ocr_line' id='line_1_45' title="bbox 407 2925 2020 2995; baseline -0.004 -13"><span class='ocrx_word' id='word_1_367' title='bbox 407 2927 705 2983; x_wconf 85' lang='lat' dir='ltr'><strong>secundum</strong></span> <span class='ocrx_word' id='word_1_368' title='bbox 763 2927 872 2981; x_wconf 92' lang='lat' dir='ltr'><strong>hoc</strong></span> <span class='ocrx_word' id='word_1_369' title='bbox 917 2925 1062 2995; x_wconf 91' lang='lat' dir='ltr'><strong>quod</strong></span> <span class='ocrx_word' id='word_1_370' title='bbox 1116 2941 1226 2980; x_wconf 90' lang='lat' dir='ltr'><strong>non</strong></span> <span class='ocrx_word' id='word_1_371' title='bbox 1271 2926 1539 2990; x_wconf 90' lang='lat' dir='ltr'><strong>credidit;</strong></span> <span class='ocrx_word' id='word_1_372' title='bbox 1582 2934 1635 2980; x_wconf 93' lang='lat' dir='ltr'><strong>et</strong></span> <span class='ocrx_word' id='word_1_373' title='bbox 1684 2925 1826 2979; x_wconf 90' lang='lat' dir='ltr'><strong>sicut</strong></span> <span class='ocrx_word' id='word_1_374' title='bbox 1866 2938 2020 2994; x_wconf 22' lang='lat' dir='ltr'><strong>cre-.</strong></span> 
     </span>
    </p>
   </div>
   <div class='ocr_carea' id='block_1_46' title="bbox 413 3016 1984 3087">
    <p class='ocr_par' dir='ltr' id='par_1_46' title="bbox 413 3016 1984 3087">
     <span class='ocr_line' id='line_1_46' title="bbox 413 3016 1984 3087; baseline -0.003 -14"><span class='ocrx_word' id='word_1_375' title='bbox 413 3018 588 3086; x_wconf 89' lang='lat' dir='ltr'><strong>deuti,</strong></span> <span class='ocrx_word' id='word_1_376' title='bbox 628 3020 673 3074; x_wconf 88' lang='lat' dir='ltr'><strong>si</strong></span> <span class='ocrx_word' id='word_1_377' title='bbox 711 3018 1057 3074; x_wconf 79' lang='lat' dir='ltr'><strong>extrinsecus</strong></span> <span class='ocrx_word' id='word_1_378' title='bbox 1108 3017 1322 3087; x_wconf 89' lang='lat' dir='ltr'><strong>peccati</strong></span> <span class='ocrx_word' id='word_1_379' title='bbox 1373 3017 1579 3086; x_wconf 89' lang='lat' dir='ltr'><strong>aliquid</strong></span> <span class='ocrx_word' id='word_1_380' title='bbox 1625 3016 1984 3083; x_wconf 87' lang='lat' dir='ltr'><strong>commiserit,</strong></span> 
     </span>
    </p>
   </div>
   <div class='ocr_carea' id='block_1_47' title="bbox 408 3109 2056 3196">
    <p class='ocr_par' dir='ltr' id='par_1_47' title="bbox 408 3109 2056 3196">
     <span class='ocr_line' id='line_1_47' title="bbox 408 3109 2056 3196; baseline -0.002 -29"><span class='ocrx_word' id='word_1_381' title='bbox 408 3112 561 3167; x_wconf 88' lang='lat' dir='ltr'><strong>salva</strong></span> <span class='ocrx_word' id='word_1_382' title='bbox 590 3112 717 3174; x_wconf 90' lang='lat' dir='ltr'><strong>ﬁde,</strong></span> <span class='ocrx_word' id='word_1_383' title='bbox 743 3110 1009 3182; x_wconf 90' lang='lat' dir='ltr'><strong>judicium</strong></span> <span class='ocrx_word' id='word_1_384' title='bbox 1047 3118 1235 3164; x_wconf 90' lang='lat' dir='ltr'><strong>manet</strong></span> <span class='ocrx_word' id='word_1_385' title='bbox 1277 3126 1292 3165; x_wconf 91' lang='lat'><strong>:</strong></span> <span class='ocrx_word' id='word_1_386' title='bbox 1341 3109 1414 3163; x_wconf 91' lang='lat' dir='ltr'><strong>ita</strong></span> <span class='ocrx_word' id='word_1_387' title='bbox 1467 3117 1524 3165; x_wconf 91' lang='lat' dir='ltr'><strong>et</strong></span> <span class='ocrx_word' id='word_1_388' title='bbox 1563 3124 1667 3163; x_wconf 93' lang='lat' dir='ltr'><strong>non</strong></span> <span class='ocrx_word' id='word_1_389' title='bbox 1713 3109 1981 3174; x_wconf 91' lang='lat' dir='ltr'><strong>credenti,</strong></span> <span class='ocrx_word' id='word_1_390' title='bbox 2013 3137 2056 3196; x_wconf 68' lang='grc' dir='ltr'>ο</span> 
     </span>
    </p>
   </div>
   <div class='ocr_carea' id='block_1_48' title="bbox 412 3201 1986 3274">
    <p class='ocr_par' dir='ltr' id='par_1_48' title="bbox 412 3201 1986 3274">
     <span class='ocr_line' id='line_1_48' title="bbox 412 3201 1986 3274; baseline -0.003 -14"><span class='ocrx_word' id='word_1_391' title='bbox 412 3203 460 3260; x_wconf 78' lang='lat' dir='ltr'><strong>si</strong></span> <span class='ocrx_word' id='word_1_392' title='bbox 512 3204 639 3274; x_wconf 90' lang='lat' dir='ltr'><strong>quid</strong></span> <span class='ocrx_word' id='word_1_393' title='bbox 674 3203 803 3259; x_wconf 89' lang='lat' dir='ltr'><strong>boni</strong></span> <span class='ocrx_word' id='word_1_394' title='bbox 846 3203 1030 3273; x_wconf 90' lang='lat' dir='ltr'><strong>operis</strong></span> <span class='ocrx_word' id='word_1_395' title='bbox 1075 3202 1330 3272; x_wconf 90' lang='lat' dir='ltr'><strong>gesserit,</strong></span> <span class='ocrx_word' id='word_1_396' title='bbox 1379 3212 1604 3272; x_wconf 85' lang='lat' dir='ltr'><strong>excepta</strong></span> <span class='ocrx_word' id='word_1_397' title='bbox 1647 3201 1986 3269; x_wconf 88' lang='lat' dir='ltr'><strong>inﬁdelitate,</strong></span> 
     </span>
    </p>
   </div>
   <div class='ocr_carea' id='block_1_49' title="bbox 410 3294 1990 3365">
    <p class='ocr_par' dir='ltr' id='par_1_49' title="bbox 410 3294 1990 3365">
     <span class='ocr_line' id='line_1_49' title="bbox 410 3294 1990 3365; baseline 0 -15"><span class='ocrx_word' id='word_1_398' title='bbox 410 3295 787 3351; x_wconf 88' lang='lat' dir='ltr'><strong>remuneratio</strong></span> <span class='ocrx_word' id='word_1_399' title='bbox 828 3310 933 3350; x_wconf 92' lang='lat' dir='ltr'><strong>non</strong></span> <span class='ocrx_word' id='word_1_400' title='bbox 984 3294 1206 3363; x_wconf 90' lang='lat' dir='ltr'><strong>peribit.</strong></span> <span class='ocrx_word' id='word_1_401' title='bbox 1254 3295 1367 3350; x_wconf 83' lang='lat' dir='ltr'><strong>Nisi</strong></span> <span class='ocrx_word' id='word_1_402' title='bbox 1420 3294 1562 3349; x_wconf 82' lang='lat' dir='ltr'><strong>forte</strong></span> <span class='ocrx_word' id='word_1_403' title='bbox 1608 3295 1732 3364; x_wconf 87' lang='lat' dir='ltr'><strong>quis</strong></span> <span class='ocrx_word' id='word_1_404' title='bbox 1786 3295 1990 3365; x_wconf 88' lang='lat' dir='ltr'><strong>aliquid</strong></span> 
     </span>
    </p>
   </div>
   <div class='ocr_carea' id='block_1_50' title="bbox 414 3387 1987 3458">
    <p class='ocr_par' dir='ltr' id='par_1_50' title="bbox 414 3387 1987 3458">
     <span class='ocr_line' id='line_1_50' title="bbox 414 3387 1987 3458; baseline 0 -16"><span class='ocrx_word' id='word_1_405' title='bbox 414 3404 581 3458; x_wconf 88' lang='lat' dir='ltr'><strong>grave</strong></span> <span class='ocrx_word' id='word_1_406' title='bbox 610 3396 665 3444; x_wconf 90' lang='lat' dir='ltr'><strong>et</strong></span> <span class='ocrx_word' id='word_1_407' title='bbox 706 3387 1046 3443; x_wconf 87' lang='lat' dir='ltr'><strong>intolerabile</strong></span> <span class='ocrx_word' id='word_1_408' title='bbox 1094 3387 1227 3443; x_wconf 91' lang='lat' dir='ltr'><strong>velit</strong></span> <span class='ocrx_word' id='word_1_409' title='bbox 1269 3388 1533 3457; x_wconf 88' lang='lat' dir='ltr'><strong>objicere,</strong></span> <span class='ocrx_word' id='word_1_410' title='bbox 1582 3395 1644 3442; x_wconf 91' lang='lat' dir='ltr'><strong>ut</strong></span> <span class='ocrx_word' id='word_1_411' title='bbox 1682 3387 1833 3442; x_wconf 87' lang='lat' dir='ltr'><strong>dicat</strong></span> <span class='ocrx_word' id='word_1_412' title='bbox 1865 3403 1987 3443; x_wconf 92' lang='lat' dir='ltr'><strong>eum</strong></span> 
     </span>
    </p>
   </div>
   <div class='ocr_carea' id='block_1_51' title="bbox 412 3480 1988 3550">
    <p class='ocr_par' dir='ltr' id='par_1_51' title="bbox 412 3480 1988 3550">
     <span class='ocr_line' id='line_1_51' title="bbox 412 3480 1988 3550; baseline 0.003 -17"><span class='ocrx_word' id='word_1_413' title='bbox 412 3480 505 3548; x_wconf 89' lang='lat' dir='ltr'><strong>qui</strong></span> <span class='ocrx_word' id='word_1_414' title='bbox 536 3489 754 3550; x_wconf 90' lang='lat' dir='ltr'><strong>peccat,</strong></span> <span class='ocrx_word' id='word_1_415' title='bbox 784 3480 1206 3548; x_wconf 90' lang='lat' dir='ltr'><strong>computandum</strong></span> <span class='ocrx_word' id='word_1_416' title='bbox 1229 3495 1333 3534; x_wconf 90' lang='lat' dir='ltr'><strong>non</strong></span> <span class='ocrx_word' id='word_1_417' title='bbox 1363 3494 1484 3536; x_wconf 90' lang='lat' dir='ltr'><strong>esse</strong></span> <span class='ocrx_word' id='word_1_418' title='bbox 1507 3480 1649 3535; x_wconf 90' lang='lat' dir='ltr'><strong>inter</strong></span> <span class='ocrx_word' id='word_1_419' title='bbox 1666 3483 1988 3549; x_wconf 89' lang='lat' dir='ltr'><strong>credentes;</strong></span> 
     </span>
    </p>
   </div>
   <div class='ocr_carea' id='block_1_52' title="bbox 413 3572 1992 3644">
    <p class='ocr_par' dir='ltr' id='par_1_52' title="bbox 413 3572 1992 3644">
     <span class='ocr_line' id='line_1_52' title="bbox 413 3572 1992 3644; baseline 0.003 -20"><span class='ocrx_word' id='word_1_420' title='bbox 413 3572 542 3641; x_wconf 86' lang='lat' dir='ltr'><strong>quia</strong></span> <span class='ocrx_word' id='word_1_421' title='bbox 570 3572 614 3627; x_wconf 90' lang='lat' dir='ltr'><strong>si</strong></span> <span class='ocrx_word' id='word_1_422' title='bbox 638 3573 829 3627; x_wconf 90' lang='lat' dir='ltr'><strong>credat</strong></span> <span class='ocrx_word' id='word_1_423' title='bbox 851 3572 996 3640; x_wconf 90' lang='lat' dir='ltr'><strong>quis,</strong></span> <span class='ocrx_word' id='word_1_424' title='bbox 1034 3587 1140 3627; x_wconf 93' lang='lat' dir='ltr'><strong>non</strong></span> <span class='ocrx_word' id='word_1_425' title='bbox 1172 3583 1364 3642; x_wconf 90' lang='lat' dir='ltr'><strong>peccat</strong></span> <span class='ocrx_word' id='word_1_426' title='bbox 1391 3588 1406 3628; x_wconf 89' lang='lat'><strong>:</strong></span> <span class='ocrx_word' id='word_1_427' title='bbox 1432 3575 1476 3629; x_wconf 95' lang='lat' dir='ltr'><strong>si</strong></span> <span class='ocrx_word' id='word_1_428' title='bbox 1506 3590 1638 3629; x_wconf 88' lang='lat' dir='ltr'><strong>vero</strong></span> <span class='ocrx_word' id='word_1_429' title='bbox 1683 3585 1891 3644; x_wconf 89' lang='lat' dir='ltr'><strong>peccat,</strong></span> <span class='ocrx_word' id='word_1_430' title='bbox 1923 3590 1992 3629; x_wconf 81' lang='lat' dir='ltr'><strong>ex</strong></span> 
     </span>
    </p>
   </div>
   <div class='ocr_carea' id='block_1_53' title="bbox 414 3664 1991 3739">
    <p class='ocr_par' dir='ltr' id='par_1_53' title="bbox 414 3664 1991 3739">
     <span class='ocr_line' id='line_1_53' title="bbox 414 3664 1991 3739; baseline 0.002 -21"><span class='ocrx_word' id='word_1_431' title='bbox 414 3664 522 3719; x_wconf 92' lang='lat' dir='ltr'><strong>hoc</strong></span> <span class='ocrx_word' id='word_1_432' title='bbox 549 3664 672 3734; x_wconf 91' lang='lat' dir='ltr'><strong>ipso</strong></span> <span class='ocrx_word' id='word_1_433' title='bbox 704 3674 966 3735; x_wconf 86' lang='lat' dir='ltr'><strong>arguatur</strong></span> <span class='ocrx_word' id='word_1_434' title='bbox 991 3669 1138 3736; x_wconf 89' lang='lat' dir='ltr'><strong>quod</strong></span> <span class='ocrx_word' id='word_1_435' title='bbox 1172 3683 1278 3722; x_wconf 92' lang='lat' dir='ltr'><strong>non</strong></span> <span class='ocrx_word' id='word_1_436' title='bbox 1314 3667 1522 3723; x_wconf 87' lang='lat' dir='ltr'><strong>credat.</strong></span> <span class='ocrx_word' id='word_1_437' title='bbox 1553 3667 1660 3723; x_wconf 84' lang='lat' dir='ltr'><strong>Sed</strong></span> <span class='ocrx_word' id='word_1_438' title='bbox 1690 3670 1804 3723; x_wconf 57' lang='lat' dir='ltr'><strong>haec</strong></span> <span class='ocrx_word' id='word_1_439' title='bbox 1825 3683 1991 3739; x_wconf 87' lang='lat' dir='ltr'><strong>quam</strong></span> 
     </span>
    </p>
   </div>
   <div class='ocr_carea' id='block_1_54' title="bbox 414 3757 1994 3832">
    <p class='ocr_par' dir='ltr' id='par_1_54' title="bbox 414 3757 1994 3832">
     <span class='ocr_line' id='line_1_54' title="bbox 414 3757 1994 3832; baseline 0.005 -21"><span class='ocrx_word' id='word_1_440' title='bbox 414 3757 550 3811; x_wconf 90' lang='lat' dir='ltr'><strong>dura</strong></span> <span class='ocrx_word' id='word_1_441' title='bbox 597 3757 670 3812; x_wconf 90' lang='lat' dir='ltr'><strong>sit</strong></span> <span class='ocrx_word' id='word_1_442' title='bbox 719 3758 990 3812; x_wconf 88' lang='lat' dir='ltr'><strong>sententia</strong></span> <span class='ocrx_word' id='word_1_443' title='bbox 1030 3761 1167 3816; x_wconf 92' lang='lat' dir='ltr'><strong>nulli</strong></span> <span class='ocrx_word' id='word_1_444' title='bbox 1206 3762 1521 3828; x_wconf 87' lang='lat' dir='ltr'><strong>ambiguum</strong></span> <span class='ocrx_word' id='word_1_445' title='bbox 1573 3773 1726 3832; x_wconf 90' lang='lat' dir='ltr'><strong>puto.</strong></span> <span class='ocrx_word' id='word_1_446' title='bbox 1781 3763 1994 3830; x_wconf 85' lang='lat' dir='ltr'><strong>Quotus</strong></span> 
     </span>
    </p>
   </div>
   <div class='ocr_carea' id='block_1_55' title="bbox 414 3850 1992 3923">
    <p class='ocr_par' dir='ltr' id='par_1_55' title="bbox 414 3850 1992 3923">
     <span class='ocr_line' id='line_1_55' title="bbox 414 3850 1992 3923; baseline 0.003 -19"><span class='ocrx_word' id='word_1_447' title='bbox 414 3850 565 3905; x_wconf 84' lang='lat' dir='ltr'><strong>enim</strong></span> <span class='ocrx_word' id='word_1_448' title='bbox 611 3851 844 3920; x_wconf 91' lang='lat' dir='ltr'><strong>quisque</strong></span> <span class='ocrx_word' id='word_1_449' title='bbox 886 3853 1197 3908; x_wconf 91' lang='lat' dir='ltr'><strong>invenietur</strong></span> <span class='ocrx_word' id='word_1_450' title='bbox 1246 3853 1300 3908; x_wconf 88' lang='lat' dir='ltr'><strong>in</strong></span> <span class='ocrx_word' id='word_1_451' title='bbox 1341 3853 1526 3917; x_wconf 89' lang='lat' dir='ltr'><strong>terris,</strong></span> <span class='ocrx_word' id='word_1_452' title='bbox 1560 3854 1652 3923; x_wconf 89' lang='lat' dir='ltr'><strong>qui</strong></span> <span class='ocrx_word' id='word_1_453' title='bbox 1704 3854 1775 3908; x_wconf 91' lang='lat' dir='ltr'><strong>ita</strong></span> <span class='ocrx_word' id='word_1_454' title='bbox 1828 3855 1992 3909; x_wconf 89' lang='lat' dir='ltr'><strong>vitam</strong></span> 
     </span>
    </p>
   </div>
   <div class='ocr_carea' id='block_1_56' title="bbox 415 3941 1994 4018">
    <p class='ocr_par' dir='ltr' id='par_1_56' title="bbox 415 3941 1994 4018">
     <span class='ocr_line' id='line_1_56' title="bbox 415 3941 1994 4018; baseline 0.004 -23"><span class='ocrx_word' id='word_1_455' title='bbox 415 3955 574 3996; x_wconf 88' lang='lat' dir='ltr'><strong>suam</strong></span> <span class='ocrx_word' id='word_1_456' title='bbox 606 3941 768 3998; x_wconf 91' lang='lat' dir='ltr'><strong>libret</strong></span> <span class='ocrx_word' id='word_1_457' title='bbox 797 3942 931 4015; x_wconf 86' lang='lat'><strong>(89),</strong></span> <span class='ocrx_word' id='word_1_458' title='bbox 962 3944 1097 3999; x_wconf 93' lang='lat' dir='ltr'><strong>utin</strong></span> <span class='ocrx_word' id='word_1_459' title='bbox 1129 3945 1278 4001; x_wconf 90' lang='lat' dir='ltr'><strong>nullo</strong></span> <span class='ocrx_word' id='word_1_460' title='bbox 1299 3947 1514 4014; x_wconf 90' lang='lat' dir='ltr'><strong>penitus</strong></span> <span class='ocrx_word' id='word_1_461' title='bbox 1536 3947 1815 4018; x_wconf 89' lang='lat' dir='ltr'><strong>delinquat</strong></span> <span class='ocrx_word' id='word_1_462' title='bbox 1839 3948 1862 4000; x_wconf 90' lang='lat'><strong>?</strong></span> <span class='ocrx_word' id='word_1_463' title='bbox 1887 3948 1994 4002; x_wconf 90' lang='lat' dir='ltr'><strong>Sed</strong></span> 
     </span>
    </p>
   </div>
   <div class='ocr_carea' id='block_1_57' title="bbox 414 4033 1997 4106">
    <p class='ocr_par' dir='ltr' id='par_1_57' title="bbox 414 4033 1997 4106">
     <span class='ocr_line' id='line_1_57' title="bbox 414 4033 1997 4106; baseline 0.003 -16"><span class='ocrx_word' id='word_1_464' title='bbox 414 4042 472 4090; x_wconf 89' lang='lat' dir='ltr'><strong>et</strong></span> <span class='ocrx_word' id='word_1_465' title='bbox 517 4033 758 4091; x_wconf 81' lang='lat' dir='ltr'><strong>Joannes</strong></span> <span class='ocrx_word' id='word_1_466' title='bbox 806 4035 1099 4104; x_wconf 86' lang='lat' dir='ltr'><strong>Apostolus</strong></span> <span class='ocrx_word' id='word_1_467' title='bbox 1150 4037 1207 4092; x_wconf 89' lang='lat' dir='ltr'><strong>in</strong></span> <span class='ocrx_word' id='word_1_468' title='bbox 1258 4038 1502 4106; x_wconf 86' lang='lat' dir='ltr'><strong>Epistola</strong></span> <span class='ocrx_word' id='word_1_469' title='bbox 1563 4054 1662 4094; x_wconf 88' lang='lat' dir='ltr'><strong>sua</strong></span> <span class='ocrx_word' id='word_1_470' title='bbox 1716 4041 1997 4095; x_wconf 90' lang='lat' dir='ltr'><strong>evidenter</strong></span> 
     </span>
    </p>
   </div>
   <div class='ocr_carea' id='block_1_58' title="bbox 415 4126 1995 4197">
    <p class='ocr_par' dir='ltr' id='par_1_58' title="bbox 415 4126 1995 4197">
     <span class='ocr_line' id='line_1_58' title="bbox 415 4126 1995 4197; baseline 0.002 -15"><span class='ocrx_word' id='word_1_471' title='bbox 415 4126 580 4182; x_wconf 90' lang='lat' dir='ltr'><strong>etiam</strong></span> <span class='ocrx_word' id='word_1_472' title='bbox 606 4126 918 4195; x_wconf 89' lang='lat' dir='ltr'><strong>opinionem</strong></span> <span class='ocrx_word' id='word_1_473' title='bbox 957 4127 1266 4197; x_wconf 91' lang='lat' dir='ltr'><strong>hujusmodi</strong></span> <span class='ocrx_word' id='word_1_474' title='bbox 1297 4139 1470 4196; x_wconf 92' lang='lat' dir='ltr'><strong>notat,</strong></span> <span class='ocrx_word' id='word_1_475' title='bbox 1514 4146 1638 4184; x_wconf 91' lang='lat' dir='ltr'><strong>cum</strong></span> <span class='ocrx_word' id='word_1_476' title='bbox 1675 4130 1848 4187; x_wconf 88' lang='lat' dir='ltr'><strong>dicit:</strong></span> <span class='ocrx_word' id='word_1_477' title='bbox 1885 4150 1905 4183; x_wconf 70' lang='grc' dir='ltr'><strong>ι</strong></span> <span class='ocrx_word' id='word_1_478' title='bbox 1936 4130 1995 4187; x_wconf 92' lang='lat' dir='ltr'><strong>Si</strong></span> 
     </span>
    </p>
   </div>
   <div class='ocr_carea' id='block_1_59' title="bbox 416 4218 1996 4288">
    <p class='ocr_par' dir='ltr' id='par_1_59' title="bbox 416 4218 1996 4288">
     <span class='ocr_line' id='line_1_59' title="bbox 416 4218 1996 4288; baseline 0.003 -18"><span class='ocrx_word' id='word_1_479' title='bbox 416 4219 540 4288; x_wconf 87' lang='lat' dir='ltr'><strong>quis</strong></span> <span class='ocrx_word' id='word_1_480' title='bbox 574 4218 709 4272; x_wconf 92' lang='lat' dir='ltr'><strong>dicit</strong></span> <span class='ocrx_word' id='word_1_481' title='bbox 739 4219 865 4287; x_wconf 91' lang='lat' dir='ltr'><strong>quia</strong></span> <span class='ocrx_word' id='word_1_482' title='bbox 906 4229 1191 4287; x_wconf 90' lang='lat' dir='ltr'><strong>peccatum</strong></span> <span class='ocrx_word' id='word_1_483' title='bbox 1240 4234 1347 4274; x_wconf 92' lang='lat' dir='ltr'><strong>non</strong></span> <span class='ocrx_word' id='word_1_484' title='bbox 1398 4221 1582 4287; x_wconf 90' lang='lat' dir='ltr'><strong>habet,</strong></span> <span class='ocrx_word' id='word_1_485' title='bbox 1631 4221 1720 4276; x_wconf 92' lang='lat' dir='ltr'><strong>hic</strong></span> <span class='ocrx_word' id='word_1_486' title='bbox 1763 4222 1996 4277; x_wconf 81' lang='lat' dir='ltr'><strong>mendax</strong></span> 
     </span>
    </p>
   </div>
   <div class='ocr_carea' id='block_1_60' title="bbox 415 4308 2000 4374">
    <p class='ocr_par' dir='ltr' id='par_1_60' title="bbox 415 4308 2000 4374">
     <span class='ocr_line' id='line_1_60' title="bbox 415 4308 2000 4374; baseline 0.001 -11"><span class='ocrx_word' id='word_1_487' title='bbox 415 4317 594 4374; x_wconf 88' lang='lat' dir='ltr'><strong>est,et</strong></span> <span class='ocrx_word' id='word_1_488' title='bbox 617 4308 822 4363; x_wconf 85' lang='lat' dir='ltr'><strong>veritas</strong></span> <span class='ocrx_word' id='word_1_489' title='bbox 858 4308 912 4364; x_wconf 92' lang='lat' dir='ltr'><strong>in</strong></span> <span class='ocrx_word' id='word_1_490' title='bbox 943 4324 1009 4366; x_wconf 91' lang='lat' dir='ltr'><strong>eo</strong></span> <span class='ocrx_word' id='word_1_491' title='bbox 1032 4325 1138 4365; x_wconf 94' lang='lat' dir='ltr'><strong>non</strong></span> <span class='ocrx_word' id='word_1_492' title='bbox 1171 4320 1254 4366; x_wconf 88' lang='lat' dir='ltr'><strong>est</strong></span> <span class='ocrx_word' id='word_1_493' title='bbox 1280 4310 1503 4365; x_wconf 60' lang='grc' dir='ltr'><strong>ηομ-δί</strong></span> <span class='ocrx_word' id='word_1_494' title='bbox 1535 4318 1717 4365; x_wconf 80' lang='lat' dir='ltr'><strong>autem</strong></span> <span class='ocrx_word' id='word_1_495' title='bbox 1739 4310 2000 4366; x_wconf 88' lang='lat' dir='ltr'><strong>conﬁtea-</strong></span> 
     </span>
    </p>
   </div>
   <div class='ocr_carea' id='block_1_61' title="bbox 364 4398 1997 4473">
    <p class='ocr_par' dir='ltr' id='par_1_61' title="bbox 364 4398 1997 4473">
     <span class='ocr_line' id='line_1_61' title="bbox 364 4398 1997 4473; baseline 0.001 -18"><span class='ocrx_word' id='word_1_496' title='bbox 364 4398 369 4402; x_wconf 83' lang='grc'><em>’</em></span> <span class='ocrx_word' id='word_1_497' title='bbox 417 4419 543 4457; x_wconf 90' lang='lat' dir='ltr'><strong>mur</strong></span> <span class='ocrx_word' id='word_1_498' title='bbox 592 4412 816 4473; x_wconf 88' lang='lat' dir='ltr'><strong>peccata</strong></span> <span class='ocrx_word' id='word_1_499' title='bbox 882 4413 1089 4470; x_wconf 86' lang='lat' dir='ltr'><strong>nostra,</strong></span> <span class='ocrx_word' id='word_1_500' title='bbox 1153 4404 1415 4459; x_wconf 93' lang='lat' dir='ltr'><strong>habemus</strong></span> <span class='ocrx_word' id='word_1_501' title='bbox 1478 4405 1802 4459; x_wconf 89' lang='lat' dir='ltr'><strong>advocatum</strong></span> <span class='ocrx_word' id='word_1_502' title='bbox 1854 4402 1997 4473; x_wconf 90' lang='lat' dir='ltr'><strong>apud</strong></span> 
     </span>
    </p>
   </div>
   <div class='ocr_carea' id='block_1_62' title="bbox 2081 1884 3665 1978">
    <p class='ocr_par' dir='ltr' id='par_1_62' title="bbox 2081 1884 3665 1978">
     <span class='ocr_line' id='line_1_62' title="bbox 2081 1884 3665 1978; baseline -0.02 -5"><span class='ocrx_word' id='word_1_503' title='bbox 2081 1884 2300 1973; x_wconf 77' lang='lat' dir='ltr'><strong>etiamsi</strong></span> <span class='ocrx_word' id='word_1_504' title='bbox 2340 1914 2440 1967; x_wconf 92' lang='lat' dir='ltr'><strong>sub</strong></span> <span class='ocrx_word' id='word_1_505' title='bbox 2494 1884 2676 1978; x_wconf 79' lang='lat' dir='ltr'><strong>aliqua</strong></span> <span class='ocrx_word' id='word_1_506' title='bbox 2733 1906 2850 1974; x_wconf 79' lang='lat' dir='ltr'><strong>lege</strong></span> <span class='ocrx_word' id='word_1_507' title='bbox 2896 1903 3068 1965; x_wconf 90' lang='lat' dir='ltr'><strong>vivat,</strong></span> <span class='ocrx_word' id='word_1_508' title='bbox 3098 1884 3253 1952; x_wconf 86' lang='lat' dir='ltr'><strong>velut</strong></span> <span class='ocrx_word' id='word_1_509' title='bbox 3298 1903 3453 1948; x_wconf 80' lang='lat' dir='ltr'><strong>extra</strong></span> <span class='ocrx_word' id='word_1_510' title='bbox 3492 1891 3665 1960; x_wconf 85' lang='lat' dir='ltr'><strong>legem</strong></span> 
     </span>
    </p>
   </div>
   <div class='ocr_carea' id='block_1_63' title="bbox 2081 1986 3668 2080">
    <p class='ocr_par' dir='ltr' id='par_1_63' title="bbox 2081 1986 3668 2080">
     <span class='ocr_line' id='line_1_63' title="bbox 2081 1986 3668 2080; baseline -0.02 -16"><span class='ocrx_word' id='word_1_511' title='bbox 2081 2008 2316 2080; x_wconf 89' lang='lat' dir='ltr'><strong>positus,</strong></span> <span class='ocrx_word' id='word_1_512' title='bbox 2351 2020 2473 2058; x_wconf 83' lang='lat' dir='ltr'><strong>cum</strong></span> <span class='ocrx_word' id='word_1_513' title='bbox 2509 1998 2839 2072; x_wconf 89' lang='lat' dir='ltr'><strong>peccaverit,</strong></span> <span class='ocrx_word' id='word_1_514' title='bbox 2864 2001 3072 2065; x_wconf 82' lang='lat' dir='ltr'><strong>pereat.</strong></span> <span class='ocrx_word' id='word_1_515' title='bbox 3112 1988 3245 2044; x_wconf 89' lang='lat' dir='ltr'><strong>Nam</strong></span> <span class='ocrx_word' id='word_1_516' title='bbox 3276 1994 3334 2040; x_wconf 90' lang='lat' dir='ltr'><strong>et</strong></span> <span class='ocrx_word' id='word_1_517' title='bbox 3373 1986 3490 2053; x_wconf 89' lang='lat' dir='ltr'><strong>ipse</strong></span> <span class='ocrx_word' id='word_1_518' title='bbox 3532 1995 3668 2048; x_wconf 87' lang='lat' dir='ltr'><strong>apo-</strong></span> 
     </span>
    </p>
   </div>
   <div class='ocr_carea' id='block_1_64' title="bbox 2083 2077 3667 2158">
    <p class='ocr_par' dir='ltr' id='par_1_64' title="bbox 2083 2077 3667 2158">
     <span class='ocr_line' id='line_1_64' title="bbox 2083 2077 3667 2158; baseline -0.021 0"><span class='ocrx_word' id='word_1_519' title='bbox 2083 2077 2253 2158; x_wconf 77' lang='lat' dir='ltr'><strong>stolus</strong></span> <span class='ocrx_word' id='word_1_520' title='bbox 2282 2097 2502 2157; x_wconf 87' lang='lat' dir='ltr'><strong>Paulus,</strong></span> <span class='ocrx_word' id='word_1_521' title='bbox 2541 2109 2664 2149; x_wconf 91' lang='lat' dir='ltr'><strong>cum</strong></span> <span class='ocrx_word' id='word_1_522' title='bbox 2697 2090 2829 2146; x_wconf 88' lang='lat' dir='ltr'><strong>dicit</strong></span> <span class='ocrx_word' id='word_1_523' title='bbox 2855 2103 2915 2143; x_wconf 91' lang='lat' dir='ltr'><strong>se</strong></span> <span class='ocrx_word' id='word_1_524' title='bbox 2952 2086 3039 2141; x_wconf 89' lang='lat' dir='ltr'><strong>his</strong></span> <span class='ocrx_word' id='word_1_525' title='bbox 3074 2082 3166 2152; x_wconf 93' lang='lat' dir='ltr'><strong>qui</strong></span> <span class='ocrx_word' id='word_1_526' title='bbox 3196 2080 3317 2134; x_wconf 87' lang='lat' dir='ltr'><strong>sine</strong></span> <span class='ocrx_word' id='word_1_527' title='bbox 3357 2077 3477 2145; x_wconf 86' lang='lat' dir='ltr'><strong>lege</strong></span> <span class='ocrx_word' id='word_1_528' title='bbox 3515 2081 3667 2137; x_wconf 89' lang='lat' dir='ltr'><strong>sunt,</strong></span> 
     </span>
    </p>
   </div>
   <div class='ocr_carea' id='block_1_65' title="bbox 2084 2164 3671 2263">
    <p class='ocr_par' dir='ltr' id='par_1_65' title="bbox 2084 2164 3671 2263">
     <span class='ocr_line' id='line_1_65' title="bbox 2084 2164 3671 2263; baseline -0.018 -18"><span class='ocrx_word' id='word_1_529' title='bbox 2084 2192 2236 2263; x_wconf 89' lang='lat' dir='ltr'><strong>quasi</strong></span> <span class='ocrx_word' id='word_1_530' title='bbox 2261 2192 2380 2244; x_wconf 91' lang='lat' dir='ltr'><strong>sine</strong></span> <span class='ocrx_word' id='word_1_531' title='bbox 2405 2188 2522 2255; x_wconf 87' lang='lat' dir='ltr'><strong>lege</strong></span> <span class='ocrx_word' id='word_1_532' title='bbox 2544 2198 2684 2249; x_wconf 90' lang='lat' dir='ltr'><strong>esse,</strong></span> <span class='ocrx_word' id='word_1_533' title='bbox 2705 2194 2759 2235; x_wconf 92' lang='lat' dir='ltr'><strong>et</strong></span> <span class='ocrx_word' id='word_1_534' title='bbox 2788 2180 2940 2234; x_wconf 91' lang='lat' dir='ltr'><strong>addit</strong></span> <span class='ocrx_word' id='word_1_535' title='bbox 2963 2194 2976 2228; x_wconf 91' lang='lat'><strong>:</strong></span> <span class='ocrx_word' id='word_1_536' title='bbox 3005 2196 3024 2229; x_wconf 77' lang='grc' dir='ltr'><strong>ι</strong></span> <span class='ocrx_word' id='word_1_537' title='bbox 3046 2175 3179 2230; x_wconf 92' lang='lat' dir='ltr'><strong>Cum</strong></span> <span class='ocrx_word' id='word_1_538' title='bbox 3203 2172 3392 2239; x_wconf 89' lang='lat' dir='ltr'><strong>utique</strong></span> <span class='ocrx_word' id='word_1_539' title='bbox 3413 2167 3532 2221; x_wconf 90' lang='lat' dir='ltr'><strong>sine</strong></span> <span class='ocrx_word' id='word_1_540' title='bbox 3553 2164 3671 2233; x_wconf 85' lang='lat' dir='ltr'><strong>lege</strong></span> 
     </span>
    </p>
   </div>
   <div class='ocr_carea' id='block_1_66' title="bbox 2084 2257 3673 2345">
    <p class='ocr_par' dir='ltr' id='par_1_66' title="bbox 2084 2257 3673 2345">
     <span class='ocr_line' id='line_1_66' title="bbox 2084 2257 3673 2345; baseline -0.02 -5"><span class='ocrx_word' id='word_1_541' title='bbox 2084 2301 2191 2339; x_wconf 91' lang='lat' dir='ltr'><strong>non</strong></span> <span class='ocrx_word' id='word_1_542' title='bbox 2235 2297 2436 2345; x_wconf 85' lang='lat' dir='ltr'><strong>essem,</strong></span> <span class='ocrx_word' id='word_1_543' title='bbox 2474 2278 2566 2333; x_wconf 89' lang='lat' dir='ltr'><strong>sed</strong></span> <span class='ocrx_word' id='word_1_544' title='bbox 2616 2278 2670 2331; x_wconf 91' lang='lat' dir='ltr'><strong>in</strong></span> <span class='ocrx_word' id='word_1_545' title='bbox 2692 2276 2810 2344; x_wconf 86' lang='lat' dir='ltr'><strong>lege</strong></span> <span class='ocrx_word' id='word_1_546' title='bbox 2844 2284 3021 2327; x_wconf 89' lang='lat' dir='ltr'><strong>essem</strong></span> <span class='ocrx_word' id='word_1_547' title='bbox 3053 2264 3256 2323; x_wconf 89' lang='lat' dir='ltr'><strong>Christi</strong></span> <span class='ocrx_word' id='word_1_548' title='bbox 3283 2262 3354 2329; x_wconf 71' lang='grc'><strong>⁸³,</strong></span> <span class='ocrx_word' id='word_1_549' title='bbox 3385 2281 3405 2313; x_wconf 67' lang='grc' dir='ltr'><strong>ι</strong></span> <span class='ocrx_word' id='word_1_550' title='bbox 3435 2257 3673 2314; x_wconf 87' lang='lat' dir='ltr'><strong>ostendit</strong></span> 
     </span>
    </p>
   </div>
   <div class='ocr_carea' id='block_1_67' title="bbox 2086 2348 3670 2443">
    <p class='ocr_par' dir='ltr' id='par_1_67' title="bbox 2086 2348 3670 2443">
     <span class='ocr_line' id='line_1_67' title="bbox 2086 2348 3670 2443; baseline -0.019 -12"><span class='ocrx_word' id='word_1_551' title='bbox 2086 2392 2146 2431; x_wconf 89' lang='lat' dir='ltr'><strong>se</strong></span> <span class='ocrx_word' id='word_1_552' title='bbox 2175 2374 2390 2443; x_wconf 87' lang='lat' dir='ltr'><strong>quidem</strong></span> <span class='ocrx_word' id='word_1_553' title='bbox 2426 2372 2478 2425; x_wconf 93' lang='lat' dir='ltr'><strong>in</strong></span> <span class='ocrx_word' id='word_1_554' title='bbox 2516 2369 2633 2439; x_wconf 83' lang='lat' dir='ltr'><strong>lege</strong></span> <span class='ocrx_word' id='word_1_555' title='bbox 2682 2364 2851 2437; x_wconf 70' lang='lat' dir='ltr'><strong>Moysi</strong></span> <span class='ocrx_word' id='word_1_556' title='bbox 2887 2378 2994 2417; x_wconf 93' lang='lat' dir='ltr'><strong>non</strong></span> <span class='ocrx_word' id='word_1_557' title='bbox 3032 2374 3176 2422; x_wconf 90' lang='lat' dir='ltr'><strong>esse,</strong></span> <span class='ocrx_word' id='word_1_558' title='bbox 3205 2370 3329 2412; x_wconf 88' lang='lat' dir='ltr'><strong>esse</strong></span> <span class='ocrx_word' id='word_1_559' title='bbox 3362 2364 3540 2407; x_wconf 89' lang='lat' dir='ltr'><strong>tamen</strong></span> <span class='ocrx_word' id='word_1_560' title='bbox 3570 2348 3670 2402; x_wconf 90' lang='lat' dir='ltr'><strong>sub</strong></span> 
     </span>
    </p>
   </div>
   <div class='ocr_carea' id='block_1_68' title="bbox 2086 2445 3673 2541">
    <p class='ocr_par' dir='ltr' id='par_1_68' title="bbox 2086 2445 3673 2541">
     <span class='ocr_line' id='line_1_68' title="bbox 2086 2445 3673 2541; baseline -0.018 -17"><span class='ocrx_word' id='word_1_561' title='bbox 2086 2470 2224 2541; x_wconf 88' lang='lat' dir='ltr'><strong>lege.</strong></span> <span class='ocrx_word' id='word_1_562' title='bbox 2257 2467 2367 2523; x_wconf 85' lang='lat' dir='ltr'><strong>Sed</strong></span> <span class='ocrx_word' id='word_1_563' title='bbox 2390 2473 2444 2520; x_wconf 91' lang='lat' dir='ltr'><strong>et</strong></span> <span class='ocrx_word' id='word_1_564' title='bbox 2475 2464 2747 2527; x_wconf 71' lang='lat' dir='ltr'><strong>humanm,</strong></span> <span class='ocrx_word' id='word_1_565' title='bbox 2794 2467 2856 2512; x_wconf 93' lang='lat' dir='ltr'><strong>ut</strong></span> <span class='ocrx_word' id='word_1_566' title='bbox 2883 2455 3145 2515; x_wconf 79' lang='lat' dir='ltr'><strong>diximus,</strong></span> <span class='ocrx_word' id='word_1_567' title='bbox 3185 2452 3352 2519; x_wconf 89' lang='lat' dir='ltr'><strong>leges,</strong></span> <span class='ocrx_word' id='word_1_568' title='bbox 3392 2447 3436 2500; x_wconf 91' lang='lat' dir='ltr'><strong>si</strong></span> <span class='ocrx_word' id='word_1_569' title='bbox 3467 2445 3535 2499; x_wconf 89' lang='lat' dir='ltr'><strong>ad</strong></span> <span class='ocrx_word' id='word_1_570' title='bbox 3570 2446 3673 2497; x_wconf 93' lang='lat' dir='ltr'><strong>hoc</strong></span> 
     </span>
    </p>
   </div>
   <div class='ocr_carea' id='block_1_69' title="bbox 2089 2536 3678 2633">
    <p class='ocr_par' dir='ltr' id='par_1_69' title="bbox 2089 2536 3678 2633">
     <span class='ocr_line' id='line_1_69' title="bbox 2089 2536 3678 2633; baseline -0.02 -15"><span class='ocrx_word' id='word_1_571' title='bbox 2089 2536 2267 2633; x_wconf 79' lang='lat' dir='ltr'><strong>ipsum</strong></span> <span class='ocrx_word' id='word_1_572' title='bbox 2294 2555 2538 2627; x_wconf 87' lang='lat' dir='ltr'><strong>reputari</strong></span> <span class='ocrx_word' id='word_1_573' title='bbox 2571 2552 2821 2615; x_wconf 89' lang='lat' dir='ltr'><strong>debeant,</strong></span> <span class='ocrx_word' id='word_1_574' title='bbox 2846 2548 3027 2601; x_wconf 88' lang='lat' dir='ltr'><strong>videto</strong></span> <span class='ocrx_word' id='word_1_575' title='bbox 3058 2543 3192 2615; x_wconf 87' lang='lat'><strong>(90).</strong></span> <span class='ocrx_word' id='word_1_576' title='bbox 3232 2536 3503 2593; x_wconf 79' lang='lat' dir='ltr'><strong>Naturalis</strong></span> <span class='ocrx_word' id='word_1_577' title='bbox 3541 2546 3678 2589; x_wconf 89' lang='lat' dir='ltr'><strong>vero</strong></span> 
     </span>
    </p>
   </div>
   <div class='ocr_carea' id='block_1_70' title="bbox 2088 2631 3675 2723">
    <p class='ocr_par' dir='ltr' id='par_1_70' title="bbox 2088 2631 3675 2723">
     <span class='ocr_line' id='line_1_70' title="bbox 2088 2631 3675 2723; baseline -0.019 -14"><span class='ocrx_word' id='word_1_578' title='bbox 2088 2631 2197 2716; x_wconf 86' lang='lat' dir='ltr'><strong>lex,</strong></span> <span class='ocrx_word' id='word_1_579' title='bbox 2220 2667 2340 2723; x_wconf 68' lang='lat' dir='ltr'><strong>qua:</strong></span> <span class='ocrx_word' id='word_1_580' title='bbox 2357 2646 2722 2717; x_wconf 89' lang='lat' dir='ltr'><strong>communiter</strong></span> <span class='ocrx_word' id='word_1_581' title='bbox 2747 2641 2996 2697; x_wconf 87' lang='lat' dir='ltr'><strong>omnibus</strong></span> <span class='ocrx_word' id='word_1_582' title='bbox 3018 2632 3327 2701; x_wconf 65' lang='lat' dir='ltr'><strong>hominibus</strong></span> <span class='ocrx_word' id='word_1_583' title='bbox 3353 2631 3517 2692; x_wconf 89' lang='lat' dir='ltr'><strong>inest,</strong></span> <span class='ocrx_word' id='word_1_584' title='bbox 3538 2640 3675 2682; x_wconf 85' lang='lat' dir='ltr'><strong>con-</strong></span> 
     </span>
    </p>
   </div>
   <div class='ocr_carea' id='block_1_71' title="bbox 2088 2721 3674 2800">
    <p class='ocr_par' dir='ltr' id='par_1_71' title="bbox 2088 2721 3674 2800">
     <span class='ocr_line' id='line_1_71' title="bbox 2088 2721 3674 2800; baseline -0.018 -1"><span class='ocrx_word' id='word_1_585' title='bbox 2088 2721 2439 2800; x_wconf 81' lang='lat' dir='ltr'><strong>siderandum</strong></span> <span class='ocrx_word' id='word_1_586' title='bbox 2476 2746 2561 2793; x_wconf 90' lang='lat' dir='ltr'><strong>est</strong></span> <span class='ocrx_word' id='word_1_587' title='bbox 2605 2735 2650 2790; x_wconf 91' lang='lat' dir='ltr'><strong>si</strong></span> <span class='ocrx_word' id='word_1_588' title='bbox 2682 2746 2873 2788; x_wconf 91' lang='lat' dir='ltr'><strong>omnes</strong></span> <span class='ocrx_word' id='word_1_589' title='bbox 2911 2744 3052 2799; x_wconf 89' lang='lat' dir='ltr'><strong>pene</strong></span> <span class='ocrx_word' id='word_1_590' title='bbox 3103 2725 3267 2779; x_wconf 80' lang='lat' dir='ltr'><strong>faciat</strong></span> <span class='ocrx_word' id='word_1_591' title='bbox 3300 2724 3352 2776; x_wconf 89' lang='lat' dir='ltr'><strong>in</strong></span> <span class='ocrx_word' id='word_1_592' title='bbox 3400 2721 3518 2791; x_wconf 89' lang='lat' dir='ltr'><strong>lege</strong></span> <span class='ocrx_word' id='word_1_593' title='bbox 3541 2732 3674 2789; x_wconf 85' lang='lat' dir='ltr'><strong>pec-</strong></span> 
     </span>
    </p>
   </div>
   <div class='ocr_carea' id='block_1_72' title="bbox 2088 2809 3672 2898">
    <p class='ocr_par' dir='ltr' id='par_1_72' title="bbox 2088 2809 3672 2898">
     <span class='ocr_line' id='line_1_72' title="bbox 2088 2809 3672 2898; baseline -0.018 -8"><span class='ocrx_word' id='word_1_594' title='bbox 2088 2847 2240 2898; x_wconf 87' lang='lat' dir='ltr'><strong>care,</strong></span> <span class='ocrx_word' id='word_1_595' title='bbox 2275 2831 2418 2886; x_wconf 87' lang='lat' dir='ltr'><strong>sicut</strong></span> <span class='ocrx_word' id='word_1_596' title='bbox 2454 2828 2506 2881; x_wconf 90' lang='lat' dir='ltr'><strong>in</strong></span> <span class='ocrx_word' id='word_1_597' title='bbox 2551 2821 3016 2891; x_wconf 86' lang='lat' dir='ltr'><strong>consequentibus</strong></span> <span class='ocrx_word' id='word_1_598' title='bbox 3060 2815 3198 2871; x_wconf 92' lang='lat' dir='ltr'><strong>dicit</strong></span> <span class='ocrx_word' id='word_1_599' title='bbox 3237 2832 3253 2869; x_wconf 89' lang='lat'><strong>:</strong></span> <span class='ocrx_word' id='word_1_600' title='bbox 3294 2830 3313 2864; x_wconf 85' lang='grc'><em>‹</em></span> <span class='ocrx_word' id='word_1_601' title='bbox 3361 2811 3495 2867; x_wconf 90' lang='lat' dir='ltr'><strong>Cum</strong></span> <span class='ocrx_word' id='word_1_602' title='bbox 3526 2809 3672 2863; x_wconf 91' lang='lat' dir='ltr'><strong>enim</strong></span> 
     </span>
    </p>
   </div>
   <div class='ocr_carea' id='block_1_73' title="bbox 2090 2901 3679 2997">
    <p class='ocr_par' dir='ltr' id='par_1_73' title="bbox 2090 2901 3679 2997">
     <span class='ocr_line' id='line_1_73' title="bbox 2090 2901 3679 2997; baseline -0.015 -18"><span class='ocrx_word' id='word_1_603' title='bbox 2090 2934 2302 2997; x_wconf 88' lang='lat' dir='ltr'><strong>gentes,</strong></span> <span class='ocrx_word' id='word_1_604' title='bbox 2339 2935 2458 2990; x_wconf 66' lang='lat' dir='ltr'><strong>quae</strong></span> <span class='ocrx_word' id='word_1_605' title='bbox 2499 2919 2672 2989; x_wconf 85' lang='lat' dir='ltr'><strong>legem</strong></span> <span class='ocrx_word' id='word_1_606' title='bbox 2713 2929 2820 2969; x_wconf 88' lang='lat' dir='ltr'><strong>non</strong></span> <span class='ocrx_word' id='word_1_607' title='bbox 2853 2911 3078 2975; x_wconf 87' lang='lat' dir='ltr'><strong>habent,</strong></span> <span class='ocrx_word' id='word_1_608' title='bbox 3102 2906 3426 2962; x_wconf 87' lang='lat' dir='ltr'><strong>naturaliter</strong></span> <span class='ocrx_word' id='word_1_609' title='bbox 3450 2917 3570 2971; x_wconf 76' lang='lat' dir='ltr'><strong>quae.</strong></span> <span class='ocrx_word' id='word_1_610' title='bbox 3599 2901 3679 2955; x_wconf 64' lang='lat' dir='ltr'><strong>leo</strong></span> 
     </span>
    </p>
   </div>
   <div class='ocr_carea' id='block_1_74' title="bbox 2090 2994 3679 3090">
    <p class='ocr_par' dir='ltr' id='par_1_74' title="bbox 2090 2994 3679 3090">
     <span class='ocr_line' id='line_1_74' title="bbox 2090 2994 3679 3090; baseline -0.016 -18"><span class='ocrx_word' id='word_1_611' title='bbox 2090 2994 2173 3090; x_wconf 75' lang='lat' dir='ltr'><strong>gis</strong></span> <span class='ocrx_word' id='word_1_612' title='bbox 2192 3023 2322 3071; x_wconf 90' lang='lat' dir='ltr'><strong>sunt</strong></span> <span class='ocrx_word' id='word_1_613' title='bbox 2341 3011 2634 3075; x_wconf 85' lang='lat' dir='ltr'><strong>faciunt,hi</strong></span> <span class='ocrx_word' id='word_1_614' title='bbox 2668 3010 2840 3081; x_wconf 89' lang='lat' dir='ltr'><strong>legem</strong></span> <span class='ocrx_word' id='word_1_615' title='bbox 2873 3019 2981 3058; x_wconf 91' lang='lat' dir='ltr'><strong>non</strong></span> <span class='ocrx_word' id='word_1_616' title='bbox 3009 3002 3273 3057; x_wconf 84' lang='lat' dir='ltr'><strong>habentes</strong></span> <span class='ocrx_word' id='word_1_617' title='bbox 3297 2997 3398 3064; x_wconf 83' lang='lat' dir='ltr'><strong>ipsi</strong></span> <span class='ocrx_word' id='word_1_618' title='bbox 3424 2994 3525 3051; x_wconf 88' lang='lat' dir='ltr'><strong>sibi</strong></span> <span class='ocrx_word' id='word_1_619' title='bbox 3551 3000 3679 3047; x_wconf 87' lang='lat' dir='ltr'><strong>sunt</strong></span> 
     </span>
    </p>
   </div>
   <div class='ocr_carea' id='block_1_75' title="bbox 2092 3087 3678 3176">
    <p class='ocr_par' dir='ltr' id='par_1_75' title="bbox 2092 3087 3678 3176">
     <span class='ocr_line' id='line_1_75' title="bbox 2092 3087 3678 3176; baseline -0.015 -13"><span class='ocrx_word' id='word_1_620' title='bbox 2092 3087 2206 3173; x_wconf 79' lang='lat' dir='ltr'><strong>lex,</strong></span> <span class='ocrx_word' id='word_1_621' title='bbox 2235 3106 2326 3176; x_wconf 88' lang='lat' dir='ltr'><strong>qui</strong></span> <span class='ocrx_word' id='word_1_622' title='bbox 2355 3105 2655 3160; x_wconf 91' lang='lat' dir='ltr'><strong>ostendunt</strong></span> <span class='ocrx_word' id='word_1_623' title='bbox 2682 3115 2818 3170; x_wconf 91' lang='lat' dir='ltr'><strong>opus</strong></span> <span class='ocrx_word' id='word_1_624' title='bbox 2849 3097 2986 3169; x_wconf 87' lang='lat' dir='ltr'><strong>legis</strong></span> <span class='ocrx_word' id='word_1_625' title='bbox 3013 3096 3278 3165; x_wconf 87' lang='lat' dir='ltr'><strong>scriptum</strong></span> <span class='ocrx_word' id='word_1_626' title='bbox 3318 3092 3373 3145; x_wconf 88' lang='lat' dir='ltr'><strong>in</strong></span> <span class='ocrx_word' id='word_1_627' title='bbox 3417 3087 3678 3144; x_wconf 87' lang='lat' dir='ltr'><strong>cordibus</strong></span> 
     </span>
    </p>
   </div>
   <div class='ocr_carea' id='block_1_76' title="bbox 2092 3181 3677 3258">
    <p class='ocr_par' dir='ltr' id='par_1_76' title="bbox 2092 3181 3677 3258">
     <span class='ocr_line' id='line_1_76' title="bbox 2092 3181 3677 3258; baseline -0.016 0"><span class='ocrx_word' id='word_1_628' title='bbox 2092 3202 2208 3258; x_wconf 89' lang='lat' dir='ltr'><strong>suis</strong></span> <span class='ocrx_word' id='word_1_629' title='bbox 2229 3200 2332 3255; x_wconf 66' lang='grc'><strong><em>³⁸⁵.)</em></strong></span> <span class='ocrx_word' id='word_1_630' title='bbox 2367 3196 2481 3252; x_wconf 85' lang='lat' dir='ltr'><strong>Nisi</strong></span> <span class='ocrx_word' id='word_1_631' title='bbox 2512 3210 2609 3251; x_wconf 92' lang='lat' dir='ltr'><strong>eos</strong></span> <span class='ocrx_word' id='word_1_632' title='bbox 2634 3193 2773 3248; x_wconf 77' lang='lat' dir='ltr'><strong>forte</strong></span> <span class='ocrx_word' id='word_1_633' title='bbox 2805 3192 3051 3247; x_wconf 88' lang='lat' dir='ltr'><strong>dicamus</strong></span> <span class='ocrx_word' id='word_1_634' title='bbox 3081 3197 3234 3243; x_wconf 89' lang='lat' dir='ltr'><strong>extra</strong></span> <span class='ocrx_word' id='word_1_635' title='bbox 3261 3186 3431 3256; x_wconf 81' lang='lat' dir='ltr'><strong>legem</strong></span> <span class='ocrx_word' id='word_1_636' title='bbox 3449 3181 3677 3252; x_wconf 87' lang='lat' dir='ltr'><strong>positos,</strong></span> 
     </span>
    </p>
   </div>
   <div class='ocr_carea' id='block_1_77' title="bbox 2092 3277 3681 3364">
    <p class='ocr_par' dir='ltr' id='par_1_77' title="bbox 2092 3277 3681 3364">
     <span class='ocr_line' id='line_1_77' title="bbox 2092 3277 3681 3364; baseline -0.016 -15"><span class='ocrx_word' id='word_1_637' title='bbox 2092 3294 2181 3364; x_wconf 92' lang='lat' dir='ltr'><strong>qui</strong></span> <span class='ocrx_word' id='word_1_638' title='bbox 2211 3306 2389 3361; x_wconf 90' lang='lat' dir='ltr'><strong>neque</strong></span> <span class='ocrx_word' id='word_1_639' title='bbox 2414 3288 2635 3358; x_wconf 89' lang='lat' dir='ltr'><strong>scriptis</strong></span> <span class='ocrx_word' id='word_1_640' title='bbox 2655 3286 2883 3356; x_wconf 86' lang='lat' dir='ltr'><strong>legibus,</strong></span> <span class='ocrx_word' id='word_1_641' title='bbox 2916 3296 3092 3352; x_wconf 87' lang='lat' dir='ltr'><strong>neque</strong></span> <span class='ocrx_word' id='word_1_642' title='bbox 3117 3277 3467 3352; x_wconf 85' lang='lat' dir='ltr'><strong>conscientia,</strong></span> <span class='ocrx_word' id='word_1_643' title='bbox 3498 3281 3554 3327; x_wconf 92' lang='lat' dir='ltr'><strong>et</strong></span> <span class='ocrx_word' id='word_1_644' title='bbox 3581 3285 3681 3325; x_wconf 82' lang='lat' dir='ltr'><strong>co-</strong></span> 
     </span>
    </p>
   </div>
   <div class='ocr_carea' id='block_1_78' title="bbox 2092 3371 3680 3456">
    <p class='ocr_par' dir='ltr' id='par_1_78' title="bbox 2092 3371 3680 3456">
     <span class='ocr_line' id='line_1_78' title="bbox 2092 3371 3680 3456; baseline -0.016 -17"><span class='ocrx_word' id='word_1_645' title='bbox 2092 3383 2448 3456; x_wconf 87' lang='lat' dir='ltr'><strong>gitationibus</strong></span> <span class='ocrx_word' id='word_1_646' title='bbox 2475 3378 2716 3451; x_wconf 88' lang='lat' dir='ltr'><strong>propriis</strong></span> <span class='ocrx_word' id='word_1_647' title='bbox 2744 3371 3271 3445; x_wconf 82' lang='lat' dir='ltr'><strong>reprehendentibus</strong></span> <span class='ocrx_word' id='word_1_648' title='bbox 3289 3381 3348 3421; x_wconf 91' lang='lat' dir='ltr'><strong>se</strong></span> <span class='ocrx_word' id='word_1_649' title='bbox 3368 3373 3424 3420; x_wconf 92' lang='lat' dir='ltr'><strong>et</strong></span> <span class='ocrx_word' id='word_1_650' title='bbox 3445 3376 3680 3433; x_wconf 85' lang='lat' dir='ltr'><strong>arguen-</strong></span> 
     </span>
    </p>
   </div>
   <div class='ocr_carea' id='block_1_79' title="bbox 2095 3456 3682 3547">
    <p class='ocr_par' dir='ltr' id='par_1_79' title="bbox 2095 3456 3682 3547">
     <span class='ocr_line' id='line_1_79' title="bbox 2095 3456 3682 3547; baseline -0.017 -13"><span class='ocrx_word' id='word_1_651' title='bbox 2095 3480 2242 3534; x_wconf 90' lang='lat' dir='ltr'><strong>tibus</strong></span> <span class='ocrx_word' id='word_1_652' title='bbox 2267 3480 2483 3547; x_wconf 90' lang='lat' dir='ltr'><strong>parent.</strong></span> <span class='ocrx_word' id='word_1_653' title='bbox 2510 3470 2793 3540; x_wconf 88' lang='lat' dir='ltr'><strong>Quomodo</strong></span> <span class='ocrx_word' id='word_1_654' title='bbox 2823 3475 3004 3523; x_wconf 89' lang='lat' dir='ltr'><strong>autem</strong></span> <span class='ocrx_word' id='word_1_655' title='bbox 3037 3459 3329 3534; x_wconf 85' lang='lat' dir='ltr'><strong>dicit(9l):</strong></span> <span class='ocrx_word' id='word_1_656' title='bbox 3360 3477 3378 3509; x_wconf 76' lang='grc' dir='ltr'><strong>ι</strong></span> <span class='ocrx_word' id='word_1_657' title='bbox 3404 3456 3682 3525; x_wconf 87' lang='lat' dir='ltr'><strong>Quotquot</strong></span> 
     </span>
    </p>
   </div>
   <div class='ocr_carea' id='block_1_80' title="bbox 2095 3549 3674 3638">
    <p class='ocr_par' dir='ltr' id='par_1_80' title="bbox 2095 3549 3674 3638">
     <span class='ocr_line' id='line_1_80' title="bbox 2095 3549 3674 3638; baseline -0.018 -13"><span class='ocrx_word' id='word_1_658' title='bbox 2095 3571 2149 3625; x_wconf 93' lang='lat' dir='ltr'><strong>in</strong></span> <span class='ocrx_word' id='word_1_659' title='bbox 2203 3569 2320 3638; x_wconf 83' lang='lat' dir='ltr'><strong>lege</strong></span> <span class='ocrx_word' id='word_1_660' title='bbox 2374 3570 2780 3637; x_wconf 85' lang='lat' dir='ltr'><strong>peccaverunt,</strong></span> <span class='ocrx_word' id='word_1_661' title='bbox 2816 3575 2915 3628; x_wconf 89' lang='lat' dir='ltr'><strong>per</strong></span> <span class='ocrx_word' id='word_1_662' title='bbox 2968 3557 3140 3627; x_wconf 88' lang='lat' dir='ltr'><strong>legem</strong></span> <span class='ocrx_word' id='word_1_663' title='bbox 3176 3549 3617 3624; x_wconf 83' lang='lat' dir='ltr'><strong>judicahuutur?</strong></span> <span class='ocrx_word' id='word_1_664' title='bbox 3654 3565 3674 3597; x_wconf 75' lang='grc' dir='ltr'><strong>ι</strong></span> 
     </span>
    </p>
   </div>
   <div class='ocr_carea' id='block_1_81' title="bbox 2098 3640 3679 3732">
    <p class='ocr_par' dir='ltr' id='par_1_81' title="bbox 2098 3640 3679 3732">
     <span class='ocr_line' id='line_1_81' title="bbox 2098 3640 3679 3732; baseline -0.018 -14"><span class='ocrx_word' id='word_1_665' title='bbox 2098 3663 2300 3732; x_wconf 88' lang='lat' dir='ltr'><strong>Utique</strong></span> <span class='ocrx_word' id='word_1_666' title='bbox 2333 3658 2426 3730; x_wconf 84' lang='lat' dir='ltr'><strong>qui</strong></span> <span class='ocrx_word' id='word_1_667' title='bbox 2458 3658 2512 3712; x_wconf 92' lang='lat' dir='ltr'><strong>in</strong></span> <span class='ocrx_word' id='word_1_668' title='bbox 2541 3656 2661 3725; x_wconf 88' lang='lat' dir='ltr'><strong>lege</strong></span> <span class='ocrx_word' id='word_1_669' title='bbox 2701 3652 2901 3709; x_wconf 89' lang='lat' dir='ltr'><strong>Christi</strong></span> <span class='ocrx_word' id='word_1_670' title='bbox 2933 3660 3037 3716; x_wconf 84' lang='lat' dir='ltr'><strong>est,</strong></span> <span class='ocrx_word' id='word_1_671' title='bbox 3086 3662 3185 3718; x_wconf 89' lang='lat' dir='ltr'><strong>per</strong></span> <span class='ocrx_word' id='word_1_672' title='bbox 3214 3646 3390 3714; x_wconf 85' lang='lat' dir='ltr'><strong>legem</strong></span> <span class='ocrx_word' id='word_1_673' title='bbox 3425 3640 3626 3696; x_wconf 88' lang='lat' dir='ltr'><strong>Christi</strong></span> <span class='ocrx_word' id='word_1_674' title='bbox 3660 3656 3679 3705; x_wconf 90' lang='lat'><strong>;</strong></span> 
     </span>
    </p>
   </div>
   <div class='ocr_carea' id='block_1_82' title="bbox 2095 3734 3681 3824">
    <p class='ocr_par' dir='ltr' id='par_1_82' title="bbox 2095 3734 3681 3824">
     <span class='ocr_line' id='line_1_82' title="bbox 2095 3734 3681 3824; baseline -0.015 -15"><span class='ocrx_word' id='word_1_675' title='bbox 2095 3765 2149 3810; x_wconf 87' lang='lat' dir='ltr'><strong>et</strong></span> <span class='ocrx_word' id='word_1_676' title='bbox 2174 3753 2267 3824; x_wconf 91' lang='lat' dir='ltr'><strong>qui</strong></span> <span class='ocrx_word' id='word_1_677' title='bbox 2295 3752 2351 3807; x_wconf 91' lang='lat' dir='ltr'><strong>in</strong></span> <span class='ocrx_word' id='word_1_678' title='bbox 2382 3752 2501 3820; x_wconf 88' lang='lat' dir='ltr'><strong>lege</strong></span> <span class='ocrx_word' id='word_1_679' title='bbox 2536 3746 2732 3818; x_wconf 84' lang='lat' dir='ltr'><strong>Moysi,</strong></span> <span class='ocrx_word' id='word_1_680' title='bbox 2764 3761 2862 3814; x_wconf 91' lang='lat' dir='ltr'><strong>per</strong></span> <span class='ocrx_word' id='word_1_681' title='bbox 2889 3743 3061 3814; x_wconf 88' lang='lat' dir='ltr'><strong>legem</strong></span> <span class='ocrx_word' id='word_1_682' title='bbox 3107 3738 3278 3810; x_wconf 77' lang='lat' dir='ltr'><strong>Moysi</strong></span> <span class='ocrx_word' id='word_1_683' title='bbox 3306 3734 3681 3806; x_wconf 75' lang='lat' dir='ltr'><strong>iudicabitur;</strong></span> 
     </span>
    </p>
   </div>
   <div class='ocr_carea' id='block_1_83' title="bbox 2097 3825 3683 3916">
    <p class='ocr_par' dir='ltr' id='par_1_83' title="bbox 2097 3825 3683 3916">
     <span class='ocr_line' id='line_1_83' title="bbox 2097 3825 3683 3916; baseline -0.015 -15"><span class='ocrx_word' id='word_1_684' title='bbox 2097 3860 2273 3916; x_wconf 90' lang='lat' dir='ltr'><strong>neque</strong></span> <span class='ocrx_word' id='word_1_685' title='bbox 2303 3844 2394 3915; x_wconf 90' lang='lat' dir='ltr'><strong>qui</strong></span> <span class='ocrx_word' id='word_1_686' title='bbox 2434 3844 2536 3897; x_wconf 89' lang='lat' dir='ltr'><strong>sub</strong></span> <span class='ocrx_word' id='word_1_687' title='bbox 2571 3841 2689 3910; x_wconf 86' lang='lat' dir='ltr'><strong>lege</strong></span> <span class='ocrx_word' id='word_1_688' title='bbox 2731 3838 2933 3893; x_wconf 89' lang='lat' dir='ltr'><strong>Christi</strong></span> <span class='ocrx_word' id='word_1_689' title='bbox 2976 3843 3082 3899; x_wconf 87' lang='lat' dir='ltr'><strong>est,</strong></span> <span class='ocrx_word' id='word_1_690' title='bbox 3106 3833 3356 3903; x_wconf 91' lang='lat' dir='ltr'><strong>quamvis</strong></span> <span class='ocrx_word' id='word_1_691' title='bbox 3382 3829 3544 3884; x_wconf 90' lang='lat' dir='ltr'><strong>etiam</strong></span> <span class='ocrx_word' id='word_1_692' title='bbox 3578 3825 3683 3895; x_wconf 85' lang='lat' dir='ltr'><strong>legi</strong></span> 
     </span>
    </p>
   </div>
   <div class='ocr_carea' id='block_1_84' title="bbox 2096 3920 3682 4010">
    <p class='ocr_par' dir='ltr' id='par_1_84' title="bbox 2096 3920 3682 4010">
     <span class='ocr_line' id='line_1_84' title="bbox 2096 3920 3682 4010; baseline -0.016 -14"><span class='ocrx_word' id='word_1_693' title='bbox 2096 3939 2270 4010; x_wconf 84' lang='lat' dir='ltr'><strong>Moysi</strong></span> <span class='ocrx_word' id='word_1_694' title='bbox 2293 3935 2540 3991; x_wconf 89' lang='lat' dir='ltr'><strong>subditus</strong></span> <span class='ocrx_word' id='word_1_695' title='bbox 2581 3933 2850 3996; x_wconf 87' lang='lat' dir='ltr'><strong>videatur,</strong></span> <span class='ocrx_word' id='word_1_696' title='bbox 2878 3927 3111 3999; x_wconf 82' lang='lat' dir='ltr'><strong>judicari</strong></span> <span class='ocrx_word' id='word_1_697' title='bbox 3152 3936 3329 3980; x_wconf 88' lang='lat' dir='ltr'><strong>tamen</strong></span> <span class='ocrx_word' id='word_1_698' title='bbox 3382 3920 3682 3977; x_wconf 89' lang='lat' dir='ltr'><strong>secundum</strong></span> 
     </span>
    </p>
   </div>
   <div class='ocr_carea' id='block_1_85' title="bbox 2097 4012 3687 4102">
    <p class='ocr_par' dir='ltr' id='par_1_85' title="bbox 2097 4012 3687 4102">
     <span class='ocr_line' id='line_1_85' title="bbox 2097 4012 3687 4102; baseline -0.016 -14"><span class='ocrx_word' id='word_1_699' title='bbox 2097 4049 2216 4089; x_wconf 89' lang='lat' dir='ltr'><strong>eam</strong></span> <span class='ocrx_word' id='word_1_700' title='bbox 2245 4028 2521 4102; x_wconf 88' lang='lat' dir='ltr'><strong>putandus</strong></span> <span class='ocrx_word' id='word_1_701' title='bbox 2555 4034 2640 4081; x_wconf 89' lang='lat' dir='ltr'><strong>est</strong></span> <span class='ocrx_word' id='word_1_702' title='bbox 2682 4039 2783 4078; x_wconf 90' lang='lat' dir='ltr'><strong>cur</strong></span> <span class='ocrx_word' id='word_1_703' title='bbox 2816 4037 2922 4076; x_wconf 89' lang='lat' dir='ltr'><strong>non</strong></span> <span class='ocrx_word' id='word_1_704' title='bbox 2954 4020 3027 4076; x_wconf 89' lang='lat' dir='ltr'><strong>sit</strong></span> <span class='ocrx_word' id='word_1_705' title='bbox 3067 4016 3445 4076; x_wconf 89' lang='lat' dir='ltr'><strong>circumcisus,</strong></span> <span class='ocrx_word' id='word_1_706' title='bbox 3470 4012 3551 4066; x_wconf 89' lang='lat' dir='ltr'><strong>vel</strong></span> <span class='ocrx_word' id='word_1_707' title='bbox 3588 4026 3687 4064; x_wconf 84' lang='lat' dir='ltr'><strong>cur</strong></span> 
     </span>
    </p>
   </div>
   <div class='ocr_carea' id='block_1_86' title="bbox 2100 4103 3685 4181">
    <p class='ocr_par' dir='ltr' id='par_1_86' title="bbox 2100 4103 3685 4181">
     <span class='ocr_line' id='line_1_86' title="bbox 2100 4103 3685 4181; baseline -0.016 0"><span class='ocrx_word' id='word_1_708' title='bbox 2100 4126 2396 4181; x_wconf 87' lang='lat' dir='ltr'><strong>Sabbatum</strong></span> <span class='ocrx_word' id='word_1_709' title='bbox 2428 4135 2534 4174; x_wconf 91' lang='lat' dir='ltr'><strong>non</strong></span> <span class='ocrx_word' id='word_1_710' title='bbox 2570 4125 2777 4172; x_wconf 90' lang='lat' dir='ltr'><strong>servet.</strong></span> <span class='ocrx_word' id='word_1_711' title='bbox 2807 4115 2960 4181; x_wconf 89' lang='lat' dir='ltr'><strong>Quod</strong></span> <span class='ocrx_word' id='word_1_712' title='bbox 2983 4122 3037 4167; x_wconf 91' lang='lat' dir='ltr'><strong>et</strong></span> <span class='ocrx_word' id='word_1_713' title='bbox 3066 4112 3110 4166; x_wconf 91' lang='lat' dir='ltr'><strong>si</strong></span> <span class='ocrx_word' id='word_1_714' title='bbox 3137 4111 3289 4179; x_wconf 84' lang='lat' dir='ltr'><strong>juxta</strong></span> <span class='ocrx_word' id='word_1_715' title='bbox 3313 4107 3484 4177; x_wconf 88' lang='lat' dir='ltr'><strong>legem</strong></span> <span class='ocrx_word' id='word_1_716' title='bbox 3514 4103 3685 4174; x_wconf 86' lang='lat' dir='ltr'><strong>Moysi</strong></span> 
     </span>
    </p>
   </div>
   <div class='ocr_carea' id='block_1_87' title="bbox 2102 4193 3684 4284">
    <p class='ocr_par' dir='ltr' id='par_1_87' title="bbox 2102 4193 3684 4284">
     <span class='ocr_line' id='line_1_87' title="bbox 2102 4193 3684 4284; baseline -0.013 -18"><span class='ocrx_word' id='word_1_717' title='bbox 2102 4213 2375 4284; x_wconf 87' lang='lat' dir='ltr'><strong>putandus</strong></span> <span class='ocrx_word' id='word_1_718' title='bbox 2403 4219 2489 4265; x_wconf 88' lang='lat' dir='ltr'><strong>est</strong></span> <span class='ocrx_word' id='word_1_719' title='bbox 2510 4206 2768 4279; x_wconf 89' lang='lat' dir='ltr'><strong>judicari,</strong></span> <span class='ocrx_word' id='word_1_720' title='bbox 2813 4201 3113 4259; x_wconf 89' lang='lat' dir='ltr'><strong>secundum</strong></span> <span class='ocrx_word' id='word_1_721' title='bbox 3146 4201 3250 4254; x_wconf 92' lang='lat' dir='ltr'><strong>hoc</strong></span> <span class='ocrx_word' id='word_1_722' title='bbox 3281 4196 3426 4268; x_wconf 89' lang='lat' dir='ltr'><strong>quod</strong></span> <span class='ocrx_word' id='word_1_723' title='bbox 3459 4195 3543 4249; x_wconf 85' lang='lat' dir='ltr'><strong>lex</strong></span> <span class='ocrx_word' id='word_1_724' title='bbox 3570 4193 3684 4263; x_wconf 88' lang='lat' dir='ltr'><strong>spi-</strong></span> 
     </span>
    </p>
   </div>
   <div class='ocr_carea' id='block_1_88' title="bbox 2101 4286 3689 4372">
    <p class='ocr_par' dir='ltr' id='par_1_88' title="bbox 2101 4286 3689 4372">
     <span class='ocr_line' id='line_1_88' title="bbox 2101 4286 3689 4372; baseline -0.015 -11"><span class='ocrx_word' id='word_1_725' title='bbox 2101 4304 2316 4360; x_wconf 88' lang='lat' dir='ltr'><strong>ritualis</strong></span> <span class='ocrx_word' id='word_1_726' title='bbox 2348 4310 2453 4367; x_wconf 90' lang='lat' dir='ltr'><strong>est,</strong></span> <span class='ocrx_word' id='word_1_727' title='bbox 2484 4298 2844 4372; x_wconf 78' lang='lat' dir='ltr'><strong>iudicabitur.</strong></span> <span class='ocrx_word' id='word_1_728' title='bbox 2897 4294 3013 4348; x_wconf 86' lang='lat' dir='ltr'><strong>Hoc</strong></span> <span class='ocrx_word' id='word_1_729' title='bbox 3044 4300 3128 4348; x_wconf 91' lang='lat' dir='ltr'><strong>est</strong></span> <span class='ocrx_word' id='word_1_730' title='bbox 3154 4291 3299 4346; x_wconf 91' lang='lat' dir='ltr'><strong>enim</strong></span> <span class='ocrx_word' id='word_1_731' title='bbox 3333 4304 3438 4345; x_wconf 90' lang='lat' dir='ltr'><strong>non</strong></span> <span class='ocrx_word' id='word_1_732' title='bbox 3470 4286 3689 4341; x_wconf 89' lang='lat' dir='ltr'><strong>audito-</strong></span> 
     </span>
    </p>
   </div>
   <div class='ocr_carea' id='block_1_89' title="bbox 2104 4381 3687 4466">
    <p class='ocr_par' dir='ltr' id='par_1_89' title="bbox 2104 4381 3687 4466">
     <span class='ocr_line' id='line_1_89' title="bbox 2104 4381 3687 4466; baseline -0.015 -14"><span class='ocrx_word' id='word_1_733' title='bbox 2104 4412 2219 4452; x_wconf 89' lang='lat' dir='ltr'><strong>rem</strong></span> <span class='ocrx_word' id='word_1_734' title='bbox 2254 4395 2410 4466; x_wconf 89' lang='lat' dir='ltr'><strong>legis,</strong></span> <span class='ocrx_word' id='word_1_735' title='bbox 2452 4393 2546 4447; x_wconf 90' lang='lat' dir='ltr'><strong>sed</strong></span> <span class='ocrx_word' id='word_1_736' title='bbox 2593 4390 2850 4445; x_wconf 76' lang='lat' dir='ltr'><strong>[actorem</strong></span> <span class='ocrx_word' id='word_1_737' title='bbox 2879 4383 3186 4455; x_wconf 79' lang='lat' dir='ltr'><strong>iustiﬁcari.</strong></span> <span class='ocrx_word' id='word_1_738' title='bbox 3220 4381 3373 4448; x_wconf 86' lang='lat' dir='ltr'><strong>Quod</strong></span> <span class='ocrx_word' id='word_1_739' title='bbox 3399 4394 3530 4434; x_wconf 90' lang='lat' dir='ltr'><strong>vero</strong></span> <span class='ocrx_word' id='word_1_740' title='bbox 3557 4391 3687 4449; x_wconf 86' lang='lat' dir='ltr'><strong>gra-</strong></span> 
     </span>
    </p>
   </div>
   <div class='ocr_carea' id='block_1_90' title="bbox 419 4472 3687 4566">
    <p class='ocr_par' dir='ltr' id='par_1_90' title="bbox 419 4472 3687 4566">
     <span class='ocr_line' id='line_1_90' title="bbox 419 4472 3687 4566; baseline -0.007 -17"><span class='ocrx_word' id='word_1_741' title='bbox 419 4494 659 4560; x_wconf 87' lang='lat' dir='ltr'><strong>Patrem,</strong></span> <span class='ocrx_word' id='word_1_742' title='bbox 688 4494 873 4552; x_wconf 85' lang='lat' dir='ltr'><strong>Jesum</strong></span> <span class='ocrx_word' id='word_1_743' title='bbox 893 4495 1121 4565; x_wconf 86' lang='lat' dir='ltr'><strong>justum,</strong></span> <span class='ocrx_word' id='word_1_744' title='bbox 1156 4497 1248 4566; x_wconf 88' lang='lat' dir='ltr'><strong>qui</strong></span> <span class='ocrx_word' id='word_1_745' title='bbox 1276 4505 1469 4551; x_wconf 80' lang='lat' dir='ltr'><strong>exorat</strong></span> <span class='ocrx_word' id='word_1_746' title='bbox 1494 4511 1591 4565; x_wconf 90' lang='lat' dir='ltr'><strong>pro</strong></span> <span class='ocrx_word' id='word_1_747' title='bbox 1623 4495 1864 4566; x_wconf 89' lang='lat' dir='ltr'><strong>peccatis</strong></span> <span class='ocrx_word' id='word_1_748' title='bbox 1896 4472 1997 4550; x_wconf 89' lang='lat' dir='ltr'><strong>no-</strong></span> <span class='ocrx_word' id='word_1_749' title='bbox 2029 4478 2075 4533; x_wconf 75' lang='grc' dir='ltr'>ι)</span> <span class='ocrx_word' id='word_1_750' title='bbox 2103 4489 2255 4544; x_wconf 89' lang='lat' dir='ltr'><strong>viore</strong></span> <span class='ocrx_word' id='word_1_751' title='bbox 2281 4484 2550 4541; x_wconf 90' lang='lat' dir='ltr'><strong>sententia</strong></span> <span class='ocrx_word' id='word_1_752' title='bbox 2579 4482 2789 4551; x_wconf 81' lang='lat' dir='ltr'><strong>percuti</strong></span> <span class='ocrx_word' id='word_1_753' title='bbox 2820 4479 3035 4533; x_wconf 83' lang='lat' dir='ltr'><strong>videtur</strong></span> <span class='ocrx_word' id='word_1_754' title='bbox 3070 4476 3116 4531; x_wconf 87' lang='lat' dir='ltr'><strong>is</strong></span> <span class='ocrx_word' id='word_1_755' title='bbox 3142 4474 3232 4542; x_wconf 87' lang='lat' dir='ltr'><strong>qui</strong></span> <span class='ocrx_word' id='word_1_756' title='bbox 3264 4475 3384 4528; x_wconf 88' lang='lat' dir='ltr'><strong>sine</strong></span> <span class='ocrx_word' id='word_1_757' title='bbox 3420 4472 3537 4542; x_wconf 89' lang='lat' dir='ltr'><strong>lege</strong></span> <span class='ocrx_word' id='word_1_758' title='bbox 3561 4486 3687 4540; x_wconf 87' lang='lat' dir='ltr'><strong>pec-</strong></span> 
     </span>
    </p>
   </div>
   <div class='ocr_carea' id='block_1_91' title="bbox 422 4586 2048 4656">
    <p class='ocr_par' dir='ltr' id='par_1_91' title="bbox 422 4586 2048 4656">
     <span class='ocr_line' id='line_1_91' title="bbox 422 4586 2048 4656; baseline -0.001 -17"><span class='ocrx_word' id='word_1_759' title='bbox 422 4586 551 4640; x_wconf 86' lang='lat' dir='ltr'><strong>stris</strong></span> <span class='ocrx_word' id='word_1_760' title='bbox 573 4586 643 4639; x_wconf 81' lang='lat'><strong>”.</strong></span> <span class='ocrx_word' id='word_1_761' title='bbox 675 4605 694 4638; x_wconf 74' lang='grc' dir='ltr'><strong>ι</strong></span> <span class='ocrx_word' id='word_1_762' title='bbox 718 4586 842 4642; x_wconf 73' lang='lat' dir='ltr'><strong>llaec</strong></span> <span class='ocrx_word' id='word_1_763' title='bbox 881 4603 1012 4656; x_wconf 88' lang='lat' dir='ltr'><strong>ergo</strong></span> <span class='ocrx_word' id='word_1_764' title='bbox 1052 4601 1081 4639; x_wconf 86' lang='lat' dir='ltr'><strong>a</strong></span> <span class='ocrx_word' id='word_1_765' title='bbox 1118 4587 1276 4642; x_wconf 88' lang='lat' dir='ltr'><strong>nobis</strong></span> <span class='ocrx_word' id='word_1_766' title='bbox 1307 4588 1360 4641; x_wconf 93' lang='lat' dir='ltr'><strong>in</strong></span> <span class='ocrx_word' id='word_1_767' title='bbox 1388 4587 1492 4640; x_wconf 89' lang='lat' dir='ltr'><strong>hoc</strong></span> <span class='ocrx_word' id='word_1_768' title='bbox 1523 4586 1662 4652; x_wconf 90' lang='lat' dir='ltr'><strong>loco,</strong></span> <span class='ocrx_word' id='word_1_769' title='bbox 1696 4594 1863 4655; x_wconf 89' lang='lat' dir='ltr'><strong>prout</strong></span> <span class='ocrx_word' id='word_1_770' title='bbox 1894 4599 1994 4655; x_wconf 87' lang='lat' dir='ltr'><strong>po-</strong></span> <span class='ocrx_word' id='word_1_771' title='bbox 2034 4620 2048 4637; x_wconf 86' lang='lat'><strong>.</strong></span> 
     </span>
    </p>
   </div>
   <div class='ocr_carea' id='block_1_92' title="bbox 424 4676 1997 4746">
    <p class='ocr_par' dir='ltr' id='par_1_92' title="bbox 424 4676 1997 4746">
     <span class='ocr_line' id='line_1_92' title="bbox 424 4676 1997 4746; baseline 0.001 -15"><span class='ocrx_word' id='word_1_772' title='bbox 424 4680 648 4746; x_wconf 85' lang='lat' dir='ltr'><strong>luimus,</strong></span> <span class='ocrx_word' id='word_1_773' title='bbox 685 4680 930 4734; x_wconf 86' lang='lat' dir='ltr'><strong>discussa</strong></span> <span class='ocrx_word' id='word_1_774' title='bbox 958 4689 1109 4742; x_wconf 87' lang='lat' dir='ltr'><strong>sunt,</strong></span> <span class='ocrx_word' id='word_1_775' title='bbox 1135 4679 1616 4735; x_wconf 86' lang='lat' dir='ltr'><strong>considerantibus</strong></span> <span class='ocrx_word' id='word_1_776' title='bbox 1648 4678 1814 4732; x_wconf 86' lang='lat' dir='ltr'><strong>etiam</strong></span> <span class='ocrx_word' id='word_1_777' title='bbox 1864 4676 1997 4732; x_wconf 90' lang='lat' dir='ltr'><strong>illud</strong></span> 
     </span>
    </p>
   </div>
   <div class='ocr_carea' id='block_1_93' title="bbox 421 4770 1996 4841">
    <p class='ocr_par' dir='ltr' id='par_1_93' title="bbox 421 4770 1996 4841">
     <span class='ocr_line' id='line_1_93' title="bbox 421 4770 1996 4841; baseline 0.001 -21"><span class='ocrx_word' id='word_1_778' title='bbox 421 4772 564 4840; x_wconf 87' lang='lat' dir='ltr'><strong>quod</strong></span> <span class='ocrx_word' id='word_1_779' title='bbox 605 4771 740 4826; x_wconf 91' lang='lat' dir='ltr'><strong>dicit</strong></span> <span class='ocrx_word' id='word_1_780' title='bbox 768 4772 1101 4841; x_wconf 83' lang='lat' dir='ltr'><strong>Apostolus:</strong></span> <span class='ocrx_word' id='word_1_781' title='bbox 1138 4788 1158 4823; x_wconf 73' lang='grc' dir='ltr'><strong>ι</strong></span> <span class='ocrx_word' id='word_1_782' title='bbox 1201 4773 1285 4826; x_wconf 87' lang='lat' dir='ltr'><strong>An</strong></span> <span class='ocrx_word' id='word_1_783' title='bbox 1331 4770 1820 4831; x_wconf 74' lang='lat' dir='ltr'><strong>JudteorumDeus</strong></span> <span class='ocrx_word' id='word_1_784' title='bbox 1872 4779 1996 4824; x_wconf 84' lang='lat' dir='ltr'><strong>tan-</strong></span> 
     </span>
    </p>
   </div>
   <div class='ocr_carea' id='block_1_94' title="bbox 421 4861 1999 4934">
    <p class='ocr_par' dir='ltr' id='par_1_94' title="bbox 421 4861 1999 4934">
     <span class='ocr_line' id='line_1_94' title="bbox 421 4861 1999 4934; baseline -0.001 -18"><span class='ocrx_word' id='word_1_785' title='bbox 421 4863 580 4917; x_wconf 85' lang='lat' dir='ltr'><strong>tum?</strong></span> <span class='ocrx_word' id='word_1_786' title='bbox 631 4861 825 4919; x_wconf 87' lang='lat' dir='ltr'><strong>Nonne</strong></span> <span class='ocrx_word' id='word_1_787' title='bbox 851 4872 908 4919; x_wconf 90' lang='lat' dir='ltr'><strong>et</strong></span> <span class='ocrx_word' id='word_1_788' title='bbox 938 4864 1361 4934; x_wconf 85' lang='lat' dir='ltr'><strong>gentium?lmo</strong></span> <span class='ocrx_word' id='word_1_789' title='bbox 1392 4872 1448 4919; x_wconf 88' lang='lat' dir='ltr'><strong>et</strong></span> <span class='ocrx_word' id='word_1_790' title='bbox 1482 4862 1722 4933; x_wconf 88' lang='lat' dir='ltr'><strong>gentiqu</strong></span> <span class='ocrx_word' id='word_1_791' title='bbox 1750 4863 1794 4895; x_wconf 81' lang='grc'><strong>⁹¹</strong></span> <span class='ocrx_word' id='word_1_792' title='bbox 1824 4879 1840 4928; x_wconf 89' lang='grc'><strong>;</strong></span> <span class='ocrx_word' id='word_1_793' title='bbox 1874 4879 1893 4913; x_wconf 83' lang='grc' dir='ltr'><strong>ι</strong></span> <span class='ocrx_word' id='word_1_794' title='bbox 1940 4869 1999 4915; x_wconf 78' lang='grc' dir='ltr'><strong>ιιι</strong></span> 
     </span>
    </p>
   </div>
   <div class='ocr_carea' id='block_1_95' title="bbox 2105 4565 3690 4648">
    <p class='ocr_par' dir='ltr' id='par_1_95' title="bbox 2105 4565 3690 4648">
     <span class='ocr_line' id='line_1_95' title="bbox 2105 4565 3690 4648; baseline -0.013 -10"><span class='ocrx_word' id='word_1_795' title='bbox 2105 4581 2333 4647; x_wconf 90' lang='lat' dir='ltr'><strong>caverit,</strong></span> <span class='ocrx_word' id='word_1_796' title='bbox 2351 4578 2605 4648; x_wconf 89' lang='lat' dir='ltr'><strong>quoniam</strong></span> <span class='ocrx_word' id='word_1_797' title='bbox 2628 4575 2906 4646; x_wconf 90' lang='lat' dir='ltr'><strong>periturus</strong></span> <span class='ocrx_word' id='word_1_798' title='bbox 2932 4569 3336 4642; x_wconf 88' lang='lat' dir='ltr'><strong>pronuntiatur,</strong></span> <span class='ocrx_word' id='word_1_799' title='bbox 3351 4581 3472 4620; x_wconf 89' lang='lat' dir='ltr'><strong>cum</strong></span> <span class='ocrx_word' id='word_1_800' title='bbox 3505 4565 3690 4630; x_wconf 90' lang='lat' dir='ltr'><strong>utique</strong></span> 
     </span>
    </p>
   </div>
   <div class='ocr_carea' id='block_1_96' title="bbox 2102 4655 3694 4737">
    <p class='ocr_par' dir='ltr' id='par_1_96' title="bbox 2102 4655 3694 4737">
     <span class='ocr_line' id='line_1_96' title="bbox 2102 4655 3694 4737; baseline -0.013 -8"><span class='ocrx_word' id='word_1_801' title='bbox 2102 4682 2160 4729; x_wconf 91' lang='lat' dir='ltr'><strong>et</strong></span> <span class='ocrx_word' id='word_1_802' title='bbox 2186 4671 2540 4727; x_wconf 87' lang='lat' dir='ltr'><strong>miseratione</strong></span> <span class='ocrx_word' id='word_1_803' title='bbox 2562 4668 2744 4737; x_wconf 88' lang='lat' dir='ltr'><strong>aliqua</strong></span> <span class='ocrx_word' id='word_1_804' title='bbox 2776 4665 2972 4734; x_wconf 88' lang='lat' dir='ltr'><strong>dignus</strong></span> <span class='ocrx_word' id='word_1_805' title='bbox 2990 4663 3264 4722; x_wconf 85' lang='lat' dir='ltr'><strong>videatur,</strong></span> <span class='ocrx_word' id='word_1_806' title='bbox 3290 4659 3382 4729; x_wconf 90' lang='lat' dir='ltr'><strong>qui</strong></span> <span class='ocrx_word' id='word_1_807' title='bbox 3422 4655 3694 4724; x_wconf 87' lang='lat' dir='ltr'><strong>adjutorio</strong></span> 
     </span>
    </p>
   </div>
   <div class='ocr_carea' id='block_1_97' title="bbox 2104 4743 3693 4830">
    <p class='ocr_par' dir='ltr' id='par_1_97' title="bbox 2104 4743 3693 4830">
     <span class='ocr_line' id='line_1_97' title="bbox 2104 4743 3693 4830; baseline -0.015 -10"><span class='ocrx_word' id='word_1_808' title='bbox 2104 4780 2213 4820; x_wconf 89' lang='lat' dir='ltr'><strong>non</strong></span> <span class='ocrx_word' id='word_1_809' title='bbox 2246 4779 2379 4820; x_wconf 88' lang='lat' dir='ltr'><strong>usus</strong></span> <span class='ocrx_word' id='word_1_810' title='bbox 2401 4772 2487 4818; x_wconf 92' lang='lat' dir='ltr'><strong>est</strong></span> <span class='ocrx_word' id='word_1_811' title='bbox 2535 4759 2693 4830; x_wconf 88' lang='lat' dir='ltr'><strong>legis,</strong></span> <span class='ocrx_word' id='word_1_812' title='bbox 2724 4757 3005 4812; x_wconf 87' lang='lat' dir='ltr'><strong>videamus</strong></span> <span class='ocrx_word' id='word_1_813' title='bbox 3037 4766 3106 4807; x_wconf 89' lang='lat' dir='ltr'><strong>ne</strong></span> <span class='ocrx_word' id='word_1_814' title='bbox 3130 4751 3258 4820; x_wconf 91' lang='lat' dir='ltr'><strong>quid</strong></span> <span class='ocrx_word' id='word_1_815' title='bbox 3302 4750 3520 4809; x_wconf 91' lang='lat' dir='ltr'><strong>iterum,</strong></span> <span class='ocrx_word' id='word_1_816' title='bbox 3551 4753 3611 4799; x_wconf 93' lang='lat' dir='ltr'><strong>ut</strong></span> <span class='ocrx_word' id='word_1_817' title='bbox 3638 4743 3693 4797; x_wconf 86' lang='lat' dir='ltr'><strong>in</strong></span> 
     </span>
    </p>
   </div>
   <div class='ocr_carea' id='block_1_98' title="bbox 2104 4840 3693 4916">
    <p class='ocr_par' dir='ltr' id='par_1_98' title="bbox 2104 4840 3693 4916">
     <span class='ocr_line' id='line_1_98' title="bbox 2104 4840 3693 4916; baseline -0.013 -4"><span class='ocrx_word' id='word_1_818' title='bbox 2104 4857 2320 4913; x_wconf 70' lang='lat' dir='ltr'><strong>caeteris</strong></span> <span class='ocrx_word' id='word_1_819' title='bbox 2349 4853 2657 4916; x_wconf 86' lang='lat' dir='ltr'><strong>docuimus,</strong></span> <span class='ocrx_word' id='word_1_820' title='bbox 2689 4849 2891 4905; x_wconf 77' lang='lat' dir='ltr'><strong>divina:</strong></span> <span class='ocrx_word' id='word_1_821' title='bbox 2912 4845 3170 4902; x_wconf 81' lang='lat' dir='ltr'><strong>bonitatis</strong></span> <span class='ocrx_word' id='word_1_822' title='bbox 3194 4841 3285 4897; x_wconf 90' lang='lat' dir='ltr'><strong>hic</strong></span> <span class='ocrx_word' id='word_1_823' title='bbox 3310 4840 3498 4905; x_wconf 90' lang='lat' dir='ltr'><strong>lateat,</strong></span> <span class='ocrx_word' id='word_1_824' title='bbox 3531 4849 3693 4908; x_wconf 80' lang='lat' dir='ltr'><strong>quam</strong></span> 
     </span>
    </p>
   </div>
   <div class='ocr_carea' id='block_1_99' title="bbox 382 4998 1989 5120">
    <p class='ocr_par' dir='ltr' id='par_1_99' title="bbox 382 5015 1989 5120">
     <span class='ocr_line' id='line_1_99' title="bbox 382 5015 1989 5085; baseline -0.002 -13"><span class='ocrx_word' id='word_1_825' title='bbox 382 5046 387 5050; x_wconf 90' lang='lat'><strong>-</strong></span> <span class='ocrx_word' id='word_1_826' title='bbox 433 5021 439 5027; x_wconf 80' lang='grc'><em>’</em></span> <span class='ocrx_word' id='word_1_827' title='bbox 494 5017 542 5053; x_wconf 82' lang='grc'><strong><em>⁸⁸</em></strong></span> <span class='ocrx_word' id='word_1_828' title='bbox 571 5018 609 5072; x_wconf 95' lang='lat' dir='ltr'><strong>ll</strong></span> <span class='ocrx_word' id='word_1_829' title='bbox 633 5018 762 5074; x_wconf 92' lang='lat' dir='ltr'><strong>Cor.</strong></span> <span class='ocrx_word' id='word_1_830' title='bbox 799 5035 857 5080; x_wconf 81' lang='grc' dir='ltr'><strong>ν,</strong></span> <span class='ocrx_word' id='word_1_831' title='bbox 889 5020 972 5075; x_wconf 85' lang='grc'><strong>10.</strong></span> <span class='ocrx_word' id='word_1_832' title='bbox 1048 5020 1094 5050; x_wconf 78' lang='grc'><strong>⁸⁸</strong></span> <span class='ocrx_word' id='word_1_833' title='bbox 1128 5019 1288 5074; x_wconf 76' lang='lat' dir='ltr'><strong>Rom.</strong></span> <span class='ocrx_word' id='word_1_834' title='bbox 1328 5035 1391 5085; x_wconf 86' lang='grc' dir='ltr'>ιι,</span> <span class='ocrx_word' id='word_1_835' title='bbox 1421 5019 1508 5074; x_wconf 83' lang='lat' dir='ltr'><strong>ll.</strong></span> <span class='ocrx_word' id='word_1_836' title='bbox 1587 5019 1632 5051; x_wconf 78' lang='grc'><strong>⁸⁷</strong></span> <span class='ocrx_word' id='word_1_837' title='bbox 1672 5019 1798 5072; x_wconf 84' lang='lat' dir='ltr'><strong>Act.</strong></span> <span class='ocrx_word' id='word_1_838' title='bbox 1830 5031 1884 5081; x_wconf 79' lang='lat' dir='ltr'><strong>x,</strong></span> <span class='ocrx_word' id='word_1_839' title='bbox 1928 5015 1989 5069; x_wconf 75' lang='grc'><strong>’54</strong></span> 
     </span>
     <span class='ocr_line' id='line_1_100' title="bbox 417 5087 1947 5120; baseline 0 0"><span class='ocrx_word' id='word_1_840' title='bbox 417 5088 464 5120; x_wconf 79' lang='grc' dir='ltr'><strong>ιι</strong></span> <span class='ocrx_word' id='word_1_841' title='bbox 503 5088 634 5120; x_wconf 64' lang='lat' dir='ltr'><strong>llum</strong></span> <span class='ocrx_word' id='word_1_842' title='bbox 700 5105 758 5120; x_wconf 79' lang='grc' dir='ltr'>ιι.</span> <span class='ocrx_word' id='word_1_843' title='bbox 808 5090 877 5120; x_wconf 78' lang='grc'><strong>00</strong></span> <span class='ocrx_word' id='word_1_844' title='bbox 975 5090 1023 5120; x_wconf 72' lang='lat'><strong>9|</strong></span> <span class='ocrx_word' id='word_1_845' title='bbox 1053 5089 1189 5120; x_wconf 73' lang='lat' dir='ltr'><strong>nnm</strong></span> <span class='ocrx_word' id='word_1_846' title='bbox 1241 5105 1276 5120; x_wconf 85' lang='lat'><strong>..</strong></span> <span class='ocrx_word' id='word_1_847' title='bbox 1333 5090 1399 5120; x_wconf 73' lang='grc' dir='ltr'>ια</span> <span class='ocrx_word' id='word_1_848' title='bbox 1455 5091 1522 5120; x_wconf 71' lang='grc' dir='ltr'><strong>ιτ.</strong></span> <span class='ocrx_word' id='word_1_849' title='bbox 1614 5088 1660 5120; x_wconf 73' lang='grc'><strong>1³</strong></span> <span class='ocrx_word' id='word_1_850' title='bbox 1698 5087 1851 5120; x_wconf 70' lang='grc' dir='ltr'><strong>Ιρηι-</strong></span> <span class='ocrx_word' id='word_1_851' title='bbox 1898 5103 1947 5120; x_wconf 77' lang='grc' dir='ltr'><strong>ην</strong></span> 
     </span>
    </p>
   </div>
   <div class='ocr_carea' id='block_1_100' title="bbox 2091 4998 3693 5120">
    <p class='ocr_par' dir='ltr' id='par_1_100' title="bbox 2091 4998 3693 5120">
     <span class='ocr_line' id='line_1_101' title="bbox 2091 4998 3693 5120; baseline -0.01 -50"><span class='ocrx_word' id='word_1_852' title='bbox 2091 5015 2220 5117; x_wconf 56' lang='grc' dir='ltr'><strong>ἱ5.”</strong></span> <span class='ocrx_word' id='word_1_853' title='bbox 2238 5012 2467 5120; x_wconf 46' lang='grc' dir='ltr'><strong>ξ’,ξὲθηί</strong></span> <span class='ocrx_word' id='word_1_854' title='bbox 2500 5008 2733 5120; x_wconf 32' lang='grc' dir='ltr'><strong>ιέιλὶιξὲὶΔ</strong></span> <span class='ocrx_word' id='word_1_855' title='bbox 2771 5005 3032 5097; x_wconf 77' lang='lat' dir='ltr'><strong>&quot;ann.</strong></span> <span class='ocrx_word' id='word_1_856' title='bbox 3055 5020 3096 5072; x_wconf 89' lang='grc' dir='ltr'>ι,</span> <span class='ocrx_word' id='word_1_857' title='bbox 3130 5002 3185 5059; x_wconf 86' lang='grc'><strong>8.</strong></span> <span class='ocrx_word' id='word_1_858' title='bbox 3257 4998 3521 5056; x_wconf 81' lang='lat' dir='ltr'><strong>“lJoan.</strong></span> <span class='ocrx_word' id='word_1_859' title='bbox 3550 4998 3693 5061; x_wconf 80' lang='lat' dir='ltr'><strong>tt,l.</strong></span> 
     </span>
    </p>
   </div>
   <div class='ocr_carea' id='block_1_101' title="bbox 503 5077 1989 5168">
    <p class='ocr_par' dir='ltr' id='par_1_101' title="bbox 503 5077 1973 5168">
     <span class='ocr_line' id='line_1_102' title="bbox 503 5077 1973 5168; baseline -0.001 -26"><span class='ocrx_word' id='word_1_860' title='bbox 503 5088 657 5144; x_wconf 79' lang='lat' dir='ltr'><strong>Rom.</strong></span> <span class='ocrx_word' id='word_1_861' title='bbox 700 5105 786 5156; x_wconf 89' lang='grc' dir='ltr'>ιιι,</span> <span class='ocrx_word' id='word_1_862' title='bbox 808 5077 926 5168; x_wconf 71' lang='grc'><strong>29.¹</strong></span> <span class='ocrx_word' id='word_1_863' title='bbox 975 5090 1023 5122; x_wconf 73' lang='grc'><strong>’⁸</strong></span> <span class='ocrx_word' id='word_1_864' title='bbox 1052 5089 1212 5145; x_wconf 83' lang='lat' dir='ltr'><strong>Rom.</strong></span> <span class='ocrx_word' id='word_1_865' title='bbox 1240 5105 1304 5156; x_wconf 86' lang='lat' dir='ltr'><strong>tt,</strong></span> <span class='ocrx_word' id='word_1_866' title='bbox 1333 5077 1423 5155; x_wconf 65' lang='lat'><strong>4‘2,</strong></span> <span class='ocrx_word' id='word_1_867' title='bbox 1455 5091 1545 5146; x_wconf 76' lang='grc'><strong>15.</strong></span> <span class='ocrx_word' id='word_1_868' title='bbox 1614 5088 1660 5123; x_wconf 82' lang='grc'><strong>⁵³</strong></span> <span class='ocrx_word' id='word_1_869' title='bbox 1697 5087 1718 5141; x_wconf 92' lang='lat' dir='ltr'><strong>l</strong></span> <span class='ocrx_word' id='word_1_870' title='bbox 1744 5077 1973 5153; x_wconf 35' lang='lat' dir='ltr'><strong>Con-Ix,</strong></span> 
     </span>
    </p>
   </div>
   <div class='ocr_carea' id='block_1_102' title="bbox 2091 5077 2986 5168">
    <p class='ocr_par' dir='ltr' id='par_1_102' title="bbox 2170 5077 2986 5148">
     <span class='ocr_line' id='line_1_103' title="bbox 2170 5077 2986 5148; baseline -0.015 -8"><span class='ocrx_word' id='word_1_871' title='bbox 2170 5085 2220 5117; x_wconf 72' lang='lat'><strong><em>”</em></strong></span> <span class='ocrx_word' id='word_1_872' title='bbox 2243 5084 2403 5141; x_wconf 79' lang='lat' dir='ltr'><strong>Rom.</strong></span> <span class='ocrx_word' id='word_1_873' title='bbox 2429 5098 2490 5148; x_wconf 88' lang='grc' dir='ltr'>ιι,</span> <span class='ocrx_word' id='word_1_874' title='bbox 2522 5082 2613 5146; x_wconf 77' lang='grc'><strong>14,</strong></span> <span class='ocrx_word' id='word_1_875' title='bbox 2642 5077 2734 5134; x_wconf 81' lang='grc'><strong>15.</strong></span> <span class='ocrx_word' id='word_1_876' title='bbox 2979 5087 2986 5097; x_wconf 87' lang='lat'><strong><em>&#39;</em></strong></span> 
     </span>
    </p>
   </div>
   <div class='ocr_carea' id='block_1_103' title="bbox 422 5249 1996 5333">
    <p class='ocr_par' dir='ltr' id='par_1_103' title="bbox 422 5249 1996 5333">
     <span class='ocr_line' id='line_1_104' title="bbox 422 5249 1996 5333; baseline -0.004 -25"><span class='ocrx_word' id='word_1_877' title='bbox 422 5267 596 5333; x_wconf 60' lang='lat' dir='ltr'><strong>vero,</strong></span> <span class='ocrx_word' id='word_1_878' title='bbox 633 5250 1143 5333; x_wconf 37' lang='lat' dir='ltr'><strong>invidens‘diceute</strong></span> <span class='ocrx_word' id='word_1_879' title='bbox 1169 5250 1486 5333; x_wconf 85' lang='lat' dir='ltr'><strong>Apostolo_:</strong></span> <span class='ocrx_word' id='word_1_880' title='bbox 1535 5270 1554 5304; x_wconf 82' lang='grc' dir='ltr'><strong>ι</strong></span> <span class='ocrx_word' id='word_1_881' title='bbox 1602 5250 1790 5333; x_wconf 66' lang='lat' dir='ltr'><strong>caeteri</strong></span> <span class='ocrx_word' id='word_1_882' title='bbox 1836 5249 1996 5331; x_wconf 69' lang='lat' dir='ltr'><strong>editi,</strong></span> 
     </span>
    </p>
   </div>
   <div class='ocr_carea' id='block_1_104' title="bbox 429 5320 1996 5405">
    <p class='ocr_par' dir='ltr' id='par_1_104' title="bbox 429 5320 1996 5405">
     <span class='ocr_line' id='line_1_105' title="bbox 429 5320 1996 5405; baseline -0.003 -29"><span class='ocrx_word' id='word_1_883' title='bbox 429 5321 606 5405; x_wconf 54' lang='lat' dir='ltr'><strong>(“Vide</strong></span> <span class='ocrx_word' id='word_1_884' title='bbox 638 5322 855 5405; x_wconf 75' lang='lat' dir='ltr'><strong>dicente</strong></span> <span class='ocrx_word' id='word_1_885' title='bbox 876 5321 1158 5405; x_wconf 47' lang='lat' dir='ltr'><strong>apostolo,</strong></span> <span class='ocrx_word' id='word_1_886' title='bbox 1204 5320 1231 5373; x_wconf 68' lang='grc' dir='ltr'><em>ί</em></span> <span class='ocrx_word' id='word_1_887' title='bbox 1266 5337 1395 5377; x_wconf 91' lang='lat' dir='ltr'><strong>mss.</strong></span> <span class='ocrx_word' id='word_1_888' title='bbox 1428 5322 1556 5387; x_wconf 91' lang='lat' dir='ltr'><strong>duo,</strong></span> <span class='ocrx_word' id='word_1_889' title='bbox 1603 5341 1621 5373; x_wconf 74' lang='grc' dir='ltr'><strong>ι</strong></span> <span class='ocrx_word' id='word_1_890' title='bbox 1657 5320 1820 5376; x_wconf 71' lang='lat' dir='ltr'><strong>Vides</strong></span> <span class='ocrx_word' id='word_1_891' title='bbox 1852 5320 1996 5374; x_wconf 90' lang='lat' dir='ltr'><strong>enim</strong></span> 
     </span>
    </p>
   </div>
   <div class='ocr_carea' id='block_1_105' title="bbox 424 5391 1005 5460">
    <p class='ocr_par' dir='ltr' id='par_1_105' title="bbox 424 5391 1005 5460">
     <span class='ocr_line' id='line_1_106' title="bbox 424 5391 1005 5460; baseline -0.007 -13"><span class='ocrx_word' id='word_1_892' title='bbox 424 5393 641 5447; x_wconf 88' lang='lat' dir='ltr'><strong>dicente</strong></span> <span class='ocrx_word' id='word_1_893' title='bbox 666 5391 945 5460; x_wconf 87' lang='lat' dir='ltr'><strong>Apostolo.</strong></span> <span class='ocrx_word' id='word_1_894' title='bbox 986 5411 1005 5443; x_wconf 74' lang='grc' dir='ltr'><strong>ι</strong></span> 
     </span>
    </p>
   </div>
   <div class='ocr_carea' id='block_1_106' title="bbox 455 5460 1999 5546">
    <p class='ocr_par' dir='ltr' id='par_1_106' title="bbox 455 5460 1999 5546">
     <span class='ocr_line' id='line_1_107' title="bbox 455 5460 1999 5546; baseline -0.005 -28"><span class='ocrx_word' id='word_1_895' title='bbox 455 5534 460 5539; x_wconf 19' lang='grc' dir='ltr'><strong><em>ν</em></strong></span> <span class='ocrx_word' id='word_1_896' title='bbox 643 5461 736 5545; x_wconf 72' lang='lat' dir='ltr'><strong>Sic</strong></span> <span class='ocrx_word' id='word_1_897' title='bbox 763 5476 895 5546; x_wconf 66' lang='lat' dir='ltr'><strong>mss.</strong></span> <span class='ocrx_word' id='word_1_898' title='bbox 927 5462 1204 5546; x_wconf 69' lang='lat' dir='ltr'><strong>plerique,</strong></span> <span class='ocrx_word' id='word_1_899' title='bbox 1213 5462 1490 5546; x_wconf 30' lang='lat' dir='ltr'><strong>itali-anus</strong></span> <span class='ocrx_word' id='word_1_900' title='bbox 1511 5471 1569 5517; x_wconf 89' lang='lat' dir='ltr'><strong>et</strong></span> <span class='ocrx_word' id='word_1_901' title='bbox 1594 5460 1768 5518; x_wconf 89' lang='lat' dir='ltr'><strong>editio</strong></span> <span class='ocrx_word' id='word_1_902' title='bbox 1787 5460 1999 5546; x_wconf 60' lang='lat' dir='ltr'><strong>Veneta</strong></span> 
     </span>
    </p>
   </div>
   <div class='ocr_carea' id='block_1_107' title="bbox 423 5529 2003 5598">
    <p class='ocr_par' dir='ltr' id='par_1_107' title="bbox 423 5529 2003 5598">
     <span class='ocr_line' id='line_1_108' title="bbox 423 5529 2003 5598; baseline -0.002 -12"><span class='ocrx_word' id='word_1_903' title='bbox 423 5529 726 5587; x_wconf 69' lang='lat' dir='ltr'><strong>Salodiani.</strong></span> <span class='ocrx_word' id='word_1_904' title='bbox 760 5529 955 5587; x_wconf 82' lang='lat' dir='ltr'><strong>Caeteri</strong></span> <span class='ocrx_word' id='word_1_905' title='bbox 980 5548 1113 5587; x_wconf 91' lang='lat' dir='ltr'><strong>vero</strong></span> <span class='ocrx_word' id='word_1_906' title='bbox 1139 5533 1273 5587; x_wconf 90' lang='lat' dir='ltr'><strong>editi</strong></span> <span class='ocrx_word' id='word_1_907' title='bbox 1300 5540 1356 5588; x_wconf 91' lang='lat' dir='ltr'><strong>et</strong></span> <span class='ocrx_word' id='word_1_908' title='bbox 1382 5546 1489 5588; x_wconf 89' lang='lat' dir='ltr'><strong>ms.</strong></span> <span class='ocrx_word' id='word_1_909' title='bbox 1519 5547 1687 5598; x_wconf 90' lang='lat' dir='ltr'><strong>unus,</strong></span> <span class='ocrx_word' id='word_1_910' title='bbox 1724 5549 1743 5582; x_wconf 75' lang='grc' dir='ltr'><strong>ι</strong></span> <span class='ocrx_word' id='word_1_911' title='bbox 1786 5529 1917 5584; x_wconf 90' lang='lat' dir='ltr'><strong>audi</strong></span> <span class='ocrx_word' id='word_1_912' title='bbox 1946 5538 2003 5583; x_wconf 89' lang='lat' dir='ltr'><strong>et</strong></span> 
     </span>
    </p>
   </div>
   <div class='ocr_carea' id='block_1_108' title="bbox 423 5602 1251 5673">
    <p class='ocr_par' dir='ltr' id='par_1_108' title="bbox 423 5602 1251 5673">
     <span class='ocr_line' id='line_1_109' title="bbox 423 5602 1251 5673; baseline -0.004 -15"><span class='ocrx_word' id='word_1_913' title='bbox 423 5602 645 5673; x_wconf 82' lang='lat' dir='ltr'><strong>Petrum</strong></span> <span class='ocrx_word' id='word_1_914' title='bbox 671 5602 857 5673; x_wconf 65' lang='lat' dir='ltr'><strong>quid,»</strong></span> <span class='ocrx_word' id='word_1_915' title='bbox 890 5612 996 5656; x_wconf 90' lang='lat' dir='ltr'><strong>etc.</strong></span> <span class='ocrx_word' id='word_1_916' title='bbox 1030 5602 1251 5673; x_wconf 17' lang='lat' dir='ltr'><strong>:7male.</strong></span> 
     </span>
    </p>
   </div>
   <div class='ocr_carea' id='block_1_109' title="bbox 495 5669 2005 5755">
    <p class='ocr_par' dir='ltr' id='par_1_109' title="bbox 495 5669 2005 5755">
     <span class='ocr_line' id='line_1_110' title="bbox 495 5669 2005 5755; baseline -0.003 -28"><span class='ocrx_word' id='word_1_917' title='bbox 495 5669 718 5755; x_wconf 39' lang='lat' dir='ltr'><strong>gestus</strong></span> <span class='ocrx_word' id='word_1_918' title='bbox 745 5688 851 5753; x_wconf 75' lang='lat' dir='ltr'><strong>ms.</strong></span> <span class='ocrx_word' id='word_1_919' title='bbox 883 5689 1022 5726; x_wconf 89' lang='lat' dir='ltr'><strong>unus</strong></span> <span class='ocrx_word' id='word_1_920' title='bbox 1052 5672 1434 5755; x_wconf 49' lang='lat' dir='ltr'><strong>Regi&#39;qsmunt.</strong></span> <span class='ocrx_word' id='word_1_921' title='bbox 1473 5672 1712 5755; x_wconf 37' lang='grc' dir='ltr'>ιβιροςι</span> <span class='ocrx_word' id='word_1_922' title='bbox 1758 5669 2005 5755; x_wconf 71' lang='lat' dir='ltr'><strong>plerique</strong></span> 
     </span>
    </p>
   </div>
   <div class='ocr_carea' id='block_1_110' title="bbox 424 5734 2004 5813">
    <p class='ocr_par' dir='ltr' id='par_1_110' title="bbox 424 5734 2004 5813">
     <span class='ocr_line' id='line_1_111' title="bbox 424 5734 2004 5813; baseline -0.003 -14"><span class='ocrx_word' id='word_1_923' title='bbox 424 5734 808 5800; x_wconf 44' lang='lat' dir='ltr'><strong>editifCazteri</strong></span> <span class='ocrx_word' id='word_1_924' title='bbox 845 5734 1162 5813; x_wconf 57' lang='lat' dir='ltr'><strong>veromssJ</strong></span> <span class='ocrx_word' id='word_1_925' title='bbox 1178 5734 1434 5799; x_wconf 71' lang='lat' dir='ltr'><strong>Rabauus</strong></span> <span class='ocrx_word' id='word_1_926' title='bbox 1463 5753 1520 5799; x_wconf 90' lang='lat' dir='ltr'><strong>et</strong></span> <span class='ocrx_word' id='word_1_927' title='bbox 1548 5743 1718 5799; x_wconf 88' lang='lat' dir='ltr'><strong>editio</strong></span> <span class='ocrx_word' id='word_1_928' title='bbox 1761 5734 2004 5805; x_wconf 56' lang='lat' dir='ltr'><strong>&#39;Vene&#39;ta,</strong></span> 
     </span>
    </p>
   </div>
   <div class='ocr_carea' id='block_1_111' title="bbox 2107 5241 3733 5299">
    <p class='ocr_par' dir='ltr' id='par_1_111' title="bbox 2107 5241 3733 5299">
     <span class='ocr_line' id='line_1_112' title="bbox 2107 5241 3733 5299; baseline -0.002 -1"><span class='ocrx_word' id='word_1_929' title='bbox 2107 5265 2127 5298; x_wconf 72' lang='grc' dir='ltr'><strong>ι</strong></span> <span class='ocrx_word' id='word_1_930' title='bbox 2160 5247 2391 5299; x_wconf 82' lang='lat' dir='ltr'><strong>liberet:</strong></span> <span class='ocrx_word' id='word_1_931' title='bbox 2420 5263 2440 5297; x_wconf 75' lang='grc' dir='ltr'><strong>ι</strong></span> <span class='ocrx_word' id='word_1_932' title='bbox 2468 5241 2628 5297; x_wconf 87' lang='lat' dir='ltr'><strong>male.</strong></span> <span class='ocrx_word' id='word_1_933' title='bbox 3596 5296 3621 5299; x_wconf 96' lang='lat'><em>_</em></span> <span class='ocrx_word' id='word_1_934' title='bbox 3708 5260 3733 5297; x_wconf 81' lang='grc'><strong>,-</strong></span> 
     </span>
    </p>
   </div>
   <div class='ocr_carea' id='block_1_112' title="bbox 2179 5291 3712 5385">
    <p class='ocr_par' dir='ltr' id='par_1_112' title="bbox 2179 5291 3712 5385">
     <span class='ocr_line' id='line_1_113' title="bbox 2179 5291 3712 5385; baseline -0.005 -17"><span class='ocrx_word' id='word_1_935' title='bbox 2179 5291 2626 5385; x_wconf 41' lang='lat' dir='ltr'><strong>Tussis};</strong></span> <span class='ocrx_word' id='word_1_936' title='bbox 2650 5315 2929 5385; x_wconf 74' lang='lat' dir='ltr'><strong>omues_et</strong></span> <span class='ocrx_word' id='word_1_937' title='bbox 2952 5303 3111 5385; x_wconf 65' lang='lat' dir='ltr'><strong>editi,</strong></span> <span class='ocrx_word' id='word_1_938' title='bbox 3136 5315 3286 5385; x_wconf 64' lang='lat' dir='ltr'><strong>«non</strong></span> <span class='ocrx_word' id='word_1_939' title='bbox 3318 5299 3495 5385; x_wconf 76' lang='lat' dir='ltr'><strong>video.</strong></span> <span class='ocrx_word' id='word_1_940' title='bbox 3535 5315 3554 5348; x_wconf 73' lang='grc' dir='ltr'><strong>ι</strong></span> <span class='ocrx_word' id='word_1_941' title='bbox 3590 5291 3712 5385; x_wconf 48' lang='lat' dir='ltr'><strong>ﬁo?</strong></span> 
     </span>
    </p>
   </div>
   <div class='ocr_carea' id='block_1_113' title="bbox 2103 5368 3699 5454">
    <p class='ocr_par' dir='ltr' id='par_1_113' title="bbox 2103 5368 3699 5454">
     <span class='ocr_line' id='line_1_114' title="bbox 2103 5368 3699 5454; baseline -0.012 -14"><span class='ocrx_word' id='word_1_942' title='bbox 2103 5368 2555 5454; x_wconf 8' lang='lat' dir='ltr'><strong>ltts‘ius.SRegius</strong></span> <span class='ocrx_word' id='word_1_943' title='bbox 2594 5397 2723 5435; x_wconf 90' lang='lat' dir='ltr'><strong>num</strong></span> <span class='ocrx_word' id='word_1_944' title='bbox 2773 5378 2935 5443; x_wconf 77' lang='lat' dir='ltr'><strong>l659,</strong></span> <span class='ocrx_word' id='word_1_945' title='bbox 2967 5395 2986 5429; x_wconf 76' lang='grc' dir='ltr'><strong>ι</strong></span> <span class='ocrx_word' id='word_1_946' title='bbox 3025 5368 3237 5439; x_wconf 90' lang='lat' dir='ltr'><strong>videto,</strong></span> <span class='ocrx_word' id='word_1_947' title='bbox 3270 5390 3290 5423; x_wconf 74' lang='grc' dir='ltr'><strong>ι</strong></span> <span class='ocrx_word' id='word_1_948' title='bbox 3322 5370 3466 5439; x_wconf 89' lang='lat' dir='ltr'><strong>quod</strong></span> <span class='ocrx_word' id='word_1_949' title='bbox 3496 5368 3699 5421; x_wconf 86' lang='lat' dir='ltr'><strong>rectius</strong></span> 
     </span>
    </p>
   </div>
   <div class='ocr_carea' id='block_1_114' title="bbox 2106 5456 3700 5603">
    <p class='ocr_par' dir='ltr' id='par_1_114' title="bbox 2106 5456 3700 5603">
     <span class='ocr_line' id='line_1_115' title="bbox 2106 5456 3700 5603; baseline -0.014 -22"><span class='ocrx_word' id='word_1_950' title='bbox 2106 5456 2544 5603; x_wconf 37' lang='lat' dir='ltr'><strong>“d(g|lu)l:lta.ms.</strong></span> <span class='ocrx_word' id='word_1_951' title='bbox 2575 5521 2795 5603; x_wconf 53' lang='lat' dir='ltr'><strong>Degius</strong></span> <span class='ocrx_word' id='word_1_952' title='bbox 2819 5533 2974 5603; x_wconf 62' lang='lat' dir='ltr'><strong>num.</strong></span> <span class='ocrx_word' id='word_1_953' title='bbox 2991 5513 3204 5603; x_wconf 53' lang='lat'><strong>639;.</strong></span> <span class='ocrx_word' id='word_1_954' title='bbox 3218 5510 3364 5603; x_wconf 44' lang='lat' dir='ltr'><strong>Ali‘ih</strong></span> <span class='ocrx_word' id='word_1_955' title='bbox 3374 5505 3700 5603; x_wconf 44' lang='lat' dir='ltr'><strong>“duo</strong></span> 
     </span>
    </p>
   </div>
   <div class='ocr_carea' id='block_1_115' title="bbox 2111 5576 3697 5664">
    <p class='ocr_par' dir='ltr' id='par_1_115' title="bbox 2111 5576 3697 5664">
     <span class='ocr_line' id='line_1_116' title="bbox 2111 5576 3697 5664; baseline -0.014 -12"><span class='ocrx_word' id='word_1_956' title='bbox 2111 5576 2479 5664; x_wconf 61' lang='grc' dir='ltr'><strong>ηιέἑξίἱέέίι,</strong></span> <span class='ocrx_word' id='word_1_957' title='bbox 2510 5576 2534 5644; x_wconf 37' lang='grc' dir='ltr'><strong>ίε</strong></span> <span class='ocrx_word' id='word_1_958' title='bbox 2577 5576 2690 5664; x_wconf 60' lang='lat' dir='ltr'><strong>Qui</strong></span> <span class='ocrx_word' id='word_1_959' title='bbox 2709 5586 3125 5664; x_wconf 45' lang='lat' dir='ltr'><strong>auternndicitzo</strong></span> <span class='ocrx_word' id='word_1_960' title='bbox 3156 5582 3257 5637; x_wconf 83' lang='lat' dir='ltr'><strong>Ms.</strong></span> <span class='ocrx_word' id='word_1_961' title='bbox 3292 5576 3697 5664; x_wconf 38' lang='lat' dir='ltr'><strong>ValliisrCla-raf,</strong></span> 
     </span>
    </p>
   </div>
   <div class='ocr_carea' id='block_1_116' title="bbox 2119 5650 3700 5733">
    <p class='ocr_par' dir='ltr' id='par_1_116' title="bbox 2119 5650 3700 5733">
     <span class='ocr_line' id='line_1_117' title="bbox 2119 5650 3700 5733; baseline -0.011 -15"><span class='ocrx_word' id='word_1_962' title='bbox 2119 5650 2143 5718; x_wconf 59' lang='grc' dir='ltr'><strong>ι</strong></span> <span class='ocrx_word' id='word_1_963' title='bbox 2178 5650 2337 5733; x_wconf 84' lang='lat' dir='ltr'><strong>Quod</strong></span> <span class='ocrx_word' id='word_1_964' title='bbox 2374 5650 2556 5718; x_wconf 58' lang='lat' dir='ltr'><strong>autem</strong></span> <span class='ocrx_word' id='word_1_965' title='bbox 2587 5650 2742 5733; x_wconf 69' lang='lat' dir='ltr'><strong>dicit.</strong></span> <span class='ocrx_word' id='word_1_966' title='bbox 2777 5679 2796 5712; x_wconf 75' lang='grc' dir='ltr'><strong>ι</strong></span> <span class='ocrx_word' id='word_1_967' title='bbox 2832 5658 3009 5733; x_wconf 60' lang='lat' dir='ltr'><strong>Etﬁtio</strong></span> <span class='ocrx_word' id='word_1_968' title='bbox 3052 5654 3283 5733; x_wconf 65' lang='lat' dir='ltr'><strong>Veneta,</strong></span> <span class='ocrx_word' id='word_1_969' title='bbox 3320 5669 3339 5703; x_wconf 78' lang='grc' dir='ltr'><strong>ι</strong></span> <span class='ocrx_word' id='word_1_970' title='bbox 3378 5650 3479 5717; x_wconf 89' lang='lat' dir='ltr'><strong>Qui</strong></span> <span class='ocrx_word' id='word_1_971' title='bbox 3504 5657 3700 5733; x_wconf 49' lang='lat' dir='ltr'><strong>autem</strong></span> 
     </span>
    </p>
   </div>
   <div class='ocr_carea' id='block_1_117' title="bbox 2117 5717 3694 5801">
    <p class='ocr_par' dir='ltr' id='par_1_117' title="bbox 2117 5717 3694 5801">
     <span class='ocr_line' id='line_1_118' title="bbox 2117 5717 3694 5801; baseline -0.015 -7"><span class='ocrx_word' id='word_1_972' title='bbox 2117 5717 2360 5801; x_wconf 66' lang='lat' dir='ltr'><strong>diceris;</strong></span> <span class='ocrx_word' id='word_1_973' title='bbox 2397 5717 2425 5788; x_wconf 15' lang='grc' dir='ltr'><strong>»ν</strong></span> <span class='ocrx_word' id='word_1_974' title='bbox 2453 5731 2634 5789; x_wconf 76' lang='lat' dir='ltr'><strong>caeteri</strong></span> <span class='ocrx_word' id='word_1_975' title='bbox 2666 5745 2797 5786; x_wconf 82' lang='lat' dir='ltr'><strong>vero</strong></span> <span class='ocrx_word' id='word_1_976' title='bbox 2842 5728 3011 5793; x_wconf 75' lang='lat' dir='ltr'><strong>editi,</strong></span> <span class='ocrx_word' id='word_1_977' title='bbox 3048 5745 3066 5778; x_wconf 77' lang='grc' dir='ltr'><strong>ι</strong></span> <span class='ocrx_word' id='word_1_978' title='bbox 3112 5724 3216 5793; x_wconf 78' lang='lat' dir='ltr'><strong>Qui</strong></span> <span class='ocrx_word' id='word_1_979' title='bbox 3255 5732 3438 5779; x_wconf 85' lang='lat' dir='ltr'><strong>autem</strong></span> <span class='ocrx_word' id='word_1_980' title='bbox 3485 5717 3644 5776; x_wconf 72' lang='lat' dir='ltr'><strong>dicis:</strong></span> <span class='ocrx_word' id='word_1_981' title='bbox 3672 5733 3694 5769; x_wconf 75' lang='grc' dir='ltr'><strong>ι</strong></span> 
     </span>
    </p>
   </div>
  </div>
