4170 6360
466 302 564 357 89!

1885 287 2225 346 OlllGENIS.

3614 278 3720 334 892

464 433 678 489 semper
713 417 997 473 abscondit
1035 415 1351 471 timentibus
1385 429 1445 470 se
1480 416 1546 467 θ’.
1575 414 1854 470 Fortassis
1897 413 2042 468 enim
2072 417 2118 472 Α
2147 417 2318 462 terata
2348 405 2404 460 in
2427 419 2492 461 eo
2525 403 2772 459 videatur
2796 411 2851 458 ct
2877 402 3099 466 abolita,
3119 403 3184 458 de
3215 401 3319 458 isto
3341 407 3522 472 potest
3549 400 3718 454 videri

467 511 540 564 ob
568 511 672 563 hoc
703 509 806 563 sibi
841 506 953 579 (92)
999 507 1412 576 propensiorem
1447 521 1637 561 curam
1689 520 1790 576 pro
1829 506 1915 560 bis
1952 504 2047 574 qui

467 607 699 667 pereunt
729 598 911 652 inesse
944 599 1060 666 ipse
1085 597 1349 652 Dominus
1376 597 1430 651 in
1456 596 1751 667 Evangelio
1781 597 2046 661 ostendit,

464 707 590 744 cum
637 689 771 745 dicit
817 691 942 760 quia
983 709 1002 742 ι
1055 690 1203 745 venit
1228 689 1396 744 Filius
1433 690 1670 743 hominis
1714 702 1956 758 quaerere
1995 697 2054 742 et

464 782 678 836 Itlvare
707 783 848 851 quod
881 782 1118 850 perierat
1145 781 1210 832 “.
1246 799 1266 833 ι
1291 781 1358 835 Et
1387 781 1582 836 iterum
1615 780 1747 835 dicit
1770 781 1848 832 97:
1875 798 1892 832 ι
1933 778 2046 832 Non

467 889 590 924 sum
645 876 845 928 missus
906 873 1006 927 nisi
1055 873 1122 927 ad
1179 889 1310 928 oves
1357 889 1478 942 qua:
1522 873 1808 940 perierunt
1854 872 2050 926 domus

467 964 654 1018 Israel.
692 983 712 1016 ι
750 965 813 1019 Et
857 965 1022 1019 David
1049 965 1181 1020 dicit
1203 965 1250 997 ⁹⁸
1285 980 1301 1020 :
1340 983 1359 1015 ί
1393 963 1580 1018 Erravi
1617 964 1755 1018 sicut
1786 964 1906 1016 ovis
1927 977 2050 1031 per-

467 1054 604 1114 dita,
637 1053 855 1121 require
907 1068 1123 1108 servum
1173 1062 1346 1110 tuum.
1380 1072 1399 1107 ι
1434 1053 1540 1107 Sed
1572 1059 1628 1107 et
1669 1053 1722 1106 in
1755 1051 2048 1121 Evangelia

467 1145 726 1199 drachma
753 1146 865 1214 (95)
895 1161 1013 1212 quae
1056 1146 1312 1216 perierat,
1353 1146 1615 1200 mundata
1646 1146 1806 1200 domo
1834 1145 2046 1199 inveni-

471 1244 564 1287 tul'
593 1251 623 1288 a
649 1237 874 1292 muliere
896 1237 973 1301 ³ος
1004 1248 1058 1291 et
1085 1238 1295 1306 fgaudet
1327 1245 1480 1302 pater
1507 1250 1672 1304 super
1703 1235 1812 1290 filio
1835 1235 2048 1303 iuniore

467 1329 786 1395 poenitente,
818 1329 910 1397 qui
945 1347 963 1380 ε
1005 1341 1249 1383 mortuus
1283 1328 1482 1393 fuerat,
1513 1338 1566 1382 et
1598 1328 1830 1394 revixit;
1864 1329 2046 1394 perie-

466 1429 574 1485 rat,
597 1430 654 1475 et
675 1422 927 1476 inventus
954 1433 1036 1475 est
1055 1422 1096 1485 ',
1121 1439 1139 1472 ι
1166 1421 1342 1490 magis
1361 1435 1521 1490 quam
1549 1433 1714 1488 super
1738 1435 1802 1474 eo
1823 1421 1914 1488 qui
1942 1433 2046 1474 non

465 1511 709 1580 perierat
745 1527 843 1566 nec
873 1513 1120 1566 inventus
1153 1522 1238 1566 est
1259 1511 1394 1580 (94).
1427 1511 1527 1577 Qui
1555 1510 1741 1578 junior
1775 1509 1939 1574 filius,
1992 1521 2052 1564 ut

467 1615 568 1670 ego
621 1601 879 1666 arbitror,
921 1601 1088 1655 etiam
1138 1602 1308 1670 ipsam
1345 1599 1645 1655 naturalem
1693 1599 1803 1668 jam
1839 1600 2053 1669 fugerat

466 1689 638 1758 legem
675 1691 788 1762 (95)
825 1709 838 1744 :
873 1693 976 1747 hoc
1007 1693 1150 1745 enim
1189 1693 1407 1747 videtur
1445 1691 1672 1746 indicari
1698 1692 1752 1745 in
1798 1705 1863 1746 eo
1905 1692 2050 1762 quod

2151 502 2353 556 dictum
2382 500 2522 567 quod
2561 499 2678 552 sine
2704 497 2821 566 lege
2853 505 3066 566 pereat;
3104 495 3430 563 iudicandus
3465 506 3592 547 vero
3623 505 3720 562 per

2150 589 2318 660 legem
2346 590 2558 644 dicatur
2590 587 2636 642 is
2665 588 2755 656 qui
2783 587 2884 642 sub
2913 587 3030 655 lege
3073 587 3224 650 vivit,
3253 585 3376 654 quia
3401 593 3458 640 et
3489 585 3720 653 Aposto-

2150 680 2233 735 lus
2265 680 2307 711 ³ο
2334 688 2670 734 contestatur
2715 691 2930 732 omnem
2958 677 3437 733 circumcidentem
3465 689 3543 743 se,
3575 673 3718 745 quod

2151 773 2362 828 debitor
2385 773 2455 826 sit
2479 772 2745 826 universa:
2775 771 2910 842 legis
2942 771 3219 826 faciendm.
3754 761 3759 790 ⁵

2219 865 2273 918 9.
2323 885 2340 916 ι
2386 865 2518 920 Cum
2551 863 2696 916 enim
2747 873 2936 933 gentes
2961 877 3083 932 quae
3136 862 3308 930 legem
3345 875 3450 914 non
3493 858 3718 925 habent,
3762 857 3775 894 “ι

2151 952 2473 1007 naturaliter
2501 966 2622 1022 quae
2659 950 2798 1020 legis
2847 961 2977 1007 sunt
3021 950 3248 1017 faciunt,
3284 951 3338 1005 hi
3387 947 3498 1021 (98)
3544 949 3717 1018 legem

2149 1061 2255 1100 non
2316 1045 2600 1111 habentes,
2651 1044 2752 1114 ipsi
2798 1033 2908 1100 sibi
2939 1053 3065 1098 sunt
3111 1043 3246 1098 lex:
3285 1044 3379 1114 qui
3426 1043 3720 1100 ostendunt

2149 1149 2287 1202 opus
2318 1133 2455 1204 legis
2484 1135 2746 1204 scriptum
2797 1134 2852 1190 in
2895 1134 3150 1189 cordibus
3183 1135 3321 1198 suis,
3353 1133 3716 1190 testimonium

2152 1226 2409 1280 reddente
2437 1225 2515 1279 eis
2547 1225 2898 1290 conscientia,
2931 1235 2988 1280 et
3029 1225 3168 1281 inter
3207 1223 3374 1296 486
3396 1239 3456 1280 se
3487 1223 3719 1278 invicem

2151 1315 2580 1383 cogitationibus
2614 1315 3016 1380 occursantibus,
3056 1326 3151 1368 aut
3185 1317 3348 1370 etiam
3379 1313 3719 1369 defendenti-

2151 1408 2252 1462 bus
2276 1406 2411 1478 (39),
2446 1409 2499 1462 in
2553 1409 2640 1462 die
2667 1421 2789 1461 cum
2831 1404 3096 1474 iudicabit
3120 1405 3263 1461 Deus
3301 1406 3512 1462 occulta
3544 1405 3719 1460 homi-

2152 1499 2612 1564 num,seeundum
2635 1497 2984 1566 Evangelium
3013 1512 3212 1565 meum,
3237 1514 3336 1571 per
3359 1496 3540 1554 Iesum
3563 1497 3722 1554 Chr‘-

2153 1601 2298 1645 stum
2327 1591 2392 1647 “.
2427 1609 2447 1644 ι
2481 1590 2700 1646 Certum
2738 1601 2823 1647 est
2853 1591 2996 1661 quod
3027 1599 3212 1661 gentes
3255 1605 3375 1661 quae
3404 1589 3576 1660 legem
3609 1603 3719 1644 non

2155 1684 2390 1749 habent,
2424 1683 2746 1738 naturaliter
2775 1696 2894 1754 qua:
2920 1683 3056 1752 legis
3101 1683 3240 1740 sunt“
3259 1683 3441 1738 facere
3485 1697 3590 1736 non
3623 1695 3722 1749 pro

465 1783 802 1852 consumpsit
836 1792 1044 1853 partem
1094 1793 1334 1853 paterna:
1383 1782 1700 1838 substantia:
1748 1798 1871 1852 qua;
1921 1798 2046 1838 eum
2079 1767 2121 1822 Β
2150 1775 2404 1830 Sabbatis
2434 1775 2518 1830 vel
2549 1773 2864 1830 Neomeniis
2896 1776 3166 1841 dicantur,
3190 1773 3273 1828 vel
3297 1772 3580 1828 sacrificiis
3603 1787 3722 1843 qua:

469 1875 842 1944 contingebat,
873 1877 1106 1930 vivendo
1136 1876 1434 1931 luxuriose.
1472 1875 1578 1930 Sed
1603 1883 1659 1929 et
1684 1875 1738 1928 in
1765 1873 2050 1930 Ezechiele

464 1966 728 2032 pr0pbeta
766 1966 787 1997 ²
820 1966 1130 2029 pastoribus
1193 1966 1500 2034 imputatur
1523 2003 1539 2030 ,
1591 1964 1735 2034 quod
1771 1964 2046 2019 infirmum

465 2069 570 2108 nou
604 2054 1072 2125 eolligaveriut,et
1101 2058 1244 2125 quod
1275 2057 1514 2126 perierat
1560 2072 1664 2110 non
1693 2055 2045 2134 quzesieriut;

463 2151 521 2197 et
553 2154 676 2214 post
701 2158 869 2214 pauca
894 2145 1011 2214 ipse
1033 2145 1292 2202 Dominus
1315 2147 1447 2201 dicit
1477 2165 1528 2200 ιι
1562 2146 1629 2202 Ει
1655 2147 1798 2215 quod
1827 2145 2040 2214 periit,»

465 2235 666 2304 inquit,
701 2253 720 2286 ι
756 2251 858 2306 ego
891 2237 1163 2306 requiram
1193 2236 1237 2290 ³.
1278 2255 1297 2288 ι
1333 2235 1714 2290 Verumtamen:
1757 2235 2049 2291 observan-

463 2326 593 2380 dum
617 2332 702 2380 est
736 2330 881 2395 quod
911 2325 965 2380 in
1021 2327 1108 2381 bis
1159 2326 1413 2382 omnibus
1453 2341 1738 2396 nusquam
1773 2326 1914 2382 Deus
1943 2326 2044 2380 ali-

463 2431 626 2487 quem
653 2419 852 2474 dicitur
881 2419 1206 2488 perdidisse,
1233 2419 1329 2474 sed
1355 2420 1724 2490 unusquisque
1755 2435 1821 2474 ex
1847 2435 1905 2476 se
1932 2420 2045 2488 pati

463 2507 572 2562 hoc
591 2509 736 2576 quod
773 2507 940 2576 perit,
983 2515 1042 2561 ut
1074 2507 1127 2562 in
1173 2507 1278 2563 hoc
1319 2509 1436 2578 ipso
1466 2509 1588 2562 ait:
1627 2525 1647 2560 ι
1681 2507 1810 2563 Siue
1843 2508 1962 2580 lege
1991 2518 2046 2562 et

461 2598 752 2665 peribunt;
777 2616 796 2649 ι
824 2608 910 2652 et:
949 2597 1145 2654 «Venit
1170 2597 1340 2654 Filius
1368 2599 1603 2655 hominis
1628 2614 1870 2669 quaerere
1901 2600 2043 2670 quod

461 2689 702 2758 perierat
731 2689 776 2755 ⁸,
825 2710 846 2744 ι
884 2706 990 2746 non
1048 2695 1194 2761 quod
1239 2693 1554 2762 perdiderat
1587 2709 1601 2746 :
1639 2702 1695 2746 et
1740 2711 1759 2744 ι
1795 2693 1860 2746 ad
1913 2707 2043 2748 oves

465 2782 706 2850 perditas
756 2781 948 2836 domus
991 2781 1250 2848 lsrael5,i
1291 2799 1398 2838 non
1434 2799 1568 2853 quas
1612 2785 1942 2853 perdiderat.
1980 2785 2045 2838 Et

458 2885 585 2926 cum
612 2873 728 2942 ipse
750 2872 1012 2928 Dominus
1043 2874 1177 2929 dicit
1211 2889 1227 2922 ε
1263 2894 1281 2926 r
1319 2873 1541 2934 Omnes.
1578 2893 1597 2926 ι
1633 2876 1830 2946 inquit,
1859 2893 1878 2926 ι
1907 2891 2044 2946 quos

463 2964 664 3020 dedisti
706 2965 862 3029 mihi,
897 2966 1140 3032 servavi,
1191 2975 1246 3023 et
1291 2967 1470 3023 nullus
1501 2983 1569 3021 ex
1611 2969 1691 3022 eis
1716 2969 1880 3037 periit
1907 2969 1929 3000 ⁸
1962 2985 1976 3032 ;
2017 2987 2035 3020 ι

460 3069 570 3109 non
596 3055 732 3109 dixit
756 3073 770 3110 :
792 3053 1006 3109 Nullum
1037 3071 1104 3111 ex
1135 3056 1202 3110 iis
1234 3057 1465 3126 perdidi.
1505 3057 1649 3112 Sane
1689 3057 1860 3113 sicubi
1899 3059 2040 3112 Deus

460 3145 690 3216 perdere
715 3146 936 3213 dicitur,
967 3162 1065 3215 pro
1110 3149 1400 3218 reprohare
1430 3149 1542 3220 (96)
1581 3151 1752 3222 magis
1797 3152 2040 3206 invenies

461 3234 694 3300 dictum,
725 3235 872 3290 sicut
893 3251 1016 3290 cum
1046 3235 1178 3291 dicit
1211 3258 1223 3292 :
1256 3255 1274 3289 ‹
1309 3236 1536 3292 Perdam
1587 3241 1910 3307 sapientiam
1959 3255 2046 3293 sa-

461 3324 754 3396 pientium,
781 3336 837 3380 et
876 3326 1211 3382 intellectum
1245 3329 1592 3398 prudentium
1630 3330 1988 3398 reprobabo'.
2021 3348 2040 3380 ι

459 3417 616 3484 Quod
661 3428 845 3474 autem
891 3419 1042 3484 dicit,
1082 3419 1210 3489 quia
1243 3438 1262 3472 ι
1302 3430 1570 3490 quotquot
1605 3422 1656 3474 in
1699 3420 1816 3490 lege
1853 3434 2048 3490 pecca-

459 3518 676 3574 verunt,
703 3526 799 3579 per
842 3510 1014 3578 legem
1052 3510 1462 3578 iudicabuntur,
1505 3531 1525 3564 ι
1563 3512 1776 3566 intuere
1801 3527 1868 3566 ne
1908 3510 2048 3566 forte

461 3605 758 3658 secundum
783 3603 1052 3659 vindictas
1074 3607 1190 3669 has,
1216 3620 1338 3674 qua:
1367 3606 1420 3659 in
1436 3605 1578 3675 Lege
1607 3607 1825 3675 scripta:
1851 3615 1981 3658 sunt
1999 3605 2045 3670 ⁸,

463 3695 662 3764 quibus
688 3695 987 3763 agebantur
1011 3693 1242 3763 judicia,
1267 3697 1357 3751 ubi
1387 3695 1638 3764 lapidari,
1675 3694 1756 3748 vel
1790 3695 1843 3748 in
1869 3695 2046 3763 ignem

467 3786 728 3852 tradi,vel
759 3787 1037 3841 civitatem
1071 3784 1264 3856 refugii
1294 3788 1465 3852 adire,
1484 3785 1571 3840 vel
1603 3785 1708 3840 alia
1733 3784 2046 3854 hujusmodi

467 3877 578 3946 pati
595 3875 919 3946 iubeantur:
939 3875 1010 3930 ita
1042 3874 1116 3929 sit
1137 3885 1192 3931 et
1200 3875 1468 3946 judicium
1487 3875 1728 3932 futurum
1747 3893 1760 3928 :
1789 3880 2045 3948 quoniam

463 3965 680 4035 quidem
697 3975 900 4038 typo,et
913 3965 1116 4022 umbra:
1131 3967 1434 4024 caelestium
1448 3966 1723 4022 deservire
1737 3967 1760 3999 ’
1793 3967 2050 4025 dicuntur

461 4058 520 4114 hi
533 4059 624 4128 qui
637 4059 736 4113 sub
753 4058 870 4129 lege
883 4068 1031 4128 sunt;
1045 4073 1112 4114 ne
1125 4058 1264 4116 forte
1279 4060 1440 4115 simili
1457 4061 1690 4131 quadam
1705 4061 1914 4116 ratione
1928 4077 2057 4132 aga-

463 4159 556 4204 tur
569 4149 730 4202 etiam
748 4149 987 4206 futurum
1010 4150 1276 4220 judicium
1293 4151 1345 4205 in
1362 4164 1456 4206 eos
1469 4151 1560 4220 qui
1575 4151 1911 4221 pratvarieati
1933 4153 2048 4206 fue-

464 4237 572 4292 rint
595 4237 791 4308 legem.
833 4239 968 4294 Cum
1009 4254 1137 4310 ergo
1167 4241 1482 4296 diversasin
1508 4239 2050 4309 Scripturisdiciela-

463 4330 636 4386 ruerit
668 4330 833 4400 leges,
869 4331 914 4386 si
943 4333 1063 4400 quis
1101 4333 1154 4386 in
1191 4343 1398 4388 tantum
1425 4348 1615 4388 omnes
1645 4333 1742 4388 has
1769 4331 2049 4404 refugerit,

2153 1868 2206 1920 in
2240 1867 2358 1937 lege
2387 1868 2591 1937 scripta
2624 1877 2769 1922 sunt.
2807 1866 2922 1921 Non
2947 1869 3093 1923 enim
3127 1871 3242 1922 haec
3269 1865 3354 1920 lex
3390 1865 3442 1920 in
3467 1865 3723 1921 cordibus

2150 1959 2390 2028 gentium
2431 1961 2637 2029 scripta
2665 1971 2749 2016 est
2782 1960 2900 2032 (l):
2936 1961 3030 2016 sed
3063 1960 3165 2016 hoc
3197 1969 3282 2014 est
3325 1958 3468 2028 quod
3517 1958 3721 2013 sentire

2150 2048 2470 2102 naturaliter
2497 2059 2722 2118 possunt
2757 2067 2770 2103 :
2807 2052 2955 2108 verbi
2997 2051 3195 2119 gratia,
3245 2063 3314 2104 ne
3340 2047 3722 2111 homicidium,

2149 2157 2219 2196 ne
2245 2139 2570 2196 adulterium
2600 2141 2822 2207 faciant,
2856 2158 2924 2198 ne
2955 2141 3227 2208 furentur,
3262 2156 3327 2194 ne
3349 2139 3541 2193 falsum
3571 2140 3724 2192 testi-

2148 2232 2392 2286 monium
2419 2233 2602 2288 dicant
2631 2249 2647 2298 ;
2676 2244 2738 2289 ut
2769 2235 3037 2290 honorent
3058 2242 3264 2302 patrem
3297 2239 3353 2286 et
3398 2235 3720 2293 matrem,et

2151 2323 2342 2376 borum
2371 2322 2589 2378 similia.
2611 2321 2883 2378 Fortassis
2912 2332 2966 2378 et
2991 2325 3133 2392 quod
3169 2324 3310 2377 Dens
3341 2337 3476 2376 unus
3503 2331 3718 2375 creator

2149 2413 2220 2468 sit
2258 2415 2522 2481 omnium,
2558 2414 2820 2484 scriptum
2856 2423 2941 2470 est
2979 2415 3031 2468 in
3051 2413 3304 2469 cordibus
3330 2413 3588 2482 gentium.
3613 2411 3724 2465 Ma-

2147 2503 2232 2572 gis
2265 2514 2444 2559 tamen
2477 2504 2612 2559 mihi
2635 2505 2884 2560 videntur
2911 2506 3044 2568 haec,
3078 2519 3198 2590 quae
3232 2505 3284 2557 in
3319 2504 3482 2558 corde
3521 2503 3722 2570 scripta

2147 2597 2422 2662 dicuntur,
2468 2609 2591 2652 cum
2648 2595 2976 2666 evangelicis
3022 2595 3230 2666 legibus
3279 2595 3587 2659 convenire,
3631 2591 3722 2646 ubi

2146 2698 2340 2744 cuncta
2382 2689 2448 2744 ad
2495 2689 2798 2743 naturalem
2854 2687 3168 2742 referuntur
3214 2687 3544 2756 aequitatem.
3582 2683 3722 2750 Quid

2147 2783 2289 2836 enim
2334 2783 2406 2836 ita
2439 2781 2775 2836 naturalibus
2805 2781 3054 2838 sensibus
3088 2780 3420 2848 proximum,
3447 2793 3608 2846 quam
3659 2785 3721 2830 ut

2143 2889 2265 2942 qua:
2289 2873 2595 2927 noluntsibi
2624 2872 2740 2926 fieri
2759 2873 3024 2938 homines,
3054 2873 3166 2926 ht'ec
3194 2885 3260 2926 ne
3279 2868 3482 2924 faciant
3505 2867 3724 2922 aliis"?

2143 2963 2273 3034 Legi
2296 2977 2427 3018 vero
2455 2963 2623 3035 Moysi
2659 2964 2992 3018 concordare
3012 2962 3098 3018 lex
3135 2959 3397 3016 naturalis
3421 2963 3720 3015 secundum

2145 3057 2414 3124 spiritum,
2442 3071 2548 3111 non
2596 3056 2894 3110 secundum
2939 3055 3176 3109 litteram
3207 3063 3403 3124 potest.
3430 3051 3565 3106 Nam
3601 3065 3721 3120 qua:

2143 3147 2249 3200 erit
2283 3145 2334 3200 in
2377 3145 2478 3200 hoc
2516 3145 2872 3215 intelligentia
2914 3142 3210 3207 naturalis,
3240 3141 3390 3198 verbi
3435 3140 3632 3212 gratia,
3663 3149 3724 3193 ut

2145 3247 2332 3291 octava
2369 3237 2456 3290 die
2483 3239 2606 3307 quis
2637 3235 2995 3292 circumcidat
3027 3233 3312 3302 Infantem,
3334 3245 3428 3287 aut
3452 3249 3574 3286 cum
3609 3231 3722 3286 lino

2145 3329 2308 3383 simul
2339 3345 2408 3384 ne
2433 3328 2554 3384 lana
2591 3339 2826 3397 texatur,
2857 3328 2943 3384 vel
2965 3343 3032 3383 ne
3062 3329 3184 3397 quis
3213 3328 3268 3383 in
3315 3326 3403 3382 die
3447 3322 3720 3380 Novorum

2146 3420 2526 3476 fermentatum
2573 3420 2776 3488 aliquid
2821 3419 3018 3474 edat"
3045 3419 3069 3473 Ἰ
3097 3417 3228 3486 Qua:
3277 3432 3398 3472 cum
3432 3415 3726 3484 aliquoties

2144 3512 2530 3580 objecissemus
2561 3509 2784 3576 ludatis,
2827 3519 2885 3564 et
2911 3510 3250 3579 exigeremus
3281 3507 3357 3578 (2)
3404 3515 3464 3561 ut
3511 3508 3553 3559 si
3591 3505 3720 3574 quid

2149 3602 2202 3656 in
2241 3601 2327 3656 his
2347 3600 2596 3656 utilitatis
2624 3610 2790 3664 esset,
2819 3599 3193 3661 ostenderent,
3235 3598 3442 3652 scimus
3473 3611 3564 3650 eos
3620 3598 3723 3647 hoc

2147 3693 2324 3748 solum
2381 3692 2710 3762 reSpondcre
2739 3690 2953 3758 solitos,
3003 3691 3129 3759 quia
3159 3689 3231 3744 ita
3256 3690 3428 3743 visum
3457 3689 3528 3742 sit
3566 3686 3726 3756 legis-

2146 3785 2328 3840 latori.
2357 3782 2468 3839 Nos
2489 3797 2618 3838 vero
2641 3782 2733 3853 qui
2763 3783 2878 3838 lucc
2899 3782 3082 3837 omnia
3129 3781 3491 3850 spiritualiter
3523 3779 3726 3834 intelli-

2148 3877 2320 3946 genda
2355 3875 2644 3942 sentimus,
2686 3875 2892 3929 idcirco
2933 3884 2991 3930 et
3035 3888 3142 3928 non
3189 3875 3487 3938 auditores,
3513 3873 3610 3928 sed
3641 3872 3724 3924 fa-

2149 3979 2328 4024 ctores
2378 3967 2516 4037 legis
2565 3965 2944 4035 iustiﬁcandos
2981 3965 3028 3997 “
3066 3965 3380 4030 credimus,
3429 3979 3536 4018 non
3590 3963 3724 4033 legis

2149 4059 2450 4116 secundum
2500 4058 2760 4124 litteram,
2796 4073 2915 4128 quae
2945 4059 3128 4128 utique
3171 4073 3269 4127 pro
3299 4058 3384 4112 sui
3423 4056 3728 4125 impossibi-

2151 4149 2302 4205 litate
2347 4163 2453 4204 non
2485 4158 2665 4220 potest
2712 4150 2913 4204 habere
2963 4148 3248 4210 factorem,
3302 4148 3397 4202 sed
3428 4148 3724 4202 secundum

2151 4240 2423 4308 spiritum,
2453 4255 2550 4310 per
2579 4255 2738 4309 quem
2762 4239 3101 4294 solummodo
3128 4236 3336 4307 impleri
3372 4236 3457 4292 lex
3504 4237 3724 4306 poterit.

2153 4329 2266 4386 lloe
2283 4340 2368 4386 est
2391 4346 2522 4402 ergo
2543 4346 2676 4402 opus
2700 4330 2855 4399 legis,
2881 4329 3021 4398 quod
3045 4329 3210 4382 etiam
3255 4335 3446 4396 gentes
3494 4327 3728 4397 Aposto—
3799 4379 3806 4386 ,

463 4427 525 4472 ut
553 4419 716 4474 etiam
751 4422 1016 4476 naturalis
1042 4424 1158 4492 ipsa
1191 4423 1299 4489 lex,
1326 4439 1444 4494 qum
1460 4423 1588 4476 nulli
1619 4421 1730 4477 fere
1753 4424 2048 4496 deest(97),
2083 4445 2126 4500 ι)
2155 4423 2237 4478 lus
2263 4424 2394 4478 dicit
2424 4423 2650 4492 implere
2673 4421 2994 4476 naturaliter
3018 4432 3195 4488 posse.
3220 4417 3357 4472 Cum
3381 4415 3526 4470 enim
3559 4427 3726 4486 agunt

461 4511 548 4566 vel
569 4526 667 4582 per
692 4513 970 4576 duritiam,
994 4513 1078 4569 vel
1101 4529 1198 4584 per
1226 4515 1640 4570 crassitudinem
1685 4515 1868 4571 cordis
1909 4518 2048 4572 obli-

528 4650 577 4720 f'
604 4649 744 4706 Psal.
771 4651 1011 4716 xxx,20.
1085 4652 1132 4683 ”
1160 4651 1290 4706 Luc.
1320 4668 1432 4715 xIx,
1456 4651 1544 4706 10.
1619 4652 1662 4684 ³⁷
1687 4653 1876 4708 Matth.
1910 4672 1997 4718 xv,
2020 4656 2113 4711 24.
2190 4658 2236 4689 ³⁸
2267 4656 2586 4710 Psal.cxvm
2607 4695 2622 4720 ,
2656 4651 2778 4706 l76.
2857 4651 2902 4681 ’θ
2933 4649 3193 4720 [ιιιςχιιιί.
3241 4647 3296 4701 8.

461 4722 484 4757 ⁸
508 4718 702 4775 Ezeeb.
729 4737 917 4782 xxxrv,
949 4723 1002 4776 4.
1081 4722 1254 4776 IIibid.
1285 4721 1371 4776 16.
1449 4722 1470 4754 ⁸
1498 4721 1746 4786 LchIx,
1787 4725 1874 4779 l0.
1949 4728 1969 4758 ⁵
2003 4727 2196 4784 Matth.
2226 4743 2312 4784 xv,
2341 4727 2430 4780 Si.
2503 4718 2946 4782 “Juan.xvn,l‘2.

2155 4531 2274 4588 qua:
2302 4515 2440 4584 legis
2475 4525 2622 4580 sunt,
2656 4532 2675 4565 ι
2718 4513 2919 4583 scripta
2955 4529 2974 4562 ι
3010 4509 3222 4564 videtur
3263 4507 3348 4563 lex
3381 4507 3436 4562 in
3465 4506 3722 4563 cordibus

3405 4645 3420 4676 ¹
3460 4644 3589 4699 ibid.
3628 4646 3720 4701 2i.

3021 4719 3098 4781 ἰι
3125 4718 3249 4772 Cor.
3277 4731 3315 4778 ι,
3337 4713 3423 4770 19.
3498 4715 3520 4745 ³
3549 4715 3720 4768 Exod.

464 4806 578 4864 νει,
600 4806 749 4864 _J_ml_.
824 4795 844 4824 ’
874 4792 1171 4864 "charm,
1194 4793 1248 4864 5.
1277 4862 1304 4864 ᾗ
1325 4792 1367 4822 ¹⁰
1403 4791 1674 4864 Galatea
1703 4795 1756 4849 ὅ.
1835 4796 1875 4829 ⁸³
1905 4796 2348 4864 Ruttt.tt,M—l6.
2426 4797 2469 4830 “
2498 4793 2632 4850 Tob.
2665 4808 2738 4858 tv,
2773 4791 2858 4844 lli.
2933 4790 2973 4822 ¹³
3004 4788 3296 4858 Levit.xu,
3317 4787 3377 4856 3;
3399 4785 3552 4842 Deut.
3583 4801 3719 4851 χχιι,

467 4860 564 4926 il;
595 4861 766 4916 Exod.
796 4861 1002 4928 111,45,
1036 4862 1126 4917 19.
1209 4863 1251 4893 ³⁸
1276 4862 1432 4916 Botn.
1463 4877 1524 4924 It,
1561 4863 1646 4918 15.

556 4975 648 5042 92)
692 4995 711 5028 r
745 4975 881 5032 Sibi.
922 4994 942 5028 ι
971 4975 1026 5035 In
1057 4976 1220 5032 editis
1258 4977 1546 5033 omittitur.

559 5048 650 5114 95)
693 5047 786 5102 Sic
816 5061 918 5101 ms.
955 5045 1154 5116 Regius
1181 5062 1334 5102 num.
1366 5049 1502 5103 1659
1527 5059 1582 5104 et
1619 5047 1898 5103 Rabanus.
1923 5047 2039 5102 Ca:-

461 5117 564 5173 teri
600 5130 902 5186 verointss.
948 5125 1004 5170 et
1049 5117 1201 5180 editi,
1236 5135 1256 5168 ι
1290 5133 1415 5171 ιιιιιιι
1451 5137 1471 5169 ι
1515 5134 1613 5186 pro
1639 5137 1658 5170 ι
1698 5119 1974 5172 drachma.
2013 5134 2033 5168 ι

543 5185 656 5258 (94)
689 5203 709 5237 ‹
739 5185 1096 5258 Magisquam
1123 5201 1286 5256 super
1305 5203 1370 5242 eo
1389 5187 1482 5257 qui
1516 5185 1624 5243 non
1643 5187 1900 5258 perierat,
1936 5201 2037 5258 nec

461 5255 718 5319 inventus
739 5265 841 5310 est.
859 5275 878 5308 ι
902 5255 1028 5314 Haec
1057 5257 1110 5310 in
1141 5255 1299 5314 antea
1312 5255 1472 5312 editis
1501 5255 1957 5318 desiderautur,et
1983 5257 2034 5310 in

463 5329 739 5398 plerisque
783 5341 916 5381 mss.
936 5341 1157 5398 necnon
1205 5325 1346 5396 apud
1398 5327 1718 5396 Rabanum,
1751 5329 1846 5383 sed
1874 5327 2034 5381 resti-

465 5397 691 5451 tuuntur
721 5410 788 5450 ex
823 5397 1036 5452 duobus
1077 5412 1206 5452 mss.

539 5470 648 5541 (95)
689 5470 778 5524 Sic
814 5471 983 5545 codex
1021 5471 1386 5545 Vallis-Clarae
1422 5480 1478 5526 et.
1527 5469 1635 5525 duo
1674 5471 1846 5545 Regii.
1889 5474 2042 5533 Salo-

465 5539 662 5612 dia'nus
697 5556 797 5612 pro
841 5561 860 5593 ι
906 5541 1115 5612 fugerat
1144 5559 1178 5612 7i
1223 5539 1352 5611 legit
1395 5539 1813 5612 «suggeratfi
1857 5548 2041 5602 caeteri

466 5609 616 5679 editi,
653 5629 672 5661 r
709 5609 1020 5679 fregeratf»
1047 5609 1230 5665 Codex
1266 5609 1395 5664 vero
1433 5609 1780 5668 Ebroicensis
1818 5625 1874 5670 et
1899 5634 2042 5672 unus

466 5673 688 5752 Regius,
735 5699 753 5730 ι
793 5673 963 5752 ctiam
999 5680 1168 5749 ipsam
1200 5681 1499 5752 naturalem
1523 5681 1632 5750 jam
1668 5684 1895 5752 adeptus
1923 5688 2042 5742 fuc-

467 5733 776 5818 r'atulcgem.
817 5767 835 5800 ι
869 5733 1142 5818 liabaitus,
1179 5733 1900 5822 (etiam

2151 4967 2380 5024 turalem
2418 4967 2526 5035 iam
2565 4963 2740 5018 fuerat
2773 4960 2964 5031 legem.
3004 4979 3023 5012 ι

2218 5042 2448 5114 (96)]ιςι
2483 5041 2772 5114 Iubmus,
2823 5040 2967 5108 quod
3026 5047 3230 5094 rectius
3283 5037 3503 5114 videtur
3556 5053 3720 5114 quam

2151 5129 2170 5162 ι
2203 5108 2320 5182 p'ro'
2342 5113 2502 5182 bono,
2539 5129 2558 5162 ι
2591 5121 2649 5164 ιιι
2681 5109 2860 5182 ferunt
2887 5123 3078 5182 omnes
3109 5121 3242 5162 mss.
3282 5108 3453 5163 nostri
3485 5117 3540 5163 et
3564 5109 3717 5164 editi.

2213 5183 2326 5250 (97)
2366 5181 2538 5246 Alias,
2567 5198 2586 5230 ι
2625 5181 2822 5242 defert,
2859 5198 2877 5230 ι
2914 5181 3078 5234 male.

2142 5322 2155 5334 °
2213 5248 2328 5323 (98)
2367 5252 2532 5317 Edm’
2556 5269 2575 5301 ⁸
2614 5250 2918 5319 ejusmmﬁi
2951 5267 2972 5302 ’
2997 5259 3052 5304 θι
3094 5255 3298 5318 Postea,
3334 5264 3354 5299 ι
3383 5248 3718 5304 conscientia

2139 5337 2403 5377 lusorum.
2447 5340 2467 5374 ι

2162 5339 2532 5516 μῖῗὶὲςωέὰἶιί,
2551 5409 2568 5441 ι
2591 5390 2979 5460 cogitationum
3003 5387 3402 5453 accusantium,
3438 5387 3715 5444 autetiam

2162 5463 2206 5516 le
2229 5463 2562 5516 endentium.
2597 5479 2618 5514 ι

2139 5462 2562 5518 defendentium.
2597 5479 2618 5514 ι

2211 5532 2286 5604 (l)
2329 5532 2422 5586 Sic
2452 5541 2599 5604 recte
2633 5546 2762 5588 mss.
2782 5532 2888 5588 duo
2913 5530 3296 5602 chii.Cazteri
3329 5544 3459 5588 vero
3479 5537 3536 5585 et
3556 5527 3714 5595 editi,

2144 5621 2165 5656 ι
2210 5602 2410 5656 dicitur
2438 5602 2656 5670 scripta.
2677 5621 2696 5654 ι

2212 5673 2290 5744 (‘2)
2321 5674 2393 5726 Ita
2428 5668 2562 5727 mss:
2587 5671 2726 5726 Editi
2762 5685 2910 5736 vero,
2943 5671 3015 5727 al.
3048 5685 3458 5744 surgeremus,»
3490 5669 3560 5725 al.
3595 5685 3616 5720 ι
3637 5668 3713 5729 ἰηι-

2143 5758 2410 5815 geremus,
2432 5747 2526 5802 »ει
2546 5761 2566 5796 ι
2596 5745 2992 5812 ingerercmus.
3027 5761 3048 5794 ι
