  <div class='ocr_page' id='page_1' title='image "/cluster/home/n/w/nwhite01/storage/ocr_20150623/14:no.4/coo.31924054872928/458.png"; bbox 0 0 4170 6364; ppageno 0'>
   <div class='ocr_carea' id='block_1_1' title="bbox 315 353 420 413">
    <p class='ocr_par' dir='ltr' id='par_1_1' title="bbox 315 353 420 413">
     <span class='ocr_line' id='line_1_1' title="bbox 315 353 420 413; baseline -0.019 -1"><span class='ocrx_word' id='word_1_1' title='bbox 315 353 420 413; x_wconf 77' lang='lat'><strong>895</strong></span> 
     </span>
    </p>
   </div>
   <div class='ocr_carea' id='block_1_2' title="bbox 1267 320 2599 399">
    <p class='ocr_par' dir='ltr' id='par_1_2' title="bbox 1267 320 2599 399">
     <span class='ocr_line' id='line_1_2' title="bbox 1267 320 2599 399; baseline -0.017 -1"><span class='ocrx_word' id='word_1_2' title='bbox 1267 336 1625 399; x_wconf 83' lang='lat' dir='ltr'><strong>COMMENT.</strong></span> <span class='ocrx_word' id='word_1_3' title='bbox 1667 332 1735 389; x_wconf 86' lang='lat' dir='ltr'><strong>IN</strong></span> <span class='ocrx_word' id='word_1_4' title='bbox 1776 329 1995 387; x_wconf 78' lang='lat' dir='ltr'><strong>EPIST.</strong></span> <span class='ocrx_word' id='word_1_5' title='bbox 2034 326 2127 385; x_wconf 82' lang='lat' dir='ltr'><strong>AD</strong></span> <span class='ocrx_word' id='word_1_6' title='bbox 2165 324 2333 383; x_wconf 80' lang='lat' dir='ltr'><strong>ROM.</strong></span> <span class='ocrx_word' id='word_1_7' title='bbox 2370 320 2498 380; x_wconf 75' lang='lat' dir='ltr'><strong>LIB.</strong></span> <span class='ocrx_word' id='word_1_8' title='bbox 2537 322 2599 377; x_wconf 90' lang='lat' dir='ltr'><strong>ll.</strong></span> 
     </span>
    </p>
   </div>
   <div class='ocr_carea' id='block_1_3' title="bbox 3470 314 3574 371">
    <p class='ocr_par' dir='ltr' id='par_1_3' title="bbox 3470 314 3574 371">
     <span class='ocr_line' id='line_1_3' title="bbox 3470 314 3574 371; baseline -0.01 0"><span class='ocrx_word' id='word_1_9' title='bbox 3470 314 3574 371; x_wconf 60' lang='lat'><strong>894</strong></span> 
     </span>
    </p>
   </div>
   <div class='ocr_carea' id='block_1_4' title="bbox 315 432 3575 532">
    <p class='ocr_par' dir='ltr' id='par_1_4' title="bbox 315 432 3575 532">
     <span class='ocr_line' id='line_1_4' title="bbox 315 432 3575 532; baseline -0.012 -9"><span class='ocrx_word' id='word_1_10' title='bbox 315 482 506 522; x_wconf 88' lang='lat' dir='ltr'><strong>eorum</strong></span> <span class='ocrx_word' id='word_1_11' title='bbox 556 478 587 521; x_wconf 87' lang='lat' dir='ltr'><strong>a</strong></span> <span class='ocrx_word' id='word_1_12' title='bbox 621 467 755 532; x_wconf 91' lang='lat' dir='ltr'><strong>Deo,</strong></span> <span class='ocrx_word' id='word_1_13' title='bbox 796 481 817 518; x_wconf 78' lang='grc' dir='ltr'><strong>ι</strong></span> <span class='ocrx_word' id='word_1_14' title='bbox 875 474 980 519; x_wconf 89' lang='lat' dir='ltr'><strong>non</strong></span> <span class='ocrx_word' id='word_1_15' title='bbox 1031 469 1358 525; x_wconf 87' lang='lat' dir='ltr'><strong>atramento,</strong></span> <span class='ocrx_word' id='word_1_16' title='bbox 1397 459 1492 514; x_wconf 93' lang='lat' dir='ltr'><strong>sed</strong></span> <span class='ocrx_word' id='word_1_17' title='bbox 1553 456 1758 526; x_wconf 77' lang='lat' dir='ltr'><strong>Spiritu</strong></span> <span class='ocrx_word' id='word_1_18' title='bbox 1802 454 1895 508; x_wconf 89' lang='lat' dir='ltr'><strong>Dei</strong></span> <span class='ocrx_word' id='word_1_19' title='bbox 1926 455 1973 510; x_wconf 89' lang='lat' dir='ltr'><strong>A</strong></span> <span class='ocrx_word' id='word_1_20' title='bbox 2071 451 2158 506; x_wconf 76' lang='grc' dir='ltr'><strong>ιο.</strong></span> <span class='ocrx_word' id='word_1_21' title='bbox 2200 447 2354 501; x_wconf 86' lang='lat' dir='ltr'><strong>Nunc</strong></span> <span class='ocrx_word' id='word_1_22' title='bbox 2382 445 2662 498; x_wconf 82' lang='lat' dir='ltr'><strong>videamus</strong></span> <span class='ocrx_word' id='word_1_23' title='bbox 2684 438 2826 510; x_wconf 89' lang='lat' dir='ltr'><strong>quod</strong></span> <span class='ocrx_word' id='word_1_24' title='bbox 2857 436 3141 508; x_wconf 80' lang='lat' dir='ltr'><strong>sequitur:</strong></span> <span class='ocrx_word' id='word_1_25' title='bbox 3182 453 3202 485; x_wconf 76' lang='grc' dir='ltr'><strong>ι</strong></span> <span class='ocrx_word' id='word_1_26' title='bbox 3249 432 3317 487; x_wconf 85' lang='grc' dir='ltr'>Ει</span> <span class='ocrx_word' id='word_1_27' title='bbox 3346 433 3485 486; x_wconf 88' lang='lat' dir='ltr'><strong>inter</strong></span> <span class='ocrx_word' id='word_1_28' title='bbox 3515 447 3575 486; x_wconf 88' lang='lat' dir='ltr'><strong>se</strong></span> 
     </span>
    </p>
   </div>
   <div class='ocr_carea' id='block_1_5' title="bbox 315 550 1895 625">
    <p class='ocr_par' dir='ltr' id='par_1_5' title="bbox 315 550 1895 625">
     <span class='ocr_line' id='line_1_5' title="bbox 315 550 1895 625; baseline -0.006 -13"><span class='ocrx_word' id='word_1_29' title='bbox 315 560 423 613; x_wconf 83' lang='lat' dir='ltr'><strong>vivi</strong></span> <span class='ocrx_word' id='word_1_30' title='bbox 461 560 525 614; x_wconf 82' lang='grc'><strong>¹⁸.</strong></span> <span class='ocrx_word' id='word_1_31' title='bbox 563 579 581 611; x_wconf 75' lang='grc' dir='ltr'><strong>ι</strong></span> <span class='ocrx_word' id='word_1_32' title='bbox 612 559 764 625; x_wconf 83' lang='lat' dir='ltr'><strong>Quod</strong></span> <span class='ocrx_word' id='word_1_33' title='bbox 814 568 994 612; x_wconf 90' lang='lat' dir='ltr'><strong>autem</strong></span> <span class='ocrx_word' id='word_1_34' title='bbox 1045 555 1197 620; x_wconf 94' lang='lat' dir='ltr'><strong>dicit,</strong></span> <span class='ocrx_word' id='word_1_35' title='bbox 1234 572 1253 604; x_wconf 75' lang='grc' dir='ltr'><strong>ι</strong></span> <span class='ocrx_word' id='word_1_36' title='bbox 1305 554 1357 607; x_wconf 92' lang='lat' dir='ltr'><strong>in</strong></span> <span class='ocrx_word' id='word_1_37' title='bbox 1391 550 1681 615; x_wconf 82' lang='lat' dir='ltr'><strong>cordibus,</strong></span> <span class='ocrx_word' id='word_1_38' title='bbox 1720 567 1741 602; x_wconf 74' lang='grc' dir='ltr'><strong>ι</strong></span> <span class='ocrx_word' id='word_1_39' title='bbox 1786 564 1895 603; x_wconf 92' lang='lat' dir='ltr'><strong>non</strong></span> 
     </span>
    </p>
   </div>
   <div class='ocr_carea' id='block_1_6' title="bbox 317 641 1896 721">
    <p class='ocr_par' dir='ltr' id='par_1_6' title="bbox 317 641 1896 721">
     <span class='ocr_line' id='line_1_6' title="bbox 317 641 1896 721; baseline -0.008 -15"><span class='ocrx_word' id='word_1_40' title='bbox 317 661 401 707; x_wconf 91' lang='lat' dir='ltr'><strong>est</strong></span> <span class='ocrx_word' id='word_1_41' title='bbox 433 653 728 721; x_wconf 91' lang='lat' dir='ltr'><strong>putandum</strong></span> <span class='ocrx_word' id='word_1_42' title='bbox 779 650 903 719; x_wconf 85' lang='lat' dir='ltr'><strong>quia</strong></span> <span class='ocrx_word' id='word_1_43' title='bbox 941 650 992 702; x_wconf 93' lang='lat' dir='ltr'><strong>in</strong></span> <span class='ocrx_word' id='word_1_44' title='bbox 1026 646 1269 702; x_wconf 88' lang='lat' dir='ltr'><strong>membro</strong></span> <span class='ocrx_word' id='word_1_45' title='bbox 1298 644 1565 713; x_wconf 83' lang='lat' dir='ltr'><strong>corporis,</strong></span> <span class='ocrx_word' id='word_1_46' title='bbox 1611 641 1753 710; x_wconf 91' lang='lat' dir='ltr'><strong>quod</strong></span> <span class='ocrx_word' id='word_1_47' title='bbox 1802 655 1896 695; x_wconf 86' lang='lat' dir='ltr'><strong>cor</strong></span> 
     </span>
    </p>
   </div>
   <div class='ocr_carea' id='block_1_7' title="bbox 320 735 1896 814">
    <p class='ocr_par' dir='ltr' id='par_1_7' title="bbox 320 735 1896 814">
     <span class='ocr_line' id='line_1_7' title="bbox 320 735 1896 814; baseline -0.006 -18"><span class='ocrx_word' id='word_1_48' title='bbox 320 743 662 814; x_wconf 82' lang='lat' dir='ltr'><strong>appellatur,</strong></span> <span class='ocrx_word' id='word_1_49' title='bbox 705 743 790 797; x_wconf 82' lang='lat' dir='ltr'><strong>lex</strong></span> <span class='ocrx_word' id='word_1_50' title='bbox 839 743 1040 811; x_wconf 89' lang='lat' dir='ltr'><strong>scripta</strong></span> <span class='ocrx_word' id='word_1_51' title='bbox 1087 739 1322 793; x_wconf 86' lang='lat' dir='ltr'><strong>dicatur.</strong></span> <span class='ocrx_word' id='word_1_52' title='bbox 1370 735 1524 792; x_wconf 89' lang='lat' dir='ltr'><strong>Unde</strong></span> <span class='ocrx_word' id='word_1_53' title='bbox 1572 736 1716 791; x_wconf 91' lang='lat' dir='ltr'><strong>enim</strong></span> <span class='ocrx_word' id='word_1_54' title='bbox 1766 749 1896 789; x_wconf 93' lang='lat' dir='ltr'><strong>caro</strong></span> 
     </span>
    </p>
   </div>
   <div class='ocr_carea' id='block_1_8' title="bbox 321 830 1897 906">
    <p class='ocr_par' dir='ltr' id='par_1_8' title="bbox 321 830 1897 906">
     <span class='ocr_line' id='line_1_8' title="bbox 321 830 1897 906; baseline -0.006 -16"><span class='ocrx_word' id='word_1_55' title='bbox 321 847 415 891; x_wconf 91' lang='lat' dir='ltr'><strong>aut</strong></span> <span class='ocrx_word' id='word_1_56' title='bbox 450 846 630 892; x_wconf 84' lang='lat' dir='ltr'><strong>tantus</strong></span> <span class='ocrx_word' id='word_1_57' title='bbox 682 835 983 906; x_wconf 76' lang='lat' dir='ltr'><strong>prudentia:</strong></span> <span class='ocrx_word' id='word_1_58' title='bbox 1030 848 1222 889; x_wconf 79' lang='lat' dir='ltr'><strong>sensus</strong></span> <span class='ocrx_word' id='word_1_59' title='bbox 1269 830 1441 900; x_wconf 90' lang='lat' dir='ltr'><strong>possit</strong></span> <span class='ocrx_word' id='word_1_60' title='bbox 1487 830 1760 892; x_wconf 91' lang='lat' dir='ltr'><strong>emittere,</strong></span> <span class='ocrx_word' id='word_1_61' title='bbox 1801 836 1897 881; x_wconf 89' lang='lat' dir='ltr'><strong>aut</strong></span> 
     </span>
    </p>
   </div>
   <div class='ocr_carea' id='block_1_9' title="bbox 323 919 1898 995">
    <p class='ocr_par' dir='ltr' id='par_1_9' title="bbox 323 919 1898 995">
     <span class='ocr_line' id='line_1_9' title="bbox 323 919 1898 995; baseline -0.005 -13"><span class='ocrx_word' id='word_1_62' title='bbox 323 940 477 983; x_wconf 88' lang='lat' dir='ltr'><strong>tanta</strong></span> <span class='ocrx_word' id='word_1_63' title='bbox 529 929 805 983; x_wconf 73' lang='lat' dir='ltr'><strong>memoria:</strong></span> <span class='ocrx_word' id='word_1_64' title='bbox 878 924 1218 995; x_wconf 82' lang='lat' dir='ltr'><strong>receptacula</strong></span> <span class='ocrx_word' id='word_1_65' title='bbox 1278 923 1562 978; x_wconf 88' lang='lat' dir='ltr'><strong>continere</strong></span> <span class='ocrx_word' id='word_1_66' title='bbox 1615 922 1693 991; x_wconf 73' lang='grc' dir='ltr'><strong>(ὅ)</strong></span> <span class='ocrx_word' id='word_1_67' title='bbox 1734 919 1898 975; x_wconf 85' lang='lat' dir='ltr'><strong>?Sed</strong></span> 
     </span>
    </p>
   </div>
   <div class='ocr_carea' id='block_1_10' title="bbox 322 1016 1895 1076">
    <p class='ocr_par' dir='ltr' id='par_1_10' title="bbox 322 1016 1895 1076">
     <span class='ocr_line' id='line_1_10' title="bbox 322 1016 1895 1076; baseline -0.006 -1"><span class='ocrx_word' id='word_1_68' title='bbox 322 1020 601 1076; x_wconf 77' lang='lat' dir='ltr'><strong>sciendum</strong></span> <span class='ocrx_word' id='word_1_69' title='bbox 632 1030 717 1075; x_wconf 91' lang='lat' dir='ltr'><strong>est</strong></span> <span class='ocrx_word' id='word_1_70' title='bbox 760 1018 1074 1073; x_wconf 88' lang='lat' dir='ltr'><strong>rationalem</strong></span> <span class='ocrx_word' id='word_1_71' title='bbox 1110 1017 1305 1070; x_wconf 68' lang='lat' dir='ltr'><strong>annuae</strong></span> <span class='ocrx_word' id='word_1_72' title='bbox 1351 1016 1609 1068; x_wconf 87' lang='lat' dir='ltr'><strong>virtutem</strong></span> <span class='ocrx_word' id='word_1_73' title='bbox 1660 1027 1756 1067; x_wconf 91' lang='lat' dir='ltr'><strong>cor</strong></span> <span class='ocrx_word' id='word_1_74' title='bbox 1805 1026 1895 1066; x_wconf 92' lang='lat' dir='ltr'><strong>so-</strong></span> 
     </span>
    </p>
   </div>
   <div class='ocr_carea' id='block_1_11' title="bbox 323 1106 1900 1183">
    <p class='ocr_par' dir='ltr' id='par_1_11' title="bbox 323 1106 1900 1183">
     <span class='ocr_line' id='line_1_11' title="bbox 323 1106 1900 1183; baseline -0.005 -16"><span class='ocrx_word' id='word_1_75' title='bbox 323 1113 435 1168; x_wconf 90' lang='lat' dir='ltr'><strong>lere</strong></span> <span class='ocrx_word' id='word_1_76' title='bbox 461 1113 755 1167; x_wconf 91' lang='lat' dir='ltr'><strong>nominari.</strong></span> <span class='ocrx_word' id='word_1_77' title='bbox 789 1116 970 1183; x_wconf 88' lang='lat' dir='ltr'><strong>Atque</strong></span> <span class='ocrx_word' id='word_1_78' title='bbox 1004 1110 1080 1182; x_wconf 61' lang='lat'><strong>(4)</strong></span> <span class='ocrx_word' id='word_1_79' title='bbox 1110 1109 1418 1165; x_wconf 90' lang='lat' dir='ltr'><strong>testimonio</strong></span> <span class='ocrx_word' id='word_1_80' title='bbox 1440 1122 1586 1163; x_wconf 73' lang='lat' dir='ltr'><strong>sana:</strong></span> <span class='ocrx_word' id='word_1_81' title='bbox 1618 1106 1900 1162; x_wconf 83' lang='lat' dir='ltr'><strong>conscien-</strong></span> 
     </span>
    </p>
   </div>
   <div class='ocr_carea' id='block_1_12' title="bbox 322 1195 1899 1272">
    <p class='ocr_par' dir='ltr' id='par_1_12' title="bbox 322 1195 1899 1272">
     <span class='ocr_line' id='line_1_12' title="bbox 322 1195 1899 1272; baseline -0.006 -15"><span class='ocrx_word' id='word_1_82' title='bbox 322 1204 412 1258; x_wconf 69' lang='lat' dir='ltr'><strong>tia:</strong></span> <span class='ocrx_word' id='word_1_83' title='bbox 460 1204 535 1257; x_wconf 90' lang='lat' dir='ltr'><strong>uti</strong></span> <span class='ocrx_word' id='word_1_84' title='bbox 584 1202 874 1272; x_wconf 81' lang='lat' dir='ltr'><strong>Apostolus</strong></span> <span class='ocrx_word' id='word_1_85' title='bbox 925 1202 1063 1257; x_wconf 89' lang='lat' dir='ltr'><strong>dicit</strong></span> <span class='ocrx_word' id='word_1_86' title='bbox 1098 1216 1214 1267; x_wconf 88' lang='lat' dir='ltr'><strong>eos,</strong></span> <span class='ocrx_word' id='word_1_87' title='bbox 1242 1198 1333 1268; x_wconf 92' lang='lat' dir='ltr'><strong>qui</strong></span> <span class='ocrx_word' id='word_1_88' title='bbox 1368 1197 1697 1266; x_wconf 85' lang='lat' dir='ltr'><strong>descriptam</strong></span> <span class='ocrx_word' id='word_1_89' title='bbox 1725 1195 1899 1250; x_wconf 89' lang='lat' dir='ltr'><strong>conti-</strong></span> 
     </span>
    </p>
   </div>
   <div class='ocr_carea' id='block_1_13' title="bbox 321 1287 1901 1363">
    <p class='ocr_par' dir='ltr' id='par_1_13' title="bbox 321 1287 1901 1363">
     <span class='ocr_line' id='line_1_13' title="bbox 321 1287 1901 1363; baseline -0.007 -13"><span class='ocrx_word' id='word_1_90' title='bbox 321 1303 453 1350; x_wconf 87' lang='lat' dir='ltr'><strong>nent</strong></span> <span class='ocrx_word' id='word_1_91' title='bbox 482 1295 535 1350; x_wconf 93' lang='lat' dir='ltr'><strong>in</strong></span> <span class='ocrx_word' id='word_1_92' title='bbox 560 1294 818 1350; x_wconf 88' lang='lat' dir='ltr'><strong>cordibus</strong></span> <span class='ocrx_word' id='word_1_93' title='bbox 856 1294 1056 1363; x_wconf 83' lang='lat' dir='ltr'><strong>legem.</strong></span> <span class='ocrx_word' id='word_1_94' title='bbox 1097 1291 1256 1347; x_wconf 88' lang='lat' dir='ltr'><strong>Unde</strong></span> <span class='ocrx_word' id='word_1_95' title='bbox 1294 1289 1661 1345; x_wconf 85' lang='lat' dir='ltr'><strong>necessarium</strong></span> <span class='ocrx_word' id='word_1_96' title='bbox 1689 1287 1901 1341; x_wconf 89' lang='lat' dir='ltr'><strong>videtur</strong></span> 
     </span>
    </p>
   </div>
   <div class='ocr_carea' id='block_1_14' title="bbox 323 1382 1901 1457">
    <p class='ocr_par' dir='ltr' id='par_1_14' title="bbox 323 1382 1901 1457">
     <span class='ocr_line' id='line_1_14' title="bbox 323 1382 1901 1457; baseline -0.004 -17"><span class='ocrx_word' id='word_1_97' title='bbox 323 1382 614 1454; x_wconf 85' lang='lat' dir='ltr'><strong>discutere,</strong></span> <span class='ocrx_word' id='word_1_98' title='bbox 649 1387 778 1457; x_wconf 88' lang='lat' dir='ltr'><strong>quid</strong></span> <span class='ocrx_word' id='word_1_99' title='bbox 804 1386 946 1443; x_wconf 89' lang='lat' dir='ltr'><strong>istud</strong></span> <span class='ocrx_word' id='word_1_100' title='bbox 972 1386 1046 1441; x_wconf 86' lang='lat' dir='ltr'><strong>sit</strong></span> <span class='ocrx_word' id='word_1_101' title='bbox 1074 1382 1218 1454; x_wconf 91' lang='lat' dir='ltr'><strong>quod</strong></span> <span class='ocrx_word' id='word_1_102' title='bbox 1245 1382 1630 1438; x_wconf 85' lang='lat' dir='ltr'><strong>conscientiam</strong></span> <span class='ocrx_word' id='word_1_103' title='bbox 1669 1382 1901 1450; x_wconf 84' lang='lat' dir='ltr'><strong>Aposto-</strong></span> 
     </span>
    </p>
   </div>
   <div class='ocr_carea' id='block_1_15' title="bbox 323 1473 1900 1547">
    <p class='ocr_par' dir='ltr' id='par_1_15' title="bbox 323 1473 1900 1547">
     <span class='ocr_line' id='line_1_15' title="bbox 323 1473 1900 1547; baseline -0.005 -15"><span class='ocrx_word' id='word_1_104' title='bbox 323 1479 410 1534; x_wconf 86' lang='lat' dir='ltr'><strong>lus</strong></span> <span class='ocrx_word' id='word_1_105' title='bbox 431 1489 589 1534; x_wconf 88' lang='lat' dir='ltr'><strong>vocat</strong></span> <span class='ocrx_word' id='word_1_106' title='bbox 615 1498 629 1534; x_wconf 90' lang='lat'><strong>:</strong></span> <span class='ocrx_word' id='word_1_107' title='bbox 661 1490 910 1535; x_wconf 86' lang='lat' dir='ltr'><strong>utrumne</strong></span> <span class='ocrx_word' id='word_1_108' title='bbox 933 1477 1037 1532; x_wconf 91' lang='lat' dir='ltr'><strong>alia</strong></span> <span class='ocrx_word' id='word_1_109' title='bbox 1074 1477 1146 1533; x_wconf 89' lang='lat' dir='ltr'><strong>sit</strong></span> <span class='ocrx_word' id='word_1_110' title='bbox 1171 1476 1350 1547; x_wconf 89' lang='lat' dir='ltr'><strong>aliqua</strong></span> <span class='ocrx_word' id='word_1_111' title='bbox 1383 1473 1706 1537; x_wconf 84' lang='lat' dir='ltr'><strong>substantia,</strong></span> <span class='ocrx_word' id='word_1_112' title='bbox 1736 1486 1900 1541; x_wconf 91' lang='lat' dir='ltr'><strong>quam</strong></span> 
     </span>
    </p>
   </div>
   <div class='ocr_carea' id='block_1_16' title="bbox 324 1564 1897 1639">
    <p class='ocr_par' dir='ltr' id='par_1_16' title="bbox 324 1564 1897 1639">
     <span class='ocr_line' id='line_1_16' title="bbox 324 1564 1897 1639; baseline -0.006 -11"><span class='ocrx_word' id='word_1_113' title='bbox 324 1584 442 1639; x_wconf 88' lang='lat' dir='ltr'><strong>eor,</strong></span> <span class='ocrx_word' id='word_1_114' title='bbox 481 1572 566 1627; x_wconf 91' lang='lat' dir='ltr'><strong>vel</strong></span> <span class='ocrx_word' id='word_1_115' title='bbox 594 1574 797 1628; x_wconf 88' lang='lat' dir='ltr'><strong>anima.</strong></span> <span class='ocrx_word' id='word_1_116' title='bbox 837 1571 964 1627; x_wconf 81' lang='lat' dir='ltr'><strong>Haec</strong></span> <span class='ocrx_word' id='word_1_117' title='bbox 1016 1571 1162 1626; x_wconf 90' lang='lat' dir='ltr'><strong>enim</strong></span> <span class='ocrx_word' id='word_1_118' title='bbox 1207 1569 1542 1624; x_wconf 85' lang='lat' dir='ltr'><strong>conscientia</strong></span> <span class='ocrx_word' id='word_1_119' title='bbox 1580 1564 1659 1637; x_wconf 83' lang='lat'><strong>(5)</strong></span> <span class='ocrx_word' id='word_1_120' title='bbox 1691 1575 1747 1620; x_wconf 91' lang='lat' dir='ltr'><strong>et</strong></span> <span class='ocrx_word' id='word_1_121' title='bbox 1773 1564 1897 1618; x_wconf 86' lang='lat' dir='ltr'><strong>alibi</strong></span> 
     </span>
    </p>
   </div>
   <div class='ocr_carea' id='block_1_17' title="bbox 324 1656 1901 1736">
    <p class='ocr_par' dir='ltr' id='par_1_17' title="bbox 324 1656 1901 1736">
     <span class='ocr_line' id='line_1_17' title="bbox 324 1656 1901 1736; baseline -0.006 -18"><span class='ocrx_word' id='word_1_122' title='bbox 324 1664 548 1732; x_wconf 84' lang='lat' dir='ltr'><strong>dicitur,</strong></span> <span class='ocrx_word' id='word_1_123' title='bbox 565 1666 693 1736; x_wconf 87' lang='lat' dir='ltr'><strong>quia</strong></span> <span class='ocrx_word' id='word_1_124' title='bbox 718 1665 1099 1735; x_wconf 86' lang='lat' dir='ltr'><strong>reprehendat,</strong></span> <span class='ocrx_word' id='word_1_125' title='bbox 1125 1677 1231 1716; x_wconf 93' lang='lat' dir='ltr'><strong>non</strong></span> <span class='ocrx_word' id='word_1_126' title='bbox 1254 1660 1701 1730; x_wconf 84' lang='lat' dir='ltr'><strong>reprehendatur,</strong></span> <span class='ocrx_word' id='word_1_127' title='bbox 1734 1666 1787 1711; x_wconf 90' lang='lat' dir='ltr'><strong>et</strong></span> <span class='ocrx_word' id='word_1_128' title='bbox 1811 1656 1901 1726; x_wconf 80' lang='lat' dir='ltr'><strong>ju-</strong></span> 
     </span>
    </p>
   </div>
   <div class='ocr_carea' id='block_1_18' title="bbox 322 1746 1901 1824">
    <p class='ocr_par' dir='ltr' id='par_1_18' title="bbox 322 1746 1901 1824">
     <span class='ocr_line' id='line_1_18' title="bbox 322 1746 1901 1824; baseline -0.006 -14"><span class='ocrx_word' id='word_1_129' title='bbox 322 1756 469 1813; x_wconf 88' lang='lat' dir='ltr'><strong>dicet</strong></span> <span class='ocrx_word' id='word_1_130' title='bbox 505 1757 807 1822; x_wconf 90' lang='lat' dir='ltr'><strong>hominem,</strong></span> <span class='ocrx_word' id='word_1_131' title='bbox 832 1771 937 1810; x_wconf 93' lang='lat' dir='ltr'><strong>non</strong></span> <span class='ocrx_word' id='word_1_132' title='bbox 982 1754 1099 1824; x_wconf 87' lang='lat' dir='ltr'><strong>ipsa</strong></span> <span class='ocrx_word' id='word_1_133' title='bbox 1128 1753 1425 1824; x_wconf 82' lang='lat' dir='ltr'><strong>judicetur,</strong></span> <span class='ocrx_word' id='word_1_134' title='bbox 1465 1750 1605 1807; x_wconf 90' lang='lat' dir='ltr'><strong>sicut</strong></span> <span class='ocrx_word' id='word_1_135' title='bbox 1636 1748 1714 1802; x_wconf 91' lang='lat' dir='ltr'><strong>ait</strong></span> <span class='ocrx_word' id='word_1_136' title='bbox 1739 1746 1901 1801; x_wconf 71' lang='lat' dir='ltr'><strong>Juam</strong></span> 
     </span>
    </p>
   </div>
   <div class='ocr_carea' id='block_1_19' title="bbox 324 1838 1902 1914">
    <p class='ocr_par' dir='ltr' id='par_1_19' title="bbox 324 1838 1902 1914">
     <span class='ocr_line' id='line_1_19' title="bbox 324 1838 1902 1914; baseline -0.008 -10"><span class='ocrx_word' id='word_1_137' title='bbox 324 1864 465 1905; x_wconf 87' lang='lat' dir='ltr'><strong>nes:</strong></span> <span class='ocrx_word' id='word_1_138' title='bbox 508 1868 527 1902; x_wconf 76' lang='grc' dir='ltr'><strong>ι</strong></span> <span class='ocrx_word' id='word_1_139' title='bbox 583 1848 641 1904; x_wconf 90' lang='lat' dir='ltr'><strong>Si</strong></span> <span class='ocrx_word' id='word_1_140' title='bbox 679 1848 1039 1912; x_wconf 87' lang='lat' dir='ltr'><strong>conscientia,</strong></span> <span class='ocrx_word' id='word_1_141' title='bbox 1071 1864 1089 1898; x_wconf 75' lang='grc' dir='ltr'><strong>ι</strong></span> <span class='ocrx_word' id='word_1_142' title='bbox 1129 1846 1342 1914; x_wconf 84' lang='lat' dir='ltr'><strong>inquit,</strong></span> <span class='ocrx_word' id='word_1_143' title='bbox 1393 1858 1412 1895; x_wconf 74' lang='grc' dir='ltr'><strong>ι</strong></span> <span class='ocrx_word' id='word_1_144' title='bbox 1453 1850 1638 1897; x_wconf 88' lang='lat' dir='ltr'><strong>nostra</strong></span> <span class='ocrx_word' id='word_1_145' title='bbox 1679 1838 1758 1909; x_wconf 82' lang='grc'><strong>(6)</strong></span> <span class='ocrx_word' id='word_1_146' title='bbox 1795 1853 1902 1892; x_wconf 88' lang='lat' dir='ltr'><strong>non</strong></span> 
     </span>
    </p>
   </div>
   <div class='ocr_carea' id='block_1_20' title="bbox 322 1931 1897 2010">
    <p class='ocr_par' dir='ltr' id='par_1_20' title="bbox 322 1931 1897 2010">
     <span class='ocr_line' id='line_1_20' title="bbox 322 1931 1897 2010; baseline -0.007 -17"><span class='ocrx_word' id='word_1_147' title='bbox 322 1940 689 2010; x_wconf 84' lang='lat' dir='ltr'><strong>reprehendat</strong></span> <span class='ocrx_word' id='word_1_148' title='bbox 718 1955 838 2007; x_wconf 90' lang='lat' dir='ltr'><strong>nos,</strong></span> <span class='ocrx_word' id='word_1_149' title='bbox 897 1938 1149 1993; x_wconf 88' lang='lat' dir='ltr'><strong>ﬁduciam</strong></span> <span class='ocrx_word' id='word_1_150' title='bbox 1184 1937 1444 1992; x_wconf 89' lang='lat' dir='ltr'><strong>habemus</strong></span> <span class='ocrx_word' id='word_1_151' title='bbox 1487 1934 1552 1987; x_wconf 88' lang='lat' dir='ltr'><strong>ad</strong></span> <span class='ocrx_word' id='word_1_152' title='bbox 1590 1932 1756 1986; x_wconf 88' lang='lat' dir='ltr'><strong>Deum</strong></span> <span class='ocrx_word' id='word_1_153' title='bbox 1780 1931 1843 1985; x_wconf 82' lang='grc'><strong>¹⁸.</strong></span> <span class='ocrx_word' id='word_1_154' title='bbox 1878 1949 1897 1982; x_wconf 75' lang='grc' dir='ltr'><strong>ι</strong></span> 
     </span>
    </p>
   </div>
   <div class='ocr_carea' id='block_1_21' title="bbox 322 2018 1904 2102">
    <p class='ocr_par' dir='ltr' id='par_1_21' title="bbox 322 2018 1904 2102">
     <span class='ocr_line' id='line_1_21' title="bbox 322 2018 1904 2102; baseline -0.005 -17"><span class='ocrx_word' id='word_1_155' title='bbox 322 2031 392 2087; x_wconf 85' lang='lat' dir='ltr'><strong>Et</strong></span> <span class='ocrx_word' id='word_1_156' title='bbox 423 2032 622 2088; x_wconf 85' lang='lat' dir='ltr'><strong>iterum</strong></span> <span class='ocrx_word' id='word_1_157' title='bbox 663 2033 780 2102; x_wconf 88' lang='lat' dir='ltr'><strong>ipse</strong></span> <span class='ocrx_word' id='word_1_158' title='bbox 811 2030 1011 2087; x_wconf 87' lang='lat' dir='ltr'><strong>Paulus</strong></span> <span class='ocrx_word' id='word_1_159' title='bbox 1042 2029 1165 2084; x_wconf 88' lang='lat' dir='ltr'><strong>alibi</strong></span> <span class='ocrx_word' id='word_1_160' title='bbox 1214 2028 1347 2083; x_wconf 90' lang='lat' dir='ltr'><strong>dicit</strong></span> <span class='ocrx_word' id='word_1_161' title='bbox 1375 2027 1438 2092; x_wconf 81' lang='lat'><strong>&quot;,</strong></span> <span class='ocrx_word' id='word_1_162' title='bbox 1475 2026 1602 2094; x_wconf 88' lang='lat' dir='ltr'><strong>quia</strong></span> <span class='ocrx_word' id='word_1_163' title='bbox 1636 2018 1658 2076; x_wconf 58' lang='grc' dir='ltr'><strong>ι</strong></span> <span class='ocrx_word' id='word_1_164' title='bbox 1697 2024 1904 2094; x_wconf 86' lang='lat' dir='ltr'><strong>gloria-</strong></span> 
     </span>
    </p>
   </div>
   <div class='ocr_carea' id='block_1_22' title="bbox 325 2117 1904 2189">
    <p class='ocr_par' dir='ltr' id='par_1_22' title="bbox 325 2117 1904 2189">
     <span class='ocr_line' id='line_1_22' title="bbox 325 2117 1904 2189; baseline -0.004 -14"><span class='ocrx_word' id='word_1_165' title='bbox 325 2126 403 2179; x_wconf 92' lang='lat' dir='ltr'><strong>tio</strong></span> <span class='ocrx_word' id='word_1_166' title='bbox 429 2136 616 2181; x_wconf 89' lang='lat' dir='ltr'><strong>nostra</strong></span> <span class='ocrx_word' id='word_1_167' title='bbox 669 2125 785 2180; x_wconf 67' lang='lat' dir='ltr'><strong>haec</strong></span> <span class='ocrx_word' id='word_1_168' title='bbox 832 2131 937 2189; x_wconf 84' lang='lat' dir='ltr'><strong>est,</strong></span> <span class='ocrx_word' id='word_1_169' title='bbox 984 2120 1354 2176; x_wconf 88' lang='lat' dir='ltr'><strong>testimonium</strong></span> <span class='ocrx_word' id='word_1_170' title='bbox 1389 2117 1743 2173; x_wconf 67' lang='lat' dir='ltr'><strong>conscientiae</strong></span> <span class='ocrx_word' id='word_1_171' title='bbox 1802 2131 1904 2169; x_wconf 93' lang='lat' dir='ltr'><strong>no-</strong></span> 
     </span>
    </p>
   </div>
   <div class='ocr_carea' id='block_1_23' title="bbox 324 2208 1903 2281">
    <p class='ocr_par' dir='ltr' id='par_1_23' title="bbox 324 2208 1903 2281">
     <span class='ocr_line' id='line_1_23' title="bbox 324 2208 1903 2281; baseline -0.006 -13"><span class='ocrx_word' id='word_1_172' title='bbox 324 2223 473 2269; x_wconf 68' lang='lat' dir='ltr'><strong>strae.</strong></span> <span class='ocrx_word' id='word_1_173' title='bbox 514 2233 535 2267; x_wconf 75' lang='grc' dir='ltr'><strong>ι</strong></span> <span class='ocrx_word' id='word_1_174' title='bbox 589 2213 726 2280; x_wconf 83' lang='lat' dir='ltr'><strong>Quia</strong></span> <span class='ocrx_word' id='word_1_175' title='bbox 780 2228 913 2281; x_wconf 84' lang='lat' dir='ltr'><strong>ergo</strong></span> <span class='ocrx_word' id='word_1_176' title='bbox 956 2221 1159 2266; x_wconf 88' lang='lat' dir='ltr'><strong>tantam</strong></span> <span class='ocrx_word' id='word_1_177' title='bbox 1207 2209 1325 2277; x_wconf 91' lang='lat' dir='ltr'><strong>ejus</strong></span> <span class='ocrx_word' id='word_1_178' title='bbox 1373 2208 1532 2263; x_wconf 91' lang='lat' dir='ltr'><strong>video</strong></span> <span class='ocrx_word' id='word_1_179' title='bbox 1570 2208 1903 2271; x_wconf 90' lang='lat' dir='ltr'><strong>libertatem,</strong></span> 
     </span>
    </p>
   </div>
   <div class='ocr_carea' id='block_1_24' title="bbox 325 2302 1908 2374">
    <p class='ocr_par' dir='ltr' id='par_1_24' title="bbox 325 2302 1908 2374">
     <span class='ocr_line' id='line_1_24' title="bbox 325 2302 1908 2374; baseline -0.004 -16"><span class='ocrx_word' id='word_1_180' title='bbox 325 2320 445 2373; x_wconf 67' lang='lat' dir='ltr'><strong>qua:</strong></span> <span class='ocrx_word' id='word_1_181' title='bbox 474 2305 527 2359; x_wconf 91' lang='lat' dir='ltr'><strong>in</strong></span> <span class='ocrx_word' id='word_1_182' title='bbox 556 2305 714 2361; x_wconf 91' lang='lat' dir='ltr'><strong>bonis</strong></span> <span class='ocrx_word' id='word_1_183' title='bbox 755 2305 971 2374; x_wconf 87' lang='lat' dir='ltr'><strong>quidem</strong></span> <span class='ocrx_word' id='word_1_184' title='bbox 1003 2303 1173 2373; x_wconf 80' lang='lat' dir='ltr'><strong>gestis</strong></span> <span class='ocrx_word' id='word_1_185' title='bbox 1201 2302 1431 2370; x_wconf 83' lang='lat' dir='ltr'><strong>gaudeat</strong></span> <span class='ocrx_word' id='word_1_186' title='bbox 1459 2313 1692 2370; x_wconf 87' lang='lat' dir='ltr'><strong>semper,</strong></span> <span class='ocrx_word' id='word_1_187' title='bbox 1731 2308 1788 2354; x_wconf 91' lang='lat' dir='ltr'><strong>et</strong></span> <span class='ocrx_word' id='word_1_188' title='bbox 1810 2313 1908 2352; x_wconf 82' lang='lat' dir='ltr'><strong>cx-</strong></span> 
     </span>
    </p>
   </div>
   <div class='ocr_carea' id='block_1_25' title="bbox 325 2390 1910 2475">
    <p class='ocr_par' dir='ltr' id='par_1_25' title="bbox 325 2390 1910 2475">
     <span class='ocr_line' id='line_1_25' title="bbox 325 2390 1910 2475; baseline -0.004 -25"><span class='ocrx_word' id='word_1_189' title='bbox 325 2395 509 2475; x_wconf 87' lang='lat' dir='ltr'><strong>sultet,</strong></span> <span class='ocrx_word' id='word_1_190' title='bbox 544 2396 600 2451; x_wconf 90' lang='lat' dir='ltr'><strong>in</strong></span> <span class='ocrx_word' id='word_1_191' title='bbox 638 2395 796 2451; x_wconf 91' lang='lat' dir='ltr'><strong>malis</strong></span> <span class='ocrx_word' id='word_1_192' title='bbox 826 2410 956 2450; x_wconf 90' lang='lat' dir='ltr'><strong>vero</strong></span> <span class='ocrx_word' id='word_1_193' title='bbox 982 2408 1089 2449; x_wconf 92' lang='lat' dir='ltr'><strong>non</strong></span> <span class='ocrx_word' id='word_1_194' title='bbox 1130 2404 1412 2464; x_wconf 77' lang='lat' dir='ltr'><strong>arguatur,</strong></span> <span class='ocrx_word' id='word_1_195' title='bbox 1460 2392 1554 2448; x_wconf 91' lang='lat' dir='ltr'><strong>sed</strong></span> <span class='ocrx_word' id='word_1_196' title='bbox 1592 2392 1762 2462; x_wconf 90' lang='lat' dir='ltr'><strong>ipsam</strong></span> <span class='ocrx_word' id='word_1_197' title='bbox 1798 2390 1910 2445; x_wconf 89' lang='lat' dir='ltr'><strong>ani-</strong></span> 
     </span>
    </p>
   </div>
   <div class='ocr_carea' id='block_1_26' title="bbox 330 2481 1908 2556">
    <p class='ocr_par' dir='ltr' id='par_1_26' title="bbox 330 2481 1908 2556">
     <span class='ocr_line' id='line_1_26' title="bbox 330 2481 1908 2556; baseline -0.003 -15"><span class='ocrx_word' id='word_1_198' title='bbox 330 2501 476 2541; x_wconf 92' lang='lat' dir='ltr'><strong>mam</strong></span> <span class='ocrx_word' id='word_1_199' title='bbox 519 2486 608 2542; x_wconf 90' lang='lat' dir='ltr'><strong>cui</strong></span> <span class='ocrx_word' id='word_1_200' title='bbox 638 2486 897 2553; x_wconf 66' lang='lat' dir='ltr'><strong>cohaeret,</strong></span> <span class='ocrx_word' id='word_1_201' title='bbox 933 2485 1315 2556; x_wconf 88' lang='lat' dir='ltr'><strong>reprehendat,</strong></span> <span class='ocrx_word' id='word_1_202' title='bbox 1344 2496 1399 2539; x_wconf 90' lang='lat' dir='ltr'><strong>et</strong></span> <span class='ocrx_word' id='word_1_203' title='bbox 1428 2493 1641 2554; x_wconf 83' lang='lat' dir='ltr'><strong>arguat,</strong></span> <span class='ocrx_word' id='word_1_204' title='bbox 1671 2481 1908 2537; x_wconf 86' lang='lat' dir='ltr'><strong>arbitror</strong></span> 
     </span>
    </p>
   </div>
   <div class='ocr_carea' id='block_1_27' title="bbox 326 2576 1906 2650">
    <p class='ocr_par' dir='ltr' id='par_1_27' title="bbox 326 2576 1906 2650">
     <span class='ocr_line' id='line_1_27' title="bbox 326 2576 1906 2650; baseline -0.003 -16"><span class='ocrx_word' id='word_1_205' title='bbox 326 2580 471 2648; x_wconf 91' lang='lat' dir='ltr'><strong>quod</strong></span> <span class='ocrx_word' id='word_1_206' title='bbox 504 2580 622 2650; x_wconf 91' lang='lat' dir='ltr'><strong>ipse</strong></span> <span class='ocrx_word' id='word_1_207' title='bbox 668 2580 741 2634; x_wconf 86' lang='lat' dir='ltr'><strong>sit</strong></span> <span class='ocrx_word' id='word_1_208' title='bbox 799 2579 1047 2648; x_wconf 83' lang='lat' dir='ltr'><strong>spiritus,</strong></span> <span class='ocrx_word' id='word_1_209' title='bbox 1081 2578 1175 2648; x_wconf 92' lang='lat' dir='ltr'><strong>qui</strong></span> <span class='ocrx_word' id='word_1_210' title='bbox 1226 2578 1294 2633; x_wconf 91' lang='lat' dir='ltr'><strong>ab</strong></span> <span class='ocrx_word' id='word_1_211' title='bbox 1342 2576 1602 2647; x_wconf 83' lang='lat' dir='ltr'><strong>Apostolo</strong></span> <span class='ocrx_word' id='word_1_212' title='bbox 1624 2590 1743 2633; x_wconf 90' lang='lat' dir='ltr'><strong>esse</strong></span> <span class='ocrx_word' id='word_1_213' title='bbox 1782 2589 1906 2631; x_wconf 91' lang='lat' dir='ltr'><strong>cum</strong></span> 
     </span>
    </p>
   </div>
   <div class='ocr_carea' id='block_1_28' title="bbox 328 2669 1910 2741">
    <p class='ocr_par' dir='ltr' id='par_1_28' title="bbox 328 2669 1910 2741">
     <span class='ocr_line' id='line_1_28' title="bbox 328 2669 1910 2741; baseline -0.002 -15"><span class='ocrx_word' id='word_1_214' title='bbox 328 2672 507 2727; x_wconf 86' lang='lat' dir='ltr'><strong>anima</strong></span> <span class='ocrx_word' id='word_1_215' title='bbox 537 2672 760 2737; x_wconf 89' lang='lat' dir='ltr'><strong>dicitur,</strong></span> <span class='ocrx_word' id='word_1_216' title='bbox 787 2671 1088 2727; x_wconf 89' lang='lat' dir='ltr'><strong>secundum</strong></span> <span class='ocrx_word' id='word_1_217' title='bbox 1113 2671 1260 2741; x_wconf 91' lang='lat' dir='ltr'><strong>quod</strong></span> <span class='ocrx_word' id='word_1_218' title='bbox 1287 2670 1340 2725; x_wconf 94' lang='lat' dir='ltr'><strong>in</strong></span> <span class='ocrx_word' id='word_1_219' title='bbox 1372 2669 1746 2741; x_wconf 90' lang='lat' dir='ltr'><strong>superioribus</strong></span> <span class='ocrx_word' id='word_1_220' title='bbox 1778 2669 1910 2723; x_wconf 91' lang='lat' dir='ltr'><strong>edo-</strong></span> 
     </span>
    </p>
   </div>
   <div class='ocr_carea' id='block_1_29' title="bbox 330 2762 1911 2835">
    <p class='ocr_par' dir='ltr' id='par_1_29' title="bbox 330 2762 1911 2835">
     <span class='ocr_line' id='line_1_29' title="bbox 330 2762 1911 2835; baseline -0.003 -16"><span class='ocrx_word' id='word_1_221' title='bbox 330 2765 562 2834; x_wconf 82' lang='lat' dir='ltr'><strong>cuimus,</strong></span> <span class='ocrx_word' id='word_1_222' title='bbox 596 2763 744 2820; x_wconf 89' lang='lat' dir='ltr'><strong>velut</strong></span> <span class='ocrx_word' id='word_1_223' title='bbox 802 2764 1126 2835; x_wconf 84' lang='lat' dir='ltr'><strong>paedagogus</strong></span> <span class='ocrx_word' id='word_1_224' title='bbox 1177 2765 1227 2820; x_wconf 91' lang='lat' dir='ltr'><strong>ei</strong></span> <span class='ocrx_word' id='word_1_225' title='bbox 1276 2765 1499 2834; x_wconf 88' lang='lat' dir='ltr'><strong>quidam</strong></span> <span class='ocrx_word' id='word_1_226' title='bbox 1538 2762 1798 2825; x_wconf 87' lang='lat' dir='ltr'><strong>sociatus,</strong></span> <span class='ocrx_word' id='word_1_227' title='bbox 1854 2770 1911 2816; x_wconf 92' lang='lat' dir='ltr'><strong>et</strong></span> 
     </span>
    </p>
   </div>
   <div class='ocr_carea' id='block_1_30' title="bbox 333 2855 1911 2925">
    <p class='ocr_par' dir='ltr' id='par_1_30' title="bbox 333 2855 1911 2925">
     <span class='ocr_line' id='line_1_30' title="bbox 333 2855 1911 2925; baseline 0 -14"><span class='ocrx_word' id='word_1_228' title='bbox 333 2868 533 2923; x_wconf 78' lang='lat' dir='ltr'><strong>rector,</strong></span> <span class='ocrx_word' id='word_1_229' title='bbox 566 2868 627 2913; x_wconf 91' lang='lat' dir='ltr'><strong>ut</strong></span> <span class='ocrx_word' id='word_1_230' title='bbox 654 2872 773 2913; x_wconf 89' lang='lat' dir='ltr'><strong>eam</strong></span> <span class='ocrx_word' id='word_1_231' title='bbox 811 2861 877 2913; x_wconf 90' lang='lat' dir='ltr'><strong>de</strong></span> <span class='ocrx_word' id='word_1_232' title='bbox 908 2857 1232 2913; x_wconf 87' lang='lat' dir='ltr'><strong>melioribus</strong></span> <span class='ocrx_word' id='word_1_233' title='bbox 1261 2865 1498 2923; x_wconf 91' lang='lat' dir='ltr'><strong>moneat,</strong></span> <span class='ocrx_word' id='word_1_234' title='bbox 1522 2856 1608 2911; x_wconf 88' lang='lat' dir='ltr'><strong>vel</strong></span> <span class='ocrx_word' id='word_1_235' title='bbox 1636 2856 1705 2910; x_wconf 91' lang='lat' dir='ltr'><strong>de</strong></span> <span class='ocrx_word' id='word_1_236' title='bbox 1739 2855 1911 2925; x_wconf 90' lang='lat' dir='ltr'><strong>culpis</strong></span> 
     </span>
    </p>
   </div>
   <div class='ocr_carea' id='block_1_31' title="bbox 331 2948 1910 3021">
    <p class='ocr_par' dir='ltr' id='par_1_31' title="bbox 331 2948 1910 3021">
     <span class='ocr_line' id='line_1_31' title="bbox 331 2948 1910 3021; baseline -0.001 -16"><span class='ocrx_word' id='word_1_237' title='bbox 331 2951 578 3021; x_wconf 81' lang='lat' dir='ltr'><strong>castiget,</strong></span> <span class='ocrx_word' id='word_1_238' title='bbox 605 2959 661 3005; x_wconf 91' lang='lat' dir='ltr'><strong>et</strong></span> <span class='ocrx_word' id='word_1_239' title='bbox 688 2957 877 3019; x_wconf 85' lang='lat' dir='ltr'><strong>arguat</strong></span> <span class='ocrx_word' id='word_1_240' title='bbox 902 2964 916 3014; x_wconf 92' lang='lat'><strong>;</strong></span> <span class='ocrx_word' id='word_1_241' title='bbox 945 2949 1012 3003; x_wconf 89' lang='lat' dir='ltr'><strong>de</strong></span> <span class='ocrx_word' id='word_1_242' title='bbox 1044 2963 1153 3017; x_wconf 90' lang='lat' dir='ltr'><strong>quo</strong></span> <span class='ocrx_word' id='word_1_243' title='bbox 1174 2958 1229 3003; x_wconf 91' lang='lat' dir='ltr'><strong>et</strong></span> <span class='ocrx_word' id='word_1_244' title='bbox 1271 2948 1403 3005; x_wconf 92' lang='lat' dir='ltr'><strong>dicit</strong></span> <span class='ocrx_word' id='word_1_245' title='bbox 1429 2949 1747 3018; x_wconf 84' lang='lat' dir='ltr'><strong>Apostolus,</strong></span> <span class='ocrx_word' id='word_1_246' title='bbox 1783 2951 1910 3020; x_wconf 85' lang='lat' dir='ltr'><strong>quia</strong></span> 
     </span>
    </p>
   </div>
   <div class='ocr_carea' id='block_1_32' title="bbox 334 3040 1913 3110">
    <p class='ocr_par' dir='ltr' id='par_1_32' title="bbox 334 3040 1913 3110">
     <span class='ocr_line' id='line_1_32' title="bbox 334 3040 1913 3110; baseline 0.002 -17"><span class='ocrx_word' id='word_1_247' title='bbox 334 3063 352 3093; x_wconf 70' lang='grc' dir='ltr'><em>ς</em></span> <span class='ocrx_word' id='word_1_248' title='bbox 393 3057 552 3097; x_wconf 91' lang='lat' dir='ltr'><strong>nemo</strong></span> <span class='ocrx_word' id='word_1_249' title='bbox 578 3042 683 3097; x_wconf 89' lang='lat' dir='ltr'><strong>scit</strong></span> <span class='ocrx_word' id='word_1_250' title='bbox 712 3040 991 3095; x_wconf 92' lang='lat' dir='ltr'><strong>hominum</strong></span> <span class='ocrx_word' id='word_1_251' title='bbox 1024 3055 1144 3109; x_wconf 66' lang='lat' dir='ltr'><strong>quae</strong></span> <span class='ocrx_word' id='word_1_252' title='bbox 1191 3050 1318 3094; x_wconf 91' lang='lat' dir='ltr'><strong>sunt</strong></span> <span class='ocrx_word' id='word_1_253' title='bbox 1369 3040 1626 3107; x_wconf 87' lang='lat' dir='ltr'><strong>hominis,</strong></span> <span class='ocrx_word' id='word_1_254' title='bbox 1656 3042 1760 3096; x_wconf 92' lang='lat' dir='ltr'><strong>nisi</strong></span> <span class='ocrx_word' id='word_1_255' title='bbox 1801 3042 1913 3110; x_wconf 87' lang='lat' dir='ltr'><strong>spi-</strong></span> 
     </span>
    </p>
   </div>
   <div class='ocr_carea' id='block_1_33' title="bbox 333 3133 1980 3216">
    <p class='ocr_par' dir='ltr' id='par_1_33' title="bbox 333 3133 1980 3216">
     <span class='ocr_line' id='line_1_33' title="bbox 333 3133 1980 3216; baseline 0 -27"><span class='ocrx_word' id='word_1_256' title='bbox 333 3133 471 3189; x_wconf 84' lang='lat' dir='ltr'><strong>ritus</strong></span> <span class='ocrx_word' id='word_1_257' title='bbox 504 3133 763 3198; x_wconf 89' lang='lat' dir='ltr'><strong>hominis,</strong></span> <span class='ocrx_word' id='word_1_258' title='bbox 792 3134 884 3203; x_wconf 92' lang='lat' dir='ltr'><strong>qui</strong></span> <span class='ocrx_word' id='word_1_259' title='bbox 918 3134 970 3186; x_wconf 91' lang='lat' dir='ltr'><strong>in</strong></span> <span class='ocrx_word' id='word_1_260' title='bbox 1012 3133 1128 3201; x_wconf 91' lang='lat' dir='ltr'><strong>ipso</strong></span> <span class='ocrx_word' id='word_1_261' title='bbox 1151 3140 1234 3186; x_wconf 91' lang='lat' dir='ltr'><strong>est</strong></span> <span class='ocrx_word' id='word_1_262' title='bbox 1255 3133 1298 3163; x_wconf 78' lang='grc'><strong>³⁸</strong></span> <span class='ocrx_word' id='word_1_263' title='bbox 1325 3149 1340 3198; x_wconf 87' lang='lat'><strong>;</strong></span> <span class='ocrx_word' id='word_1_264' title='bbox 1376 3151 1396 3185; x_wconf 76' lang='grc' dir='ltr'><strong>ι</strong></span> <span class='ocrx_word' id='word_1_265' title='bbox 1446 3140 1498 3187; x_wconf 91' lang='lat' dir='ltr'><strong>et</strong></span> <span class='ocrx_word' id='word_1_266' title='bbox 1530 3133 1644 3202; x_wconf 89' lang='lat' dir='ltr'><strong>ipse</strong></span> <span class='ocrx_word' id='word_1_267' title='bbox 1671 3133 1745 3187; x_wconf 91' lang='lat' dir='ltr'><strong>sit</strong></span> <span class='ocrx_word' id='word_1_268' title='bbox 1776 3148 1908 3189; x_wconf 92' lang='lat' dir='ltr'><strong>con-</strong></span> <span class='ocrx_word' id='word_1_269' title='bbox 1937 3158 1980 3216; x_wconf 70' lang='grc' dir='ltr'>ο</span> 
     </span>
    </p>
   </div>
   <div class='ocr_carea' id='block_1_34' title="bbox 333 3223 1908 3296">
    <p class='ocr_par' dir='ltr' id='par_1_34' title="bbox 333 3223 1908 3296">
     <span class='ocr_line' id='line_1_34' title="bbox 333 3223 1908 3296; baseline 0 -15"><span class='ocrx_word' id='word_1_270' title='bbox 333 3227 577 3283; x_wconf 61' lang='lat' dir='ltr'><strong>scientiae</strong></span> <span class='ocrx_word' id='word_1_271' title='bbox 599 3224 849 3296; x_wconf 86' lang='lat' dir='ltr'><strong>spiritus,</strong></span> <span class='ocrx_word' id='word_1_272' title='bbox 871 3226 937 3282; x_wconf 89' lang='lat' dir='ltr'><strong>de</strong></span> <span class='ocrx_word' id='word_1_273' title='bbox 959 3240 1066 3294; x_wconf 85' lang='lat' dir='ltr'><strong>quo</strong></span> <span class='ocrx_word' id='word_1_274' title='bbox 1108 3224 1241 3279; x_wconf 91' lang='lat' dir='ltr'><strong>dicit</strong></span> <span class='ocrx_word' id='word_1_275' title='bbox 1270 3239 1283 3275; x_wconf 91' lang='lat'><strong>:</strong></span> <span class='ocrx_word' id='word_1_276' title='bbox 1332 3240 1352 3274; x_wconf 71' lang='grc' dir='ltr'><strong>ι</strong></span> <span class='ocrx_word' id='word_1_277' title='bbox 1390 3223 1510 3294; x_wconf 91' lang='lat' dir='ltr'><strong>lpse</strong></span> <span class='ocrx_word' id='word_1_278' title='bbox 1556 3223 1791 3293; x_wconf 90' lang='lat' dir='ltr'><strong>Spiritus</strong></span> <span class='ocrx_word' id='word_1_279' title='bbox 1826 3235 1908 3281; x_wconf 86' lang='lat' dir='ltr'><strong>te-</strong></span> 
     </span>
    </p>
   </div>
   <div class='ocr_carea' id='block_1_35' title="bbox 330 3315 1910 3389">
    <p class='ocr_par' dir='ltr' id='par_1_35' title="bbox 330 3315 1910 3389">
     <span class='ocr_line' id='line_1_35' title="bbox 330 3315 1910 3389; baseline -0.002 -14"><span class='ocrx_word' id='word_1_280' title='bbox 330 3320 643 3375; x_wconf 93' lang='lat' dir='ltr'><strong>stimonium</strong></span> <span class='ocrx_word' id='word_1_281' title='bbox 673 3318 848 3375; x_wconf 86' lang='lat' dir='ltr'><strong>reddit</strong></span> <span class='ocrx_word' id='word_1_282' title='bbox 865 3318 1079 3389; x_wconf 91' lang='lat' dir='ltr'><strong>spiritui</strong></span> <span class='ocrx_word' id='word_1_283' title='bbox 1102 3327 1289 3371; x_wconf 91' lang='lat' dir='ltr'><strong>nostro</strong></span> <span class='ocrx_word' id='word_1_284' title='bbox 1313 3317 1414 3371; x_wconf 69' lang='grc' dir='ltr'><strong>η.»</strong></span> <span class='ocrx_word' id='word_1_285' title='bbox 1448 3315 1671 3371; x_wconf 85' lang='lat' dir='ltr'><strong>Etforte</strong></span> <span class='ocrx_word' id='word_1_286' title='bbox 1686 3317 1775 3371; x_wconf 90' lang='lat' dir='ltr'><strong>hic</strong></span> <span class='ocrx_word' id='word_1_287' title='bbox 1796 3317 1910 3386; x_wconf 89' lang='lat' dir='ltr'><strong>ipse</strong></span> 
     </span>
    </p>
   </div>
   <div class='ocr_carea' id='block_1_36' title="bbox 331 3408 1911 3483">
    <p class='ocr_par' dir='ltr' id='par_1_36' title="bbox 331 3408 1911 3483">
     <span class='ocr_line' id='line_1_36' title="bbox 331 3408 1911 3483; baseline -0.003 -17"><span class='ocrx_word' id='word_1_288' title='bbox 331 3413 560 3483; x_wconf 87' lang='lat' dir='ltr'><strong>spiritus</strong></span> <span class='ocrx_word' id='word_1_289' title='bbox 583 3420 690 3478; x_wconf 89' lang='lat' dir='ltr'><strong>est,</strong></span> <span class='ocrx_word' id='word_1_290' title='bbox 721 3411 813 3481; x_wconf 90' lang='lat' dir='ltr'><strong>qui</strong></span> <span class='ocrx_word' id='word_1_291' title='bbox 850 3410 1089 3465; x_wconf 70' lang='lat' dir='ltr'><strong>cohaeret</strong></span> <span class='ocrx_word' id='word_1_292' title='bbox 1138 3409 1423 3464; x_wconf 87' lang='lat' dir='ltr'><strong>animabus</strong></span> <span class='ocrx_word' id='word_1_293' title='bbox 1457 3408 1762 3479; x_wconf 88' lang='lat' dir='ltr'><strong>justorum,</strong></span> <span class='ocrx_word' id='word_1_294' title='bbox 1790 3423 1911 3476; x_wconf 66' lang='lat' dir='ltr'><strong>quae</strong></span> 
     </span>
    </p>
   </div>
   <div class='ocr_carea' id='block_1_37' title="bbox 334 3499 1910 3567">
    <p class='ocr_par' dir='ltr' id='par_1_37' title="bbox 334 3499 1910 3567">
     <span class='ocr_line' id='line_1_37' title="bbox 334 3499 1910 3567; baseline -0.003 -9"><span class='ocrx_word' id='word_1_295' title='bbox 334 3506 438 3560; x_wconf 89' lang='lat' dir='ltr'><strong>sibi</strong></span> <span class='ocrx_word' id='word_1_296' title='bbox 469 3504 524 3558; x_wconf 92' lang='lat' dir='ltr'><strong>in</strong></span> <span class='ocrx_word' id='word_1_297' title='bbox 564 3503 819 3559; x_wconf 89' lang='lat' dir='ltr'><strong>omnibus</strong></span> <span class='ocrx_word' id='word_1_298' title='bbox 858 3502 1178 3556; x_wconf 90' lang='lat' dir='ltr'><strong>obedientes</strong></span> <span class='ocrx_word' id='word_1_299' title='bbox 1224 3501 1465 3567; x_wconf 79' lang='lat' dir='ltr'><strong>iuerint;</strong></span> <span class='ocrx_word' id='word_1_300' title='bbox 1503 3509 1561 3554; x_wconf 89' lang='lat' dir='ltr'><strong>et</strong></span> <span class='ocrx_word' id='word_1_301' title='bbox 1609 3499 1738 3561; x_wconf 85' lang='lat' dir='ltr'><strong>ideo.</strong></span> <span class='ocrx_word' id='word_1_302' title='bbox 1775 3499 1910 3555; x_wconf 86' lang='lat' dir='ltr'><strong>scri-</strong></span> 
     </span>
    </p>
   </div>
   <div class='ocr_carea' id='block_1_38' title="bbox 332 3589 1901 3667">
    <p class='ocr_par' dir='ltr' id='par_1_38' title="bbox 332 3589 1901 3667">
     <span class='ocr_line' id='line_1_38' title="bbox 332 3589 1901 3667; baseline -0.004 -18"><span class='ocrx_word' id='word_1_303' title='bbox 332 3604 483 3667; x_wconf 86' lang='lat' dir='ltr'><strong>ptum</strong></span> <span class='ocrx_word' id='word_1_304' title='bbox 510 3604 634 3651; x_wconf 88' lang='lat' dir='ltr'><strong>est:</strong></span> <span class='ocrx_word' id='word_1_305' title='bbox 677 3612 698 3647; x_wconf 68' lang='grc' dir='ltr'><strong>ε</strong></span> <span class='ocrx_word' id='word_1_306' title='bbox 749 3592 1016 3659; x_wconf 86' lang='lat' dir='ltr'><strong>Laudate,</strong></span> <span class='ocrx_word' id='word_1_307' title='bbox 1047 3591 1273 3662; x_wconf 90' lang='lat' dir='ltr'><strong>spiritus</strong></span> <span class='ocrx_word' id='word_1_308' title='bbox 1304 3599 1359 3645; x_wconf 90' lang='lat' dir='ltr'><strong>et</strong></span> <span class='ocrx_word' id='word_1_309' title='bbox 1383 3592 1577 3645; x_wconf 62' lang='lat' dir='ltr'><strong>animae</strong></span> <span class='ocrx_word' id='word_1_310' title='bbox 1603 3589 1901 3659; x_wconf 83' lang='lat' dir='ltr'><strong>iustorum,</strong></span> 
     </span>
    </p>
   </div>
   <div class='ocr_carea' id='block_1_39' title="bbox 332 3684 1908 3746">
    <p class='ocr_par' dir='ltr' id='par_1_39' title="bbox 332 3684 1908 3746">
     <span class='ocr_line' id='line_1_39' title="bbox 332 3684 1908 3746; baseline -0.003 -4"><span class='ocrx_word' id='word_1_311' title='bbox 332 3687 620 3743; x_wconf 90' lang='lat' dir='ltr'><strong>Dominum</strong></span> <span class='ocrx_word' id='word_1_312' title='bbox 640 3688 709 3746; x_wconf 83' lang='grc'><strong>²⁰.</strong></span> <span class='ocrx_word' id='word_1_313' title='bbox 746 3706 766 3739; x_wconf 73' lang='grc' dir='ltr'><strong>ι</strong></span> <span class='ocrx_word' id='word_1_314' title='bbox 796 3685 853 3741; x_wconf 92' lang='lat' dir='ltr'><strong>Si</strong></span> <span class='ocrx_word' id='word_1_315' title='bbox 883 3701 1013 3742; x_wconf 90' lang='lat' dir='ltr'><strong>vero</strong></span> <span class='ocrx_word' id='word_1_316' title='bbox 1050 3684 1368 3739; x_wconf 87' lang='lat' dir='ltr'><strong>inobediens</strong></span> <span class='ocrx_word' id='word_1_317' title='bbox 1398 3686 1447 3739; x_wconf 88' lang='lat' dir='ltr'><strong>ei</strong></span> <span class='ocrx_word' id='word_1_318' title='bbox 1475 3684 1656 3737; x_wconf 89' lang='lat' dir='ltr'><strong>anima</strong></span> <span class='ocrx_word' id='word_1_319' title='bbox 1685 3692 1740 3737; x_wconf 91' lang='lat' dir='ltr'><strong>et</strong></span> <span class='ocrx_word' id='word_1_320' title='bbox 1773 3697 1908 3738; x_wconf 89' lang='lat' dir='ltr'><strong>con-</strong></span> 
     </span>
    </p>
   </div>
   <div class='ocr_carea' id='block_1_40' title="bbox 337 3775 1910 3843">
    <p class='ocr_par' dir='ltr' id='par_1_40' title="bbox 337 3775 1910 3843">
     <span class='ocr_line' id='line_1_40' title="bbox 337 3775 1910 3843; baseline -0.003 -12"><span class='ocrx_word' id='word_1_321' title='bbox 337 3788 525 3833; x_wconf 84' lang='lat' dir='ltr'><strong>tumax</strong></span> <span class='ocrx_word' id='word_1_322' title='bbox 557 3775 743 3843; x_wconf 79' lang='lat' dir='ltr'><strong>fuerit,</strong></span> <span class='ocrx_word' id='word_1_323' title='bbox 769 3776 1045 3830; x_wconf 85' lang='lat' dir='ltr'><strong>dividetur</strong></span> <span class='ocrx_word' id='word_1_324' title='bbox 1068 3775 1136 3829; x_wconf 89' lang='lat' dir='ltr'><strong>ab</strong></span> <span class='ocrx_word' id='word_1_325' title='bbox 1166 3789 1231 3829; x_wconf 87' lang='lat' dir='ltr'><strong>eo</strong></span> <span class='ocrx_word' id='word_1_326' title='bbox 1261 3782 1383 3843; x_wconf 91' lang='lat' dir='ltr'><strong>post</strong></span> <span class='ocrx_word' id='word_1_327' title='bbox 1410 3786 1719 3837; x_wconf 84' lang='lat' dir='ltr'><strong>excessum,</strong></span> <span class='ocrx_word' id='word_1_328' title='bbox 1746 3782 1805 3829; x_wconf 82' lang='lat' dir='ltr'><strong>et.</strong></span> <span class='ocrx_word' id='word_1_329' title='bbox 1824 3787 1910 3827; x_wconf 89' lang='lat' dir='ltr'><strong>se-</strong></span> 
     </span>
    </p>
   </div>
   <div class='ocr_carea' id='block_1_41' title="bbox 330 3862 1912 3938">
    <p class='ocr_par' dir='ltr' id='par_1_41' title="bbox 330 3862 1912 3938">
     <span class='ocr_line' id='line_1_41' title="bbox 330 3862 1912 3938; baseline -0.003 -18"><span class='ocrx_word' id='word_1_330' title='bbox 330 3866 632 3938; x_wconf 89' lang='lat' dir='ltr'><strong>parabitur.</strong></span> <span class='ocrx_word' id='word_1_331' title='bbox 667 3865 735 3919; x_wconf 91' lang='lat' dir='ltr'><strong>Et</strong></span> <span class='ocrx_word' id='word_1_332' title='bbox 759 3876 979 3935; x_wconf 87' lang='lat' dir='ltr'><strong>propter</strong></span> <span class='ocrx_word' id='word_1_333' title='bbox 998 3864 1100 3918; x_wconf 89' lang='lat' dir='ltr'><strong>hoc</strong></span> <span class='ocrx_word' id='word_1_334' title='bbox 1121 3872 1251 3933; x_wconf 90' lang='lat' dir='ltr'><strong>puto</strong></span> <span class='ocrx_word' id='word_1_335' title='bbox 1283 3863 1486 3919; x_wconf 89' lang='lat' dir='ltr'><strong>dictum</strong></span> <span class='ocrx_word' id='word_1_336' title='bbox 1511 3877 1629 3919; x_wconf 90' lang='lat' dir='ltr'><strong>esse</strong></span> <span class='ocrx_word' id='word_1_337' title='bbox 1653 3863 1709 3917; x_wconf 92' lang='lat' dir='ltr'><strong>in</strong></span> <span class='ocrx_word' id='word_1_338' title='bbox 1735 3862 1912 3916; x_wconf 89' lang='lat' dir='ltr'><strong>Evan-</strong></span> 
     </span>
    </p>
   </div>
   <div class='ocr_carea' id='block_1_42' title="bbox 336 3951 1911 4025">
    <p class='ocr_par' dir='ltr' id='par_1_42' title="bbox 336 3951 1911 4025">
     <span class='ocr_line' id='line_1_42' title="bbox 336 3951 1911 4025; baseline -0.004 -15"><span class='ocrx_word' id='word_1_339' title='bbox 336 3954 477 4025; x_wconf 79' lang='lat' dir='ltr'><strong>gelio</strong></span> <span class='ocrx_word' id='word_1_340' title='bbox 504 3955 570 4010; x_wconf 88' lang='lat' dir='ltr'><strong>de</strong></span> <span class='ocrx_word' id='word_1_341' title='bbox 601 3954 742 4009; x_wconf 88' lang='lat' dir='ltr'><strong>malo</strong></span> <span class='ocrx_word' id='word_1_342' title='bbox 764 3953 945 4011; x_wconf 88' lang='lat' dir='ltr'><strong>villico</strong></span> <span class='ocrx_word' id='word_1_343' title='bbox 997 3952 1099 4023; x_wconf 85' lang='lat'><strong>(7),</strong></span> <span class='ocrx_word' id='word_1_344' title='bbox 1124 3953 1252 4021; x_wconf 87' lang='lat' dir='ltr'><strong>quia</strong></span> <span class='ocrx_word' id='word_1_345' title='bbox 1279 3970 1299 4003; x_wconf 72' lang='grc' dir='ltr'>«ι</span> <span class='ocrx_word' id='word_1_346' title='bbox 1325 3951 1533 4006; x_wconf 88' lang='lat' dir='ltr'><strong>dividet</strong></span> <span class='ocrx_word' id='word_1_347' title='bbox 1563 3967 1686 4007; x_wconf 91' lang='lat' dir='ltr'><strong>eum</strong></span> <span class='ocrx_word' id='word_1_348' title='bbox 1725 3952 1911 4007; x_wconf 92' lang='lat' dir='ltr'><strong>Domi-</strong></span> 
     </span>
    </p>
   </div>
   <div class='ocr_carea' id='block_1_43' title="bbox 334 4040 1913 4115">
    <p class='ocr_par' dir='ltr' id='par_1_43' title="bbox 334 4040 1913 4115">
     <span class='ocr_line' id='line_1_43' title="bbox 334 4040 1913 4115; baseline -0.004 -14"><span class='ocrx_word' id='word_1_349' title='bbox 334 4062 459 4113; x_wconf 88' lang='lat' dir='ltr'><strong>nus,</strong></span> <span class='ocrx_word' id='word_1_350' title='bbox 475 4053 528 4101; x_wconf 92' lang='lat' dir='ltr'><strong>et</strong></span> <span class='ocrx_word' id='word_1_351' title='bbox 552 4055 761 4115; x_wconf 88' lang='lat' dir='ltr'><strong>partem</strong></span> <span class='ocrx_word' id='word_1_352' title='bbox 785 4043 900 4112; x_wconf 88' lang='lat' dir='ltr'><strong>ejus</strong></span> <span class='ocrx_word' id='word_1_353' title='bbox 927 4057 1052 4098; x_wconf 90' lang='lat' dir='ltr'><strong>cum</strong></span> <span class='ocrx_word' id='word_1_354' title='bbox 1092 4040 1398 4097; x_wconf 89' lang='lat' dir='ltr'><strong>inﬁdelibus</strong></span> <span class='ocrx_word' id='word_1_355' title='bbox 1438 4050 1603 4111; x_wconf 90' lang='lat' dir='ltr'><strong>ponet</strong></span> <span class='ocrx_word' id='word_1_356' title='bbox 1630 4042 1699 4093; x_wconf 73' lang='grc' dir='ltr'>ἰ.</span> <span class='ocrx_word' id='word_1_357' title='bbox 1737 4058 1757 4092; x_wconf 69' lang='grc' dir='ltr'><strong>ι</strong></span> <span class='ocrx_word' id='word_1_358' title='bbox 1792 4040 1913 4110; x_wconf 90' lang='lat' dir='ltr'><strong>Ipse</strong></span> 
     </span>
    </p>
   </div>
   <div class='ocr_carea' id='block_1_44' title="bbox 333 4131 1913 4206">
    <p class='ocr_par' dir='ltr' id='par_1_44' title="bbox 333 4131 1913 4206">
     <span class='ocr_line' id='line_1_44' title="bbox 333 4131 1913 4206; baseline -0.005 -13"><span class='ocrx_word' id='word_1_359' title='bbox 333 4138 584 4193; x_wconf 84' lang='lat' dir='ltr'><strong>fortassis</strong></span> <span class='ocrx_word' id='word_1_360' title='bbox 601 4145 685 4193; x_wconf 90' lang='lat' dir='ltr'><strong>est</strong></span> <span class='ocrx_word' id='word_1_361' title='bbox 705 4134 951 4206; x_wconf 89' lang='lat' dir='ltr'><strong>spiritus,</strong></span> <span class='ocrx_word' id='word_1_362' title='bbox 974 4134 1040 4188; x_wconf 94' lang='lat' dir='ltr'><strong>de</strong></span> <span class='ocrx_word' id='word_1_363' title='bbox 1073 4148 1180 4203; x_wconf 91' lang='lat' dir='ltr'><strong>quo</strong></span> <span class='ocrx_word' id='word_1_364' title='bbox 1208 4133 1467 4202; x_wconf 91' lang='lat' dir='ltr'><strong>scriptum</strong></span> <span class='ocrx_word' id='word_1_365' title='bbox 1491 4140 1591 4194; x_wconf 88' lang='lat' dir='ltr'><strong>est,</strong></span> <span class='ocrx_word' id='word_1_366' title='bbox 1620 4131 1745 4201; x_wconf 89' lang='lat' dir='ltr'><strong>quia</strong></span> <span class='ocrx_word' id='word_1_367' title='bbox 1775 4149 1794 4183; x_wconf 77' lang='grc' dir='ltr'><strong>ι</strong></span> <span class='ocrx_word' id='word_1_368' title='bbox 1830 4131 1913 4186; x_wconf 92' lang='lat' dir='ltr'><strong>in-</strong></span> 
     </span>
    </p>
   </div>
   <div class='ocr_carea' id='block_1_45' title="bbox 335 4224 1911 4300">
    <p class='ocr_par' dir='ltr' id='par_1_45' title="bbox 335 4224 1911 4300">
     <span class='ocr_line' id='line_1_45' title="bbox 335 4224 1911 4300; baseline -0.004 -13"><span class='ocrx_word' id='word_1_369' title='bbox 335 4226 704 4300; x_wconf 89' lang='lat' dir='ltr'><strong>corruptibilis</strong></span> <span class='ocrx_word' id='word_1_370' title='bbox 749 4236 834 4283; x_wconf 90' lang='lat' dir='ltr'><strong>est</strong></span> <span class='ocrx_word' id='word_1_371' title='bbox 860 4228 1080 4296; x_wconf 85' lang='lat' dir='ltr'><strong>spiritus</strong></span> <span class='ocrx_word' id='word_1_372' title='bbox 1122 4226 1178 4281; x_wconf 90' lang='lat' dir='ltr'><strong>in</strong></span> <span class='ocrx_word' id='word_1_373' title='bbox 1217 4225 1525 4281; x_wconf 91' lang='lat' dir='ltr'><strong>hominibus</strong></span> <span class='ocrx_word' id='word_1_374' title='bbox 1566 4226 1633 4279; x_wconf 81' lang='lat'><strong>“.</strong></span> <span class='ocrx_word' id='word_1_375' title='bbox 1666 4243 1686 4276; x_wconf 80' lang='grc' dir='ltr'><strong>ι</strong></span> <span class='ocrx_word' id='word_1_376' title='bbox 1726 4224 1797 4279; x_wconf 83' lang='grc' dir='ltr'>Ει</span> <span class='ocrx_word' id='word_1_377' title='bbox 1823 4240 1911 4280; x_wconf 91' lang='lat' dir='ltr'><strong>se-</strong></span> 
     </span>
    </p>
   </div>
   <div class='ocr_carea' id='block_1_46' title="bbox 334 4318 1915 4392">
    <p class='ocr_par' dir='ltr' id='par_1_46' title="bbox 334 4318 1915 4392">
     <span class='ocr_line' id='line_1_46' title="bbox 334 4318 1915 4392; baseline -0.004 -12"><span class='ocrx_word' id='word_1_378' title='bbox 334 4323 569 4380; x_wconf 84' lang='lat' dir='ltr'><strong>cundum</strong></span> <span class='ocrx_word' id='word_1_379' title='bbox 603 4336 668 4377; x_wconf 91' lang='lat' dir='ltr'><strong>ea</strong></span> <span class='ocrx_word' id='word_1_380' title='bbox 684 4318 804 4392; x_wconf 68' lang='lat' dir='ltr'><strong>quae</strong></span> <span class='ocrx_word' id='word_1_381' title='bbox 830 4320 1081 4390; x_wconf 89' lang='lat' dir='ltr'><strong>superius</strong></span> <span class='ocrx_word' id='word_1_382' title='bbox 1107 4319 1366 4385; x_wconf 81' lang='lat' dir='ltr'><strong>diximus,</strong></span> <span class='ocrx_word' id='word_1_383' title='bbox 1404 4318 1530 4388; x_wconf 85' lang='lat' dir='ltr'><strong>quia</strong></span> <span class='ocrx_word' id='word_1_384' title='bbox 1566 4318 1823 4374; x_wconf 82' lang='lat' dir='ltr'><strong>dividitur</strong></span> <span class='ocrx_word' id='word_1_385' title='bbox 1848 4332 1915 4373; x_wconf 89' lang='lat' dir='ltr'><strong>ac</strong></span> 
     </span>
    </p>
   </div>
   <div class='ocr_carea' id='block_1_47' title="bbox 2000 526 3576 607">
    <p class='ocr_par' dir='ltr' id='par_1_47' title="bbox 2000 526 3576 607">
     <span class='ocr_line' id='line_1_47' title="bbox 2000 526 3576 607; baseline -0.013 -9"><span class='ocrx_word' id='word_1_386' title='bbox 2000 543 2229 598; x_wconf 88' lang='lat' dir='ltr'><strong>invicem</strong></span> <span class='ocrx_word' id='word_1_387' title='bbox 2270 534 2691 607; x_wconf 88' lang='lat' dir='ltr'><strong>cogitationibus</strong></span> <span class='ocrx_word' id='word_1_388' title='bbox 2714 530 3122 594; x_wconf 81' lang='lat' dir='ltr'><strong>accusantibus,</strong></span> <span class='ocrx_word' id='word_1_389' title='bbox 3155 537 3250 580; x_wconf 87' lang='lat' dir='ltr'><strong>aut</strong></span> <span class='ocrx_word' id='word_1_390' title='bbox 3282 526 3446 578; x_wconf 89' lang='lat' dir='ltr'><strong>etiam</strong></span> <span class='ocrx_word' id='word_1_391' title='bbox 3479 526 3576 578; x_wconf 85' lang='lat' dir='ltr'><strong>de-</strong></span> 
     </span>
    </p>
   </div>
   <div class='ocr_carea' id='block_1_48' title="bbox 1996 616 3578 694">
    <p class='ocr_par' dir='ltr' id='par_1_48' title="bbox 1996 616 3578 694">
     <span class='ocr_line' id='line_1_48' title="bbox 1996 616 3578 694; baseline -0.013 -8"><span class='ocrx_word' id='word_1_392' title='bbox 1996 631 2339 688; x_wconf 83' lang='lat' dir='ltr'><strong>fendentibus</strong></span> <span class='ocrx_word' id='word_1_393' title='bbox 2363 630 2417 683; x_wconf 89' lang='lat' dir='ltr'><strong>in</strong></span> <span class='ocrx_word' id='word_1_394' title='bbox 2440 629 2547 691; x_wconf 92' lang='lat' dir='ltr'><strong>die,</strong></span> <span class='ocrx_word' id='word_1_395' title='bbox 2573 624 2978 694; x_wconf 80' lang='lat' dir='ltr'><strong>cumjudicabit</strong></span> <span class='ocrx_word' id='word_1_396' title='bbox 3000 622 3142 674; x_wconf 86' lang='lat' dir='ltr'><strong>Deus</strong></span> <span class='ocrx_word' id='word_1_397' title='bbox 3169 618 3372 672; x_wconf 88' lang='lat' dir='ltr'><strong>osculta</strong></span> <span class='ocrx_word' id='word_1_398' title='bbox 3403 616 3578 669; x_wconf 90' lang='lat' dir='ltr'><strong>homi-</strong></span> 
     </span>
    </p>
   </div>
   <div class='ocr_carea' id='block_1_49' title="bbox 1996 707 3578 787">
    <p class='ocr_par' dir='ltr' id='par_1_49' title="bbox 1996 707 3578 787">
     <span class='ocr_line' id='line_1_49' title="bbox 1996 707 3578 787; baseline -0.013 -8"><span class='ocrx_word' id='word_1_399' title='bbox 1996 740 2125 779; x_wconf 85' lang='lat' dir='ltr'><strong>num</strong></span> <span class='ocrx_word' id='word_1_400' title='bbox 2155 723 2447 778; x_wconf 87' lang='lat' dir='ltr'><strong>secundum</strong></span> <span class='ocrx_word' id='word_1_401' title='bbox 2477 717 2824 787; x_wconf 87' lang='lat' dir='ltr'><strong>Evangelium</strong></span> <span class='ocrx_word' id='word_1_402' title='bbox 2857 730 3057 776; x_wconf 87' lang='lat' dir='ltr'><strong>meum,</strong></span> <span class='ocrx_word' id='word_1_403' title='bbox 3077 727 3172 780; x_wconf 91' lang='lat' dir='ltr'><strong>per</strong></span> <span class='ocrx_word' id='word_1_404' title='bbox 3198 709 3384 765; x_wconf 81' lang='lat' dir='ltr'><strong>Jesum</strong></span> <span class='ocrx_word' id='word_1_405' title='bbox 3418 707 3578 761; x_wconf 87' lang='lat' dir='ltr'><strong>Chri-</strong></span> 
     </span>
    </p>
   </div>
   <div class='ocr_carea' id='block_1_50' title="bbox 1997 798 3574 876">
    <p class='ocr_par' dir='ltr' id='par_1_50' title="bbox 1997 798 3574 876">
     <span class='ocr_line' id='line_1_50' title="bbox 1997 798 3574 876; baseline -0.012 -9"><span class='ocrx_word' id='word_1_406' title='bbox 1997 822 2137 867; x_wconf 85' lang='lat' dir='ltr'><strong>stum</strong></span> <span class='ocrx_word' id='word_1_407' title='bbox 2160 811 2226 866; x_wconf 75' lang='lat'><strong>“.</strong></span> <span class='ocrx_word' id='word_1_408' title='bbox 2265 829 2284 862; x_wconf 80' lang='grc' dir='ltr'><strong>ι</strong></span> <span class='ocrx_word' id='word_1_409' title='bbox 2322 810 2548 863; x_wconf 81' lang='lat' dir='ltr'><strong>Rectum</strong></span> <span class='ocrx_word' id='word_1_410' title='bbox 2593 806 2856 876; x_wconf 77' lang='lat' dir='ltr'><strong>judicium</strong></span> <span class='ocrx_word' id='word_1_411' title='bbox 2903 802 2996 857; x_wconf 86' lang='lat' dir='ltr'><strong>Dei</strong></span> <span class='ocrx_word' id='word_1_412' title='bbox 3039 816 3157 855; x_wconf 85' lang='lat' dir='ltr'><strong>esse</strong></span> <span class='ocrx_word' id='word_1_413' title='bbox 3187 800 3309 869; x_wconf 89' lang='lat' dir='ltr'><strong>quis</strong></span> <span class='ocrx_word' id='word_1_414' title='bbox 3340 798 3574 859; x_wconf 89' lang='lat' dir='ltr'><strong>dubitet,</strong></span> 
     </span>
    </p>
   </div>
   <div class='ocr_carea' id='block_1_51' title="bbox 1997 893 3578 963">
    <p class='ocr_par' dir='ltr' id='par_1_51' title="bbox 1997 893 3578 963">
     <span class='ocr_line' id='line_1_51' title="bbox 1997 893 3578 963; baseline -0.011 -5"><span class='ocrx_word' id='word_1_415' title='bbox 1997 904 2087 958; x_wconf 91' lang='lat' dir='ltr'><strong>ubi</strong></span> <span class='ocrx_word' id='word_1_416' title='bbox 2138 911 2484 956; x_wconf 89' lang='lat' dir='ltr'><strong>accusatores</strong></span> <span class='ocrx_word' id='word_1_417' title='bbox 2510 938 2526 963; x_wconf 89' lang='lat'><strong>,</strong></span> <span class='ocrx_word' id='word_1_418' title='bbox 2560 909 2617 953; x_wconf 90' lang='lat' dir='ltr'><strong>et</strong></span> <span class='ocrx_word' id='word_1_419' title='bbox 2659 897 2975 952; x_wconf 80' lang='lat' dir='ltr'><strong>defensores</strong></span> <span class='ocrx_word' id='word_1_420' title='bbox 3022 893 3351 947; x_wconf 86' lang='lat' dir='ltr'><strong>adhibentur</strong></span> <span class='ocrx_word' id='word_1_421' title='bbox 3387 898 3441 943; x_wconf 90' lang='lat' dir='ltr'><strong>et</strong></span> <span class='ocrx_word' id='word_1_422' title='bbox 3499 898 3578 941; x_wconf 89' lang='lat' dir='ltr'><strong>te-</strong></span> 
     </span>
    </p>
   </div>
   <div class='ocr_carea' id='block_1_52' title="bbox 1998 978 3580 1062">
    <p class='ocr_par' dir='ltr' id='par_1_52' title="bbox 1998 978 3580 1062">
     <span class='ocr_line' id='line_1_52' title="bbox 1998 978 3580 1062; baseline -0.012 -13"><span class='ocrx_word' id='word_1_423' title='bbox 1998 1004 2111 1050; x_wconf 86' lang='lat' dir='ltr'><strong>stes</strong></span> <span class='ocrx_word' id='word_1_424' title='bbox 2131 994 2156 1046; x_wconf 89' lang='lat'><strong>?</strong></span> <span class='ocrx_word' id='word_1_425' title='bbox 2181 993 2244 1047; x_wconf 86' lang='lat' dir='ltr'><strong>Et</strong></span> <span class='ocrx_word' id='word_1_426' title='bbox 2270 992 2487 1062; x_wconf 89' lang='lat' dir='ltr'><strong>quidem</strong></span> <span class='ocrx_word' id='word_1_427' title='bbox 2515 991 2582 1045; x_wconf 89' lang='lat' dir='ltr'><strong>de</strong></span> <span class='ocrx_word' id='word_1_428' title='bbox 2608 990 2714 1043; x_wconf 91' lang='lat' dir='ltr'><strong>hoc</strong></span> <span class='ocrx_word' id='word_1_429' title='bbox 2736 987 2885 1056; x_wconf 88' lang='lat' dir='ltr'><strong>justo</strong></span> <span class='ocrx_word' id='word_1_430' title='bbox 2911 984 3004 1041; x_wconf 86' lang='lat' dir='ltr'><strong>Dei</strong></span> <span class='ocrx_word' id='word_1_431' title='bbox 3030 982 3236 1053; x_wconf 90' lang='lat' dir='ltr'><strong>judicio</strong></span> <span class='ocrx_word' id='word_1_432' title='bbox 3275 994 3374 1034; x_wconf 91' lang='lat' dir='ltr'><strong>nos</strong></span> <span class='ocrx_word' id='word_1_433' title='bbox 3405 978 3580 1033; x_wconf 80' lang='lat' dir='ltr'><strong>itumi-</strong></span> 
     </span>
    </p>
   </div>
   <div class='ocr_carea' id='block_1_53' title="bbox 2000 1070 3581 1152">
    <p class='ocr_par' dir='ltr' id='par_1_53' title="bbox 2000 1070 3581 1152">
     <span class='ocr_line' id='line_1_53' title="bbox 2000 1070 3581 1152; baseline -0.012 -13"><span class='ocrx_word' id='word_1_434' title='bbox 2000 1100 2097 1140; x_wconf 89' lang='lat' dir='ltr'><strong>nes</strong></span> <span class='ocrx_word' id='word_1_435' title='bbox 2125 1083 2406 1152; x_wconf 86' lang='lat' dir='ltr'><strong>capiamus</strong></span> <span class='ocrx_word' id='word_1_436' title='bbox 2431 1079 2759 1149; x_wconf 82' lang='lat' dir='ltr'><strong>exemplum,</strong></span> <span class='ocrx_word' id='word_1_437' title='bbox 2797 1092 2896 1131; x_wconf 91' lang='lat' dir='ltr'><strong>nec</strong></span> <span class='ocrx_word' id='word_1_438' title='bbox 2927 1085 3178 1145; x_wconf 88' lang='lat' dir='ltr'><strong>putemus</strong></span> <span class='ocrx_word' id='word_1_439' title='bbox 3200 1085 3439 1140; x_wconf 88' lang='lat' dir='ltr'><strong>unquam</strong></span> <span class='ocrx_word' id='word_1_440' title='bbox 3464 1070 3581 1122; x_wconf 86' lang='lat' dir='ltr'><strong>sine</strong></span> 
     </span>
    </p>
   </div>
   <div class='ocr_carea' id='block_1_54' title="bbox 2001 1161 3578 1242">
    <p class='ocr_par' dir='ltr' id='par_1_54' title="bbox 2001 1161 3578 1242">
     <span class='ocr_line' id='line_1_54' title="bbox 2001 1161 3578 1242; baseline -0.012 -11"><span class='ocrx_word' id='word_1_441' title='bbox 2001 1186 2309 1242; x_wconf 87' lang='lat' dir='ltr'><strong>accusante,</strong></span> <span class='ocrx_word' id='word_1_442' title='bbox 2334 1184 2390 1229; x_wconf 90' lang='lat' dir='ltr'><strong>et</strong></span> <span class='ocrx_word' id='word_1_443' title='bbox 2430 1172 2774 1235; x_wconf 83' lang='lat' dir='ltr'><strong>defendente,</strong></span> <span class='ocrx_word' id='word_1_444' title='bbox 2812 1182 2868 1225; x_wconf 89' lang='lat' dir='ltr'><strong>et</strong></span> <span class='ocrx_word' id='word_1_445' title='bbox 2898 1169 3127 1223; x_wconf 88' lang='lat' dir='ltr'><strong>testibus</strong></span> <span class='ocrx_word' id='word_1_446' title='bbox 3153 1167 3357 1236; x_wconf 86' lang='lat' dir='ltr'><strong>justum</strong></span> <span class='ocrx_word' id='word_1_447' title='bbox 3388 1161 3578 1216; x_wconf 88' lang='lat' dir='ltr'><strong>haberi</strong></span> 
     </span>
    </p>
   </div>
   <div class='ocr_carea' id='block_1_55' title="bbox 2000 1253 3580 1338">
    <p class='ocr_par' dir='ltr' id='par_1_55' title="bbox 2000 1253 3580 1338">
     <span class='ocr_line' id='line_1_55' title="bbox 2000 1253 3580 1338; baseline -0.011 -15"><span class='ocrx_word' id='word_1_448' title='bbox 2000 1281 2158 1338; x_wconf 87' lang='lat' dir='ltr'><strong>posse</strong></span> <span class='ocrx_word' id='word_1_449' title='bbox 2191 1265 2467 1335; x_wconf 82' lang='lat' dir='ltr'><strong>judicium.</strong></span> <span class='ocrx_word' id='word_1_450' title='bbox 2496 1263 2702 1318; x_wconf 86' lang='lat' dir='ltr'><strong>Deinde</strong></span> <span class='ocrx_word' id='word_1_451' title='bbox 2740 1261 3030 1315; x_wconf 88' lang='lat' dir='ltr'><strong>videndum</strong></span> <span class='ocrx_word' id='word_1_452' title='bbox 3084 1267 3169 1313; x_wconf 89' lang='lat' dir='ltr'><strong>est</strong></span> <span class='ocrx_word' id='word_1_453' title='bbox 3208 1254 3484 1326; x_wconf 90' lang='lat' dir='ltr'><strong>quomodo</strong></span> <span class='ocrx_word' id='word_1_454' title='bbox 3523 1253 3580 1306; x_wconf 87' lang='lat' dir='ltr'><strong>in</strong></span> 
     </span>
    </p>
   </div>
   <div class='ocr_carea' id='block_1_56' title="bbox 2000 1345 3583 1425">
    <p class='ocr_par' dir='ltr' id='par_1_56' title="bbox 2000 1345 3583 1425">
     <span class='ocr_line' id='line_1_56' title="bbox 2000 1345 3583 1425; baseline -0.011 -10"><span class='ocrx_word' id='word_1_455' title='bbox 2000 1360 2087 1414; x_wconf 83' lang='lat' dir='ltr'><strong>illa</strong></span> <span class='ocrx_word' id='word_1_456' title='bbox 2112 1361 2346 1421; x_wconf 91' lang='lat' dir='ltr'><strong>die,cum</strong></span> <span class='ocrx_word' id='word_1_457' title='bbox 2365 1355 2629 1425; x_wconf 91' lang='lat' dir='ltr'><strong>judicabit</strong></span> <span class='ocrx_word' id='word_1_458' title='bbox 2652 1353 2794 1409; x_wconf 88' lang='lat' dir='ltr'><strong>Dens</strong></span> <span class='ocrx_word' id='word_1_459' title='bbox 2818 1350 3029 1407; x_wconf 91' lang='lat' dir='ltr'><strong>occulta</strong></span> <span class='ocrx_word' id='word_1_460' title='bbox 3057 1351 3355 1410; x_wconf 89' lang='lat' dir='ltr'><strong>hominum,</strong></span> <span class='ocrx_word' id='word_1_461' title='bbox 3374 1345 3583 1414; x_wconf 87' lang='lat' dir='ltr'><strong>cogita-</strong></span> 
     </span>
    </p>
   </div>
   <div class='ocr_carea' id='block_1_57' title="bbox 2001 1436 3578 1521">
    <p class='ocr_par' dir='ltr' id='par_1_57' title="bbox 2001 1436 3578 1521">
     <span class='ocr_line' id='line_1_57' title="bbox 2001 1436 3578 1521; baseline -0.011 -15"><span class='ocrx_word' id='word_1_462' title='bbox 2001 1453 2176 1506; x_wconf 92' lang='lat' dir='ltr'><strong>tiones</strong></span> <span class='ocrx_word' id='word_1_463' title='bbox 2202 1449 2366 1521; x_wconf 66' lang='grc'><strong>487</strong></span> <span class='ocrx_word' id='word_1_464' title='bbox 2400 1449 2481 1504; x_wconf 89' lang='lat' dir='ltr'><strong>vel</strong></span> <span class='ocrx_word' id='word_1_465' title='bbox 2533 1445 2866 1502; x_wconf 88' lang='lat' dir='ltr'><strong>accusabunt</strong></span> <span class='ocrx_word' id='word_1_466' title='bbox 2918 1443 3182 1506; x_wconf 90' lang='lat' dir='ltr'><strong>animam,</strong></span> <span class='ocrx_word' id='word_1_467' title='bbox 3238 1439 3325 1493; x_wconf 86' lang='lat' dir='ltr'><strong>vel</strong></span> <span class='ocrx_word' id='word_1_468' title='bbox 3386 1436 3578 1491; x_wconf 83' lang='lat' dir='ltr'><strong>defen-</strong></span> 
     </span>
    </p>
   </div>
   <div class='ocr_carea' id='block_1_58' title="bbox 2000 1536 3578 1610">
    <p class='ocr_par' dir='ltr' id='par_1_58' title="bbox 2000 1536 3578 1610">
     <span class='ocr_line' id='line_1_58' title="bbox 2000 1536 3578 1610; baseline -0.009 -13"><span class='ocrx_word' id='word_1_469' title='bbox 2000 1546 2150 1605; x_wconf 91' lang='lat' dir='ltr'><strong>dent,</strong></span> <span class='ocrx_word' id='word_1_470' title='bbox 2184 1558 2291 1597; x_wconf 93' lang='lat' dir='ltr'><strong>non</strong></span> <span class='ocrx_word' id='word_1_471' title='bbox 2326 1542 2515 1610; x_wconf 89' lang='lat' dir='ltr'><strong>utique</strong></span> <span class='ocrx_word' id='word_1_472' title='bbox 2547 1539 2653 1593; x_wconf 66' lang='lat' dir='ltr'><strong>illae</strong></span> <span class='ocrx_word' id='word_1_473' title='bbox 2684 1536 3045 1606; x_wconf 85' lang='lat' dir='ltr'><strong>cogitationes</strong></span> <span class='ocrx_word' id='word_1_474' title='bbox 3072 1547 3194 1604; x_wconf 82' lang='lat' dir='ltr'><strong>quae</strong></span> <span class='ocrx_word' id='word_1_475' title='bbox 3225 1545 3354 1586; x_wconf 88' lang='lat' dir='ltr'><strong>tunc</strong></span> <span class='ocrx_word' id='word_1_476' title='bbox 3388 1541 3578 1595; x_wconf 89' lang='lat' dir='ltr'><strong>erunt,</strong></span> 
     </span>
    </p>
   </div>
   <div class='ocr_carea' id='block_1_59' title="bbox 2000 1624 3583 1705">
    <p class='ocr_par' dir='ltr' id='par_1_59' title="bbox 2000 1624 3583 1705">
     <span class='ocr_line' id='line_1_59' title="bbox 2000 1624 3583 1705; baseline -0.008 -15"><span class='ocrx_word' id='word_1_477' title='bbox 2000 1636 2096 1692; x_wconf 84' lang='lat' dir='ltr'><strong>sed</strong></span> <span class='ocrx_word' id='word_1_478' title='bbox 2120 1638 2237 1692; x_wconf 69' lang='lat' dir='ltr'><strong>ista:</strong></span> <span class='ocrx_word' id='word_1_479' title='bbox 2271 1649 2395 1705; x_wconf 72' lang='lat' dir='ltr'><strong>qua:</strong></span> <span class='ocrx_word' id='word_1_480' title='bbox 2433 1646 2577 1688; x_wconf 89' lang='lat' dir='ltr'><strong>nunc</strong></span> <span class='ocrx_word' id='word_1_481' title='bbox 2611 1638 2738 1687; x_wconf 90' lang='lat' dir='ltr'><strong>sunt</strong></span> <span class='ocrx_word' id='word_1_482' title='bbox 2784 1630 2840 1684; x_wconf 92' lang='lat' dir='ltr'><strong>in</strong></span> <span class='ocrx_word' id='word_1_483' title='bbox 2886 1630 3062 1684; x_wconf 91' lang='lat' dir='ltr'><strong>nobis.</strong></span> <span class='ocrx_word' id='word_1_484' title='bbox 3115 1625 3248 1680; x_wconf 86' lang='lat' dir='ltr'><strong>Cum</strong></span> <span class='ocrx_word' id='word_1_485' title='bbox 3293 1625 3437 1678; x_wconf 91' lang='lat' dir='ltr'><strong>enim</strong></span> <span class='ocrx_word' id='word_1_486' title='bbox 3464 1624 3583 1677; x_wconf 88' lang='lat' dir='ltr'><strong>sive</strong></span> 
     </span>
    </p>
   </div>
   <div class='ocr_carea' id='block_1_60' title="bbox 2001 1711 3581 1792">
    <p class='ocr_par' dir='ltr' id='par_1_60' title="bbox 2001 1711 3581 1792">
     <span class='ocr_line' id='line_1_60' title="bbox 2001 1711 3581 1792; baseline -0.01 -10"><span class='ocrx_word' id='word_1_487' title='bbox 2001 1727 2164 1792; x_wconf 87' lang='lat' dir='ltr'><strong>bona,</strong></span> <span class='ocrx_word' id='word_1_488' title='bbox 2211 1726 2330 1780; x_wconf 88' lang='lat' dir='ltr'><strong>sive</strong></span> <span class='ocrx_word' id='word_1_489' title='bbox 2376 1722 2517 1776; x_wconf 89' lang='lat' dir='ltr'><strong>mala</strong></span> <span class='ocrx_word' id='word_1_490' title='bbox 2547 1721 2882 1790; x_wconf 85' lang='lat' dir='ltr'><strong>cogitamus,</strong></span> <span class='ocrx_word' id='word_1_491' title='bbox 2924 1717 3074 1773; x_wconf 90' lang='lat' dir='ltr'><strong>velut</strong></span> <span class='ocrx_word' id='word_1_492' title='bbox 3105 1715 3160 1768; x_wconf 92' lang='lat' dir='ltr'><strong>in</strong></span> <span class='ocrx_word' id='word_1_493' title='bbox 3195 1713 3340 1768; x_wconf 90' lang='lat' dir='ltr'><strong>ceris</strong></span> <span class='ocrx_word' id='word_1_494' title='bbox 3368 1711 3468 1785; x_wconf 89' lang='lat'><strong>(9),</strong></span> <span class='ocrx_word' id='word_1_495' title='bbox 3504 1713 3581 1766; x_wconf 84' lang='lat' dir='ltr'><strong>ita</strong></span> 
     </span>
    </p>
   </div>
   <div class='ocr_carea' id='block_1_61' title="bbox 1932 1803 3576 1879">
    <p class='ocr_par' dir='ltr' id='par_1_61' title="bbox 1932 1803 3576 1879">
     <span class='ocr_line' id='line_1_61' title="bbox 1932 1803 3576 1879; baseline -0.009 -9"><span class='ocrx_word' id='word_1_496' title='bbox 1932 1812 1977 1870; x_wconf 82' lang='grc' dir='ltr'><strong>Β</strong></span> <span class='ocrx_word' id='word_1_497' title='bbox 2005 1818 2057 1871; x_wconf 93' lang='lat' dir='ltr'><strong>in</strong></span> <span class='ocrx_word' id='word_1_498' title='bbox 2083 1817 2246 1873; x_wconf 87' lang='lat' dir='ltr'><strong>corde</strong></span> <span class='ocrx_word' id='word_1_499' title='bbox 2273 1824 2458 1871; x_wconf 91' lang='lat' dir='ltr'><strong>nostro</strong></span> <span class='ocrx_word' id='word_1_500' title='bbox 2480 1823 2590 1868; x_wconf 89' lang='lat' dir='ltr'><strong>tam</strong></span> <span class='ocrx_word' id='word_1_501' title='bbox 2617 1814 2880 1868; x_wconf 88' lang='lat' dir='ltr'><strong>bonarum</strong></span> <span class='ocrx_word' id='word_1_502' title='bbox 2911 1824 3073 1879; x_wconf 89' lang='lat' dir='ltr'><strong>quam</strong></span> <span class='ocrx_word' id='word_1_503' title='bbox 3137 1807 3399 1861; x_wconf 89' lang='lat' dir='ltr'><strong>malarum</strong></span> <span class='ocrx_word' id='word_1_504' title='bbox 3428 1803 3576 1872; x_wconf 84' lang='lat' dir='ltr'><strong>cogi-</strong></span> 
     </span>
    </p>
   </div>
   <div class='ocr_carea' id='block_1_62' title="bbox 2008 1899 3582 1978">
    <p class='ocr_par' dir='ltr' id='par_1_62' title="bbox 2008 1899 3582 1978">
     <span class='ocr_line' id='line_1_62' title="bbox 2008 1899 3582 1978; baseline -0.011 -12"><span class='ocrx_word' id='word_1_505' title='bbox 2008 1912 2273 1967; x_wconf 85' lang='lat' dir='ltr'><strong>tationum</strong></span> <span class='ocrx_word' id='word_1_506' title='bbox 2309 1918 2452 1964; x_wconf 73' lang='lat' dir='ltr'><strong>noue</strong></span> <span class='ocrx_word' id='word_1_507' title='bbox 2477 1908 2726 1978; x_wconf 67' lang='lat' dir='ltr'><strong>quamam</strong></span> <span class='ocrx_word' id='word_1_508' title='bbox 2772 1915 2827 1959; x_wconf 90' lang='lat' dir='ltr'><strong>et</strong></span> <span class='ocrx_word' id='word_1_509' title='bbox 2873 1901 3154 1973; x_wconf 87' lang='lat' dir='ltr'><strong>signacula</strong></span> <span class='ocrx_word' id='word_1_510' title='bbox 3187 1899 3582 1967; x_wconf 85' lang='lat' dir='ltr'><strong>relinquuntur,</strong></span> 
     </span>
    </p>
   </div>
   <div class='ocr_carea' id='block_1_63' title="bbox 2005 1989 3582 2074">
    <p class='ocr_par' dir='ltr' id='par_1_63' title="bbox 2005 1989 3582 2074">
     <span class='ocr_line' id='line_1_63' title="bbox 2005 1989 3582 2074; baseline -0.009 -20"><span class='ocrx_word' id='word_1_511' title='bbox 2005 2018 2125 2074; x_wconf 76' lang='lat' dir='ltr'><strong>qua:</strong></span> <span class='ocrx_word' id='word_1_512' title='bbox 2149 2004 2201 2056; x_wconf 90' lang='lat' dir='ltr'><strong>in</strong></span> <span class='ocrx_word' id='word_1_513' title='bbox 2232 2001 2448 2056; x_wconf 79' lang='lat' dir='ltr'><strong>occulto</strong></span> <span class='ocrx_word' id='word_1_514' title='bbox 2474 2015 2620 2054; x_wconf 90' lang='lat' dir='ltr'><strong>nunc</strong></span> <span class='ocrx_word' id='word_1_515' title='bbox 2648 1996 2888 2068; x_wconf 90' lang='lat' dir='ltr'><strong>pectoris</strong></span> <span class='ocrx_word' id='word_1_516' title='bbox 2917 1995 3112 2065; x_wconf 88' lang='lat' dir='ltr'><strong>posita,</strong></span> <span class='ocrx_word' id='word_1_517' title='bbox 3158 1994 3210 2046; x_wconf 92' lang='lat' dir='ltr'><strong>in</strong></span> <span class='ocrx_word' id='word_1_518' title='bbox 3240 1990 3330 2044; x_wconf 90' lang='lat' dir='ltr'><strong>illa</strong></span> <span class='ocrx_word' id='word_1_519' title='bbox 3358 1989 3445 2043; x_wconf 88' lang='lat' dir='ltr'><strong>die</strong></span> <span class='ocrx_word' id='word_1_520' title='bbox 3490 2003 3582 2042; x_wconf 88' lang='lat' dir='ltr'><strong>re-</strong></span> 
     </span>
    </p>
   </div>
   <div class='ocr_carea' id='block_1_64' title="bbox 2005 2078 3585 2152">
    <p class='ocr_par' dir='ltr' id='par_1_64' title="bbox 2005 2078 3585 2152">
     <span class='ocr_line' id='line_1_64' title="bbox 2005 2078 3585 2152; baseline -0.009 -5"><span class='ocrx_word' id='word_1_521' title='bbox 2005 2093 2178 2150; x_wconf 86' lang='lat' dir='ltr'><strong>velari</strong></span> <span class='ocrx_word' id='word_1_522' title='bbox 2210 2094 2464 2148; x_wconf 90' lang='lat' dir='ltr'><strong>dicuntur</strong></span> <span class='ocrx_word' id='word_1_523' title='bbox 2496 2105 2527 2144; x_wconf 89' lang='lat' dir='ltr'><strong>a</strong></span> <span class='ocrx_word' id='word_1_524' title='bbox 2580 2089 2732 2143; x_wconf 91' lang='lat' dir='ltr'><strong>nullo</strong></span> <span class='ocrx_word' id='word_1_525' title='bbox 2772 2088 2899 2152; x_wconf 89' lang='lat' dir='ltr'><strong>alio,</strong></span> <span class='ocrx_word' id='word_1_526' title='bbox 2949 2084 3050 2139; x_wconf 88' lang='lat' dir='ltr'><strong>nisi</strong></span> <span class='ocrx_word' id='word_1_527' title='bbox 3083 2085 3150 2138; x_wconf 87' lang='lat' dir='ltr'><strong>ab</strong></span> <span class='ocrx_word' id='word_1_528' title='bbox 3201 2097 3267 2136; x_wconf 90' lang='lat' dir='ltr'><strong>eo</strong></span> <span class='ocrx_word' id='word_1_529' title='bbox 3301 2081 3393 2150; x_wconf 88' lang='lat' dir='ltr'><strong>qui</strong></span> <span class='ocrx_word' id='word_1_530' title='bbox 3436 2078 3585 2134; x_wconf 87' lang='lat' dir='ltr'><strong>solus</strong></span> 
     </span>
    </p>
   </div>
   <div class='ocr_carea' id='block_1_65' title="bbox 2005 2175 3581 2253">
    <p class='ocr_par' dir='ltr' id='par_1_65' title="bbox 2005 2175 3581 2253">
     <span class='ocr_line' id='line_1_65' title="bbox 2005 2175 3581 2253; baseline -0.01 -14"><span class='ocrx_word' id='word_1_531' title='bbox 2005 2193 2184 2253; x_wconf 90' lang='lat' dir='ltr'><strong>potest</strong></span> <span class='ocrx_word' id='word_1_532' title='bbox 2209 2182 2417 2238; x_wconf 89' lang='lat' dir='ltr'><strong>occulta</strong></span> <span class='ocrx_word' id='word_1_533' title='bbox 2446 2180 2726 2236; x_wconf 90' lang='lat' dir='ltr'><strong>hominum</strong></span> <span class='ocrx_word' id='word_1_534' title='bbox 2777 2180 2919 2234; x_wconf 90' lang='lat' dir='ltr'><strong>seire</strong></span> <span class='ocrx_word' id='word_1_535' title='bbox 2947 2195 2961 2232; x_wconf 90' lang='lat'><strong>:</strong></span> <span class='ocrx_word' id='word_1_536' title='bbox 2994 2190 3226 2246; x_wconf 88' lang='lat' dir='ltr'><strong>quorum</strong></span> <span class='ocrx_word' id='word_1_537' title='bbox 3279 2175 3581 2244; x_wconf 89' lang='lat' dir='ltr'><strong>signorum,</strong></span> 
     </span>
    </p>
   </div>
   <div class='ocr_carea' id='block_1_66' title="bbox 2008 2264 3578 2344">
    <p class='ocr_par' dir='ltr' id='par_1_66' title="bbox 2008 2264 3578 2344">
     <span class='ocr_line' id='line_1_66' title="bbox 2008 2264 3578 2344; baseline -0.01 -15"><span class='ocrx_word' id='word_1_538' title='bbox 2008 2275 2094 2329; x_wconf 89' lang='lat' dir='ltr'><strong>vel</strong></span> <span class='ocrx_word' id='word_1_539' title='bbox 2117 2289 2344 2344; x_wconf 88' lang='lat' dir='ltr'><strong>quarum</strong></span> <span class='ocrx_word' id='word_1_540' title='bbox 2375 2281 2622 2326; x_wconf 88' lang='lat' dir='ltr'><strong>notarum</strong></span> <span class='ocrx_word' id='word_1_541' title='bbox 2655 2283 2853 2324; x_wconf 89' lang='lat' dir='ltr'><strong>causas</strong></span> <span class='ocrx_word' id='word_1_542' title='bbox 2883 2284 2988 2322; x_wconf 91' lang='lat' dir='ltr'><strong>non</strong></span> <span class='ocrx_word' id='word_1_543' title='bbox 3018 2267 3192 2321; x_wconf 89' lang='lat' dir='ltr'><strong>latere</strong></span> <span class='ocrx_word' id='word_1_544' title='bbox 3220 2265 3387 2325; x_wconf 86' lang='lat' dir='ltr'><strong>Deum</strong></span> <span class='ocrx_word' id='word_1_545' title='bbox 3414 2264 3578 2317; x_wconf 89' lang='lat' dir='ltr'><strong>etiam</strong></span> 
     </span>
    </p>
   </div>
   <div class='ocr_carea' id='block_1_67' title="bbox 2008 2351 3584 2423">
    <p class='ocr_par' dir='ltr' id='par_1_67' title="bbox 2008 2351 3584 2423">
     <span class='ocr_line' id='line_1_67' title="bbox 2008 2351 3584 2423; baseline -0.01 -3"><span class='ocrx_word' id='word_1_546' title='bbox 2008 2374 2196 2420; x_wconf 89' lang='lat' dir='ltr'><strong>nostra</strong></span> <span class='ocrx_word' id='word_1_547' title='bbox 2223 2361 2559 2419; x_wconf 87' lang='lat' dir='ltr'><strong>conscientia</strong></span> <span class='ocrx_word' id='word_1_548' title='bbox 2595 2358 3016 2415; x_wconf 88' lang='lat' dir='ltr'><strong>contestabitur.</strong></span> <span class='ocrx_word' id='word_1_549' title='bbox 3071 2356 3224 2423; x_wconf 87' lang='lat' dir='ltr'><strong>Quod</strong></span> <span class='ocrx_word' id='word_1_550' title='bbox 3288 2364 3468 2408; x_wconf 85' lang='lat' dir='ltr'><strong>tamen</strong></span> <span class='ocrx_word' id='word_1_551' title='bbox 3495 2351 3584 2421; x_wconf 84' lang='lat' dir='ltr'><strong>ju-</strong></span> 
     </span>
    </p>
   </div>
   <div class='ocr_carea' id='block_1_68' title="bbox 2008 2444 3584 2522">
    <p class='ocr_par' dir='ltr' id='par_1_68' title="bbox 2008 2444 3584 2522">
     <span class='ocr_line' id='line_1_68' title="bbox 2008 2444 3584 2522; baseline -0.008 -11"><span class='ocrx_word' id='word_1_552' title='bbox 2008 2459 2228 2522; x_wconf 90' lang='lat' dir='ltr'><strong>dicium,</strong></span> <span class='ocrx_word' id='word_1_553' title='bbox 2263 2454 2559 2510; x_wconf 91' lang='lat' dir='ltr'><strong>secundum</strong></span> <span class='ocrx_word' id='word_1_554' title='bbox 2593 2450 2948 2518; x_wconf 85' lang='lat' dir='ltr'><strong>Evangelium</strong></span> <span class='ocrx_word' id='word_1_555' title='bbox 2974 2448 3127 2503; x_wconf 87' lang='lat' dir='ltr'><strong>Pauli</strong></span> <span class='ocrx_word' id='word_1_556' title='bbox 3163 2446 3289 2517; x_wconf 90' lang='lat' dir='ltr'><strong>(hoc</strong></span> <span class='ocrx_word' id='word_1_557' title='bbox 3315 2444 3584 2514; x_wconf 86' lang='lat' dir='ltr'><strong>est,quod</strong></span> 
     </span>
    </p>
   </div>
   <div class='ocr_carea' id='block_1_69' title="bbox 2011 2538 3585 2617">
    <p class='ocr_par' dir='ltr' id='par_1_69' title="bbox 2011 2538 3585 2617">
     <span class='ocr_line' id='line_1_69' title="bbox 2011 2538 3585 2617; baseline -0.007 -15"><span class='ocrx_word' id='word_1_558' title='bbox 2011 2546 2211 2603; x_wconf 85' lang='lat' dir='ltr'><strong>Paulus</strong></span> <span class='ocrx_word' id='word_1_559' title='bbox 2244 2544 2554 2617; x_wconf 87' lang='lat' dir='ltr'><strong>annuntiat)</strong></span> <span class='ocrx_word' id='word_1_560' title='bbox 2585 2558 2682 2615; x_wconf 90' lang='lat' dir='ltr'><strong>per</strong></span> <span class='ocrx_word' id='word_1_561' title='bbox 2704 2542 2886 2598; x_wconf 85' lang='lat' dir='ltr'><strong>Jesum</strong></span> <span class='ocrx_word' id='word_1_562' title='bbox 2912 2541 3190 2597; x_wconf 81' lang='lat' dir='ltr'><strong>Chriswm</strong></span> <span class='ocrx_word' id='word_1_563' title='bbox 3228 2540 3343 2595; x_wconf 78' lang='lat' dir='ltr'><strong>ﬁet.</strong></span> <span class='ocrx_word' id='word_1_564' title='bbox 3372 2556 3392 2590; x_wconf 70' lang='grc' dir='ltr'><strong><em>ο</em></strong></span> <span class='ocrx_word' id='word_1_565' title='bbox 3423 2538 3585 2591; x_wconf 86' lang='lat' dir='ltr'><strong>Pater</strong></span> 
     </span>
    </p>
   </div>
   <div class='ocr_carea' id='block_1_70' title="bbox 2008 2629 3587 2708">
    <p class='ocr_par' dir='ltr' id='par_1_70' title="bbox 2008 2629 3587 2708">
     <span class='ocr_line' id='line_1_70' title="bbox 2008 2629 3587 2708; baseline -0.006 -15"><span class='ocrx_word' id='word_1_566' title='bbox 2008 2640 2155 2694; x_wconf 90' lang='lat' dir='ltr'><strong>enim</strong></span> <span class='ocrx_word' id='word_1_567' title='bbox 2199 2640 2471 2694; x_wconf 89' lang='lat' dir='ltr'><strong>neminem</strong></span> <span class='ocrx_word' id='word_1_568' title='bbox 2511 2637 2743 2708; x_wconf 88' lang='lat' dir='ltr'><strong>judicat,</strong></span> <span class='ocrx_word' id='word_1_569' title='bbox 2785 2634 2879 2689; x_wconf 88' lang='lat' dir='ltr'><strong>sed</strong></span> <span class='ocrx_word' id='word_1_570' title='bbox 2918 2648 3080 2688; x_wconf 89' lang='lat' dir='ltr'><strong>omne</strong></span> <span class='ocrx_word' id='word_1_571' title='bbox 3122 2632 3387 2703; x_wconf 86' lang='lat' dir='ltr'><strong>judicium</strong></span> <span class='ocrx_word' id='word_1_572' title='bbox 3432 2629 3587 2685; x_wconf 87' lang='lat' dir='ltr'><strong>dedit</strong></span> 
     </span>
    </p>
   </div>
   <div class='ocr_carea' id='block_1_71' title="bbox 2010 2719 3586 2790">
    <p class='ocr_par' dir='ltr' id='par_1_71' title="bbox 2010 2719 3586 2790">
     <span class='ocr_line' id='line_1_71' title="bbox 2010 2719 3586 2790; baseline -0.007 -6"><span class='ocrx_word' id='word_1_573' title='bbox 2010 2728 2148 2784; x_wconf 81' lang='lat' dir='ltr'><strong>Filio</strong></span> <span class='ocrx_word' id='word_1_574' title='bbox 2176 2729 2242 2782; x_wconf 79' lang='lat'><strong>&quot;.</strong></span> <span class='ocrx_word' id='word_1_575' title='bbox 2279 2747 2302 2781; x_wconf 75' lang='grc' dir='ltr'><strong>ι</strong></span> <span class='ocrx_word' id='word_1_576' title='bbox 2332 2726 2572 2788; x_wconf 77' lang='lat' dir='ltr'><strong>Marcion</strong></span> <span class='ocrx_word' id='word_1_577' title='bbox 2622 2733 2828 2788; x_wconf 90' lang='lat' dir='ltr'><strong>tamen,</strong></span> <span class='ocrx_word' id='word_1_578' title='bbox 2878 2732 2933 2777; x_wconf 91' lang='lat' dir='ltr'><strong>et</strong></span> <span class='ocrx_word' id='word_1_579' title='bbox 2962 2735 3152 2777; x_wconf 86' lang='lat' dir='ltr'><strong>omnes</strong></span> <span class='ocrx_word' id='word_1_580' title='bbox 3208 2719 3299 2790; x_wconf 91' lang='lat' dir='ltr'><strong>qui</strong></span> <span class='ocrx_word' id='word_1_581' title='bbox 3354 2719 3586 2775; x_wconf 86' lang='lat' dir='ltr'><strong>diversis</strong></span> 
     </span>
    </p>
   </div>
   <div class='ocr_carea' id='block_1_72' title="bbox 2010 2812 3585 2890">
    <p class='ocr_par' dir='ltr' id='par_1_72' title="bbox 2010 2812 3585 2890">
     <span class='ocr_line' id='line_1_72' title="bbox 2010 2812 3585 2890; baseline -0.008 -15"><span class='ocrx_word' id='word_1_582' title='bbox 2010 2818 2283 2890; x_wconf 89' lang='lat' dir='ltr'><strong>ﬁgmentis</strong></span> <span class='ocrx_word' id='word_1_583' title='bbox 2329 2818 2516 2873; x_wconf 86' lang='lat' dir='ltr'><strong>varias</strong></span> <span class='ocrx_word' id='word_1_584' title='bbox 2567 2815 2923 2871; x_wconf 92' lang='lat' dir='ltr'><strong>introducunt</strong></span> <span class='ocrx_word' id='word_1_585' title='bbox 2964 2812 3268 2867; x_wconf 90' lang='lat' dir='ltr'><strong>animarum</strong></span> <span class='ocrx_word' id='word_1_586' title='bbox 3338 2819 3585 2874; x_wconf 91' lang='lat' dir='ltr'><strong>naturas,</strong></span> 
     </span>
    </p>
   </div>
   <div class='ocr_carea' id='block_1_73' title="bbox 2011 2898 3582 2977">
    <p class='ocr_par' dir='ltr' id='par_1_73' title="bbox 2011 2898 3582 2977">
     <span class='ocr_line' id='line_1_73' title="bbox 2011 2898 3582 2977; baseline -0.008 -11"><span class='ocrx_word' id='word_1_587' title='bbox 2011 2912 2114 2966; x_wconf 92' lang='lat' dir='ltr'><strong>hoc</strong></span> <span class='ocrx_word' id='word_1_588' title='bbox 2134 2924 2201 2964; x_wconf 81' lang='lat' dir='ltr'><strong>ex</strong></span> <span class='ocrx_word' id='word_1_589' title='bbox 2227 2908 2346 2962; x_wconf 92' lang='lat' dir='ltr'><strong>loco</strong></span> <span class='ocrx_word' id='word_1_590' title='bbox 2372 2906 2714 2977; x_wconf 88' lang='lat' dir='ltr'><strong>apertissime</strong></span> <span class='ocrx_word' id='word_1_591' title='bbox 2762 2903 3135 2966; x_wconf 80' lang='lat' dir='ltr'><strong>confutantur,</strong></span> <span class='ocrx_word' id='word_1_592' title='bbox 3179 2916 3300 2955; x_wconf 89' lang='lat' dir='ltr'><strong>cum</strong></span> <span class='ocrx_word' id='word_1_593' title='bbox 3342 2915 3373 2954; x_wconf 91' lang='lat' dir='ltr'><strong>a</strong></span> <span class='ocrx_word' id='word_1_594' title='bbox 3408 2898 3582 2953; x_wconf 89' lang='lat' dir='ltr'><strong>Paulo</strong></span> 
     </span>
    </p>
   </div>
   <div class='ocr_carea' id='block_1_74' title="bbox 2011 2987 3585 3063">
    <p class='ocr_par' dir='ltr' id='par_1_74' title="bbox 2011 2987 3585 3063">
     <span class='ocr_line' id='line_1_74' title="bbox 2011 2987 3585 3063; baseline -0.008 -7"><span class='ocrx_word' id='word_1_595' title='bbox 2011 3000 2208 3056; x_wconf 91' lang='lat' dir='ltr'><strong>dicitur</strong></span> <span class='ocrx_word' id='word_1_596' title='bbox 2250 2998 2296 3030; x_wconf 83' lang='lat'>“</span> <span class='ocrx_word' id='word_1_597' title='bbox 2325 2998 2471 3053; x_wconf 91' lang='lat' dir='ltr'><strong>Deus</strong></span> <span class='ocrx_word' id='word_1_598' title='bbox 2514 2997 2726 3053; x_wconf 89' lang='lat' dir='ltr'><strong>occulta</strong></span> <span class='ocrx_word' id='word_1_599' title='bbox 2766 2988 3048 3050; x_wconf 89' lang='lat' dir='ltr'><strong>hominum</strong></span> <span class='ocrx_word' id='word_1_600' title='bbox 3099 2992 3470 3063; x_wconf 73' lang='lat' dir='ltr'><strong>judicareper</strong></span> <span class='ocrx_word' id='word_1_601' title='bbox 3495 2987 3585 3044; x_wconf 80' lang='lat' dir='ltr'><strong>Je-</strong></span> 
     </span>
    </p>
   </div>
   <div class='ocr_carea' id='block_1_75' title="bbox 2013 3087 3585 3150">
    <p class='ocr_par' dir='ltr' id='par_1_75' title="bbox 2013 3087 3585 3150">
     <span class='ocr_line' id='line_1_75' title="bbox 2013 3087 3585 3150; baseline -0.01 -3"><span class='ocrx_word' id='word_1_602' title='bbox 2013 3106 2131 3147; x_wconf 87' lang='lat' dir='ltr'><strong>sum</strong></span> <span class='ocrx_word' id='word_1_603' title='bbox 2157 3089 2429 3145; x_wconf 86' lang='lat' dir='ltr'><strong>Christum</strong></span> <span class='ocrx_word' id='word_1_604' title='bbox 2476 3104 2491 3141; x_wconf 89' lang='lat'><strong>:</strong></span> <span class='ocrx_word' id='word_1_605' title='bbox 2531 3096 2586 3143; x_wconf 92' lang='lat' dir='ltr'><strong>et</strong></span> <span class='ocrx_word' id='word_1_606' title='bbox 2614 3087 2922 3143; x_wconf 89' lang='lat' dir='ltr'><strong>ostenditur</strong></span> <span class='ocrx_word' id='word_1_607' title='bbox 2974 3094 3418 3150; x_wconf 89' lang='lat' dir='ltr'><strong>unumquemque</strong></span> <span class='ocrx_word' id='word_1_608' title='bbox 3475 3095 3585 3134; x_wconf 91' lang='lat' dir='ltr'><strong>non</strong></span> 
     </span>
    </p>
   </div>
   <div class='ocr_carea' id='block_1_76' title="bbox 2014 3172 3584 3251">
    <p class='ocr_par' dir='ltr' id='par_1_76' title="bbox 2014 3172 3584 3251">
     <span class='ocr_line' id='line_1_76' title="bbox 2014 3172 3584 3251; baseline -0.008 -12"><span class='ocrx_word' id='word_1_609' title='bbox 2014 3194 2225 3239; x_wconf 73' lang='lat' dir='ltr'><strong>natum</strong></span> <span class='ocrx_word' id='word_1_610' title='bbox 2248 3180 2554 3251; x_wconf 88' lang='lat' dir='ltr'><strong>privilegio,</strong></span> <span class='ocrx_word' id='word_1_611' title='bbox 2603 3179 2700 3234; x_wconf 89' lang='lat' dir='ltr'><strong>sed</strong></span> <span class='ocrx_word' id='word_1_612' title='bbox 2732 3176 2969 3248; x_wconf 90' lang='lat' dir='ltr'><strong>propriis</strong></span> <span class='ocrx_word' id='word_1_613' title='bbox 3020 3172 3443 3243; x_wconf 87' lang='lat' dir='ltr'><strong>cogitationibus</strong></span> <span class='ocrx_word' id='word_1_614' title='bbox 3493 3183 3584 3227; x_wconf 51' lang='lat' dir='ltr'><strong>ac;</strong></span> 
     </span>
    </p>
   </div>
   <div class='ocr_carea' id='block_1_77' title="bbox 2015 3264 3589 3341">
    <p class='ocr_par' dir='ltr' id='par_1_77' title="bbox 2015 3264 3589 3341">
     <span class='ocr_line' id='line_1_77' title="bbox 2015 3264 3589 3341; baseline -0.007 -12"><span class='ocrx_word' id='word_1_615' title='bbox 2015 3283 2281 3341; x_wconf 89' lang='lat' dir='ltr'><strong>cusatum,</strong></span> <span class='ocrx_word' id='word_1_616' title='bbox 2316 3272 2400 3327; x_wconf 90' lang='lat' dir='ltr'><strong>vel</strong></span> <span class='ocrx_word' id='word_1_617' title='bbox 2435 3280 2776 3337; x_wconf 75' lang='lat' dir='ltr'><strong>excusatum,</strong></span> <span class='ocrx_word' id='word_1_618' title='bbox 2804 3267 3151 3325; x_wconf 81' lang='lat' dir='ltr'><strong>conscientiae</strong></span> <span class='ocrx_word' id='word_1_619' title='bbox 3179 3278 3293 3321; x_wconf 68' lang='lat' dir='ltr'><strong>suae</strong></span> <span class='ocrx_word' id='word_1_620' title='bbox 3336 3264 3589 3319; x_wconf 85' lang='lat' dir='ltr'><strong>testimo-</strong></span> 
     </span>
    </p>
   </div>
   <div class='ocr_carea' id='block_1_78' title="bbox 2015 3365 2498 3436">
    <p class='ocr_par' dir='ltr' id='par_1_78' title="bbox 2015 3365 2498 3436">
     <span class='ocr_line' id='line_1_78' title="bbox 2015 3365 2498 3436; baseline -0.008 -14"><span class='ocrx_word' id='word_1_621' title='bbox 2015 3367 2105 3422; x_wconf 91' lang='lat' dir='ltr'><strong>nio</strong></span> <span class='ocrx_word' id='word_1_622' title='bbox 2121 3365 2498 3436; x_wconf 88' lang='lat' dir='ltr'><strong>judicandum.</strong></span> 
     </span>
    </p>
   </div>
   <div class='ocr_carea' id='block_1_79' title="bbox 2015 3489 3588 3563">
    <p class='ocr_par' dir='ltr' id='par_1_79' title="bbox 2015 3489 3588 3563">
     <span class='ocr_line' id='line_1_79' title="bbox 2015 3489 3588 3563; baseline -0.007 -9"><span class='ocrx_word' id='word_1_623' title='bbox 2015 3534 2021 3539; x_wconf 92' lang='lat'><strong><em>-</em></strong></span> <span class='ocrx_word' id='word_1_624' title='bbox 2086 3500 2176 3557; x_wconf 75' lang='lat' dir='ltr'><strong>ll.</strong></span> <span class='ocrx_word' id='word_1_625' title='bbox 2213 3516 2235 3551; x_wconf 70' lang='grc' dir='ltr'><strong>ι</strong></span> <span class='ocrx_word' id='word_1_626' title='bbox 2271 3497 2331 3553; x_wconf 87' lang='lat' dir='ltr'><strong>Si</strong></span> <span class='ocrx_word' id='word_1_627' title='bbox 2374 3506 2554 3552; x_wconf 89' lang='lat' dir='ltr'><strong>autem</strong></span> <span class='ocrx_word' id='word_1_628' title='bbox 2604 3504 2658 3551; x_wconf 91' lang='lat' dir='ltr'><strong>tu</strong></span> <span class='ocrx_word' id='word_1_629' title='bbox 2690 3494 2907 3550; x_wconf 62' lang='lat' dir='ltr'><strong>Iudaeus</strong></span> <span class='ocrx_word' id='word_1_630' title='bbox 2935 3489 3361 3563; x_wconf 88' lang='lat' dir='ltr'><strong>cognominaris,</strong></span> <span class='ocrx_word' id='word_1_631' title='bbox 3416 3496 3472 3544; x_wconf 91' lang='lat' dir='ltr'><strong>et</strong></span> <span class='ocrx_word' id='word_1_632' title='bbox 3499 3501 3588 3544; x_wconf 83' lang='lat' dir='ltr'><strong>re-</strong></span> 
     </span>
    </p>
   </div>
   <div class='ocr_carea' id='block_1_80' title="bbox 2014 3577 3591 3658">
    <p class='ocr_par' dir='ltr' id='par_1_80' title="bbox 2014 3577 3591 3658">
     <span class='ocr_line' id='line_1_80' title="bbox 2014 3577 3591 3658; baseline -0.007 -17"><span class='ocrx_word' id='word_1_633' title='bbox 2014 3587 2248 3658; x_wconf 88' lang='lat' dir='ltr'><strong>quiescis</strong></span> <span class='ocrx_word' id='word_1_634' title='bbox 2290 3590 2344 3642; x_wconf 90' lang='lat' dir='ltr'><strong>in</strong></span> <span class='ocrx_word' id='word_1_635' title='bbox 2384 3587 2524 3656; x_wconf 87' lang='lat' dir='ltr'><strong>lege,</strong></span> <span class='ocrx_word' id='word_1_636' title='bbox 2559 3594 2615 3640; x_wconf 88' lang='lat' dir='ltr'><strong>et</strong></span> <span class='ocrx_word' id='word_1_637' title='bbox 2661 3583 2912 3655; x_wconf 88' lang='lat' dir='ltr'><strong>gloriaris</strong></span> <span class='ocrx_word' id='word_1_638' title='bbox 2960 3583 3013 3635; x_wconf 92' lang='lat' dir='ltr'><strong>in</strong></span> <span class='ocrx_word' id='word_1_639' title='bbox 3044 3581 3177 3645; x_wconf 86' lang='lat' dir='ltr'><strong>Deo,</strong></span> <span class='ocrx_word' id='word_1_640' title='bbox 3221 3588 3278 3633; x_wconf 90' lang='lat' dir='ltr'><strong>et</strong></span> <span class='ocrx_word' id='word_1_641' title='bbox 3304 3577 3591 3646; x_wconf 86' lang='lat' dir='ltr'><strong>cognoscis</strong></span> 
     </span>
    </p>
   </div>
   <div class='ocr_carea' id='block_1_81' title="bbox 2015 3671 3588 3746">
    <p class='ocr_par' dir='ltr' id='par_1_81' title="bbox 2015 3671 3588 3746">
     <span class='ocr_line' id='line_1_81' title="bbox 2015 3671 3588 3746; baseline -0.008 -14"><span class='ocrx_word' id='word_1_642' title='bbox 2015 3679 2347 3734; x_wconf 90' lang='lat' dir='ltr'><strong>voluntatem</strong></span> <span class='ocrx_word' id='word_1_643' title='bbox 2376 3679 2515 3746; x_wconf 89' lang='lat' dir='ltr'><strong>ejus,</strong></span> <span class='ocrx_word' id='word_1_644' title='bbox 2553 3685 2609 3731; x_wconf 90' lang='lat' dir='ltr'><strong>et</strong></span> <span class='ocrx_word' id='word_1_645' title='bbox 2647 3676 2850 3745; x_wconf 89' lang='lat' dir='ltr'><strong>probas</strong></span> <span class='ocrx_word' id='word_1_646' title='bbox 2889 3671 3131 3739; x_wconf 92' lang='lat' dir='ltr'><strong>utiliora,</strong></span> <span class='ocrx_word' id='word_1_647' title='bbox 3160 3671 3459 3724; x_wconf 88' lang='lat' dir='ltr'><strong>instructus</strong></span> <span class='ocrx_word' id='word_1_648' title='bbox 3488 3682 3588 3735; x_wconf 90' lang='lat' dir='ltr'><strong>per</strong></span> 
     </span>
    </p>
   </div>
   <div class='ocr_carea' id='block_1_82' title="bbox 2016 3759 3588 3842">
    <p class='ocr_par' dir='ltr' id='par_1_82' title="bbox 2016 3759 3588 3842">
     <span class='ocr_line' id='line_1_82' title="bbox 2016 3759 3588 3842; baseline -0.008 -17"><span class='ocrx_word' id='word_1_649' title='bbox 2016 3771 2291 3842; x_wconf 87' lang='lat' dir='ltr'><strong>legem,et</strong></span> <span class='ocrx_word' id='word_1_650' title='bbox 2310 3770 2538 3834; x_wconf 86' lang='lat' dir='ltr'><strong>conﬁdis</strong></span> <span class='ocrx_word' id='word_1_651' title='bbox 2556 3778 2606 3823; x_wconf 90' lang='lat' dir='ltr'><strong>te</strong></span> <span class='ocrx_word' id='word_1_652' title='bbox 2646 3768 2840 3822; x_wconf 87' lang='lat' dir='ltr'><strong>ducem</strong></span> <span class='ocrx_word' id='word_1_653' title='bbox 2906 3778 3023 3820; x_wconf 88' lang='lat' dir='ltr'><strong>esse</strong></span> <span class='ocrx_word' id='word_1_654' title='bbox 3081 3776 3368 3824; x_wconf 85' lang='lat' dir='ltr'><strong>caecorum,</strong></span> <span class='ocrx_word' id='word_1_655' title='bbox 3404 3759 3588 3813; x_wconf 91' lang='lat' dir='ltr'><strong>lumen</strong></span> 
     </span>
    </p>
   </div>
   <div class='ocr_carea' id='block_1_83' title="bbox 2016 3853 3589 3933">
    <p class='ocr_par' dir='ltr' id='par_1_83' title="bbox 2016 3853 3589 3933">
     <span class='ocr_line' id='line_1_83' title="bbox 2016 3853 3589 3933; baseline -0.011 -12"><span class='ocrx_word' id='word_1_656' title='bbox 2016 3879 2205 3921; x_wconf 91' lang='lat' dir='ltr'><strong>eorum</strong></span> <span class='ocrx_word' id='word_1_657' title='bbox 2242 3864 2337 3933; x_wconf 86' lang='lat' dir='ltr'><strong>qui</strong></span> <span class='ocrx_word' id='word_1_658' title='bbox 2369 3864 2424 3916; x_wconf 91' lang='lat' dir='ltr'><strong>in</strong></span> <span class='ocrx_word' id='word_1_659' title='bbox 2482 3861 2720 3916; x_wconf 89' lang='lat' dir='ltr'><strong>tenebris</strong></span> <span class='ocrx_word' id='word_1_660' title='bbox 2748 3866 2895 3925; x_wconf 90' lang='lat' dir='ltr'><strong>sunt,</strong></span> <span class='ocrx_word' id='word_1_661' title='bbox 2954 3857 3282 3912; x_wconf 83' lang='lat' dir='ltr'><strong>eruditorcm</strong></span> <span class='ocrx_word' id='word_1_662' title='bbox 3324 3853 3589 3921; x_wconf 83' lang='lat' dir='ltr'><strong>insipien—</strong></span> 
     </span>
    </p>
   </div>
   <div class='ocr_carea' id='block_1_84' title="bbox 2019 3945 3589 4026">
    <p class='ocr_par' dir='ltr' id='par_1_84' title="bbox 2019 3945 3589 4026">
     <span class='ocr_line' id='line_1_84' title="bbox 2019 3945 3589 4026; baseline -0.01 -14"><span class='ocrx_word' id='word_1_663' title='bbox 2019 3960 2175 4024; x_wconf 84' lang='lat' dir='ltr'><strong>tium,</strong></span> <span class='ocrx_word' id='word_1_664' title='bbox 2220 3957 2540 4026; x_wconf 83' lang='lat' dir='ltr'><strong>magistrum</strong></span> <span class='ocrx_word' id='word_1_665' title='bbox 2607 3951 2927 4015; x_wconf 77' lang='lat' dir='ltr'><strong>infantium,</strong></span> <span class='ocrx_word' id='word_1_666' title='bbox 2992 3948 3285 4003; x_wconf 88' lang='lat' dir='ltr'><strong>habentem</strong></span> <span class='ocrx_word' id='word_1_667' title='bbox 3357 3945 3589 3999; x_wconf 77' lang='lat' dir='ltr'><strong>formam</strong></span> 
     </span>
    </p>
   </div>
   <div class='ocr_carea' id='block_1_85' title="bbox 2019 4034 3590 4111">
    <p class='ocr_par' dir='ltr' id='par_1_85' title="bbox 2019 4034 3590 4111">
     <span class='ocr_line' id='line_1_85' title="bbox 2019 4034 3590 4111; baseline -0.013 -6"><span class='ocrx_word' id='word_1_668' title='bbox 2019 4048 2259 4105; x_wconf 78' lang='lat' dir='ltr'><strong>scientia:</strong></span> <span class='ocrx_word' id='word_1_669' title='bbox 2288 4057 2345 4103; x_wconf 92' lang='lat' dir='ltr'><strong>et</strong></span> <span class='ocrx_word' id='word_1_670' title='bbox 2370 4044 2621 4101; x_wconf 86' lang='lat' dir='ltr'><strong>veritatis</strong></span> <span class='ocrx_word' id='word_1_671' title='bbox 2647 4044 2700 4097; x_wconf 94' lang='lat' dir='ltr'><strong>in</strong></span> <span class='ocrx_word' id='word_1_672' title='bbox 2730 4042 2868 4111; x_wconf 82' lang='lat' dir='ltr'><strong>lege.</strong></span> <span class='ocrx_word' id='word_1_673' title='bbox 2914 4039 3015 4106; x_wconf 85' lang='lat' dir='ltr'><strong>Qui</strong></span> <span class='ocrx_word' id='word_1_674' title='bbox 3046 4052 3174 4093; x_wconf 89' lang='lat' dir='ltr'><strong>vero</strong></span> <span class='ocrx_word' id='word_1_675' title='bbox 3211 4040 3372 4092; x_wconf 90' lang='lat' dir='ltr'><strong>doces</strong></span> <span class='ocrx_word' id='word_1_676' title='bbox 3401 4034 3590 4099; x_wconf 91' lang='lat' dir='ltr'><strong>alium,</strong></span> 
     </span>
    </p>
   </div>
   <div class='ocr_carea' id='block_1_86' title="bbox 2019 4123 3587 4209">
    <p class='ocr_par' dir='ltr' id='par_1_86' title="bbox 2019 4123 3587 4209">
     <span class='ocr_line' id='line_1_86' title="bbox 2019 4123 3587 4209; baseline -0.012 -16"><span class='ocrx_word' id='word_1_677' title='bbox 2019 4140 2250 4209; x_wconf 90' lang='lat' dir='ltr'><strong>teipsum</strong></span> <span class='ocrx_word' id='word_1_678' title='bbox 2282 4151 2388 4191; x_wconf 91' lang='lat' dir='ltr'><strong>non</strong></span> <span class='ocrx_word' id='word_1_679' title='bbox 2431 4133 2638 4187; x_wconf 87' lang='lat' dir='ltr'><strong>doces:</strong></span> <span class='ocrx_word' id='word_1_680' title='bbox 2669 4132 2763 4201; x_wconf 89' lang='lat' dir='ltr'><strong>qui</strong></span> <span class='ocrx_word' id='word_1_681' title='bbox 2809 4129 3074 4199; x_wconf 78' lang='lat' dir='ltr'><strong>praedicas</strong></span> <span class='ocrx_word' id='word_1_682' title='bbox 3127 4140 3233 4181; x_wconf 93' lang='lat' dir='ltr'><strong>non</strong></span> <span class='ocrx_word' id='word_1_683' title='bbox 3270 4123 3587 4187; x_wconf 77' lang='lat' dir='ltr'><strong>furandum,</strong></span> 
     </span>
    </p>
   </div>
   <div class='ocr_carea' id='block_1_87' title="bbox 2018 4214 3587 4297">
    <p class='ocr_par' dir='ltr' id='par_1_87' title="bbox 2018 4214 3587 4297">
     <span class='ocr_line' id='line_1_87' title="bbox 2018 4214 3587 4297; baseline -0.011 -12"><span class='ocrx_word' id='word_1_684' title='bbox 2018 4231 2264 4285; x_wconf 81' lang='lat' dir='ltr'><strong>furaris:</strong></span> <span class='ocrx_word' id='word_1_685' title='bbox 2298 4226 2389 4297; x_wconf 92' lang='lat' dir='ltr'><strong>qui</strong></span> <span class='ocrx_word' id='word_1_686' title='bbox 2446 4226 2582 4280; x_wconf 86' lang='lat' dir='ltr'><strong>dicis</strong></span> <span class='ocrx_word' id='word_1_687' title='bbox 2616 4237 2719 4277; x_wconf 92' lang='lat' dir='ltr'><strong>non</strong></span> <span class='ocrx_word' id='word_1_688' title='bbox 2773 4220 3179 4284; x_wconf 75' lang='lat' dir='ltr'><strong>mtechandum,</strong></span> <span class='ocrx_word' id='word_1_689' title='bbox 3250 4214 3587 4270; x_wconf 77' lang='lat' dir='ltr'><strong>mtecharis:</strong></span> 
     </span>
    </p>
   </div>
   <div class='ocr_carea' id='block_1_88' title="bbox 2017 4306 3593 4394">
    <p class='ocr_par' dir='ltr' id='par_1_88' title="bbox 2017 4306 3593 4394">
     <span class='ocr_line' id='line_1_88' title="bbox 2017 4306 3593 4394; baseline -0.011 -17"><span class='ocrx_word' id='word_1_690' title='bbox 2017 4322 2111 4394; x_wconf 85' lang='lat' dir='ltr'><strong>qui</strong></span> <span class='ocrx_word' id='word_1_691' title='bbox 2160 4318 2495 4376; x_wconf 89' lang='lat' dir='ltr'><strong>abominaris</strong></span> <span class='ocrx_word' id='word_1_692' title='bbox 2550 4316 2713 4384; x_wconf 90' lang='lat' dir='ltr'><strong>idola,</strong></span> <span class='ocrx_word' id='word_1_693' title='bbox 2744 4315 3091 4384; x_wconf 89' lang='lat' dir='ltr'><strong>sacrilegium</strong></span> <span class='ocrx_word' id='word_1_694' title='bbox 3130 4311 3465 4366; x_wconf 90' lang='lat' dir='ltr'><strong>committis:</strong></span> <span class='ocrx_word' id='word_1_695' title='bbox 3497 4306 3593 4377; x_wconf 90' lang='lat' dir='ltr'><strong>qui</strong></span> 
     </span>
    </p>
   </div>
   <div class='ocr_carea' id='block_1_89' title="bbox 335 4400 3587 4485">
    <p class='ocr_par' dir='ltr' id='par_1_89' title="bbox 335 4400 3587 4485">
     <span class='ocr_line' id='line_1_89' title="bbox 335 4400 3587 4485; baseline -0.005 -16"><span class='ocrx_word' id='word_1_696' title='bbox 335 4424 618 4484; x_wconf 85' lang='lat' dir='ltr'><strong>separatur</strong></span> <span class='ocrx_word' id='word_1_697' title='bbox 646 4413 725 4485; x_wconf 87' lang='lat'><strong>(8)</strong></span> <span class='ocrx_word' id='word_1_698' title='bbox 756 4412 825 4467; x_wconf 92' lang='lat' dir='ltr'><strong>ab</strong></span> <span class='ocrx_word' id='word_1_699' title='bbox 854 4413 1034 4467; x_wconf 90' lang='lat' dir='ltr'><strong>anima</strong></span> <span class='ocrx_word' id='word_1_700' title='bbox 1072 4412 1400 4482; x_wconf 88' lang='lat' dir='ltr'><strong>peccatrice,</strong></span> <span class='ocrx_word' id='word_1_701' title='bbox 1435 4421 1493 4464; x_wconf 87' lang='lat' dir='ltr'><strong>ut</strong></span> <span class='ocrx_word' id='word_1_702' title='bbox 1516 4410 1605 4465; x_wconf 71' lang='lat' dir='ltr'><strong>illa</strong></span> <span class='ocrx_word' id='word_1_703' title='bbox 1636 4424 1760 4465; x_wconf 85' lang='lat' dir='ltr'><strong>cum</strong></span> <span class='ocrx_word' id='word_1_704' title='bbox 1791 4409 1915 4463; x_wconf 85' lang='lat' dir='ltr'><strong>inﬁ-</strong></span> <span class='ocrx_word' id='word_1_705' title='bbox 2021 4417 2072 4470; x_wconf 92' lang='lat' dir='ltr'><strong>in</strong></span> <span class='ocrx_word' id='word_1_706' title='bbox 2104 4414 2218 4483; x_wconf 87' lang='lat' dir='ltr'><strong>lege</strong></span> <span class='ocrx_word' id='word_1_707' title='bbox 2246 4411 2524 4481; x_wconf 88' lang='lat' dir='ltr'><strong>gloriaris,</strong></span> <span class='ocrx_word' id='word_1_708' title='bbox 2552 4424 2651 4480; x_wconf 88' lang='lat' dir='ltr'><strong>per</strong></span> <span class='ocrx_word' id='word_1_709' title='bbox 2687 4405 3195 4478; x_wconf 67' lang='lat' dir='ltr'><strong>praevaricationem</strong></span> <span class='ocrx_word' id='word_1_710' title='bbox 3253 4401 3386 4472; x_wconf 89' lang='lat' dir='ltr'><strong>legis</strong></span> <span class='ocrx_word' id='word_1_711' title='bbox 3419 4400 3587 4456; x_wconf 86' lang='lat' dir='ltr'><strong>Deum</strong></span> 
     </span>
    </p>
   </div>
   <div class='ocr_carea' id='block_1_90' title="bbox 334 4494 3583 4572">
    <p class='ocr_par' dir='ltr' id='par_1_90' title="bbox 334 4494 3583 4572">
     <span class='ocr_line' id='line_1_90' title="bbox 334 4494 3583 4572; baseline -0.005 -12"><span class='ocrx_word' id='word_1_712' title='bbox 334 4504 548 4560; x_wconf 86' lang='lat' dir='ltr'><strong>delibus</strong></span> <span class='ocrx_word' id='word_1_713' title='bbox 582 4502 821 4572; x_wconf 90' lang='lat' dir='ltr'><strong>accipiat</strong></span> <span class='ocrx_word' id='word_1_714' title='bbox 848 4510 1084 4570; x_wconf 90' lang='lat' dir='ltr'><strong>partem,</strong></span> <span class='ocrx_word' id='word_1_715' title='bbox 1119 4507 1297 4570; x_wconf 87' lang='lat' dir='ltr'><strong>potest</strong></span> <span class='ocrx_word' id='word_1_716' title='bbox 1331 4498 1584 4554; x_wconf 89' lang='lat' dir='ltr'><strong>similiter</strong></span> <span class='ocrx_word' id='word_1_717' title='bbox 1623 4498 1707 4554; x_wconf 83' lang='lat' dir='ltr'><strong>his</strong></span> <span class='ocrx_word' id='word_1_718' title='bbox 1738 4498 1913 4568; x_wconf 90' lang='lat' dir='ltr'><strong>aptari</strong></span> <span class='ocrx_word' id='word_1_719' title='bbox 1944 4515 1988 4570; x_wconf 78' lang='grc' dir='ltr'>ι)</span> <span class='ocrx_word' id='word_1_720' title='bbox 2016 4507 2341 4561; x_wconf 69' lang='lat' dir='ltr'><strong>debonoras.</strong></span> <span class='ocrx_word' id='word_1_721' title='bbox 2372 4502 2580 4557; x_wconf 80' lang='lat' dir='ltr'><strong>Nomen</strong></span> <span class='ocrx_word' id='word_1_722' title='bbox 2615 4501 2762 4555; x_wconf 84' lang='lat' dir='ltr'><strong>enim</strong></span> <span class='ocrx_word' id='word_1_723' title='bbox 2796 4498 2890 4552; x_wconf 82' lang='lat' dir='ltr'><strong>Dei</strong></span> <span class='ocrx_word' id='word_1_724' title='bbox 2920 4513 3015 4566; x_wconf 81' lang='lat' dir='ltr'><strong>per</strong></span> <span class='ocrx_word' id='word_1_725' title='bbox 3040 4510 3135 4550; x_wconf 90' lang='lat' dir='ltr'><strong>vos</strong></span> <span class='ocrx_word' id='word_1_726' title='bbox 3170 4494 3583 4562; x_wconf 88' lang='lat' dir='ltr'><strong>blasphematur</strong></span> 
     </span>
    </p>
   </div>
   <div class='ocr_carea' id='block_1_91' title="bbox 335 4586 1907 4665">
    <p class='ocr_par' dir='ltr' id='par_1_91' title="bbox 335 4589 1907 4663">
     <span class='ocr_line' id='line_1_91' title="bbox 335 4589 1907 4663; baseline -0.004 -12"><span class='ocrx_word' id='word_1_727' title='bbox 335 4605 392 4651; x_wconf 90' lang='lat' dir='ltr'><strong>et</strong></span> <span class='ocrx_word' id='word_1_728' title='bbox 410 4595 542 4650; x_wconf 91' lang='lat' dir='ltr'><strong>illud</strong></span> <span class='ocrx_word' id='word_1_729' title='bbox 571 4593 713 4663; x_wconf 88' lang='lat' dir='ltr'><strong>quod</strong></span> <span class='ocrx_word' id='word_1_730' title='bbox 743 4593 946 4649; x_wconf 83' lang='lat' dir='ltr'><strong>dictum</strong></span> <span class='ocrx_word' id='word_1_731' title='bbox 975 4600 1058 4647; x_wconf 88' lang='lat' dir='ltr'><strong>est</strong></span> <span class='ocrx_word' id='word_1_732' title='bbox 1083 4608 1100 4646; x_wconf 87' lang='lat'><strong>:</strong></span> <span class='ocrx_word' id='word_1_733' title='bbox 1140 4610 1158 4642; x_wconf 74' lang='grc' dir='ltr'><strong>ι</strong></span> <span class='ocrx_word' id='word_1_734' title='bbox 1192 4591 1364 4644; x_wconf 91' lang='lat' dir='ltr'><strong>Erunt</strong></span> <span class='ocrx_word' id='word_1_735' title='bbox 1391 4590 1496 4643; x_wconf 92' lang='lat' dir='ltr'><strong>duo</strong></span> <span class='ocrx_word' id='word_1_736' title='bbox 1520 4589 1573 4642; x_wconf 91' lang='lat' dir='ltr'><strong>in</strong></span> <span class='ocrx_word' id='word_1_737' title='bbox 1599 4603 1748 4658; x_wconf 89' lang='lat' dir='ltr'><strong>agro,</strong></span> <span class='ocrx_word' id='word_1_738' title='bbox 1778 4603 1907 4644; x_wconf 77' lang='lat' dir='ltr'><strong>unus</strong></span> 
     </span>
    </p>
   </div>
   <div class='ocr_carea' id='block_1_92' title="bbox 2005 4586 3588 4665">
    <p class='ocr_par' dir='ltr' id='par_1_92' title="bbox 2014 4586 3588 4665">
     <span class='ocr_line' id='line_1_92' title="bbox 2014 4586 3588 4665; baseline -0.009 -12"><span class='ocrx_word' id='word_1_739' title='bbox 2014 4599 2158 4653; x_wconf 89' lang='lat' dir='ltr'><strong>inter</strong></span> <span class='ocrx_word' id='word_1_740' title='bbox 2185 4604 2395 4665; x_wconf 83' lang='lat' dir='ltr'><strong>gentes,</strong></span> <span class='ocrx_word' id='word_1_741' title='bbox 2459 4594 2599 4649; x_wconf 91' lang='lat' dir='ltr'><strong>sicut</strong></span> <span class='ocrx_word' id='word_1_742' title='bbox 2633 4593 2899 4661; x_wconf 91' lang='lat' dir='ltr'><strong>scriptum</strong></span> <span class='ocrx_word' id='word_1_743' title='bbox 2942 4598 3027 4643; x_wconf 89' lang='lat' dir='ltr'><strong>est</strong></span> <span class='ocrx_word' id='word_1_744' title='bbox 3062 4588 3130 4640; x_wconf 73' lang='grc'><strong>’⁷.</strong></span> <span class='ocrx_word' id='word_1_745' title='bbox 3166 4606 3186 4640; x_wconf 76' lang='grc' dir='ltr'><strong>ι</strong></span> <span class='ocrx_word' id='word_1_746' title='bbox 3220 4586 3588 4653; x_wconf 81' lang='lat' dir='ltr'><strong>Quemadmo-</strong></span> 
     </span>
    </p>
   </div>
   <div class='ocr_carea' id='block_1_93' title="bbox 338 4679 1907 4756">
    <p class='ocr_par' dir='ltr' id='par_1_93' title="bbox 338 4679 1907 4752">
     <span class='ocr_line' id='line_1_93' title="bbox 338 4679 1907 4752; baseline -0.007 -9"><span class='ocrx_word' id='word_1_747' title='bbox 338 4695 668 4751; x_wconf 87' lang='lat' dir='ltr'><strong>assumetur,</strong></span> <span class='ocrx_word' id='word_1_748' title='bbox 713 4693 768 4740; x_wconf 87' lang='lat' dir='ltr'><strong>et</strong></span> <span class='ocrx_word' id='word_1_749' title='bbox 802 4699 942 4739; x_wconf 92' lang='lat' dir='ltr'><strong>unus</strong></span> <span class='ocrx_word' id='word_1_750' title='bbox 991 4683 1329 4752; x_wconf 88' lang='lat' dir='ltr'><strong>relinquetur</strong></span> <span class='ocrx_word' id='word_1_751' title='bbox 1360 4696 1374 4733; x_wconf 90' lang='lat'><strong>:</strong></span> <span class='ocrx_word' id='word_1_752' title='bbox 1404 4688 1459 4735; x_wconf 90' lang='lat' dir='ltr'><strong>et</strong></span> <span class='ocrx_word' id='word_1_753' title='bbox 1508 4681 1627 4735; x_wconf 67' lang='lat' dir='ltr'><strong>duae</strong></span> <span class='ocrx_word' id='word_1_754' title='bbox 1675 4679 1745 4733; x_wconf 89' lang='lat' dir='ltr'><strong>ad</strong></span> <span class='ocrx_word' id='word_1_755' title='bbox 1801 4693 1907 4732; x_wconf 87' lang='lat' dir='ltr'><strong>mo-</strong></span> 
     </span>
    </p>
   </div>
   <div class='ocr_carea' id='block_1_94' title="bbox 2005 4679 3590 4756">
    <p class='ocr_par' dir='ltr' id='par_1_94' title="bbox 2018 4681 3590 4756">
     <span class='ocr_line' id='line_1_94' title="bbox 2018 4681 3590 4756; baseline -0.008 -12"><span class='ocrx_word' id='word_1_756' title='bbox 2018 4690 2143 4744; x_wconf 84' lang='lat' dir='ltr'><strong>dum</strong></span> <span class='ocrx_word' id='word_1_757' title='bbox 2177 4689 2229 4743; x_wconf 94' lang='lat' dir='ltr'><strong>in</strong></span> <span class='ocrx_word' id='word_1_758' title='bbox 2290 4687 2589 4756; x_wconf 85' lang='lat' dir='ltr'><strong>Scriptnris</strong></span> <span class='ocrx_word' id='word_1_759' title='bbox 2641 4683 2974 4755; x_wconf 89' lang='lat' dir='ltr'><strong>propheticis</strong></span> <span class='ocrx_word' id='word_1_760' title='bbox 2997 4681 3447 4744; x_wconf 86' lang='lat' dir='ltr'><strong>observavimus,</strong></span> <span class='ocrx_word' id='word_1_761' title='bbox 3480 4693 3590 4732; x_wconf 91' lang='lat' dir='ltr'><strong>non</strong></span> 
     </span>
    </p>
   </div>
   <div class='ocr_carea' id='block_1_95' title="bbox 338 4769 1907 4850">
    <p class='ocr_par' dir='ltr' id='par_1_95' title="bbox 338 4769 1907 4846">
     <span class='ocr_line' id='line_1_95' title="bbox 338 4769 1907 4846; baseline -0.004 -12"><span class='ocrx_word' id='word_1_762' title='bbox 338 4784 470 4846; x_wconf 91' lang='lat' dir='ltr'><strong>lam,</strong></span> <span class='ocrx_word' id='word_1_763' title='bbox 508 4792 613 4834; x_wconf 87' lang='lat' dir='ltr'><strong>una</strong></span> <span class='ocrx_word' id='word_1_764' title='bbox 644 4786 977 4843; x_wconf 88' lang='lat' dir='ltr'><strong>assumetur,</strong></span> <span class='ocrx_word' id='word_1_765' title='bbox 1020 4783 1077 4829; x_wconf 93' lang='lat' dir='ltr'><strong>et</strong></span> <span class='ocrx_word' id='word_1_766' title='bbox 1108 4789 1216 4829; x_wconf 89' lang='lat' dir='ltr'><strong>una</strong></span> <span class='ocrx_word' id='word_1_767' title='bbox 1259 4772 1602 4843; x_wconf 91' lang='lat' dir='ltr'><strong>relinquetur</strong></span> <span class='ocrx_word' id='word_1_768' title='bbox 1621 4771 1688 4825; x_wconf 78' lang='lat'><strong>“.</strong></span> <span class='ocrx_word' id='word_1_769' title='bbox 1728 4789 1749 4823; x_wconf 70' lang='grc' dir='ltr'><strong>ι</strong></span> <span class='ocrx_word' id='word_1_770' title='bbox 1791 4769 1907 4827; x_wconf 64' lang='lat' dir='ltr'><strong>Haec</strong></span> 
     </span>
    </p>
   </div>
   <div class='ocr_carea' id='block_1_96' title="bbox 2005 4769 3591 4850">
    <p class='ocr_par' dir='ltr' id='par_1_96' title="bbox 2017 4773 3591 4850">
     <span class='ocr_line' id='line_1_96' title="bbox 2017 4773 3591 4850; baseline -0.01 -10"><span class='ocrx_word' id='word_1_771' title='bbox 2017 4783 2192 4840; x_wconf 90' lang='lat' dir='ltr'><strong>solum</strong></span> <span class='ocrx_word' id='word_1_772' title='bbox 2242 4782 2471 4838; x_wconf 90' lang='lat' dir='ltr'><strong>dicentis</strong></span> <span class='ocrx_word' id='word_1_773' title='bbox 2516 4794 2805 4850; x_wconf 88' lang='lat' dir='ltr'><strong>personam</strong></span> <span class='ocrx_word' id='word_1_774' title='bbox 2853 4777 3087 4831; x_wconf 85' lang='lat' dir='ltr'><strong>latenter</strong></span> <span class='ocrx_word' id='word_1_775' title='bbox 3133 4783 3188 4829; x_wconf 89' lang='lat' dir='ltr'><strong>et</strong></span> <span class='ocrx_word' id='word_1_776' title='bbox 3220 4773 3401 4828; x_wconf 88' lang='lat' dir='ltr'><strong>subito</strong></span> <span class='ocrx_word' id='word_1_777' title='bbox 3436 4785 3591 4827; x_wconf 85' lang='lat' dir='ltr'><strong>com-</strong></span> 
     </span>
    </p>
   </div>
   <div class='ocr_carea' id='block_1_97' title="bbox 338 4864 3597 4941">
    <p class='ocr_par' dir='ltr' id='par_1_97' title="bbox 338 4864 3597 4941">
     <span class='ocr_line' id='line_1_97' title="bbox 338 4864 3597 4941; baseline -0.005 -18"><span class='ocrx_word' id='word_1_778' title='bbox 338 4872 408 4926; x_wconf 89' lang='lat' dir='ltr'><strong>de</strong></span> <span class='ocrx_word' id='word_1_779' title='bbox 433 4885 499 4927; x_wconf 91' lang='lat' dir='ltr'><strong>eo</strong></span> <span class='ocrx_word' id='word_1_780' title='bbox 528 4869 673 4939; x_wconf 90' lang='lat' dir='ltr'><strong>quod</strong></span> <span class='ocrx_word' id='word_1_781' title='bbox 699 4869 965 4939; x_wconf 88' lang='lat' dir='ltr'><strong>scriptum</strong></span> <span class='ocrx_word' id='word_1_782' title='bbox 993 4878 1078 4924; x_wconf 89' lang='lat' dir='ltr'><strong>est</strong></span> <span class='ocrx_word' id='word_1_783' title='bbox 1113 4884 1128 4922; x_wconf 87' lang='lat'><strong>:</strong></span> <span class='ocrx_word' id='word_1_784' title='bbox 1168 4884 1188 4918; x_wconf 71' lang='grc' dir='ltr'>ς</span> <span class='ocrx_word' id='word_1_785' title='bbox 1222 4865 1614 4922; x_wconf 88' lang='lat' dir='ltr'><strong>Testimonium</strong></span> <span class='ocrx_word' id='word_1_786' title='bbox 1657 4864 1919 4921; x_wconf 86' lang='lat' dir='ltr'><strong>reddente</strong></span> <span class='ocrx_word' id='word_1_787' title='bbox 2017 4875 2236 4941; x_wconf 57' lang='lat' dir='ltr'><strong>mutari,</strong></span> <span class='ocrx_word' id='word_1_788' title='bbox 2280 4888 2469 4930; x_wconf 66' lang='lat' dir='ltr'><strong>verum</strong></span> <span class='ocrx_word' id='word_1_789' title='bbox 2511 4880 2567 4927; x_wconf 62' lang='lat' dir='ltr'><strong>ei</strong></span> <span class='ocrx_word' id='word_1_790' title='bbox 2611 4885 2799 4925; x_wconf 70' lang='lat' dir='ltr'><strong>eorum</strong></span> <span class='ocrx_word' id='word_1_791' title='bbox 2851 4870 2914 4923; x_wconf 74' lang='lat' dir='ltr'><strong>ad</strong></span> <span class='ocrx_word' id='word_1_792' title='bbox 2962 4882 3099 4937; x_wconf 78' lang='lat' dir='ltr'><strong>quos</strong></span> <span class='ocrx_word' id='word_1_793' title='bbox 3146 4879 3349 4930; x_wconf 65' lang='lat' dir='ltr'><strong>sel-mo,</strong></span> <span class='ocrx_word' id='word_1_794' title='bbox 3407 4864 3492 4918; x_wconf 72' lang='lat' dir='ltr'><strong>vel</strong></span> <span class='ocrx_word' id='word_1_795' title='bbox 3526 4864 3597 4919; x_wconf 69' lang='lat' dir='ltr'><strong>de</strong></span> 
     </span>
    </p>
   </div>
   <div class='ocr_carea' id='block_1_98' title="bbox 337 4954 3592 5034">
    <p class='ocr_par' dir='ltr' id='par_1_98' title="bbox 337 4954 3592 5034">
     <span class='ocr_line' id='line_1_98' title="bbox 337 4954 3592 5034; baseline -0.005 -9"><span class='ocrx_word' id='word_1_796' title='bbox 337 4963 693 5021; x_wconf 69' lang='lat' dir='ltr'><strong>conscientia.</strong></span> <span class='ocrx_word' id='word_1_797' title='bbox 740 4980 762 5014; x_wconf 78' lang='grc' dir='ltr'><strong>ι</strong></span> <span class='ocrx_word' id='word_1_798' title='bbox 2016 4965 2217 5034; x_wconf 90' lang='lat' dir='ltr'><strong>quibus</strong></span> <span class='ocrx_word' id='word_1_799' title='bbox 2253 4979 2434 5021; x_wconf 89' lang='lat' dir='ltr'><strong>sermo</strong></span> <span class='ocrx_word' id='word_1_800' title='bbox 2464 4964 2563 5031; x_wconf 90' lang='lat' dir='ltr'><strong>ﬁt;</strong></span> <span class='ocrx_word' id='word_1_801' title='bbox 2590 4961 2742 5018; x_wconf 87' lang='lat' dir='ltr'><strong>verbi</strong></span> <span class='ocrx_word' id='word_1_802' title='bbox 2780 4960 2982 5030; x_wconf 85' lang='lat' dir='ltr'><strong>gratia,</strong></span> <span class='ocrx_word' id='word_1_803' title='bbox 3017 4967 3075 5011; x_wconf 94' lang='lat' dir='ltr'><strong>ut</strong></span> <span class='ocrx_word' id='word_1_804' title='bbox 3100 4972 3255 5013; x_wconf 91' lang='lat' dir='ltr'><strong>nunc</strong></span> <span class='ocrx_word' id='word_1_805' title='bbox 3310 4970 3379 5010; x_wconf 81' lang='lat' dir='ltr'><strong>ex</strong></span> <span class='ocrx_word' id='word_1_806' title='bbox 3407 4954 3592 5011; x_wconf 89' lang='lat' dir='ltr'><strong>Patris</strong></span> 
     </span>
    </p>
   </div>
   <div class='ocr_carea' id='block_1_99' title="bbox 413 5086 1907 5166">
    <p class='ocr_par' dir='ltr' id='par_1_99' title="bbox 413 5094 1907 5166">
     <span class='ocr_line' id='line_1_99' title="bbox 413 5094 1907 5166; baseline -0.007 -7"><span class='ocrx_word' id='word_1_807' title='bbox 413 5103 507 5159; x_wconf 75' lang='grc'><strong>’⁵1</strong></span> <span class='ocrx_word' id='word_1_808' title='bbox 542 5101 673 5158; x_wconf 80' lang='lat' dir='ltr'><strong>Cor.</strong></span> <span class='ocrx_word' id='word_1_809' title='bbox 714 5116 799 5166; x_wconf 85' lang='lat' dir='ltr'><strong>tu,</strong></span> <span class='ocrx_word' id='word_1_810' title='bbox 833 5100 890 5153; x_wconf 84' lang='lat'><strong>&#39;5.</strong></span> <span class='ocrx_word' id='word_1_811' title='bbox 965 5098 1057 5152; x_wconf 85' lang='grc' dir='ltr'><strong>¹⁶Ι</strong></span> <span class='ocrx_word' id='word_1_812' title='bbox 1095 5097 1252 5157; x_wconf 75' lang='lat' dir='ltr'><strong>loan.</strong></span> <span class='ocrx_word' id='word_1_813' title='bbox 1290 5112 1379 5161; x_wconf 84' lang='grc' dir='ltr'>ιιι,</span> <span class='ocrx_word' id='word_1_814' title='bbox 1419 5098 1511 5152; x_wconf 73' lang='grc'><strong>21.</strong></span> <span class='ocrx_word' id='word_1_815' title='bbox 1558 5164 1565 5166; x_wconf 15' lang='grc' dir='ltr'><strong>Α</strong></span> <span class='ocrx_word' id='word_1_816' title='bbox 1596 5097 1637 5127; x_wconf 84' lang='grc'>¹⁷</span> <span class='ocrx_word' id='word_1_817' title='bbox 1677 5094 1907 5151; x_wconf 81' lang='lat' dir='ltr'><strong>llCor.t</strong></span> 
     </span>
    </p>
   </div>
   <div class='ocr_carea' id='block_1_100' title="bbox 2005 5086 3587 5166">
    <p class='ocr_par' dir='ltr' id='par_1_100' title="bbox 2011 5086 3587 5166">
     <span class='ocr_line' id='line_1_100' title="bbox 2011 5086 3587 5166; baseline -0.008 -14"><span class='ocrx_word' id='word_1_818' title='bbox 2011 5098 2067 5152; x_wconf 76' lang='lat'><strong>2.</strong></span> <span class='ocrx_word' id='word_1_819' title='bbox 2143 5099 2186 5130; x_wconf 76' lang='grc'><strong>⁸³</strong></span> <span class='ocrx_word' id='word_1_820' title='bbox 2221 5097 2241 5152; x_wconf 91' lang='grc'><strong>1</strong></span> <span class='ocrx_word' id='word_1_821' title='bbox 2271 5097 2396 5163; x_wconf 85' lang='lat' dir='ltr'><strong>Cor.</strong></span> <span class='ocrx_word' id='word_1_822' title='bbox 2427 5113 2486 5163; x_wconf 88' lang='lat' dir='ltr'><strong>ll,</strong></span> <span class='ocrx_word' id='word_1_823' title='bbox 2524 5097 2613 5151; x_wconf 82' lang='grc' dir='ltr'><strong>Η.</strong></span> <span class='ocrx_word' id='word_1_824' title='bbox 2688 5094 2733 5128; x_wconf 84' lang='grc'><strong>¹⁹</strong></span> <span class='ocrx_word' id='word_1_825' title='bbox 2760 5096 3068 5166; x_wconf 78' lang='lat' dir='ltr'><strong>Rom._vnr,</strong></span> <span class='ocrx_word' id='word_1_826' title='bbox 3096 5089 3306 5166; x_wconf 69' lang='lat'><strong>16.__’°</strong></span> <span class='ocrx_word' id='word_1_827' title='bbox 3334 5086 3468 5166; x_wconf 37' lang='lat' dir='ltr'><strong>Dan;</strong></span> <span class='ocrx_word' id='word_1_828' title='bbox 3502 5103 3587 5153; x_wconf 83' lang='grc' dir='ltr'>ιιι,</span> 
     </span>
    </p>
   </div>
   <div class='ocr_carea' id='block_1_101' title="bbox 338 5156 3623 5310">
    <p class='ocr_par' dir='ltr' id='par_1_101' title="bbox 338 5156 3623 5310">
     <span class='ocr_line' id='line_1_101' title="bbox 338 5156 3623 5236; baseline -0.005 -9"><span class='ocrx_word' id='word_1_829' title='bbox 338 5173 430 5231; x_wconf 83' lang='grc'><strong>86.</strong></span> <span class='ocrx_word' id='word_1_830' title='bbox 485 5156 531 5206; x_wconf 54' lang='lat' dir='ltr'><strong>il</strong></span> <span class='ocrx_word' id='word_1_831' title='bbox 558 5156 692 5227; x_wconf 80' lang='lat' dir='ltr'><strong>Luc.</strong></span> <span class='ocrx_word' id='word_1_832' title='bbox 713 5156 916 5236; x_wconf 54' lang='lat' dir='ltr'><strong>xn&#39;,46.</strong></span> <span class='ocrx_word' id='word_1_833' title='bbox 982 5170 1028 5203; x_wconf 80' lang='lat'><strong>&quot;</strong></span> <span class='ocrx_word' id='word_1_834' title='bbox 1055 5169 1177 5225; x_wconf 84' lang='lat' dir='ltr'><strong>Job.</strong></span> <span class='ocrx_word' id='word_1_835' title='bbox 1208 5156 1387 5233; x_wconf 68' lang='lat' dir='ltr'><strong>xxx&quot;,</strong></span> <span class='ocrx_word' id='word_1_836' title='bbox 1412 5167 1492 5234; x_wconf 88' lang='lat'><strong>8._</strong></span> <span class='ocrx_word' id='word_1_837' title='bbox 1525 5164 1571 5198; x_wconf 76' lang='grc'>³³</span> <span class='ocrx_word' id='word_1_838' title='bbox 1593 5165 1785 5221; x_wconf 84' lang='lat' dir='ltr'><strong>Matth.</strong></span> <span class='ocrx_word' id='word_1_839' title='bbox 1818 5156 2072 5232; x_wconf 53' lang='lat' dir='ltr'><strong>XXIP,40,</strong></span> <span class='ocrx_word' id='word_1_840' title='bbox 2094 5169 2182 5223; x_wconf 72' lang='grc'><strong>41.</strong></span> <span class='ocrx_word' id='word_1_841' title='bbox 2258 5158 2304 5199; x_wconf 63' lang='grc'><strong>³⁸</strong></span> <span class='ocrx_word' id='word_1_842' title='bbox 2334 5156 2490 5224; x_wconf 67' lang='lat' dir='ltr'><strong>Itoni.</strong></span> <span class='ocrx_word' id='word_1_843' title='bbox 2508 5166 2767 5234; x_wconf 71' lang='lat'><strong>11,15,16.</strong></span> <span class='ocrx_word' id='word_1_844' title='bbox 2834 5164 2882 5197; x_wconf 78' lang='grc'><strong>³⁸</strong></span> <span class='ocrx_word' id='word_1_845' title='bbox 2913 5156 3070 5220; x_wconf 83' lang='lat' dir='ltr'><strong>Joan.</strong></span> <span class='ocrx_word' id='word_1_846' title='bbox 3102 5178 3156 5229; x_wconf 92' lang='lat' dir='ltr'><strong>v,</strong></span> <span class='ocrx_word' id='word_1_847' title='bbox 3186 5161 3278 5216; x_wconf 70' lang='lat'><strong>22.</strong></span> <span class='ocrx_word' id='word_1_848' title='bbox 3352 5159 3400 5191; x_wconf 79' lang='lat'>“</span> <span class='ocrx_word' id='word_1_849' title='bbox 3431 5156 3591 5212; x_wconf 79' lang='lat' dir='ltr'><strong>Rom.</strong></span> <span class='ocrx_word' id='word_1_850' title='bbox 3618 5172 3623 5179; x_wconf 61' lang='grc' dir='ltr'>ί</span> 
     </span>
     <span class='ocr_line' id='line_1_102' title="bbox 339 5240 2067 5310; baseline -0.006 -11"><span class='ocrx_word' id='word_1_851' title='bbox 339 5259 403 5310; x_wconf 87' lang='grc' dir='ltr'>ιι,</span> <span class='ocrx_word' id='word_1_852' title='bbox 428 5242 517 5299; x_wconf 82' lang='grc'><strong>16.</strong></span> <span class='ocrx_word' id='word_1_853' title='bbox 591 5241 637 5275; x_wconf 82' lang='grc'>³⁷</span> <span class='ocrx_word' id='word_1_854' title='bbox 661 5241 793 5297; x_wconf 85' lang='lat' dir='ltr'><strong>ibid.</strong></span> <span class='ocrx_word' id='word_1_855' title='bbox 826 5240 894 5295; x_wconf 83' lang='grc'><strong>17</strong></span> <span class='ocrx_word' id='word_1_856' title='bbox 923 5254 1040 5309; x_wconf 91' lang='lat' dir='ltr'><strong>seq.</strong></span> <span class='ocrx_word' id='word_1_857' title='bbox 2044 5247 2067 5259; x_wconf 54' lang='grc' dir='ltr'><em>ν</em></span> 
     </span>
    </p>
   </div>
   <div class='ocr_carea' id='block_1_102' title="bbox 410 5352 1912 5429">
    <p class='ocr_par' dir='ltr' id='par_1_102' title="bbox 410 5352 1912 5429">
     <span class='ocr_line' id='line_1_103' title="bbox 410 5352 1912 5429; baseline -0.002 -16"><span class='ocrx_word' id='word_1_858' title='bbox 410 5357 490 5429; x_wconf 76' lang='lat'><strong>(3)</strong></span> <span class='ocrx_word' id='word_1_859' title='bbox 530 5356 624 5413; x_wconf 91' lang='lat' dir='ltr'><strong>Sic</strong></span> <span class='ocrx_word' id='word_1_860' title='bbox 646 5355 1076 5429; x_wconf 9' lang='lat' dir='ltr'><strong>reditiuplerique</strong></span> <span class='ocrx_word' id='word_1_861' title='bbox 1116 5363 1172 5410; x_wconf 89' lang='lat' dir='ltr'><strong>et</strong></span> <span class='ocrx_word' id='word_1_862' title='bbox 1217 5368 1347 5409; x_wconf 89' lang='lat' dir='ltr'><strong>mss.</strong></span> <span class='ocrx_word' id='word_1_863' title='bbox 1388 5352 1730 5429; x_wconf 79' lang='lat' dir='ltr'><strong>duo.Caeteri</strong></span> <span class='ocrx_word' id='word_1_864' title='bbox 1780 5370 1912 5411; x_wconf 90' lang='lat' dir='ltr'><strong>vero</strong></span> 
     </span>
    </p>
   </div>
   <div class='ocr_carea' id='block_1_103' title="bbox 340 5424 1911 5491">
    <p class='ocr_par' dir='ltr' id='par_1_103' title="bbox 340 5424 1911 5491">
     <span class='ocr_line' id='line_1_104' title="bbox 340 5424 1911 5491; baseline -0.003 -7"><span class='ocrx_word' id='word_1_865' title='bbox 340 5424 481 5484; x_wconf 64' lang='lat' dir='ltr'><strong>mss.</strong></span> <span class='ocrx_word' id='word_1_866' title='bbox 506 5438 562 5483; x_wconf 91' lang='lat' dir='ltr'><strong>et</strong></span> <span class='ocrx_word' id='word_1_867' title='bbox 588 5428 757 5482; x_wconf 90' lang='lat' dir='ltr'><strong>editio</strong></span> <span class='ocrx_word' id='word_1_868' title='bbox 786 5424 1011 5491; x_wconf 71' lang='lat' dir='ltr'><strong>veneta,</strong></span> <span class='ocrx_word' id='word_1_869' title='bbox 1043 5442 1064 5476; x_wconf 72' lang='grc' dir='ltr'><strong>ε</strong></span> <span class='ocrx_word' id='word_1_870' title='bbox 1100 5433 1194 5479; x_wconf 87' lang='lat' dir='ltr'><strong>aut</strong></span> <span class='ocrx_word' id='word_1_871' title='bbox 1232 5432 1379 5478; x_wconf 90' lang='lat' dir='ltr'><strong>tanta</strong></span> <span class='ocrx_word' id='word_1_872' title='bbox 1424 5424 1698 5477; x_wconf 68' lang='lat' dir='ltr'><strong>memoriae</strong></span> <span class='ocrx_word' id='word_1_873' title='bbox 1753 5438 1911 5479; x_wconf 88' lang='lat' dir='ltr'><strong>rece-</strong></span> 
     </span>
    </p>
   </div>
   <div class='ocr_carea' id='block_1_104' title="bbox 342 5494 1913 5569">
    <p class='ocr_par' dir='ltr' id='par_1_104' title="bbox 342 5494 1913 5569">
     <span class='ocr_line' id='line_1_105' title="bbox 342 5494 1913 5569; baseline -0.001 -18"><span class='ocrx_word' id='word_1_874' title='bbox 342 5498 557 5568; x_wconf 88' lang='lat' dir='ltr'><strong>ptaeula</strong></span> <span class='ocrx_word' id='word_1_875' title='bbox 606 5496 944 5569; x_wconf 83' lang='lat' dir='ltr'><strong>convenire?</strong></span> <span class='ocrx_word' id='word_1_876' title='bbox 968 5514 986 5547; x_wconf 78' lang='lat' dir='ltr'>l</span> <span class='ocrx_word' id='word_1_877' title='bbox 1020 5494 1299 5569; x_wconf 64' lang='lat' dir='ltr'><strong>Itabanus,</strong></span> <span class='ocrx_word' id='word_1_878' title='bbox 1340 5512 1359 5545; x_wconf 80' lang='grc' dir='ltr'><strong>ι</strong></span> <span class='ocrx_word' id='word_1_879' title='bbox 1394 5502 1489 5547; x_wconf 89' lang='lat' dir='ltr'><strong>aut</strong></span> <span class='ocrx_word' id='word_1_880' title='bbox 1522 5503 1672 5549; x_wconf 89' lang='lat' dir='ltr'><strong>tanto</strong></span> <span class='ocrx_word' id='word_1_881' title='bbox 1706 5509 1913 5550; x_wconf 87' lang='lat' dir='ltr'><strong>memo-</strong></span> 
     </span>
    </p>
   </div>
   <div class='ocr_carea' id='block_1_105' title="bbox 344 5565 1229 5634">
    <p class='ocr_par' dir='ltr' id='par_1_105' title="bbox 344 5565 1229 5634">
     <span class='ocr_line' id='line_1_106' title="bbox 344 5565 1229 5634; baseline -0.007 -12"><span class='ocrx_word' id='word_1_882' title='bbox 344 5565 439 5633; x_wconf 60' lang='lat' dir='ltr'><strong>riae</strong></span> <span class='ocrx_word' id='word_1_883' title='bbox 471 5567 812 5634; x_wconf 81' lang='lat' dir='ltr'><strong>receptaculo</strong></span> <span class='ocrx_word' id='word_1_884' title='bbox 843 5565 1177 5621; x_wconf 84' lang='lat' dir='ltr'><strong>convenire?</strong></span> <span class='ocrx_word' id='word_1_885' title='bbox 1209 5582 1229 5616; x_wconf 74' lang='grc' dir='ltr'><strong>ι</strong></span> 
     </span>
    </p>
   </div>
   <div class='ocr_carea' id='block_1_106' title="bbox 415 5631 1909 5707">
    <p class='ocr_par' dir='ltr' id='par_1_106' title="bbox 415 5631 1909 5707">
     <span class='ocr_line' id='line_1_107' title="bbox 415 5631 1909 5707; baseline -0.002 -16"><span class='ocrx_word' id='word_1_886' title='bbox 415 5638 494 5702; x_wconf 71' lang='grc'><strong>(4)</strong></span> <span class='ocrx_word' id='word_1_887' title='bbox 541 5631 798 5707; x_wconf 68' lang='lat' dir='ltr'><strong>«Atque.»</strong></span> <span class='ocrx_word' id='word_1_888' title='bbox 836 5635 1161 5707; x_wconf 83' lang='lat' dir='ltr'><strong>Restituitur</strong></span> <span class='ocrx_word' id='word_1_889' title='bbox 1184 5649 1369 5707; x_wconf 63' lang='lat' dir='ltr'><strong>exms.</strong></span> <span class='ocrx_word' id='word_1_890' title='bbox 1392 5631 1560 5700; x_wconf 77' lang='lat' dir='ltr'><strong>Regio</strong></span> <span class='ocrx_word' id='word_1_891' title='bbox 1594 5632 1909 5707; x_wconf 73' lang='lat' dir='ltr'><strong>num_.l(359,</strong></span> 
     </span>
    </p>
   </div>
   <div class='ocr_carea' id='block_1_107' title="bbox 345 5704 1919 5776">
    <p class='ocr_par' dir='ltr' id='par_1_107' title="bbox 345 5704 1919 5776">
     <span class='ocr_line' id='line_1_108' title="bbox 345 5704 1919 5776; baseline -0.003 -14"><span class='ocrx_word' id='word_1_892' title='bbox 345 5707 439 5775; x_wconf 77' lang='lat' dir='ltr'><strong>qui</strong></span> <span class='ocrx_word' id='word_1_893' title='bbox 488 5704 675 5776; x_wconf 78' lang='lat' dir='ltr'><strong>postea</strong></span> <span class='ocrx_word' id='word_1_894' title='bbox 729 5706 892 5760; x_wconf 89' lang='lat' dir='ltr'><strong>habet</strong></span> <span class='ocrx_word' id='word_1_895' title='bbox 940 5706 1081 5759; x_wconf 91' lang='lat' dir='ltr'><strong>sicut</strong></span> <span class='ocrx_word' id='word_1_896' title='bbox 1128 5713 1182 5758; x_wconf 91' lang='lat' dir='ltr'><strong>et</strong></span> <span class='ocrx_word' id='word_1_897' title='bbox 1235 5706 1510 5771; x_wconf 72' lang='lat' dir='ltr'><strong>Ilahanus,</strong></span> <span class='ocrx_word' id='word_1_898' title='bbox 1541 5722 1561 5755; x_wconf 71' lang='grc' dir='ltr'><em>ς</em></span> <span class='ocrx_word' id='word_1_899' title='bbox 1601 5704 1919 5776; x_wconf 63' lang='lat' dir='ltr'><strong>testimonia</strong></span> 
     </span>
    </p>
   </div>
   <div class='ocr_carea' id='block_1_108' title="bbox 346 5772 1910 5855">
    <p class='ocr_par' dir='ltr' id='par_1_108' title="bbox 346 5772 1910 5855">
     <span class='ocr_line' id='line_1_109' title="bbox 346 5772 1910 5855; baseline -0.003 -23"><span class='ocrx_word' id='word_1_900' title='bbox 346 5772 895 5855; x_wconf 44' lang='lat' dir='ltr'><strong>iunge—conscientia),</strong></span> <span class='ocrx_word' id='word_1_901' title='bbox 920 5795 939 5830; x_wconf 75' lang='grc' dir='ltr'><strong>ι</strong></span> <span class='ocrx_word' id='word_1_902' title='bbox 974 5785 1080 5832; x_wconf 81' lang='lat' dir='ltr'><strong>etc.</strong></span> <span class='ocrx_word' id='word_1_903' title='bbox 1108 5776 1301 5840; x_wconf 55' lang='lat' dir='ltr'><strong>(lictori</strong></span> <span class='ocrx_word' id='word_1_904' title='bbox 1336 5789 1465 5833; x_wconf 80' lang='lat' dir='ltr'><strong>mss.</strong></span> <span class='ocrx_word' id='word_1_905' title='bbox 1500 5784 1554 5829; x_wconf 85' lang='lat' dir='ltr'><strong>et</strong></span> <span class='ocrx_word' id='word_1_906' title='bbox 1586 5774 1781 5847; x_wconf 39' lang='lat' dir='ltr'><strong>editi”</strong></span> <span class='ocrx_word' id='word_1_907' title='bbox 1821 5772 1910 5837; x_wconf 66' lang='lat' dir='ltr'><strong>&#39;Ife-</strong></span> 
     </span>
    </p>
   </div>
   <div class='ocr_carea' id='block_1_109' title="bbox 2014 5340 3597 5411">
    <p class='ocr_par' dir='ltr' id='par_1_109' title="bbox 2014 5340 3597 5411">
     <span class='ocr_line' id='line_1_110' title="bbox 2014 5340 3597 5411; baseline -0.013 -2"><span class='ocrx_word' id='word_1_908' title='bbox 2014 5351 2271 5411; x_wconf 88' lang='lat' dir='ltr'><strong>stimonio</strong></span> <span class='ocrx_word' id='word_1_909' title='bbox 2297 5363 2433 5405; x_wconf 90' lang='lat' dir='ltr'><strong>sane</strong></span> <span class='ocrx_word' id='word_1_910' title='bbox 2469 5347 2838 5406; x_wconf 65' lang='lat' dir='ltr'><strong>conscientiae,</strong></span> <span class='ocrx_word' id='word_1_911' title='bbox 2869 5362 2888 5397; x_wconf 74' lang='grc' dir='ltr'><strong>ι</strong></span> <span class='ocrx_word' id='word_1_912' title='bbox 2908 5352 3039 5407; x_wconf 88' lang='lat' dir='ltr'><strong>ete.,</strong></span> <span class='ocrx_word' id='word_1_913' title='bbox 3068 5340 3272 5397; x_wconf 90' lang='lat' dir='ltr'><strong>omisso</strong></span> <span class='ocrx_word' id='word_1_914' title='bbox 3301 5359 3322 5393; x_wconf 73' lang='grc' dir='ltr'><strong>ι</strong></span> <span class='ocrx_word' id='word_1_915' title='bbox 3356 5348 3537 5411; x_wconf 85' lang='lat' dir='ltr'><strong>atque.</strong></span> <span class='ocrx_word' id='word_1_916' title='bbox 3564 5354 3597 5401; x_wconf 74' lang='grc' dir='ltr'>ι,</span> 
     </span>
    </p>
   </div>
   <div class='ocr_carea' id='block_1_110' title="bbox 2086 5411 3266 5494">
    <p class='ocr_par' dir='ltr' id='par_1_110' title="bbox 2086 5411 3266 5494">
     <span class='ocr_line' id='line_1_111' title="bbox 2086 5411 3266 5494; baseline -0.003 -18"><span class='ocrx_word' id='word_1_917' title='bbox 2086 5423 2163 5494; x_wconf 85' lang='grc'><strong>(5)</strong></span> <span class='ocrx_word' id='word_1_918' title='bbox 2205 5442 2223 5472; x_wconf 85' lang='grc'><strong>‹</strong></span> <span class='ocrx_word' id='word_1_919' title='bbox 2236 5415 2600 5494; x_wconf 63' lang='lat' dir='ltr'><strong>gonscientja.</strong></span> <span class='ocrx_word' id='word_1_920' title='bbox 2615 5411 2802 5494; x_wconf 40' lang='lat' dir='ltr'><strong>IIICI-35‘</strong></span> <span class='ocrx_word' id='word_1_921' title='bbox 2828 5414 2881 5467; x_wconf 92' lang='lat' dir='ltr'><strong>in</strong></span> <span class='ocrx_word' id='word_1_922' title='bbox 2896 5421 3065 5494; x_wconf 74' lang='lat' dir='ltr'><strong>antea</strong></span> <span class='ocrx_word' id='word_1_923' title='bbox 3087 5412 3266 5478; x_wconf 89' lang='lat' dir='ltr'><strong>editis.</strong></span> 
     </span>
    </p>
   </div>
   <div class='ocr_carea' id='block_1_111' title="bbox 2086 5486 3090 5565">
    <p class='ocr_par' dir='ltr' id='par_1_111' title="bbox 2086 5486 3090 5565">
     <span class='ocr_line' id='line_1_112' title="bbox 2086 5486 3090 5565; baseline -0.012 -18"><span class='ocrx_word' id='word_1_924' title='bbox 2086 5486 2164 5565; x_wconf 71' lang='lat' dir='ltr'><strong>(tt)</strong></span> <span class='ocrx_word' id='word_1_925' title='bbox 2206 5490 2489 5565; x_wconf 64' lang='lat' dir='ltr'><strong>«Nostra.»</strong></span> <span class='ocrx_word' id='word_1_926' title='bbox 2520 5486 2577 5565; x_wconf 75' lang='lat' dir='ltr'><strong>lu</strong></span> <span class='ocrx_word' id='word_1_927' title='bbox 2609 5487 2773 5541; x_wconf 89' lang='lat' dir='ltr'><strong>editis</strong></span> <span class='ocrx_word' id='word_1_928' title='bbox 2802 5486 3090 5565; x_wconf 82' lang='lat' dir='ltr'><strong>omittitur.</strong></span> 
     </span>
    </p>
   </div>
   <div class='ocr_carea' id='block_1_112' title="bbox 2088 5556 2920 5633">
    <p class='ocr_par' dir='ltr' id='par_1_112' title="bbox 2088 5556 2920 5633">
     <span class='ocr_line' id='line_1_113' title="bbox 2088 5556 2920 5633; baseline -0.011 -16"><span class='ocrx_word' id='word_1_929' title='bbox 2088 5556 2165 5633; x_wconf 74' lang='lat'><strong>(7&#39;)</strong></span> <span class='ocrx_word' id='word_1_930' title='bbox 2207 5562 2366 5633; x_wconf 87' lang='lat' dir='ltr'><strong>Editi,</strong></span> <span class='ocrx_word' id='word_1_931' title='bbox 2398 5578 2417 5610; x_wconf 72' lang='grc' dir='ltr'><strong>ι</strong></span> <span class='ocrx_word' id='word_1_932' title='bbox 2444 5558 2658 5633; x_wconf 66' lang='lat' dir='ltr'><strong>judice:</strong></span> <span class='ocrx_word' id='word_1_933' title='bbox 2706 5573 2725 5607; x_wconf 75' lang='grc' dir='ltr'><strong>ι</strong></span> <span class='ocrx_word' id='word_1_934' title='bbox 2759 5556 2920 5609; x_wconf 87' lang='lat' dir='ltr'><strong>male.</strong></span> 
     </span>
    </p>
   </div>
   <div class='ocr_carea' id='block_1_113' title="bbox 2088 5625 3284 5703">
    <p class='ocr_par' dir='ltr' id='par_1_113' title="bbox 2088 5625 3284 5703">
     <span class='ocr_line' id='line_1_114' title="bbox 2088 5625 3284 5703; baseline -0.01 -16"><span class='ocrx_word' id='word_1_935' title='bbox 2088 5625 2164 5703; x_wconf 61' lang='lat'>(&#39;8)</span> <span class='ocrx_word' id='word_1_936' title='bbox 2206 5632 2380 5695; x_wconf 86' lang='lat' dir='ltr'><strong>Editi,</strong></span> <span class='ocrx_word' id='word_1_937' title='bbox 2416 5648 2435 5681; x_wconf 71' lang='grc' dir='ltr'><strong>ι</strong></span> <span class='ocrx_word' id='word_1_938' title='bbox 2467 5626 2736 5703; x_wconf 79' lang='lat' dir='ltr'><strong>dividetur</strong></span> <span class='ocrx_word' id='word_1_939' title='bbox 2766 5642 2828 5679; x_wconf 87' lang='lat' dir='ltr'><strong>ac</strong></span> <span class='ocrx_word' id='word_1_940' title='bbox 2856 5625 3217 5703; x_wconf 79' lang='lat' dir='ltr'><strong>separabttur.</strong></span> <span class='ocrx_word' id='word_1_941' title='bbox 3250 5640 3284 5675; x_wconf 64' lang='grc' dir='ltr'><strong>λ</strong></span> 
     </span>
    </p>
   </div>
   <div class='ocr_carea' id='block_1_114' title="bbox 2095 5697 2961 5776">
    <p class='ocr_par' dir='ltr' id='par_1_114' title="bbox 2095 5697 2961 5776">
     <span class='ocr_line' id='line_1_115' title="bbox 2095 5697 2961 5776; baseline -0.008 -18"><span class='ocrx_word' id='word_1_942' title='bbox 2095 5697 2171 5776; x_wconf 60' lang='grc'><strong>(9)</strong></span> <span class='ocrx_word' id='word_1_943' title='bbox 2206 5705 2374 5770; x_wconf 84' lang='lat' dir='ltr'><strong>Alias,</strong></span> <span class='ocrx_word' id='word_1_944' title='bbox 2412 5722 2428 5754; x_wconf 75' lang='grc' dir='ltr'>ε</span> <span class='ocrx_word' id='word_1_945' title='bbox 2468 5698 2680 5755; x_wconf 73' lang='lat' dir='ltr'><strong>cmtcris</strong></span> <span class='ocrx_word' id='word_1_946' title='bbox 2711 5714 2735 5763; x_wconf 86' lang='lat'><strong>:_</strong></span> <span class='ocrx_word' id='word_1_947' title='bbox 2757 5716 2774 5749; x_wconf 78' lang='grc' dir='ltr'><strong>ι</strong></span> <span class='ocrx_word' id='word_1_948' title='bbox 2802 5697 2961 5753; x_wconf 85' lang='lat' dir='ltr'><strong>male.</strong></span> 
     </span>
    </p>
   </div>
  </div>
