4170 6380
530 295 638 350 895

2012 297 2335 356 ORIGENIS

3691 308 3794 363 896

532 427 786 482 persona,
820 428 965 468 nunc
994 428 1062 467 ex
1106 413 1252 481 Filii,
1290 414 1379 470 vel
1436 416 1678 486 Spiritus
1722 418 1921 482 sancti,
1969 435 2113 474 nunc
2144 429 2189 482 Α
2218 424 2479 492 scriptum
2514 432 2598 478 est
2630 441 2642 476 :
2680 443 2697 473 ι
2732 420 2892 487 Jnda,
2943 433 2994 479 te
3047 422 3343 479 laudabunt
3394 424 3601 480 fratres
3658 426 3735 480 tui
3774 443 3788 478 :

528 504 694 557 etiam
725 521 792 559 ex
822 520 1053 573 persona
1099 508 1403 577 prophetae,
1456 519 1555 564 aut
1583 510 1815 563 aliorum
1842 526 2108 578 quorum-

530 596 661 651 libet
696 598 878 666 aliqua
910 599 1200 665 dicantur;
1260 612 1319 655 et
1359 616 1507 656 nunc
1538 601 1762 671 quidem
1814 618 1998 657 sermo
2042 604 2109 656 ad

530 686 883 744 lsraeliticam
915 702 1155 761 gentem,
1190 709 1337 748 nunc
1364 696 1430 748 ad
1462 706 1683 749 exteras
1712 696 1986 760 nationes,
2019 706 2111 750 aut

528 783 596 834 ad
624 797 795 852 reges,
830 793 883 836 et
908 785 973 838 ad
1002 786 1150 839 mille
1175 786 1310 841 alios
1345 787 1650 856 dirigatur:
1687 791 1759 841 ita
1794 790 1923 843 mihi
1956 790 2109 843 vide-

530 884 619 926 tur
644 877 807 927 etiam
860 876 974 931 haec
1016 878 1083 931 ad
1136 878 1413 933 Romanos
1440 878 1553 949 (10)
1591 880 1793 949 scripta
1824 896 1943 935 esse
1985 880 2113 948 Epi-

527 966 691 1026 stola,
723 976 781 1020 ut
815 967 1088 1022 interdum
1137 979 1192 1023 et
1228 971 1461 1025 dicentis
1484 986 1713 1040 persona
1757 981 2020 1036 mutetur,
2055 982 2110 1026 et

527 1056 819 1125 aliquando
844 1060 1061 1129 quidem
1099 1059 1298 1115 Paulus
1327 1063 1627 1132 spiritualis
1660 1063 1940 1132 loquatur,
1969 1062 2113 1118 sicut

527 1148 583 1202 in
643 1150 828 1205 multis
876 1150 1130 1220 Epistolas
1163 1152 1329 1217 locis;
1391 1153 1685 1222 aliquando
1736 1167 1863 1208 vero
1911 1153 2111 1209 Paulus

524 1242 787 1307 carnalis,
823 1245 991 1311 sicut,
1027 1245 1175 1300 verbi
1207 1247 1403 1315 gratia,
1443 1261 1566 1299 cum
1594 1246 1730 1300 dicit
1760 1261 1774 1298 :
1808 1264 1828 1297 ι
1865 1246 1975 1316 Ego
2006 1262 2105 1300 au—

526 1343 633 1388 tem
659 1336 898 1391 carnalis
939 1352 1059 1392 sum
1098 1339 1444 1393 venundatus
1496 1338 1598 1392 sub
1638 1348 1865 1407 peccato
1893 1339 1961 1405 ⁸⁸,
1994 1357 2012 1389 1
2051 1345 2112 1393 ut

522 1430 844 1482 ostendetur
877 1427 1013 1501 (ll),
1045 1446 1167 1483 cum
1209 1431 1277 1483 ad
1308 1430 1483 1499 ipsum
1516 1430 1730 1493 locum,
1762 1429 1997 1484 Domino
2027 1432 2112 1483 diu

522 1521 756 1589 rigente,
820 1522 1148 1576 venerimus.
1206 1520 1486 1576 Interdum
1538 1537 1670 1576 vero
1722 1522 1785 1575 lit
1832 1531 2108 1577 eteorum

524 1627 791 1680 personze,
838 1614 906 1666 ad
946 1628 1083 1682 quos
1122 1627 1307 1667 sermo
1353 1623 1462 1678 est,
1520 1615 1896 1680 commutatio,
1946 1616 2017 1668 ita
2052 1624 2111 1668 ut

523 1718 668 1757 nunc
699 1704 765 1757 ad
801 1719 1016 1758 onmem
1065 1704 1436 1758 Romanorum
1487 1706 1702 1759 dicatur
1756 1706 2052 1760 Ecclesium
2088 1722 2102 1759 :

525 1815 544 1846 ι
578 1795 799 1850 Gratias
830 1811 932 1866 ago
985 1795 1096 1851 Deo
1153 1812 1275 1851 meo
1318 1812 1415 1867 per
1460 1795 1644 1851 Jesum
1681 1797 1955 1853 Christum
2006 1813 2105 1868 pro

518 1893 773 1947 omnibus
820 1894 1000 1959 vobis,
1054 1894 1180 1963 quia
1236 1895 1370 1948 ﬁdes
1424 1903 1611 1949 vestra
1662 1896 2018 1949 anuuntiatur
2049 1895 2104 1949 in

520 1986 776 2040 universo
809 1986 1014 2040 mundo
1039 1988 1086 2018 ’⁸
1119 2006 1134 2043 :
1181 2006 1201 2038 1
1240 1987 1294 2041 in
1323 1986 1448 2041 aliis
1482 2002 1614 2041 vero
1642 2003 1749 2041 11011
1779 1988 1847 2041 ad
1885 2001 2102 2041 onmem

517 2078 841 2142 Ecclesiam,
878 2080 973 2133 sed
1007 2080 1074 2133 ad
1126 2094 1345 2134 omnem
1399 2080 1490 2148 qui
1542 2078 1757 2148 judicat
1804 2080 2004 2145 alium,
2048 2088 2104 2134 et

518 2174 634 2241 ipse
664 2172 793 2226 facit
819 2187 881 2227 ea
910 2187 1032 2241 qua:
1069 2173 1122 2226 in
1152 2173 1278 2228 aliis
1303 2175 1657 2239 condemnat,
1692 2184 1748 2228 et
1773 2186 1859 2230 est
1887 2175 2104 2231 inexcu-

506 2266 726 2322 sabilis.
763 2265 919 2320 Nunc
948 2274 1129 2318 autem
1161 2281 1335 2334 neque
1364 2267 1431 2319 ad
1464 2266 1785 2332 Ecclesiam,
1830 2281 2004 2335 neque
2033 2268 2100 2320 ad

514 2371 640 2411 eum
671 2357 761 2425 qui
802 2355 1013 2423 judicat
1039 2355 1103 2409 ﬁt
1143 2371 1327 2411 sermo
1377 2358 1500 2423 hic,
1531 2358 1584 2410 in
1619 2372 1728 2426 quo
1761 2359 1895 2412 dicit
1928 2377 1943 2413 :
1978 2378 1998 2411 ι
2042 2358 2101 2414 Si

519 2461 701 2502 autem
735 2457 788 2501 tu
840 2446 1059 2502 Jndaeus
1102 2449 1529 2517 cognominaris,
1582 2459 1635 2504 et
1698 2452 1996 2518 requiescis
2046 2452 2101 2506 in

517 2540 655 2610 lege,
696 2548 751 2592 et
784 2539 1038 2609 gloriaris
1085 2539 1140 2592 in
1177 2538 1309 2602 Deo,
1362 2549 1417 2593 et
1446 2541 1731 2610 cognoscis
1768 2540 2101 2597 voluntatem

515 2631 659 2698 ejus,
698 2648 717 2681 1
748 2642 802 2685 et
823 2642 1042 2695 caetera,
1072 2646 1244 2700 usque
1281 2631 1348 2685 ad
1394 2647 1518 2687 eum
1550 2632 1725 2687 locum
1756 2651 1771 2687 :
1807 2652 1827 2685 ι
1863 2633 1932 2687 Et
1955 2634 2103 2703 judi-

518 2727 666 2781 cabit
689 2726 831 2796 quod
859 2740 926 2780 cx
960 2734 1154 2778 natura
1205 2733 1291 2778 est
1331 2725 1677 2794 prteputium,
1717 2724 1889 2796 legem
1943 2727 2105 2795 perli-

515 2822 685 2882 ciens,
741 2828 817 2882 te,
872 2819 968 2888 qui
1018 2833 1116 2887 per
1176 2818 1452 2884 litteram,
1511 2827 1568 2872 et
1623 2818 2103 2873 circumcisionem

514 2912 906 2982 praevaricator
932 2926 990 2965 es
1017 2911 1170 2980 legis.
1205 2930 1223 2962 1
1264 2910 1422 2965 Sicut
1454 2912 1505 2964 in
1545 2909 1843 2980 Scripturis
1867 2912 2105 2979 prophe.

516 3004 640 3056 ticis
671 3001 957 3071 vigilanter
979 3010 1201 3071 oportet
1245 3002 1533 3056 intendere
1559 3015 1685 3057 eum
1730 3001 1824 3071 qui
1874 3002 1989 3054 vult
2016 3001 2103 3054 in-

2218 532 2411 570 manus
2446 526 2550 569 tua:
2576 532 2741 584 super
2764 518 2987 570 dorsum
3019 517 3363 593 inimicorum
3407 526 3650 571 tuorum.
3681 520 3788 569 (Ia-

2213 612 2358 667 tulus
2385 611 2560 666 leonis
2584 610 2722 667 Iuda
2759 612 2827 678 ",
2864 632 2884 663 1
2914 621 2969 667 et
3013 622 3232 679 caetera,
3271 626 3392 681 qua!
3431 613 3486 667 in
3534 611 3786 666 Salvato-

2212 720 2326 758 rem
2357 705 2639 759 Dominum
2666 708 2984 775 prophetata
3011 716 3157 762 sunt.
3214 708 3385 779 Igitur
3415 706 3459 761 si
3497 705 3695 761 claruit
3720 707 3787 761 de
3837 734 3845 763 κ

2214 795 2536 851 dillerentiis
2586 812 2965 867 personarum,
3021 810 3076 856 et
3118 802 3240 870 quis
3274 816 3399 857 vere
3429 802 3502 857 sit
3545 798 3785 861 Judazus,

2211 889 2335 957 quis
2367 899 2547 943 autem
2578 888 2694 943 solo
2740 891 2960 945 nomine
3006 893 3447 962 cognominetur,
3504 892 3788 946 videamus

2212 996 2333 1047 qua:
2360 981 2426 1035 ad
2455 983 2599 1035 hunc
2624 981 2718 1050 qui
2746 997 2807 1037 se
2837 980 3007 1050 jactat
3030 998 3148 1038 esse
3173 981 3442 1049 Judaeum,
3466 990 3522 1037 et
3551 996 3656 1037 non
3679 991 3785 1048 est,

2211 1087 2393 1127 sermo
2439 1073 2771 1142 apostolicus
2821 1073 2984 1132 dicat.
3012 1073 3115 1141 Tu,
3174 1075 3373 1145 inquit,
3434 1075 3527 1145 qui
3565 1073 3785 1130 Judaeus

2210 1164 2638 1235 cugnominaris,
2673 1174 2727 1220 et
2752 1181 2969 1220 omnem
3002 1167 3101 1221 tibi
3133 1168 3376 1238 requiem
3409 1166 3464 1221 in
3517 1166 3654 1235 legis
3703 1165 3788 1220 lit-

2210 1264 2323 1308 tera
2360 1255 2615 1323 collocas,
2644 1266 2700 1312 et
2729 1257 2984 1326 gloriaris
3012 1259 3064 1311 in
3094 1258 3205 1312 Deo
3242 1266 3505 1326 tanquam
3535 1256 3627 1327 qui
3659 1271 3786 1327 por-

2213 1345 2289 1398 tio
2320 1345 2439 1415 ejus
2466 1346 2562 1412 sis,
2590 1356 2644 1401 et
2674 1347 2759 1400 cui
2812 1363 3136 1403 concessum
3164 1350 3237 1403 sit
3276 1350 3418 1404 scire
3447 1347 3784 1402 voluntatem

2211 1432 2327 1500 Dei,
2362 1443 2417 1488 et
2448 1435 2590 1489 velut
2617 1438 2878 1506 probandi
2923 1454 3125 1510 gnarus
3146 1439 3324 1509 jactas
3349 1447 3401 1493 te
3435 1439 3578 1493 scire
3625 1450 3786 1507 posse

2210 1537 2265 1580 et
2303 1529 2620 1585 discernere
2667 1546 2788 1601 qua:
2820 1532 2929 1586 sint
2963 1532 3202 1598 utiliora,
3250 1542 3307 1586 et
3351 1530 3681 1596 diﬂ‘erentia,
3712 1530 3783 1583 ita

2210 1629 2270 1672 ut
2322 1635 2428 1674 non
2484 1622 2658 1677 solum
2688 1639 2808 1693 quae
2837 1626 2950 1679 sint
3004 1624 3141 1680 bona
3171 1628 3334 1690 scias,
3394 1639 3583 1679 verum
3619 1624 3783 1677 etiam

2208 1728 2328 1780 qua!
2356 1713 2466 1769 sint
2504 1711 2728 1769 meliOra
2753 1714 2922 1789 488
2955 1724 3011 1771 et
3052 1718 3268 1773 utiliora
3299 1718 3602 1779 discernas,
3650 1730 3783 1769 con-

2209 1806 2332 1860 ﬁdis
2361 1822 2577 1877 quoque
2606 1809 2753 1878 quod
2781 1814 2886 1864 dux
2922 1811 3095 1878 possis
3127 1826 3247 1864 esse
3274 1823 3543 1865 caecorum
3574 1825 3587 1861 :
3617 1806 3780 1862 uimi—

2209 1914 2330 1951 rum
2358 1914 2424 1953 ex
2457 1899 2563 1955 illis
2582 1916 2640 1956 es
2672 1902 2902 1957 ducibus
2929 1904 2992 1956 de
3016 1902 3211 1969 quibus
3238 1902 3458 1956 dicebat
3484 1899 3780 1955 Dominus:

2212 2009 2232 2042 ι
2262 1990 2402 2045 Caeci
2439 2004 2565 2046 sunt
2586 1994 2752 2049 duces
2781 2009 3072 2049 caecorum.
3103 1994 3293 2050 Caecus
3323 2001 3503 2048 autem
3536 1991 3583 2046 si
3637 2004 3781 2044 careo

2204 2080 2461 2138 ducatum
2513 2095 2770 2154 praestet,
2827 2086 2988 2141 ambo
3043 2086 3097 2140 in
3149 2086 3361 2140 foveam
3416 2080 3713 2137 cadunt”.
3755 2097 3774 2131 1

2204 2174 2439 2230 Conlidit
2466 2191 2597 2248 ergo
2629 2178 2819 2233 ducem
2843 2193 2902 2233 se
2930 2193 3051 2233 esse
3072 2193 3363 2242 caecorum,
3388 2173 3568 2229 lumen
3594 2186 3781 2226 eorum

2205 2281 2421 2336 Quoque
2450 2268 2545 2339 qui
2576 2270 2628 2323 in
2665 2271 2901 2325 tenebris
2928 2280 3071 2325 sunt.
3109 2268 3215 2325 Sed
3243 2281 3298 2325 ct
3329 2270 3394 2324 ad
3425 2266 3556 2320 istos
3579 2260 3782 2317 nihilo-

2207 2361 2387 2417 minus
2419 2361 2686 2417 Dominus
2735 2363 2909 2419 dicit:
2940 2380 2959 2414 ι
3000 2362 3057 2416 Si
3106 2372 3286 2416 autem
3344 2361 3468 2427 lux,
3499 2372 3617 2427 qua:
3647 2358 3699 2410 in
3733 2364 3786 2409 te

2204 2463 2310 2517 est,
2337 2454 2573 2510 tenebrae
2601 2463 2746 2523 sunt,
2780 2455 2913 2525 ipsae
2971 2456 3208 2510 tenebrae
3235 2463 3453 2524 quantae
3482 2457 3609 2508 sunt
3645 2448 3720 2501 ’δε
3759 2466 3782 2500 1

2205 2544 2501 2599 Conlidunt
2529 2554 2711 2600 tamen
2750 2546 2895 2613 quod
2927 2546 3230 2601 eruditores
3255 2545 3365 2600 sint
3388 2540 3783 2611 insipientium,

2205 2646 2261 2690 et
2286 2635 2526 2703 magistri
2563 2635 2880 2703 infantium,
2912 2646 3171 2704 tanquam
3202 2635 3292 2706 qui
3328 2650 3395 2690 ex
3438 2632 3572 2703 legis
3602 2630 3782 2684 littera

2206 2727 2437 2783 formam
2490 2728 2738 2783 scientia:
2777 2738 2833 2784 et
2882 2731 3132 2784 veritatis
3176 2728 3507 2797 acceperint.
3557 2725 3624 2779 Et
3655 2723 3783 2791 quia

2206 2818 2324 2875 haec
2356 2818 2685 2889 proﬁtentur
2739 2820 2984 2890 quidem,
3035 2836 3142 2874 non
3195 2829 3374 2872 tamen
3406 2831 3533 2872 vere
3576 2824 3784 2880 tenent,

2205 2912 2342 2968 dicit
2386 2912 2454 2967 ad
2504 2928 2601 2967 eos
2632 2912 2962 2983 Apostolus:
3002 2931 3021 2963 σ
3057 2912 3159 2979 Qui
3218 2926 3351 2981 ergo
3389 2910 3553 2964 doces
3594 2908 3783 2973 alium,

2208 3007 2439 3077 teipsum
2465 3023 2570 3061 non
2594 3007 2788 3062 doces:
2818 3016 2867 3060 et
2893 3007 2983 3076 qui
3010 3006 3273 3076 praedicas
3301 3019 3406 3057 non
3430 3002 3778 3064 furandum,1

517 3096 874 3165 telligentiam
927 3109 1118 3150 eorum
1166 3109 1289 3164 qua.-
1344 3095 1551 3163 scripta
1606 3104 1734 3147 sunt
1769 3107 1986 3161 capere,
2017 3091 2102 3145 vel
2129 3111 2176 3174 ρ
2209 3108 2262 3154 tu
2292 3099 2583 3154 adventum
2613 3110 2670 3154 et
2720 3099 3065 3169 praesentiam
3102 3096 3331 3161 Christi,
3379 3110 3501 3165 quas
3527 3095 3787 3177 universo

514 3189 836 3252 dicentium,
890 3186 974 3242 vel
1016 3188 1082 3241 ad
1115 3201 1277 3257 quos,
1311 3187 1400 3242 vel
1437 3187 1506 3242 de
1547 3188 1745 3255 quibus
1795 3202 1980 3242 sermo
2014 3187 2098 3253 ﬁt,

512 3281 763 3352 personis
817 3279 930 3352 (12)
963 3296 977 3333 :
1012 3281 1083 3334 ita
1138 3294 1286 3335 nunc
1342 3279 1395 3333 in
1429 3278 1671 3349 Epistola
1724 3282 1791 3332 ad
1824 3278 2102 3335 Romanos

514 3375 783 3445 agendum
812 3373 942 3427 mihi
976 3373 1211 3427 videtur.
1244 3371 1352 3427 Sed
1375 3372 1661 3427 videamus
1686 3370 1797 3439 jam
1828 3387 1949 3442 qua:
1974 3381 2103 3427 sunt

513 3482 636 3537 quae
663 3467 796 3521 dicit
824 3467 1119 3536 Apostolus
1144 3467 1212 3520 ad
1245 3481 1368 3521 eum
1402 3466 1496 3536 qui
1540 3467 1964 3535 cognominatur
2000 3465 2101 3521 Ju-

514 3562 683 3619 daeus.
734 3561 919 3615 Primo
966 3575 1202 3630 namque
1240 3560 1342 3615 hoc
1371 3560 1777 3615 observandum
1812 3569 1915 3626 est,
1954 3560 2097 3629 quod

513 3665 621 3704 non
664 3651 797 3704 dixit
844 3650 911 3703 de
958 3664 1024 3705 eo
1054 3668 1069 3704 :
1105 3668 1125 3702 ι
1162 3649 1217 3704 Si
1259 3658 1441 3705 autem
1475 3658 1529 3703 tu
1575 3669 1594 3702 1
1621 3648 1841 3706 Iudaeus
1864 3665 1954 3716 es;
1980 3651 2097 3716 sed,

517 3760 538 3792 ι
577 3740 794 3797 Judaaus
832 3742 1242 3809 cognominaris
1271 3758 1288 3796 :
1325 3761 1345 3795 1
1379 3742 1505 3811 quia
1540 3757 1646 3797 non
1680 3743 1822 3796 idem
1865 3754 1949 3797 est
1974 3757 2099 3797 esse

512 3834 781 3902 Judaeum,
841 3845 896 3890 et
957 3836 1332 3906 cognominari
1383 3833 1654 3890 Judaeum.
1718 3833 1835 3905 ipse
1893 3835 2096 3890 etenim

515 3928 717 3984 Paulus
756 3928 913 3983 docet
944 3928 996 3982 in
1021 3927 1507 3997 consequentibus,
1538 3927 1684 3996 quod
1719 3944 1847 3984 vere
1877 3925 2099 3984 Judaens

514 4025 586 4076 sit
617 4021 706 4075 ille
738 4022 827 4089 qui
862 4041 879 4072 ι
914 4021 967 4074 in
994 4021 1210 4076 occulto
1247 4041 1266 4074 1
1303 4022 1664 4076 circumcisus
1692 4030 1777 4075 est
1799 4020 2095 4076 circumci-

514 4116 669 4170 sione
694 4116 899 4180 contis,
932 4116 1022 4185 qui
1058 4133 1077 4166 ε
1118 4114 1341 4185 spiritu,
1376 4130 1480 4169 non
1523 4116 1701 4170 littera
1742 4134 1761 4167 1
1797 4115 1969 4186 legem
2000 4132 2100 4169 cn-

512 4210 701 4270 stodit,
735 4229 755 4261 1
791 4207 950 4276 cujus
977 4209 1093 4262 laus
1127 4224 1233 4263 non
1270 4222 1339 4263 ex
1375 4208 1710 4273 hominibus,
1754 4210 1847 4264 sed
1880 4224 1947 4264 ex
1984 4209 2098 4265 Deo

513 4310 619 4356 est.
662 4319 682 4353 1
717 4300 817 4367 Qui
846 4310 1027 4355 autem
1067 4318 1087 4352 ι
1118 4300 1171 4354 in
1202 4298 1512 4366 manifesto,
1546 4301 1599 4355 in
1635 4315 1834 4355 carue1
1864 4301 2099 4356 circum-

516 4394 663 4447 cisus
701 4402 807 4456 est,
841 4392 1014 4461 legem
1059 4394 1128 4447 ad
1183 4394 1286 4448 hoc
1318 4392 1616 4447 observans
1645 4401 1705 4445 ut
1747 4392 2000 4448 videatur
2031 4394 2098 4446 ab

2204 3190 2407 3246 mundo
2448 3190 2672 3260 ell'ulsit,
2708 3211 2728 3244 ι
2770 3191 2970 3248 furaris
2998 3210 3015 3248 :
3047 3193 3137 3261 qui
3174 3192 3307 3247 dicis
3346 3206 3453 3246 non
3506 3190 3789 3245 mtechan-

2200 3281 2353 3345 dum,
2390 3299 2412 3335 1
2450 3283 2503 3338 in
2534 3299 2865 3354 synagogam
2900 3285 3082 3356 populi
3122 3284 3218 3340 Dei
3271 3281 3600 3338 adulterium
3634 3296 3789 3337 com-

2204 3373 2397 3437 mittis,
2424 3390 2736 3431 sermonem
2766 3376 3030 3433 doctrinze
3068 3392 3300 3446 pravum
3331 3388 3385 3433 et
3418 3376 3785 3435 adulterinum

2200 3466 2251 3522 ei
2282 3468 2651 3537 superducens
2685 3487 2697 3524 :
2728 3479 2782 3523 et
2824 3468 3064 3524 collocas
3101 3484 3223 3524 eam
3252 3486 3374 3525 cum
3412 3470 3547 3540 legis
3603 3471 3786 3525 littera

2201 3579 2321 3634 qua:
2366 3557 2501 3616 foris
2549 3571 2655 3628 est,
2702 3575 2825 3615 cum
2882 3561 3151 3628 scriptum
3203 3561 3268 3616 de
3321 3576 3385 3617 ea
3440 3562 3613 3631 legas,
3657 3565 3785 3633 quia

2205 3672 2225 3706 σ
2263 3654 2440 3710 omnis
2478 3652 2644 3723 gloria
2692 3651 2816 3706 lilia:
2866 3651 3010 3723 regis
3058 3652 3391 3709 intrinsecus
3420 3655 3464 3686 ³⁸
3497 3671 3512 3706 :
3575 3674 3593 3706 1
3632 3664 3689 3709 et
3717 3656 3788 3710 ad

2201 3761 2365 3815 quam
2413 3744 2548 3815 legis
2594 3758 2692 3813 per
2752 3744 3077 3813 prephetam
3135 3743 3492 3799 nihilominus
3525 3746 3730 3799 dictum
3768 3763 3784 3799 :

2206 3859 2225 3892 c
2261 3837 2374 3893 Nisi
2404 3839 2619 3892 occulte
2642 3836 2947 3899 audieritis,
2983 3835 3223 3904 plorabit
3250 3836 3430 3890 anima
3456 3846 3633 3890 vestra
3658 3836 3726 3892 “.
3762 3855 3783 3887 1

2201 3931 2305 3999 Qui
2351 3945 2482 4000 ergo
2539 3943 2705 3998 negas
2741 3929 3154 3991 mcechandum,
3191 3938 3301 3982 tam
3355 3944 3522 3999 grave
3574 3930 3792 3985 adulte-

2202 4024 2343 4077 rium
2371 4021 2686 4086 committis,
2718 4030 2779 4075 ut
2809 4021 3175 4075 adulterinum
3216 4034 3436 4075 sensum
3466 4020 3789 4077 introducas

2201 4119 2266 4169 ad
2297 4130 2418 4169 eam
2449 4115 2516 4169 de
2548 4128 2653 4183 qua
2685 4113 2893 4168 dictum
2924 4113 3064 4183 legis
3093 4129 3122 4168 a
3161 4116 3273 4170 Deo
3308 4131 3322 4167 :
3358 4132 3377 4165 ί
3416 4113 3528 4184 Ego
3569 4123 3620 4168 te.
3653 4115 3787 4169 mihi

2200 4204 2545 4276 desponsabo
2570 4205 2624 4257 in
2649 4203 2754 4258 [ide
2777 4213 2835 4259 et
2866 4204 3243 4259 misericordia
3280 4204 3345 4259 ³⁷.
3385 4222 3404 4256 1
3438 4204 3540 4270 Qui
3586 4204 3791 4259 abomi-

2202 4299 2349 4353 naris
2382 4297 2544 4361 idola,
2574 4296 2920 4365 sacrilegium
2948 4296 3268 4363 committis,
3303 4312 3492 4351 verum
3525 4297 3785 4367 templum

2205 4389 2324 4456 Dei,
2374 4390 2517 4459 quod
2562 4397 2645 4443 est
2672 4388 2924 4443 Christus
2967 4388 3145 4453 Jesus,
3178 4388 3409 4445 violans.
3454 4389 3632 4445 Solvis
3670 4389 3786 4459 (l3)

516 4485 861 4549 hominibus,
906 4486 1010 4540 iste
1051 4500 1159 4539 non
1202 4493 1285 4540 est
1337 4500 1466 4540 vere
1488 4524 1504 4549 ,
1544 4486 1640 4540 sed
1682 4486 2099 4556 cognominatur
2130 4461 2175 4517 θ
2203 4482 2348 4537 enim
2378 4481 2636 4551 templum
2669 4482 2764 4536 Dei
2792 4480 2937 4551 quod
2971 4481 3024 4535 in
3053 4482 3231 4536 tribus
3265 4479 3461 4536 diebus
3495 4482 3791 4536 resuscita-

514 4575 756 4631 Judaeus.
811 4576 886 4631 De
929 4577 1016 4634 his
1067 4578 1213 4631 enim
1247 4586 1302 4631 et
1336 4578 1452 4647 ipse
1496 4577 1794 4647 Apostolus
1843 4579 1977 4634 dicit
2004 4580 2094 4635 '°:

521 4686 542 4720 ι
580 4668 772 4724 Videte
816 4669 1288 4723 circumcisionem
1337 4684 1353 4724 :
1409 4685 1510 4725 nos
1563 4671 1707 4723 enim
1756 4684 1944 4725 sumus
1991 4670 2100 4724 cir-

516 4761 804 4827 cumcisio,
832 4760 921 4830 qui
954 4760 1151 4829 spiritu
1177 4758 1291 4815 Deo
1323 4762 1615 4816 servimus.
1647 4780 1667 4813 1
1701 4760 1808 4815 Sed
1836 4771 1892 4815 et
1924 4758 2093 4816 Joan-

518 4867 617 4908 nes
651 4852 705 4907 in
744 4852 1068 4923 Apocalypsi
1106 4853 1175 4908 de
1197 4854 1524 4923 quibusdam
1567 4854 1640 4908 ita
1669 4853 1805 4908 dicit
1833 4852 1877 4883 “
1908 4873 1919 4907 :
1952 4871 1972 4903 ι
1996 4850 2102 4918 Qui

519 4949 709 5002 dicunt
740 4961 801 5001 se
834 4961 957 5001 esse
992 4944 1235 5009 Judaaos,
1276 4954 1332 4999 et
1360 4961 1470 5000 non
1512 4953 1641 5000 sunt
1672 4959 1689 4998 ε
1728 4963 1749 4998 1
1776 4959 1914 5014 quos
1934 4943 2100 4999 etiam

523 5054 544 5087 σ
581 5036 648 5090 de
697 5050 968 5107 synagoga
1005 5034 1242 5102 Satanae,
1278 5055 1296 5089 1
1333 5051 1457 5093 esse
1505 5036 1848 5107 pronuntiat.
1907 5034 2104 5091 Scien-

519 5128 647 5180 dum
682 5135 863 5182 tamen
893 5137 994 5194 est,
1019 5128 1163 5196 quod
1197 5129 1300 5183 iste
1324 5130 1417 5199 qui
1448 5147 1466 5180 ι
1501 5130 1554 5183 ἰη
1582 5126 1801 5183 occulto
1841 5147 1861 5182 1
1890 5136 1945 5182 et
1976 5142 2104 5183 vere

518 5218 741 5276 Iudaeus
779 5232 883 5287 est,
916 5222 985 5275 ab
1016 5222 1109 5275 illo
1135 5220 1270 5275 Juda
1309 5220 1634 5275 vocabulum
1669 5220 1872 5285 trahat,
1901 5221 1971 5276 de
1994 5239 2104 5292 quo

2208 4587 2320 4631 tum
2343 4584 2427 4632 est
2444 4577 2489 4609 ³⁸
2514 4576 2581 4630 iis
2601 4575 2691 4644 qui
2718 4575 2968 4630 credunt.
3005 4573 3114 4628 Sed
3144 4583 3199 4629 et
3223 4573 3314 4643 qui
3338 4590 3401 4628 ex
3432 4573 3549 4643 lege
3575 4584 3629 4629 et
3660 4589 3788 4643 pro-

2205 4669 2384 4738 phetis
2408 4681 2716 4731 sermonem
2749 4665 3026 4720 Christum
3072 4665 3512 4732 pronuntiantem
3570 4666 3787 4721 furatur

2204 4768 2260 4816 et
2302 4759 2561 4825 occultat,
2613 4774 2682 4813 ne
2738 4759 2970 4828 populus
2999 4759 3190 4814 audiat
3213 4767 3269 4814 et
3310 4760 3519 4823 credat,
3561 4759 3791 4814 sacrile-

2203 4853 2351 4926 gium
2385 4852 2699 4918 committit,
2727 4861 2784 4907 et
2818 4867 2946 4906 vere
2986 4851 3081 4906 Dei
3118 4851 3377 4921 templum
3414 4852 3599 4907 violat.
3637 4853 3784 4907 Idem

2205 4960 2421 5015 quoque
2448 4944 2539 4999 hic
2564 4944 2657 5014 qui
2689 4944 3109 5014 cognominatur
3140 4945 3394 5012 Judaeus,
3424 4953 3482 5000 et
3512 4944 3787 5016 gloriatur

2206 5039 2260 5093 in
2292 5038 2474 5094 littera
2503 5036 2664 5108 Legis
2693 5037 2893 5110 Moysi,
2930 5039 3322 5108 praevaricator
3342 5038 3506 5109 Legis
3538 5038 3788 5107 arguitur

2206 5146 2329 5186 cum
2365 5145 2469 5186 non
2517 5131 2693 5186 credit
2720 5130 2962 5185 Christo.
3008 5131 3066 5184 Si
3117 5131 3263 5185 enim
3294 5130 3544 5185 crederet
3594 5129 3787 5200 Moysi,

2207 5221 2461 5277 crederet
2508 5221 2696 5290 utique
2743 5220 2895 5282 huic.
2944 5221 3011 5275 de
3061 5236 3168 5289 quo
3225 5219 3435 5291 Moyses
3466 5220 3685 5289 scripsit
3718 5220 3785 5273 '°.

594 5311 639 5342 ³⁸
665 5310 821 5382 Rom.
852 5324 950 5382 v11,
988 5309 1075 5364 Η.
1142 5310 1196 5382 ff
1225 5309 1451 5382 Rom},
1484 5311 1538 5382 8.
1615 5309 1659 5340 ³⁰
1689 5309 1887 5380 Philip.
1934 5311 2097 5382 111,2,

2262 5310 2305 5343 ³¹
2342 5312 2508 5382 Apoc.
2530 5313 2689 5375 111,9.
2767 5313 2811 5343 "
2844 5311 2980 5367 Gen.
3011 5328 3170 5382 χιιι,
3193 5311 3248 5381 8,
3280 5312 3333 5366 9.
3387 5311 3455 5382 _”
3480 5310 3671 5366 Matth.
3698 5328 3789 5375 xv,

525 5380 614 5437 lt.
694 5380 740 5412 ³⁸
772 5378 965 5435 Matth.
1018 5396 1090 5446 v1,
1130 5379 1222 5435 2‘5.

521 5451 566 5483 ³⁹
608 5449 764 5505 Juau.
806 5466 859 5516 v,
892 5451 986 5507 46.

603 5549 717 5617 (l0)
742 5548 833 5604 Sic
868 5562 1060 5605 omnes
1103 5562 1237 5603 mss.
1292 5545 1435 5601 Editi
1477 5560 1629 5611 vero,
1663 5565 1682 5599 ‹
1706 5552 1819 5602 hoc
1847 5548 2010 5601 modo
2040 5546 2108 5601 ad

525 5619 819 5674 Romanos.
856 5637 876 5671 1

599 5688 711 5752 (ll)
750 5690 823 5743 Ita
854 5703 988 5744 mss.
1025 5689 1166 5744 Editi
1197 5703 1347 5752 vero,
1380 5706 1399 5739 ι
1437 5687 1808 5743 ostendemus.
1846 5705 1865 5739 1

601 5690 679 5743 (ll
750 5690 823 5743 Ita
854 5703 988 5744 mss.
1025 5689 1166 5744 Editi
1197 5703 1347 5752 vero,
1380 5706 1399 5739 ι
1437 5688 1808 5743 ostendemus.
1846 5705 1865 5739 1

601 5688 714 5831 (l2;
738 5759 838 5816 Ms.
871 5759 1071 5831 Regius
1103 5775 1253 5817 num.
1290 5759 1450 5825 1659,
1484 5779 1502 5811 σ
1534 5773 1819 5829 personas.
1852 5777 1870 5809 1
1904 5754 2100 5814 Caneri

1302 5380 1348 5410 ³⁸
1379 5377 1523 5434 Psal.
1571 5395 1720 5447 κων,
1771 5377 1858 5438 HI
1938 5381 1985 5412 ³⁸
2006 5379 2101 5436 Jer

2206 5424 2209 5434 .
2251 5377 2512 5450 1111,17.
2585 5383 2629 5414 "
2659 5384 2821 5448 Osee,
2864 5398 2922 5448 11,
2965 5381 3054 5449 l9,
3094 5383 3187 5437 20.

3285 5382 3330 5414 ³⁸
3377 5379 3537 5439 «Ιοειε.
3593 5398 3657 5448 11,
3700 5382 3788 5438 19.

2215 5560 2357 5618 mss.
2377 5555 2439 5618 et,
2457 5547 2610 5611 editi,
2639 5564 2661 5599 ι
2695 5548 2962 5618 personis.
2995 5566 3014 5601 1

2287 5615 2501 5690 (l5)rlta
2536 5635 2637 5690 ms.
2672 5615 2873 5689 Regius
2908 5636 3055 5676 nutu.
3088 5618 3245 5678 1659.
3270 5619 3465 5676 Cameri
3492 5634 3626 5675 vero
3655 5632 3785 5674 mss.

2209 5700 2266 5745 et
2296 5689 2451 5758 editi,
2481 5706 2501 5741 ι
2543 5689 2786 5747 Solvisti.
2819 5709 2839 5743 1
