  <div class='ocr_page' id='page_1' title='image "/cluster/home/n/w/nwhite01/storage/ocr_20150623/14:no.4/coo.31924054872928/460.png"; bbox 0 0 4170 6424; ppageno 0'>
   <div class='ocr_carea' id='block_1_1' title="bbox 418 373 522 429">
    <p class='ocr_par' dir='ltr' id='par_1_1' title="bbox 418 373 522 429">
     <span class='ocr_line' id='line_1_1' title="bbox 418 373 522 429; baseline 0 -1"><span class='ocrx_word' id='word_1_1' title='bbox 418 373 522 429; x_wconf 82' lang='grc'><strong>897</strong></span> 
     </span>
    </p>
   </div>
   <div class='ocr_carea' id='block_1_2' title="bbox 1360 375 2694 436">
    <p class='ocr_par' dir='ltr' id='par_1_2' title="bbox 1360 375 2694 436">
     <span class='ocr_line' id='line_1_2' title="bbox 1360 375 2694 436; baseline -0.001 -1"><span class='ocrx_word' id='word_1_2' title='bbox 1360 376 1719 435; x_wconf 78' lang='lat' dir='ltr'><strong>COMMENT.</strong></span> <span class='ocrx_word' id='word_1_3' title='bbox 1756 375 1825 433; x_wconf 84' lang='lat' dir='ltr'><strong>IN</strong></span> <span class='ocrx_word' id='word_1_4' title='bbox 1863 376 2082 434; x_wconf 81' lang='lat' dir='ltr'><strong>EPIST.</strong></span> <span class='ocrx_word' id='word_1_5' title='bbox 2119 377 2211 432; x_wconf 87' lang='lat' dir='ltr'><strong>AD</strong></span> <span class='ocrx_word' id='word_1_6' title='bbox 2247 378 2417 436; x_wconf 74' lang='lat' dir='ltr'><strong>ROM.</strong></span> <span class='ocrx_word' id='word_1_7' title='bbox 2460 380 2592 435; x_wconf 87' lang='lat' dir='ltr'><strong>LIB.</strong></span> <span class='ocrx_word' id='word_1_8' title='bbox 2631 380 2694 435; x_wconf 90' lang='lat' dir='ltr'><strong>ll.</strong></span> 
     </span>
    </p>
   </div>
   <div class='ocr_carea' id='block_1_3' title="bbox 3559 390 3667 471">
    <p class='ocr_par' dir='ltr' id='par_1_3' title="bbox 3559 390 3667 471">
     <span class='ocr_line' id='line_1_3' title="bbox 3559 390 3667 471; baseline 0.056 -30"><span class='ocrx_word' id='word_1_9' title='bbox 3559 390 3667 471; x_wconf 67' lang='lat' dir='ltr'><strong>ass</strong></span> 
     </span>
    </p>
   </div>
   <div class='ocr_carea' id='block_1_4' title="bbox 414 489 3664 574">
    <p class='ocr_par' dir='ltr' id='par_1_4' title="bbox 414 489 3664 574">
     <span class='ocr_line' id='line_1_4' title="bbox 414 489 3664 574; baseline 0.005 -29"><span class='ocrx_word' id='word_1_10' title='bbox 414 490 644 558; x_wconf 75' lang='lat' dir='ltr'><strong>Propter</strong></span> <span class='ocrx_word' id='word_1_11' title='bbox 666 489 802 546; x_wconf 90' lang='lat' dir='ltr'><strong>istos</strong></span> <span class='ocrx_word' id='word_1_12' title='bbox 839 506 969 562; x_wconf 84' lang='lat' dir='ltr'><strong>ergo</strong></span> <span class='ocrx_word' id='word_1_13' title='bbox 1000 492 1136 547; x_wconf 90' lang='lat' dir='ltr'><strong>tales</strong></span> <span class='ocrx_word' id='word_1_14' title='bbox 1170 494 1262 563; x_wconf 89' lang='lat' dir='ltr'><strong>qui</strong></span> <span class='ocrx_word' id='word_1_15' title='bbox 1297 494 1552 550; x_wconf 91' lang='lat' dir='ltr'><strong>dicuntur</strong></span> <span class='ocrx_word' id='word_1_16' title='bbox 1578 496 1771 563; x_wconf 72' lang='lat' dir='ltr'><strong>Judaei,</strong></span> <span class='ocrx_word' id='word_1_17' title='bbox 1794 507 1981 552; x_wconf 91' lang='lat' dir='ltr'><strong>etnon</strong></span> <span class='ocrx_word' id='word_1_18' title='bbox 2010 500 2059 556; x_wconf 76' lang='grc' dir='ltr'><strong>Α</strong></span> <span class='ocrx_word' id='word_1_19' title='bbox 2087 510 2176 550; x_wconf 90' lang='lat' dir='ltr'><strong>res</strong></span> <span class='ocrx_word' id='word_1_20' title='bbox 2219 496 2335 567; x_wconf 91' lang='grc'><strong>(17)</strong></span> <span class='ocrx_word' id='word_1_21' title='bbox 2371 512 2433 553; x_wconf 89' lang='lat' dir='ltr'><strong>se</strong></span> <span class='ocrx_word' id='word_1_22' title='bbox 2461 512 2583 554; x_wconf 89' lang='lat' dir='ltr'><strong>esse</strong></span> <span class='ocrx_word' id='word_1_23' title='bbox 2610 513 2900 563; x_wconf 83' lang='lat' dir='ltr'><strong>caecorum,</strong></span> <span class='ocrx_word' id='word_1_24' title='bbox 2951 510 3007 555; x_wconf 92' lang='lat' dir='ltr'><strong>et</strong></span> <span class='ocrx_word' id='word_1_25' title='bbox 3050 504 3341 574; x_wconf 85' lang='lat' dir='ltr'><strong>magistros</strong></span> <span class='ocrx_word' id='word_1_26' title='bbox 3372 504 3664 562; x_wconf 81' lang='lat' dir='ltr'><strong>infantium</strong></span> 
     </span>
    </p>
   </div>
   <div class='ocr_carea' id='block_1_5' title="bbox 413 581 1982 654">
    <p class='ocr_par' dir='ltr' id='par_1_5' title="bbox 413 581 1982 654">
     <span class='ocr_line' id='line_1_5' title="bbox 413 581 1982 654; baseline 0.005 -21"><span class='ocrx_word' id='word_1_27' title='bbox 413 588 558 643; x_wconf 87' lang='lat' dir='ltr'><strong>sunt,</strong></span> <span class='ocrx_word' id='word_1_28' title='bbox 592 595 784 635; x_wconf 85' lang='lat' dir='ltr'><strong>nomen</strong></span> <span class='ocrx_word' id='word_1_29' title='bbox 829 581 920 636; x_wconf 95' lang='lat' dir='ltr'><strong>Dei</strong></span> <span class='ocrx_word' id='word_1_30' title='bbox 958 583 1377 652; x_wconf 77' lang='lat' dir='ltr'><strong>blasphematur</strong></span> <span class='ocrx_word' id='word_1_31' title='bbox 1418 586 1564 639; x_wconf 93' lang='lat' dir='ltr'><strong>inter</strong></span> <span class='ocrx_word' id='word_1_32' title='bbox 1600 596 1814 654; x_wconf 80' lang='lat' dir='ltr'><strong>gentes,</strong></span> <span class='ocrx_word' id='word_1_33' title='bbox 1874 604 1982 641; x_wconf 90' lang='lat' dir='ltr'><strong>non</strong></span> 
     </span>
    </p>
   </div>
   <div class='ocr_carea' id='block_1_6' title="bbox 304 656 1984 750">
    <p class='ocr_par' dir='ltr' id='par_1_6' title="bbox 304 656 1984 750">
     <span class='ocr_line' id='line_1_6' title="bbox 304 656 1984 750; baseline 0.007 -26"><span class='ocrx_word' id='word_1_34' title='bbox 304 656 319 674; x_wconf 67' lang='grc'><strong><em>⁸</em></strong></span> <span class='ocrx_word' id='word_1_35' title='bbox 411 676 587 725; x_wconf 87' lang='lat' dir='ltr'><strong>solum</strong></span> <span class='ocrx_word' id='word_1_36' title='bbox 612 687 711 741; x_wconf 90' lang='lat' dir='ltr'><strong>pro</strong></span> <span class='ocrx_word' id='word_1_37' title='bbox 731 674 987 742; x_wconf 83' lang='lat' dir='ltr'><strong>operibus</strong></span> <span class='ocrx_word' id='word_1_38' title='bbox 1009 691 1195 729; x_wconf 91' lang='lat' dir='ltr'><strong>eorum</strong></span> <span class='ocrx_word' id='word_1_39' title='bbox 1222 678 1497 745; x_wconf 88' lang='lat' dir='ltr'><strong>pessimis,</strong></span> <span class='ocrx_word' id='word_1_40' title='bbox 1537 680 1632 734; x_wconf 88' lang='lat' dir='ltr'><strong>sed</strong></span> <span class='ocrx_word' id='word_1_41' title='bbox 1677 689 1732 734; x_wconf 91' lang='lat' dir='ltr'><strong>et</strong></span> <span class='ocrx_word' id='word_1_42' title='bbox 1762 691 1984 750; x_wconf 77' lang='lat' dir='ltr'><strong>propter</strong></span> 
     </span>
    </p>
   </div>
   <div class='ocr_carea' id='block_1_7' title="bbox 409 764 1984 839">
    <p class='ocr_par' dir='ltr' id='par_1_7' title="bbox 409 764 1984 839">
     <span class='ocr_line' id='line_1_7' title="bbox 409 764 1984 839; baseline 0.006 -21"><span class='ocrx_word' id='word_1_43' title='bbox 409 764 667 819; x_wconf 84' lang='lat' dir='ltr'><strong>humilem</strong></span> <span class='ocrx_word' id='word_1_44' title='bbox 709 776 767 820; x_wconf 92' lang='lat' dir='ltr'><strong>et</strong></span> <span class='ocrx_word' id='word_1_45' title='bbox 800 765 1063 833; x_wconf 87' lang='lat' dir='ltr'><strong>dejectam</strong></span> <span class='ocrx_word' id='word_1_46' title='bbox 1112 768 1549 838; x_wconf 73' lang='lat' dir='ltr'><strong>intelligentiam,</strong></span> <span class='ocrx_word' id='word_1_47' title='bbox 1589 786 1750 839; x_wconf 90' lang='lat' dir='ltr'><strong>quam</strong></span> <span class='ocrx_word' id='word_1_48' title='bbox 1785 773 1984 828; x_wconf 77' lang='lat' dir='ltr'><strong>habent</strong></span> 
     </span>
    </p>
   </div>
   <div class='ocr_carea' id='block_1_8' title="bbox 408 857 1982 934">
    <p class='ocr_par' dir='ltr' id='par_1_8' title="bbox 408 857 1982 934">
     <span class='ocr_line' id='line_1_8' title="bbox 408 857 1982 934; baseline 0.008 -26"><span class='ocrx_word' id='word_1_49' title='bbox 408 858 463 909; x_wconf 91' lang='lat' dir='ltr'><strong>in</strong></span> <span class='ocrx_word' id='word_1_50' title='bbox 501 857 616 923; x_wconf 83' lang='lat' dir='ltr'><strong>lege</strong></span> <span class='ocrx_word' id='word_1_51' title='bbox 644 867 698 912; x_wconf 92' lang='lat' dir='ltr'><strong>et</strong></span> <span class='ocrx_word' id='word_1_52' title='bbox 755 860 1055 928; x_wconf 76' lang='lat' dir='ltr'><strong>prophetis.</strong></span> <span class='ocrx_word' id='word_1_53' title='bbox 1113 861 1356 916; x_wconf 82' lang='lat' dir='ltr'><strong>Ridicula</strong></span> <span class='ocrx_word' id='word_1_54' title='bbox 1384 877 1618 931; x_wconf 79' lang='lat' dir='ltr'><strong>namque</strong></span> <span class='ocrx_word' id='word_1_55' title='bbox 1660 866 1823 917; x_wconf 90' lang='lat' dir='ltr'><strong>etiam</strong></span> <span class='ocrx_word' id='word_1_56' title='bbox 1851 865 1982 934; x_wconf 84' lang='lat' dir='ltr'><strong>ipsis</strong></span> 
     </span>
    </p>
   </div>
   <div class='ocr_carea' id='block_1_9' title="bbox 407 951 1980 1026">
    <p class='ocr_par' dir='ltr' id='par_1_9' title="bbox 407 951 1980 1026">
     <span class='ocr_line' id='line_1_9' title="bbox 407 951 1980 1026; baseline 0.006 -24"><span class='ocrx_word' id='word_1_57' title='bbox 407 951 663 1019; x_wconf 84' lang='lat' dir='ltr'><strong>gentibus</strong></span> <span class='ocrx_word' id='word_1_58' title='bbox 713 952 871 1015; x_wconf 90' lang='lat' dir='ltr'><strong>ﬁunt,</strong></span> <span class='ocrx_word' id='word_1_59' title='bbox 907 967 1029 1006; x_wconf 90' lang='lat' dir='ltr'><strong>cum</strong></span> <span class='ocrx_word' id='word_1_60' title='bbox 1074 951 1232 1021; x_wconf 88' lang='lat' dir='ltr'><strong>Legis</strong></span> <span class='ocrx_word' id='word_1_61' title='bbox 1274 953 1511 1009; x_wconf 85' lang='lat' dir='ltr'><strong>litteram</strong></span> <span class='ocrx_word' id='word_1_62' title='bbox 1563 967 1859 1026; x_wconf 85' lang='lat' dir='ltr'><strong>sequentes</strong></span> <span class='ocrx_word' id='word_1_63' title='bbox 1890 960 1980 1012; x_wconf 60' lang='lat' dir='ltr'><strong>die</strong></span> 
     </span>
    </p>
   </div>
   <div class='ocr_carea' id='block_1_10' title="bbox 405 1043 1979 1119">
    <p class='ocr_par' dir='ltr' id='par_1_10' title="bbox 405 1043 1979 1119">
     <span class='ocr_line' id='line_1_10' title="bbox 405 1043 1979 1119; baseline 0.01 -26"><span class='ocrx_word' id='word_1_64' title='bbox 405 1052 538 1097; x_wconf 88' lang='lat' dir='ltr'><strong>cunt</strong></span> <span class='ocrx_word' id='word_1_65' title='bbox 565 1044 676 1111; x_wconf 76' lang='grc'><strong>(14)</strong></span> <span class='ocrx_word' id='word_1_66' title='bbox 705 1060 718 1095; x_wconf 94' lang='lat'>:</span> <span class='ocrx_word' id='word_1_67' title='bbox 753 1063 775 1097; x_wconf 76' lang='grc' dir='ltr'><strong>ι</strong></span> <span class='ocrx_word' id='word_1_68' title='bbox 814 1043 894 1097; x_wconf 88' lang='lat' dir='ltr'><strong>Ne</strong></span> <span class='ocrx_word' id='word_1_69' title='bbox 949 1046 1211 1116; x_wconf 79' lang='lat' dir='ltr'><strong>tetigeris,</strong></span> <span class='ocrx_word' id='word_1_70' title='bbox 1242 1065 1309 1105; x_wconf 89' lang='lat' dir='ltr'><strong>ne</strong></span> <span class='ocrx_word' id='word_1_71' title='bbox 1335 1051 1660 1119; x_wconf 83' lang='lat' dir='ltr'><strong>gustaveris,</strong></span> <span class='ocrx_word' id='word_1_72' title='bbox 1700 1068 1768 1108; x_wconf 91' lang='lat' dir='ltr'><strong>ne</strong></span> <span class='ocrx_word' id='word_1_73' title='bbox 1790 1065 1979 1108; x_wconf 88' lang='lat' dir='ltr'><strong>conta-</strong></span> 
     </span>
    </p>
   </div>
   <div class='ocr_carea' id='block_1_11' title="bbox 409 1138 1979 1217">
    <p class='ocr_par' dir='ltr' id='par_1_11' title="bbox 409 1138 1979 1217">
     <span class='ocr_line' id='line_1_11' title="bbox 409 1138 1979 1217; baseline 0.009 -28"><span class='ocrx_word' id='word_1_74' title='bbox 409 1138 704 1192; x_wconf 89' lang='lat' dir='ltr'><strong>minaveris</strong></span> <span class='ocrx_word' id='word_1_75' title='bbox 733 1158 746 1194; x_wconf 92' lang='lat'>:</span> <span class='ocrx_word' id='word_1_76' title='bbox 777 1155 898 1208; x_wconf 65' lang='lat' dir='ltr'><strong>quae</strong></span> <span class='ocrx_word' id='word_1_77' title='bbox 943 1151 1068 1195; x_wconf 91' lang='lat' dir='ltr'><strong>sunt</strong></span> <span class='ocrx_word' id='word_1_78' title='bbox 1114 1144 1298 1197; x_wconf 85' lang='lat' dir='ltr'><strong>omnia</strong></span> <span class='ocrx_word' id='word_1_79' title='bbox 1345 1146 1397 1198; x_wconf 93' lang='lat' dir='ltr'><strong>in</strong></span> <span class='ocrx_word' id='word_1_80' title='bbox 1435 1147 1836 1217; x_wconf 88' lang='lat' dir='ltr'><strong>corruptionem</strong></span> <span class='ocrx_word' id='word_1_81' title='bbox 1893 1164 1979 1203; x_wconf 92' lang='lat' dir='ltr'><strong>se-</strong></span> 
     </span>
    </p>
   </div>
   <div class='ocr_carea' id='block_1_12' title="bbox 406 1231 1976 1296">
    <p class='ocr_par' dir='ltr' id='par_1_12' title="bbox 406 1231 1976 1296">
     <span class='ocr_line' id='line_1_12' title="bbox 406 1231 1976 1296; baseline 0.01 -15"><span class='ocrx_word' id='word_1_82' title='bbox 406 1231 638 1283; x_wconf 90' lang='lat' dir='ltr'><strong>cundum</strong></span> <span class='ocrx_word' id='word_1_83' title='bbox 673 1234 925 1285; x_wconf 89' lang='lat' dir='ltr'><strong>mandata</strong></span> <span class='ocrx_word' id='word_1_84' title='bbox 950 1244 1004 1287; x_wconf 92' lang='lat' dir='ltr'><strong>et</strong></span> <span class='ocrx_word' id='word_1_85' title='bbox 1034 1234 1310 1290; x_wconf 81' lang='lat' dir='ltr'><strong>doctrinas</strong></span> <span class='ocrx_word' id='word_1_86' title='bbox 1331 1237 1608 1292; x_wconf 86' lang='lat' dir='ltr'><strong>hominum</strong></span> <span class='ocrx_word' id='word_1_87' title='bbox 1629 1237 1695 1296; x_wconf 77' lang='lat'><strong>“.</strong></span> <span class='ocrx_word' id='word_1_88' title='bbox 1727 1259 1747 1292; x_wconf 77' lang='grc' dir='ltr'><strong>ι</strong></span> <span class='ocrx_word' id='word_1_89' title='bbox 1776 1242 1976 1296; x_wconf 86' lang='lat' dir='ltr'><strong>Verum</strong></span> 
     </span>
    </p>
   </div>
   <div class='ocr_carea' id='block_1_13' title="bbox 405 1323 1973 1399">
    <p class='ocr_par' dir='ltr' id='par_1_13' title="bbox 405 1323 1973 1399">
     <span class='ocr_line' id='line_1_13' title="bbox 405 1323 1973 1399; baseline 0.007 -23"><span class='ocrx_word' id='word_1_90' title='bbox 405 1323 519 1378; x_wconf 64' lang='lat' dir='ltr'><strong>haec</strong></span> <span class='ocrx_word' id='word_1_91' title='bbox 573 1325 863 1392; x_wconf 88' lang='lat' dir='ltr'><strong>Apostolus</strong></span> <span class='ocrx_word' id='word_1_92' title='bbox 917 1327 1136 1396; x_wconf 88' lang='lat' dir='ltr'><strong>quidem</strong></span> <span class='ocrx_word' id='word_1_93' title='bbox 1184 1328 1252 1382; x_wconf 88' lang='lat' dir='ltr'><strong>ad</strong></span> <span class='ocrx_word' id='word_1_94' title='bbox 1298 1344 1422 1383; x_wconf 91' lang='lat' dir='ltr'><strong>eum</strong></span> <span class='ocrx_word' id='word_1_95' title='bbox 1454 1332 1544 1399; x_wconf 92' lang='lat' dir='ltr'><strong>qui</strong></span> <span class='ocrx_word' id='word_1_96' title='bbox 1580 1333 1831 1393; x_wconf 85' lang='lat' dir='ltr'><strong>nomine.</strong></span> <span class='ocrx_word' id='word_1_97' title='bbox 1867 1350 1973 1386; x_wconf 91' lang='lat' dir='ltr'><strong>non</strong></span> 
     </span>
    </p>
   </div>
   <div class='ocr_carea' id='block_1_14' title="bbox 402 1415 1971 1490">
    <p class='ocr_par' dir='ltr' id='par_1_14' title="bbox 402 1415 1971 1490">
     <span class='ocr_line' id='line_1_14' title="bbox 402 1415 1971 1490; baseline 0.008 -23"><span class='ocrx_word' id='word_1_98' title='bbox 402 1429 565 1481; x_wconf 89' lang='lat' dir='ltr'><strong>opere</strong></span> <span class='ocrx_word' id='word_1_99' title='bbox 591 1415 810 1473; x_wconf 71' lang='lat' dir='ltr'><strong>Iudaeus</strong></span> <span class='ocrx_word' id='word_1_100' title='bbox 845 1426 949 1482; x_wconf 90' lang='lat' dir='ltr'><strong>est,</strong></span> <span class='ocrx_word' id='word_1_101' title='bbox 990 1418 1155 1483; x_wconf 88' lang='lat' dir='ltr'><strong>dicit;</strong></span> <span class='ocrx_word' id='word_1_102' title='bbox 1191 1421 1467 1490; x_wconf 89' lang='lat' dir='ltr'><strong>pertinere</strong></span> <span class='ocrx_word' id='word_1_103' title='bbox 1501 1434 1681 1478; x_wconf 86' lang='lat' dir='ltr'><strong>tamen</strong></span> <span class='ocrx_word' id='word_1_104' title='bbox 1709 1427 1876 1478; x_wconf 90' lang='lat' dir='ltr'><strong>etiam</strong></span> <span class='ocrx_word' id='word_1_105' title='bbox 1904 1428 1971 1480; x_wconf 93' lang='lat' dir='ltr'><strong>ad</strong></span> 
     </span>
    </p>
   </div>
   <div class='ocr_carea' id='block_1_15' title="bbox 403 1510 1972 1582">
    <p class='ocr_par' dir='ltr' id='par_1_15' title="bbox 403 1510 1972 1582">
     <span class='ocr_line' id='line_1_15' title="bbox 403 1510 1972 1582; baseline 0.009 -25"><span class='ocrx_word' id='word_1_106' title='bbox 403 1523 617 1562; x_wconf 83' lang='lat' dir='ltr'><strong>omnem</strong></span> <span class='ocrx_word' id='word_1_107' title='bbox 663 1510 934 1565; x_wconf 91' lang='lat' dir='ltr'><strong>hominem</strong></span> <span class='ocrx_word' id='word_1_108' title='bbox 988 1522 1242 1580; x_wconf 86' lang='lat' dir='ltr'><strong>possunt,</strong></span> <span class='ocrx_word' id='word_1_109' title='bbox 1283 1513 1336 1567; x_wconf 91' lang='lat' dir='ltr'><strong>in</strong></span> <span class='ocrx_word' id='word_1_110' title='bbox 1382 1530 1488 1582; x_wconf 90' lang='lat' dir='ltr'><strong>quo</strong></span> <span class='ocrx_word' id='word_1_111' title='bbox 1521 1530 1717 1570; x_wconf 88' lang='lat' dir='ltr'><strong>nomen</strong></span> <span class='ocrx_word' id='word_1_112' title='bbox 1760 1526 1972 1571; x_wconf 89' lang='lat' dir='ltr'><strong>tantmn</strong></span> 
     </span>
    </p>
   </div>
   <div class='ocr_carea' id='block_1_16' title="bbox 404 1600 1970 1674">
    <p class='ocr_par' dir='ltr' id='par_1_16' title="bbox 404 1600 1970 1674">
     <span class='ocr_line' id='line_1_16' title="bbox 404 1600 1970 1674; baseline 0.005 -20"><span class='ocrx_word' id='word_1_113' title='bbox 404 1600 684 1668; x_wconf 83' lang='lat' dir='ltr'><strong>religionis</strong></span> <span class='ocrx_word' id='word_1_114' title='bbox 716 1610 774 1656; x_wconf 91' lang='lat' dir='ltr'><strong>et</strong></span> <span class='ocrx_word' id='word_1_115' title='bbox 805 1603 1022 1672; x_wconf 87' lang='lat' dir='ltr'><strong>pietatis</strong></span> <span class='ocrx_word' id='word_1_116' title='bbox 1050 1612 1155 1667; x_wconf 89' lang='lat' dir='ltr'><strong>est,</strong></span> <span class='ocrx_word' id='word_1_117' title='bbox 1180 1619 1343 1673; x_wconf 88' lang='lat' dir='ltr'><strong>opera</strong></span> <span class='ocrx_word' id='word_1_118' title='bbox 1373 1614 1574 1674; x_wconf 90' lang='lat' dir='ltr'><strong>autem,</strong></span> <span class='ocrx_word' id='word_1_119' title='bbox 1623 1616 1677 1662; x_wconf 91' lang='lat' dir='ltr'><strong>et</strong></span> <span class='ocrx_word' id='word_1_120' title='bbox 1724 1608 1970 1674; x_wconf 91' lang='lat' dir='ltr'><strong>scientia,</strong></span> 
     </span>
    </p>
   </div>
   <div class='ocr_carea' id='block_1_17' title="bbox 399 1693 1971 1764">
    <p class='ocr_par' dir='ltr' id='par_1_17' title="bbox 399 1693 1971 1764">
     <span class='ocr_line' id='line_1_17' title="bbox 399 1693 1971 1764; baseline 0.007 -20"><span class='ocrx_word' id='word_1_121' title='bbox 399 1701 454 1746; x_wconf 88' lang='lat' dir='ltr'><strong>et</strong></span> <span class='ocrx_word' id='word_1_122' title='bbox 490 1694 624 1747; x_wconf 81' lang='lat' dir='ltr'><strong>ﬁdes</strong></span> <span class='ocrx_word' id='word_1_123' title='bbox 651 1694 825 1748; x_wconf 86' lang='lat' dir='ltr'><strong>deest.</strong></span> <span class='ocrx_word' id='word_1_124' title='bbox 873 1693 941 1749; x_wconf 88' lang='lat' dir='ltr'><strong>Et</strong></span> <span class='ocrx_word' id='word_1_125' title='bbox 986 1695 1105 1749; x_wconf 90' lang='lat' dir='ltr'><strong>ideo</strong></span> <span class='ocrx_word' id='word_1_126' title='bbox 1137 1696 1342 1764; x_wconf 85' lang='lat' dir='ltr'><strong>majore</strong></span> <span class='ocrx_word' id='word_1_127' title='bbox 1390 1712 1521 1751; x_wconf 92' lang='lat' dir='ltr'><strong>cura</strong></span> <span class='ocrx_word' id='word_1_128' title='bbox 1573 1700 1688 1753; x_wconf 66' lang='lat' dir='ltr'><strong>haec</strong></span> <span class='ocrx_word' id='word_1_129' title='bbox 1733 1700 1786 1753; x_wconf 93' lang='lat' dir='ltr'><strong>in</strong></span> <span class='ocrx_word' id='word_1_130' title='bbox 1818 1702 1971 1756; x_wconf 90' lang='lat' dir='ltr'><strong>nobis</strong></span> 
     </span>
    </p>
   </div>
   <div class='ocr_carea' id='block_1_18' title="bbox 398 1785 1967 1858">
    <p class='ocr_par' dir='ltr' id='par_1_18' title="bbox 398 1785 1967 1858">
     <span class='ocr_line' id='line_1_18' title="bbox 398 1785 1967 1858; baseline 0.005 -19"><span class='ocrx_word' id='word_1_131' title='bbox 398 1785 530 1853; x_wconf 89' lang='lat' dir='ltr'><strong>ipsis</strong></span> <span class='ocrx_word' id='word_1_132' title='bbox 555 1800 717 1855; x_wconf 88' lang='lat' dir='ltr'><strong>quam</strong></span> <span class='ocrx_word' id='word_1_133' title='bbox 750 1786 802 1840; x_wconf 91' lang='lat' dir='ltr'><strong>in</strong></span> <span class='ocrx_word' id='word_1_134' title='bbox 827 1787 912 1841; x_wconf 91' lang='lat' dir='ltr'><strong>his</strong></span> <span class='ocrx_word' id='word_1_135' title='bbox 940 1788 1029 1858; x_wconf 90' lang='lat' dir='ltr'><strong>qui</strong></span> <span class='ocrx_word' id='word_1_136' title='bbox 1055 1788 1120 1842; x_wconf 90' lang='lat' dir='ltr'><strong>ad</strong></span> <span class='ocrx_word' id='word_1_137' title='bbox 1152 1788 1310 1844; x_wconf 91' lang='lat' dir='ltr'><strong>ﬁdem</strong></span> <span class='ocrx_word' id='word_1_138' title='bbox 1341 1788 1547 1847; x_wconf 89' lang='lat' dir='ltr'><strong>Christi</strong></span> <span class='ocrx_word' id='word_1_139' title='bbox 1580 1808 1690 1847; x_wconf 91' lang='lat' dir='ltr'><strong>non</strong></span> <span class='ocrx_word' id='word_1_140' title='bbox 1721 1794 1967 1857; x_wconf 89' lang='lat' dir='ltr'><strong>veniunt,</strong></span> 
     </span>
    </p>
   </div>
   <div class='ocr_carea' id='block_1_19' title="bbox 397 1879 1968 1953">
    <p class='ocr_par' dir='ltr' id='par_1_19' title="bbox 397 1879 1968 1953">
     <span class='ocr_line' id='line_1_19' title="bbox 397 1879 1968 1953; baseline 0.005 -22"><span class='ocrx_word' id='word_1_141' title='bbox 397 1879 666 1934; x_wconf 86' lang='lat' dir='ltr'><strong>discutere</strong></span> <span class='ocrx_word' id='word_1_142' title='bbox 695 1880 975 1945; x_wconf 87' lang='lat' dir='ltr'><strong>debemus,</strong></span> <span class='ocrx_word' id='word_1_143' title='bbox 1012 1897 1079 1936; x_wconf 90' lang='lat' dir='ltr'><strong>ne</strong></span> <span class='ocrx_word' id='word_1_144' title='bbox 1106 1882 1228 1950; x_wconf 89' lang='lat' dir='ltr'><strong>quis</strong></span> <span class='ocrx_word' id='word_1_145' title='bbox 1260 1893 1506 1937; x_wconf 90' lang='lat' dir='ltr'><strong>nostrum</strong></span> <span class='ocrx_word' id='word_1_146' title='bbox 1538 1884 1628 1953; x_wconf 83' lang='lat' dir='ltr'><strong>qui</strong></span> <span class='ocrx_word' id='word_1_147' title='bbox 1670 1901 1768 1953; x_wconf 91' lang='lat' dir='ltr'><strong>per</strong></span> <span class='ocrx_word' id='word_1_148' title='bbox 1804 1884 1968 1946; x_wconf 84' lang='lat' dir='ltr'><strong>ﬁdem</strong></span> 
     </span>
    </p>
   </div>
   <div class='ocr_carea' id='block_1_20' title="bbox 395 1969 1967 2044">
    <p class='ocr_par' dir='ltr' id='par_1_20' title="bbox 395 1969 1967 2044">
     <span class='ocr_line' id='line_1_20' title="bbox 395 1969 1967 2044; baseline 0.006 -21"><span class='ocrx_word' id='word_1_149' title='bbox 395 1969 595 2025; x_wconf 84' lang='lat' dir='ltr'><strong>Christi</strong></span> <span class='ocrx_word' id='word_1_150' title='bbox 621 1981 675 2026; x_wconf 91' lang='lat' dir='ltr'><strong>et</strong></span> <span class='ocrx_word' id='word_1_151' title='bbox 697 1973 1163 2028; x_wconf 88' lang='lat' dir='ltr'><strong>circumcisiouem</strong></span> <span class='ocrx_word' id='word_1_152' title='bbox 1190 1976 1242 2028; x_wconf 90' lang='lat' dir='ltr'><strong>in</strong></span> <span class='ocrx_word' id='word_1_153' title='bbox 1282 1976 1554 2044; x_wconf 88' lang='lat' dir='ltr'><strong>baptismo</strong></span> <span class='ocrx_word' id='word_1_154' title='bbox 1579 1977 1761 2031; x_wconf 87' lang='lat' dir='ltr'><strong>datam</strong></span> <span class='ocrx_word' id='word_1_155' title='bbox 1803 1993 1967 2034; x_wconf 79' lang='lat' dir='ltr'><strong>verus</strong></span> 
     </span>
    </p>
   </div>
   <div class='ocr_carea' id='block_1_21' title="bbox 392 2060 1962 2137">
    <p class='ocr_par' dir='ltr' id='par_1_21' title="bbox 392 2060 1962 2137">
     <span class='ocr_line' id='line_1_21' title="bbox 392 2060 1962 2137; baseline 0.007 -25"><span class='ocrx_word' id='word_1_156' title='bbox 392 2060 610 2117; x_wconf 64' lang='lat' dir='ltr'><strong>Judaeus</strong></span> <span class='ocrx_word' id='word_1_157' title='bbox 660 2064 885 2118; x_wconf 74' lang='lat' dir='ltr'><strong>effectus</strong></span> <span class='ocrx_word' id='word_1_158' title='bbox 914 2074 1016 2126; x_wconf 89' lang='lat' dir='ltr'><strong>est,</strong></span> <span class='ocrx_word' id='word_1_159' title='bbox 1057 2066 1188 2121; x_wconf 89' lang='lat' dir='ltr'><strong>etin</strong></span> <span class='ocrx_word' id='word_1_160' title='bbox 1238 2066 1356 2137; x_wconf 85' lang='lat' dir='ltr'><strong>lege</strong></span> <span class='ocrx_word' id='word_1_161' title='bbox 1403 2066 1606 2122; x_wconf 86' lang='lat' dir='ltr'><strong>Christi</strong></span> <span class='ocrx_word' id='word_1_162' title='bbox 1649 2070 1962 2137; x_wconf 86' lang='lat' dir='ltr'><strong>requiescit,</strong></span> 
     </span>
    </p>
   </div>
   <div class='ocr_carea' id='block_1_22' title="bbox 393 2152 1965 2230">
    <p class='ocr_par' dir='ltr' id='par_1_22' title="bbox 393 2152 1965 2230">
     <span class='ocr_line' id='line_1_22' title="bbox 393 2152 1965 2230; baseline 0.006 -25"><span class='ocrx_word' id='word_1_163' title='bbox 393 2152 659 2221; x_wconf 75' lang='lat' dir='ltr'><strong>gloriatur</strong></span> <span class='ocrx_word' id='word_1_164' title='bbox 690 2170 906 2223; x_wconf 92' lang='lat' dir='ltr'><strong>quoque</strong></span> <span class='ocrx_word' id='word_1_165' title='bbox 932 2170 991 2209; x_wconf 89' lang='lat' dir='ltr'><strong>se</strong></span> <span class='ocrx_word' id='word_1_166' title='bbox 1022 2155 1288 2210; x_wconf 88' lang='lat' dir='ltr'><strong>idolorum</strong></span> <span class='ocrx_word' id='word_1_167' title='bbox 1322 2173 1507 2213; x_wconf 91' lang='lat' dir='ltr'><strong>errore</strong></span> <span class='ocrx_word' id='word_1_168' title='bbox 1536 2159 1763 2228; x_wconf 85' lang='lat' dir='ltr'><strong>depulso</strong></span> <span class='ocrx_word' id='word_1_169' title='bbox 1794 2176 1965 2230; x_wconf 87' lang='lat' dir='ltr'><strong>agno-</strong></span> 
     </span>
    </p>
   </div>
   <div class='ocr_carea' id='block_1_23' title="bbox 393 2244 1964 2321">
    <p class='ocr_par' dir='ltr' id='par_1_23' title="bbox 393 2244 1964 2321">
     <span class='ocr_line' id='line_1_23' title="bbox 393 2244 1964 2321; baseline 0.01 -30"><span class='ocrx_word' id='word_1_170' title='bbox 393 2244 539 2321; x_wconf 74' lang='lat' dir='ltr'><strong>visse</strong></span> <span class='ocrx_word' id='word_1_171' title='bbox 567 2244 754 2311; x_wconf 86' lang='lat' dir='ltr'><strong>Deum,</strong></span> <span class='ocrx_word' id='word_1_172' title='bbox 793 2255 845 2299; x_wconf 88' lang='lat' dir='ltr'><strong>et</strong></span> <span class='ocrx_word' id='word_1_173' title='bbox 871 2245 988 2315; x_wconf 85' lang='lat' dir='ltr'><strong>ejus</strong></span> <span class='ocrx_word' id='word_1_174' title='bbox 1011 2248 1113 2302; x_wconf 88' lang='lat' dir='ltr'><strong>sibi</strong></span> <span class='ocrx_word' id='word_1_175' title='bbox 1143 2248 1446 2304; x_wconf 89' lang='lat' dir='ltr'><strong>innotuisse</strong></span> <span class='ocrx_word' id='word_1_176' title='bbox 1470 2249 1804 2307; x_wconf 75' lang='lat' dir='ltr'><strong>voluntatem</strong></span> <span class='ocrx_word' id='word_1_177' title='bbox 1837 2253 1964 2319; x_wconf 81' lang='lat' dir='ltr'><strong>(scit</strong></span> 
     </span>
    </p>
   </div>
   <div class='ocr_carea' id='block_1_24' title="bbox 392 2336 1962 2412">
    <p class='ocr_par' dir='ltr' id='par_1_24' title="bbox 392 2336 1962 2412">
     <span class='ocr_line' id='line_1_24' title="bbox 392 2336 1962 2412; baseline 0.006 -22"><span class='ocrx_word' id='word_1_178' title='bbox 392 2336 535 2390; x_wconf 89' lang='lat' dir='ltr'><strong>enim</strong></span> <span class='ocrx_word' id='word_1_179' title='bbox 565 2338 797 2402; x_wconf 87' lang='lat' dir='ltr'><strong>probare</strong></span> <span class='ocrx_word' id='word_1_180' title='bbox 823 2339 963 2406; x_wconf 89' lang='lat' dir='ltr'><strong>quod</strong></span> <span class='ocrx_word' id='word_1_181' title='bbox 988 2337 1210 2404; x_wconf 89' lang='lat' dir='ltr'><strong>bonum,</strong></span> <span class='ocrx_word' id='word_1_182' title='bbox 1239 2350 1294 2395; x_wconf 89' lang='lat' dir='ltr'><strong>et</strong></span> <span class='ocrx_word' id='word_1_183' title='bbox 1318 2341 1716 2412; x_wconf 87' lang='lat' dir='ltr'><strong>beneplacitum</strong></span> <span class='ocrx_word' id='word_1_184' title='bbox 1765 2353 1869 2407; x_wconf 90' lang='lat' dir='ltr'><strong>est,</strong></span> <span class='ocrx_word' id='word_1_185' title='bbox 1906 2353 1962 2399; x_wconf 90' lang='lat' dir='ltr'><strong>et</strong></span> 
     </span>
    </p>
   </div>
   <div class='ocr_carea' id='block_1_25' title="bbox 392 2424 1962 2499">
    <p class='ocr_par' dir='ltr' id='par_1_25' title="bbox 392 2424 1962 2499">
     <span class='ocr_line' id='line_1_25' title="bbox 392 2424 1962 2499; baseline 0.006 -20"><span class='ocrx_word' id='word_1_186' title='bbox 392 2424 686 2493; x_wconf 80' lang='lat' dir='ltr'><strong>perfectum</strong></span> <span class='ocrx_word' id='word_1_187' title='bbox 713 2426 780 2492; x_wconf 75' lang='lat'><strong>“,</strong></span> <span class='ocrx_word' id='word_1_188' title='bbox 808 2436 863 2481; x_wconf 90' lang='lat' dir='ltr'><strong>et</strong></span> <span class='ocrx_word' id='word_1_189' title='bbox 885 2443 950 2483; x_wconf 91' lang='lat' dir='ltr'><strong>eo</strong></span> <span class='ocrx_word' id='word_1_190' title='bbox 977 2444 1151 2498; x_wconf 91' lang='lat' dir='ltr'><strong>usque</strong></span> <span class='ocrx_word' id='word_1_191' title='bbox 1181 2432 1442 2499; x_wconf 71' lang='lat' dir='ltr'><strong>pervenit,</strong></span> <span class='ocrx_word' id='word_1_192' title='bbox 1476 2441 1539 2486; x_wconf 94' lang='lat' dir='ltr'><strong>ut</strong></span> <span class='ocrx_word' id='word_1_193' title='bbox 1563 2434 1730 2487; x_wconf 89' lang='lat' dir='ltr'><strong>etiam</strong></span> <span class='ocrx_word' id='word_1_194' title='bbox 1765 2435 1875 2489; x_wconf 86' lang='lat' dir='ltr'><strong>dux</strong></span> <span class='ocrx_word' id='word_1_195' title='bbox 1907 2444 1962 2489; x_wconf 91' lang='lat' dir='ltr'><strong>et</strong></span> 
     </span>
    </p>
   </div>
   <div class='ocr_carea' id='block_1_26' title="bbox 388 2517 1958 2597">
    <p class='ocr_par' dir='ltr' id='par_1_26' title="bbox 388 2517 1958 2597">
     <span class='ocr_line' id='line_1_26' title="bbox 388 2517 1958 2597; baseline 0.008 -27"><span class='ocrx_word' id='word_1_196' title='bbox 388 2517 576 2572; x_wconf 89' lang='lat' dir='ltr'><strong>doctor</strong></span> <span class='ocrx_word' id='word_1_197' title='bbox 608 2517 863 2574; x_wconf 74' lang='lat' dir='ltr'><strong>Ecclesize</strong></span> <span class='ocrx_word' id='word_1_198' title='bbox 890 2521 1049 2576; x_wconf 87' lang='lat' dir='ltr'><strong>sitad</strong></span> <span class='ocrx_word' id='word_1_199' title='bbox 1088 2522 1472 2579; x_wconf 84' lang='lat' dir='ltr'><strong>illuminandos</strong></span> <span class='ocrx_word' id='word_1_200' title='bbox 1508 2524 1618 2597; x_wconf 82' lang='grc'><strong>(15)</strong></span> <span class='ocrx_word' id='word_1_201' title='bbox 1648 2540 1744 2580; x_wconf 91' lang='lat' dir='ltr'><strong>eos</strong></span> <span class='ocrx_word' id='word_1_202' title='bbox 1779 2528 1871 2597; x_wconf 92' lang='lat' dir='ltr'><strong>qui</strong></span> <span class='ocrx_word' id='word_1_203' title='bbox 1906 2528 1958 2582; x_wconf 93' lang='lat' dir='ltr'><strong>in</strong></span> 
     </span>
    </p>
   </div>
   <div class='ocr_carea' id='block_1_27' title="bbox 391 2598 1954 2688">
    <p class='ocr_par' dir='ltr' id='par_1_27' title="bbox 391 2598 1954 2688">
     <span class='ocr_line' id='line_1_27' title="bbox 391 2598 1954 2688; baseline 0.01 -27"><span class='ocrx_word' id='word_1_204' title='bbox 391 2609 618 2663; x_wconf 89' lang='lat' dir='ltr'><strong>scientia</strong></span> <span class='ocrx_word' id='word_1_205' title='bbox 671 2611 799 2666; x_wconf 76' lang='lat' dir='ltr'><strong>caeci</strong></span> <span class='ocrx_word' id='word_1_206' title='bbox 852 2623 1016 2679; x_wconf 90' lang='lat' dir='ltr'><strong>sunt,</strong></span> <span class='ocrx_word' id='word_1_207' title='bbox 1075 2622 1131 2668; x_wconf 92' lang='lat' dir='ltr'><strong>et</strong></span> <span class='ocrx_word' id='word_1_208' title='bbox 1182 2598 1542 2672; x_wconf 89' lang='lat' dir='ltr'><strong>instruendos</strong></span> <span class='ocrx_word' id='word_1_209' title='bbox 1592 2619 1849 2688; x_wconf 88' lang='lat' dir='ltr'><strong>parvulos</strong></span> <span class='ocrx_word' id='word_1_210' title='bbox 1903 2622 1954 2676; x_wconf 92' lang='lat' dir='ltr'><strong>in</strong></span> 
     </span>
    </p>
   </div>
   <div class='ocr_carea' id='block_1_28' title="bbox 386 2701 1959 2779">
    <p class='ocr_par' dir='ltr' id='par_1_28' title="bbox 386 2701 1959 2779">
     <span class='ocr_line' id='line_1_28' title="bbox 386 2701 1959 2779; baseline 0.006 -24"><span class='ocrx_word' id='word_1_211' title='bbox 386 2701 621 2773; x_wconf 86' lang='lat' dir='ltr'><strong>Christo)</strong></span> <span class='ocrx_word' id='word_1_212' title='bbox 651 2718 666 2755; x_wconf 86' lang='lat'><strong>:</strong></span> <span class='ocrx_word' id='word_1_213' title='bbox 697 2718 766 2758; x_wconf 91' lang='lat' dir='ltr'><strong>ne</strong></span> <span class='ocrx_word' id='word_1_214' title='bbox 817 2704 886 2766; x_wconf 90' lang='lat' dir='ltr'><strong>is,</strong></span> <span class='ocrx_word' id='word_1_215' title='bbox 941 2704 1180 2774; x_wconf 88' lang='lat' dir='ltr'><strong>inquam,</strong></span> <span class='ocrx_word' id='word_1_216' title='bbox 1236 2707 1361 2761; x_wconf 92' lang='lat' dir='ltr'><strong>talis</strong></span> <span class='ocrx_word' id='word_1_217' title='bbox 1413 2708 1550 2763; x_wconf 82' lang='lat' dir='ltr'><strong>alios</strong></span> <span class='ocrx_word' id='word_1_218' title='bbox 1581 2710 1798 2779; x_wconf 85' lang='lat' dir='ltr'><strong>quidem</strong></span> <span class='ocrx_word' id='word_1_219' title='bbox 1832 2712 1959 2765; x_wconf 89' lang='lat' dir='ltr'><strong>velit</strong></span> 
     </span>
    </p>
   </div>
   <div class='ocr_carea' id='block_1_29' title="bbox 384 2793 1955 2869">
    <p class='ocr_par' dir='ltr' id='par_1_29' title="bbox 384 2793 1955 2869">
     <span class='ocr_line' id='line_1_29' title="bbox 384 2793 1955 2869; baseline 0.007 -24"><span class='ocrx_word' id='word_1_220' title='bbox 384 2793 583 2848; x_wconf 89' lang='lat' dir='ltr'><strong>docere</strong></span> <span class='ocrx_word' id='word_1_221' title='bbox 613 2794 936 2862; x_wconf 85' lang='lat' dir='ltr'><strong>districtius,</strong></span> <span class='ocrx_word' id='word_1_222' title='bbox 970 2806 1026 2849; x_wconf 91' lang='lat' dir='ltr'><strong>et</strong></span> <span class='ocrx_word' id='word_1_223' title='bbox 1061 2797 1129 2852; x_wconf 92' lang='lat' dir='ltr'><strong>de</strong></span> <span class='ocrx_word' id='word_1_224' title='bbox 1162 2797 1245 2852; x_wconf 92' lang='lat' dir='ltr'><strong>his</strong></span> <span class='ocrx_word' id='word_1_225' title='bbox 1269 2814 1411 2869; x_wconf 92' lang='lat' dir='ltr'><strong>quos</strong></span> <span class='ocrx_word' id='word_1_226' title='bbox 1442 2800 1661 2854; x_wconf 89' lang='lat' dir='ltr'><strong>instruit</strong></span> <span class='ocrx_word' id='word_1_227' title='bbox 1685 2816 1955 2857; x_wconf 84' lang='lat' dir='ltr'><strong>summam</strong></span> 
     </span>
    </p>
   </div>
   <div class='ocr_carea' id='block_1_30' title="bbox 384 2885 1961 2962">
    <p class='ocr_par' dir='ltr' id='par_1_30' title="bbox 384 2885 1961 2962">
     <span class='ocr_line' id='line_1_30' title="bbox 384 2885 1961 2962; baseline 0.005 -24"><span class='ocrx_word' id='word_1_228' title='bbox 384 2885 725 2951; x_wconf 87' lang='lat' dir='ltr'><strong>disciplinam</strong></span> <span class='ocrx_word' id='word_1_229' title='bbox 757 2888 1024 2942; x_wconf 86' lang='lat' dir='ltr'><strong>castitatis</strong></span> <span class='ocrx_word' id='word_1_230' title='bbox 1054 2889 1274 2958; x_wconf 79' lang='lat' dir='ltr'><strong>exigere</strong></span> <span class='ocrx_word' id='word_1_231' title='bbox 1297 2888 1434 2962; x_wconf 88' lang='grc'><strong>(16),</strong></span> <span class='ocrx_word' id='word_1_232' title='bbox 1473 2891 1587 2960; x_wconf 90' lang='lat' dir='ltr'><strong>ipse</strong></span> <span class='ocrx_word' id='word_1_233' title='bbox 1616 2907 1747 2948; x_wconf 87' lang='lat' dir='ltr'><strong>vero</strong></span> <span class='ocrx_word' id='word_1_234' title='bbox 1771 2894 1961 2948; x_wconf 89' lang='lat' dir='ltr'><strong>intem-</strong></span> 
     </span>
    </p>
   </div>
   <div class='ocr_carea' id='block_1_31' title="bbox 380 2980 1953 3056">
    <p class='ocr_par' dir='ltr' id='par_1_31' title="bbox 380 2980 1953 3056">
     <span class='ocr_line' id='line_1_31' title="bbox 380 2980 1953 3056; baseline 0.006 -26"><span class='ocrx_word' id='word_1_235' title='bbox 380 2981 642 3047; x_wconf 58' lang='lat' dir='ltr'><strong>perantiae</strong></span> <span class='ocrx_word' id='word_1_236' title='bbox 665 2980 797 3033; x_wconf 88' lang='lat' dir='ltr'><strong>vitio</strong></span> <span class='ocrx_word' id='word_1_237' title='bbox 822 2990 879 3035; x_wconf 91' lang='lat' dir='ltr'><strong>et</strong></span> <span class='ocrx_word' id='word_1_238' title='bbox 903 2982 1220 3050; x_wconf 85' lang='lat' dir='ltr'><strong>cupiditatis</strong></span> <span class='ocrx_word' id='word_1_239' title='bbox 1248 2992 1527 3052; x_wconf 86' lang='lat' dir='ltr'><strong>urgeatur,</strong></span> <span class='ocrx_word' id='word_1_240' title='bbox 1569 3000 1953 3056; x_wconf 81' lang='lat' dir='ltr'><strong>nonnunquam</strong></span> 
     </span>
    </p>
   </div>
   <div class='ocr_carea' id='block_1_32' title="bbox 379 3074 1953 3151">
    <p class='ocr_par' dir='ltr' id='par_1_32' title="bbox 379 3074 1953 3151">
     <span class='ocr_line' id='line_1_32' title="bbox 379 3074 1953 3151; baseline 0.005 -23"><span class='ocrx_word' id='word_1_241' title='bbox 379 3075 543 3129; x_wconf 91' lang='lat' dir='ltr'><strong>etiam</strong></span> <span class='ocrx_word' id='word_1_242' title='bbox 581 3074 813 3132; x_wconf 82' lang='lat' dir='ltr'><strong>ﬂammis</strong></span> <span class='ocrx_word' id='word_1_243' title='bbox 856 3076 1083 3131; x_wconf 72' lang='lat' dir='ltr'><strong>occulta:</strong></span> <span class='ocrx_word' id='word_1_244' title='bbox 1112 3076 1355 3131; x_wconf 90' lang='lat' dir='ltr'><strong>libidinis</strong></span> <span class='ocrx_word' id='word_1_245' title='bbox 1383 3087 1598 3133; x_wconf 61' lang='lat' dir='ltr'><strong>aestuet.</strong></span> <span class='ocrx_word' id='word_1_246' title='bbox 1638 3080 1719 3150; x_wconf 84' lang='lat' dir='ltr'><strong>Ad</strong></span> <span class='ocrx_word' id='word_1_247' title='bbox 1760 3082 1953 3151; x_wconf 87' lang='lat' dir='ltr'><strong>hujus—</strong></span> 
     </span>
    </p>
   </div>
   <div class='ocr_carea' id='block_1_33' title="bbox 2001 1838 2044 1892">
    <p class='ocr_par' dir='ltr' id='par_1_33' title="bbox 2001 1838 2044 1892">
     <span class='ocr_line' id='line_1_33' title="bbox 2001 1838 2044 1892; baseline 0 0"><span class='ocrx_word' id='word_1_248' title='bbox 2001 1838 2044 1892; x_wconf 87' lang='grc' dir='ltr'><strong>Β</strong></span> 
     </span>
    </p>
   </div>
   <div class='ocr_carea' id='block_1_34' title="bbox 2084 589 3666 661">
    <p class='ocr_par' dir='ltr' id='par_1_34' title="bbox 2084 589 3666 661">
     <span class='ocr_line' id='line_1_34' title="bbox 2084 589 3666 661; baseline 0.008 -20"><span class='ocrx_word' id='word_1_249' title='bbox 2084 589 2432 658; x_wconf 90' lang='lat' dir='ltr'><strong>proﬁtentur,</strong></span> <span class='ocrx_word' id='word_1_250' title='bbox 2461 596 2756 660; x_wconf 89' lang='lat' dir='ltr'><strong>probantes</strong></span> <span class='ocrx_word' id='word_1_251' title='bbox 2781 591 2996 646; x_wconf 90' lang='lat' dir='ltr'><strong>utiliora</strong></span> <span class='ocrx_word' id='word_1_252' title='bbox 3022 609 3140 661; x_wconf 65' lang='lat' dir='ltr'><strong>qum</strong></span> <span class='ocrx_word' id='word_1_253' title='bbox 3195 596 3367 651; x_wconf 88' lang='lat' dir='ltr'><strong>latere</strong></span> <span class='ocrx_word' id='word_1_254' title='bbox 3394 597 3464 650; x_wconf 89' lang='lat' dir='ltr'><strong>ab</strong></span> <span class='ocrx_word' id='word_1_255' title='bbox 3490 601 3666 653; x_wconf 82' lang='lat' dir='ltr'><strong>eccle-</strong></span> 
     </span>
    </p>
   </div>
   <div class='ocr_carea' id='block_1_35' title="bbox 2084 680 3658 753">
    <p class='ocr_par' dir='ltr' id='par_1_35' title="bbox 2084 680 3658 753">
     <span class='ocr_line' id='line_1_35' title="bbox 2084 680 3658 753; baseline 0.006 -18"><span class='ocrx_word' id='word_1_256' title='bbox 2084 680 2322 735; x_wconf 88' lang='lat' dir='ltr'><strong>siasticis</strong></span> <span class='ocrx_word' id='word_1_257' title='bbox 2365 682 2572 736; x_wconf 91' lang='lat' dir='ltr'><strong>dicunt.</strong></span> <span class='ocrx_word' id='word_1_258' title='bbox 2617 680 2724 735; x_wconf 88' lang='lat' dir='ltr'><strong>Sed</strong></span> <span class='ocrx_word' id='word_1_259' title='bbox 2762 682 2848 734; x_wconf 88' lang='lat' dir='ltr'><strong>isti</strong></span> <span class='ocrx_word' id='word_1_260' title='bbox 2880 684 3152 753; x_wconf 84' lang='lat' dir='ltr'><strong>quoniam</strong></span> <span class='ocrx_word' id='word_1_261' title='bbox 3200 687 3452 741; x_wconf 81' lang='lat' dir='ltr'><strong>furantur</strong></span> <span class='ocrx_word' id='word_1_262' title='bbox 3495 692 3658 745; x_wconf 86' lang='lat' dir='ltr'><strong>verba</strong></span> 
     </span>
    </p>
   </div>
   <div class='ocr_carea' id='block_1_36' title="bbox 2085 773 3664 847">
    <p class='ocr_par' dir='ltr' id='par_1_36' title="bbox 2085 773 3664 847">
     <span class='ocr_line' id='line_1_36' title="bbox 2085 773 3664 847; baseline 0.007 -21"><span class='ocrx_word' id='word_1_263' title='bbox 2085 773 2201 835; x_wconf 87' lang='lat' dir='ltr'><strong>Dei,</strong></span> <span class='ocrx_word' id='word_1_264' title='bbox 2257 783 2311 828; x_wconf 90' lang='lat' dir='ltr'><strong>et</strong></span> <span class='ocrx_word' id='word_1_265' title='bbox 2378 773 2707 829; x_wconf 87' lang='lat' dir='ltr'><strong>intellectum</strong></span> <span class='ocrx_word' id='word_1_266' title='bbox 2774 790 2961 828; x_wconf 90' lang='lat' dir='ltr'><strong>eorum</strong></span> <span class='ocrx_word' id='word_1_267' title='bbox 3010 791 3265 843; x_wconf 77' lang='lat' dir='ltr'><strong>perversa</strong></span> <span class='ocrx_word' id='word_1_268' title='bbox 3326 783 3664 847; x_wconf 80' lang='lat' dir='ltr'><strong>expositione</strong></span> 
     </span>
    </p>
   </div>
   <div class='ocr_carea' id='block_1_37' title="bbox 2081 865 3656 942">
    <p class='ocr_par' dir='ltr' id='par_1_37' title="bbox 2081 865 3656 942">
     <span class='ocr_line' id='line_1_37' title="bbox 2081 865 3656 942; baseline 0.006 -23"><span class='ocrx_word' id='word_1_269' title='bbox 2081 865 2407 934; x_wconf 85' lang='lat' dir='ltr'><strong>subripiunt,</strong></span> <span class='ocrx_word' id='word_1_270' title='bbox 2435 876 2489 921; x_wconf 90' lang='lat' dir='ltr'><strong>et</strong></span> <span class='ocrx_word' id='word_1_271' title='bbox 2517 867 2882 920; x_wconf 89' lang='lat' dir='ltr'><strong>adulterinum</strong></span> <span class='ocrx_word' id='word_1_272' title='bbox 2916 868 3037 922; x_wconf 93' lang='lat' dir='ltr'><strong>ﬁdei</strong></span> <span class='ocrx_word' id='word_1_273' title='bbox 3064 884 3279 923; x_wconf 89' lang='lat' dir='ltr'><strong>sensum</strong></span> <span class='ocrx_word' id='word_1_274' title='bbox 3305 874 3371 925; x_wconf 92' lang='lat' dir='ltr'><strong>ad</strong></span> <span class='ocrx_word' id='word_1_275' title='bbox 3404 889 3656 942; x_wconf 88' lang='lat' dir='ltr'><strong>sponsam</strong></span> 
     </span>
    </p>
   </div>
   <div class='ocr_carea' id='block_1_38' title="bbox 2081 957 3656 1031">
    <p class='ocr_par' dir='ltr' id='par_1_38' title="bbox 2081 957 3656 1031">
     <span class='ocr_line' id='line_1_38' title="bbox 2081 957 3656 1031; baseline 0.007 -20"><span class='ocrx_word' id='word_1_276' title='bbox 2081 957 2282 1013; x_wconf 87' lang='lat' dir='ltr'><strong>Christi</strong></span> <span class='ocrx_word' id='word_1_277' title='bbox 2311 958 2612 1017; x_wconf 79' lang='lat' dir='ltr'><strong>Ecclesium</strong></span> <span class='ocrx_word' id='word_1_278' title='bbox 2653 959 2706 1012; x_wconf 91' lang='lat' dir='ltr'><strong>in</strong></span> <span class='ocrx_word' id='word_1_279' title='bbox 2737 961 2917 1029; x_wconf 83' lang='lat' dir='ltr'><strong>regios</strong></span> <span class='ocrx_word' id='word_1_280' title='bbox 2948 960 3220 1016; x_wconf 87' lang='lat' dir='ltr'><strong>thalamos</strong></span> <span class='ocrx_word' id='word_1_281' title='bbox 3248 963 3535 1031; x_wconf 88' lang='lat' dir='ltr'><strong>inducunt,</strong></span> <span class='ocrx_word' id='word_1_282' title='bbox 3567 984 3656 1022; x_wconf 91' lang='lat' dir='ltr'><strong>re-</strong></span> 
     </span>
    </p>
   </div>
   <div class='ocr_carea' id='block_1_39' title="bbox 2081 1049 3658 1121">
    <p class='ocr_par' dir='ltr' id='par_1_39' title="bbox 2081 1049 3658 1121">
     <span class='ocr_line' id='line_1_39' title="bbox 2081 1049 3658 1121; baseline 0.004 -19"><span class='ocrx_word' id='word_1_283' title='bbox 2081 1057 2167 1104; x_wconf 89' lang='lat' dir='ltr'><strong>cte</strong></span> <span class='ocrx_word' id='word_1_284' title='bbox 2214 1050 2279 1103; x_wconf 88' lang='lat' dir='ltr'><strong>ad</strong></span> <span class='ocrx_word' id='word_1_285' title='bbox 2313 1065 2410 1104; x_wconf 88' lang='lat' dir='ltr'><strong>eos</strong></span> <span class='ocrx_word' id='word_1_286' title='bbox 2443 1049 2555 1121; x_wconf 78' lang='lat'><strong>(18,|</strong></span> <span class='ocrx_word' id='word_1_287' title='bbox 2604 1051 2849 1105; x_wconf 78' lang='lat' dir='ltr'><strong>dicitur:</strong></span> <span class='ocrx_word' id='word_1_288' title='bbox 2884 1068 2903 1100; x_wconf 78' lang='grc' dir='ltr'><strong>ι</strong></span> <span class='ocrx_word' id='word_1_289' title='bbox 2943 1050 3043 1114; x_wconf 85' lang='lat' dir='ltr'><strong>Qui</strong></span> <span class='ocrx_word' id='word_1_290' title='bbox 3085 1055 3351 1121; x_wconf 72' lang='lat' dir='ltr'><strong>prmtlicas</strong></span> <span class='ocrx_word' id='word_1_291' title='bbox 3417 1071 3521 1111; x_wconf 92' lang='lat' dir='ltr'><strong>non</strong></span> <span class='ocrx_word' id='word_1_292' title='bbox 3569 1056 3658 1111; x_wconf 78' lang='lat' dir='ltr'><strong>iu-</strong></span> 
     </span>
    </p>
   </div>
   <div class='ocr_carea' id='block_1_40' title="bbox 2082 1138 3658 1211">
    <p class='ocr_par' dir='ltr' id='par_1_40' title="bbox 2082 1138 3658 1211">
     <span class='ocr_line' id='line_1_40' title="bbox 2082 1138 3658 1211; baseline 0.007 -21"><span class='ocrx_word' id='word_1_293' title='bbox 2082 1138 2333 1206; x_wconf 89' lang='lat' dir='ltr'><strong>randum,</strong></span> <span class='ocrx_word' id='word_1_294' title='bbox 2366 1138 2598 1207; x_wconf 82' lang='lat' dir='ltr'><strong>i&#39;uraris;</strong></span> <span class='ocrx_word' id='word_1_295' title='bbox 2632 1142 2723 1209; x_wconf 92' lang='lat' dir='ltr'><strong>qui</strong></span> <span class='ocrx_word' id='word_1_296' title='bbox 2776 1141 2915 1196; x_wconf 88' lang='lat' dir='ltr'><strong>dicis</strong></span> <span class='ocrx_word' id='word_1_297' title='bbox 2940 1158 3044 1195; x_wconf 88' lang='lat' dir='ltr'><strong>non</strong></span> <span class='ocrx_word' id='word_1_298' title='bbox 3075 1146 3480 1211; x_wconf 69' lang='lat' dir='ltr'><strong>mmchaudum,</strong></span> <span class='ocrx_word' id='word_1_299' title='bbox 3517 1166 3658 1202; x_wconf 74' lang='lat' dir='ltr'><strong>III(B~</strong></span> 
     </span>
    </p>
   </div>
   <div class='ocr_carea' id='block_1_41' title="bbox 2079 1227 3657 1302">
    <p class='ocr_par' dir='ltr' id='par_1_41' title="bbox 2079 1227 3657 1302">
     <span class='ocr_line' id='line_1_41' title="bbox 2079 1227 3657 1302; baseline 0.006 -20"><span class='ocrx_word' id='word_1_300' title='bbox 2079 1227 2296 1295; x_wconf 89' lang='lat' dir='ltr'><strong>charis;</strong></span> <span class='ocrx_word' id='word_1_301' title='bbox 2364 1239 2421 1283; x_wconf 90' lang='lat' dir='ltr'><strong>et</strong></span> <span class='ocrx_word' id='word_1_302' title='bbox 2465 1231 2560 1300; x_wconf 89' lang='lat' dir='ltr'><strong>qui</strong></span> <span class='ocrx_word' id='word_1_303' title='bbox 2609 1250 2628 1282; x_wconf 78' lang='grc' dir='ltr'><strong>ι</strong></span> <span class='ocrx_word' id='word_1_304' title='bbox 2680 1233 3066 1286; x_wconf 90' lang='lat' dir='ltr'><strong>abominantur</strong></span> <span class='ocrx_word' id='word_1_305' title='bbox 3117 1253 3135 1284; x_wconf 87' lang='grc' dir='ltr'><strong>ι</strong></span> <span class='ocrx_word' id='word_1_306' title='bbox 3185 1235 3358 1302; x_wconf 89' lang='lat' dir='ltr'><strong>idola,</strong></span> <span class='ocrx_word' id='word_1_307' title='bbox 3432 1239 3657 1291; x_wconf 85' lang='lat' dir='ltr'><strong>sacrile-</strong></span> 
     </span>
    </p>
   </div>
   <div class='ocr_carea' id='block_1_42' title="bbox 2077 1321 3654 1399">
    <p class='ocr_par' dir='ltr' id='par_1_42' title="bbox 2077 1321 3654 1399">
     <span class='ocr_line' id='line_1_42' title="bbox 2077 1321 3654 1399; baseline 0.007 -27"><span class='ocrx_word' id='word_1_308' title='bbox 2077 1321 2223 1389; x_wconf 84' lang='lat' dir='ltr'><strong>gium</strong></span> <span class='ocrx_word' id='word_1_309' title='bbox 2286 1338 2306 1371; x_wconf 75' lang='grc' dir='ltr'><strong>ι</strong></span> <span class='ocrx_word' id='word_1_310' title='bbox 2369 1323 2750 1388; x_wconf 89' lang='lat' dir='ltr'><strong>committunt,</strong></span> <span class='ocrx_word' id='word_1_311' title='bbox 2828 1326 3063 1394; x_wconf 88' lang='lat' dir='ltr'><strong>pretiosa</strong></span> <span class='ocrx_word' id='word_1_312' title='bbox 3120 1342 3248 1382; x_wconf 88' lang='lat' dir='ltr'><strong>vasa</strong></span> <span class='ocrx_word' id='word_1_313' title='bbox 3305 1330 3370 1383; x_wconf 86' lang='lat' dir='ltr'><strong>de</strong></span> <span class='ocrx_word' id='word_1_314' title='bbox 3454 1331 3654 1399; x_wconf 89' lang='lat' dir='ltr'><strong>templo</strong></span> 
     </span>
    </p>
   </div>
   <div class='ocr_carea' id='block_1_43' title="bbox 2078 1413 3653 1489">
    <p class='ocr_par' dir='ltr' id='par_1_43' title="bbox 2078 1413 3653 1489">
     <span class='ocr_line' id='line_1_43' title="bbox 2078 1413 3653 1489; baseline 0.007 -24"><span class='ocrx_word' id='word_1_315' title='bbox 2078 1413 2213 1477; x_wconf 89' lang='lat' dir='ltr'><strong>Dei,</strong></span> <span class='ocrx_word' id='word_1_316' title='bbox 2274 1414 2484 1477; x_wconf 87' lang='lat' dir='ltr'><strong>idest,</strong></span> <span class='ocrx_word' id='word_1_317' title='bbox 2540 1429 2679 1469; x_wconf 71' lang='lat' dir='ltr'><strong>vera:</strong></span> <span class='ocrx_word' id='word_1_318' title='bbox 2732 1415 2854 1470; x_wconf 91' lang='lat' dir='ltr'><strong>ﬁdei</strong></span> <span class='ocrx_word' id='word_1_319' title='bbox 2914 1418 3241 1484; x_wconf 81' lang='lat' dir='ltr'><strong>margaritas</strong></span> <span class='ocrx_word' id='word_1_320' title='bbox 3273 1420 3337 1473; x_wconf 91' lang='lat' dir='ltr'><strong>de</strong></span> <span class='ocrx_word' id='word_1_321' title='bbox 3400 1420 3653 1489; x_wconf 82' lang='lat' dir='ltr'><strong>Scriptu-</strong></span> 
     </span>
    </p>
   </div>
   <div class='ocr_carea' id='block_1_44' title="bbox 2076 1505 3649 1578">
    <p class='ocr_par' dir='ltr' id='par_1_44' title="bbox 2076 1505 3649 1578">
     <span class='ocr_line' id='line_1_44' title="bbox 2076 1505 3649 1578; baseline 0.007 -20"><span class='ocrx_word' id='word_1_322' title='bbox 2076 1505 2154 1558; x_wconf 90' lang='lat' dir='ltr'><strong>ris</strong></span> <span class='ocrx_word' id='word_1_323' title='bbox 2221 1507 2426 1560; x_wconf 90' lang='lat' dir='ltr'><strong>sanctis</strong></span> <span class='ocrx_word' id='word_1_324' title='bbox 2496 1505 2781 1561; x_wconf 79' lang='lat' dir='ltr'><strong>furantes:</strong></span> <span class='ocrx_word' id='word_1_325' title='bbox 2829 1522 2923 1575; x_wconf 91' lang='lat' dir='ltr'><strong>per</strong></span> <span class='ocrx_word' id='word_1_326' title='bbox 2962 1524 3099 1578; x_wconf 89' lang='lat' dir='ltr'><strong>quos</strong></span> <span class='ocrx_word' id='word_1_327' title='bbox 3148 1520 3203 1565; x_wconf 89' lang='lat' dir='ltr'><strong>et</strong></span> <span class='ocrx_word' id='word_1_328' title='bbox 3239 1529 3257 1561; x_wconf 84' lang='grc' dir='ltr'><strong>ι</strong></span> <span class='ocrx_word' id='word_1_329' title='bbox 3298 1526 3497 1567; x_wconf 87' lang='lat' dir='ltr'><strong>nomen</strong></span> <span class='ocrx_word' id='word_1_330' title='bbox 3552 1515 3649 1569; x_wconf 91' lang='lat' dir='ltr'><strong>Dei</strong></span> 
     </span>
    </p>
   </div>
   <div class='ocr_carea' id='block_1_45' title="bbox 2072 1598 3653 1673">
    <p class='ocr_par' dir='ltr' id='par_1_45' title="bbox 2072 1598 3653 1673">
     <span class='ocr_line' id='line_1_45' title="bbox 2072 1598 3653 1673; baseline 0.009 -21"><span class='ocrx_word' id='word_1_331' title='bbox 2072 1598 2479 1667; x_wconf 84' lang='lat' dir='ltr'><strong>blasphematur</strong></span> <span class='ocrx_word' id='word_1_332' title='bbox 2536 1603 2679 1655; x_wconf 91' lang='lat' dir='ltr'><strong>inter</strong></span> <span class='ocrx_word' id='word_1_333' title='bbox 2731 1610 2937 1673; x_wconf 84' lang='lat' dir='ltr'><strong>gentes,</strong></span> <span class='ocrx_word' id='word_1_334' title='bbox 2978 1623 2998 1657; x_wconf 77' lang='grc' dir='ltr'><strong><em>ι</em></strong></span> <span class='ocrx_word' id='word_1_335' title='bbox 3048 1607 3175 1661; x_wconf 90' lang='lat' dir='ltr'><strong>dum</strong></span> <span class='ocrx_word' id='word_1_336' title='bbox 3224 1617 3371 1663; x_wconf 88' lang='lat' dir='ltr'><strong>casta</strong></span> <span class='ocrx_word' id='word_1_337' title='bbox 3433 1619 3489 1664; x_wconf 93' lang='lat' dir='ltr'><strong>et</strong></span> <span class='ocrx_word' id='word_1_338' title='bbox 3549 1612 3653 1666; x_wconf 89' lang='lat' dir='ltr'><strong>ho-</strong></span> 
     </span>
    </p>
   </div>
   <div class='ocr_carea' id='block_1_46' title="bbox 2076 1684 3647 1770">
    <p class='ocr_par' dir='ltr' id='par_1_46' title="bbox 2076 1684 3647 1770">
     <span class='ocr_line' id='line_1_46' title="bbox 2076 1684 3647 1770; baseline 0.011 -32"><span class='ocrx_word' id='word_1_339' title='bbox 2076 1696 2229 1740; x_wconf 89' lang='lat' dir='ltr'><strong>nesta</strong></span> <span class='ocrx_word' id='word_1_340' title='bbox 2306 1684 2568 1744; x_wconf 70' lang='lat' dir='ltr'><strong>Ecclesiae</strong></span> <span class='ocrx_word' id='word_1_341' title='bbox 2648 1692 2897 1759; x_wconf 82' lang='lat' dir='ltr'><strong>dogmata</strong></span> <span class='ocrx_word' id='word_1_342' title='bbox 2971 1698 3247 1765; x_wconf 90' lang='lat' dir='ltr'><strong>corruptis</strong></span> <span class='ocrx_word' id='word_1_343' title='bbox 3326 1714 3389 1754; x_wconf 91' lang='lat' dir='ltr'><strong>ac</strong></span> <span class='ocrx_word' id='word_1_344' title='bbox 3462 1703 3647 1770; x_wconf 79' lang='lat' dir='ltr'><strong>turpi-</strong></span> 
     </span>
    </p>
   </div>
   <div class='ocr_carea' id='block_1_47' title="bbox 2073 1775 3648 1858">
    <p class='ocr_par' dir='ltr' id='par_1_47' title="bbox 2073 1775 3648 1858">
     <span class='ocr_line' id='line_1_47' title="bbox 2073 1775 3648 1858; baseline 0.013 -29"><span class='ocrx_word' id='word_1_345' title='bbox 2073 1775 2173 1830; x_wconf 88' lang='lat' dir='ltr'><strong>bus</strong></span> <span class='ocrx_word' id='word_1_346' title='bbox 2235 1780 2510 1835; x_wconf 87' lang='lat' dir='ltr'><strong>maculant</strong></span> <span class='ocrx_word' id='word_1_347' title='bbox 2593 1782 2738 1855; x_wconf 78' lang='lat' dir='ltr'><strong>(l9)</strong></span> <span class='ocrx_word' id='word_1_348' title='bbox 2801 1785 3070 1840; x_wconf 60' lang='lat' dir='ltr'><strong>haeretica:</strong></span> <span class='ocrx_word' id='word_1_349' title='bbox 3133 1790 3422 1858; x_wconf 89' lang='lat' dir='ltr'><strong>pravitatis</strong></span> <span class='ocrx_word' id='word_1_350' title='bbox 3492 1808 3648 1850; x_wconf 89' lang='lat' dir='ltr'><strong>erro-</strong></span> 
     </span>
    </p>
   </div>
   <div class='ocr_carea' id='block_1_48' title="bbox 2073 1866 3645 1947">
    <p class='ocr_par' dir='ltr' id='par_1_48' title="bbox 2073 1866 3645 1947">
     <span class='ocr_line' id='line_1_48' title="bbox 2073 1866 3645 1947; baseline 0.013 -29"><span class='ocrx_word' id='word_1_351' title='bbox 2073 1866 2241 1921; x_wconf 90' lang='lat' dir='ltr'><strong>ribus.</strong></span> <span class='ocrx_word' id='word_1_352' title='bbox 2275 1867 2443 1940; x_wconf 68' lang='grc'><strong>489</strong></span> <span class='ocrx_word' id='word_1_353' title='bbox 2481 1872 2555 1925; x_wconf 83' lang='lat' dir='ltr'><strong>Ex</strong></span> <span class='ocrx_word' id='word_1_354' title='bbox 2595 1872 2700 1926; x_wconf 90' lang='lat' dir='ltr'><strong>illis</strong></span> <span class='ocrx_word' id='word_1_355' title='bbox 2731 1874 2874 1927; x_wconf 90' lang='lat' dir='ltr'><strong>enim</strong></span> <span class='ocrx_word' id='word_1_356' title='bbox 2915 1886 2970 1931; x_wconf 90' lang='lat' dir='ltr'><strong>et</strong></span> <span class='ocrx_word' id='word_1_357' title='bbox 3018 1875 3375 1947; x_wconf 80' lang='lat' dir='ltr'><strong>infanticidii,</strong></span> <span class='ocrx_word' id='word_1_358' title='bbox 3402 1893 3457 1935; x_wconf 88' lang='lat' dir='ltr'><strong>et</strong></span> <span class='ocrx_word' id='word_1_359' title='bbox 3491 1883 3645 1938; x_wconf 82' lang='lat' dir='ltr'><strong>ince-</strong></span> 
     </span>
    </p>
   </div>
   <div class='ocr_carea' id='block_1_49' title="bbox 2070 1960 3643 2040">
    <p class='ocr_par' dir='ltr' id='par_1_49' title="bbox 2070 1960 3643 2040">
     <span class='ocr_line' id='line_1_49' title="bbox 2070 1960 3643 2040; baseline 0.013 -30"><span class='ocrx_word' id='word_1_360' title='bbox 2070 1960 2161 2022; x_wconf 88' lang='lat' dir='ltr'><strong>sti,</strong></span> <span class='ocrx_word' id='word_1_361' title='bbox 2222 1973 2659 2033; x_wconf 78' lang='lat' dir='ltr'><strong>czetcrorumque</strong></span> <span class='ocrx_word' id='word_1_362' title='bbox 2707 1966 2963 2021; x_wconf 87' lang='lat' dir='ltr'><strong>similium</strong></span> <span class='ocrx_word' id='word_1_363' title='bbox 3016 1969 3278 2025; x_wconf 79' lang='lat' dir='ltr'><strong>scelerum</strong></span> <span class='ocrx_word' id='word_1_364' title='bbox 3330 1974 3527 2040; x_wconf 86' lang='lat' dir='ltr'><strong>probra</strong></span> <span class='ocrx_word' id='word_1_365' title='bbox 3574 1979 3643 2030; x_wconf 88' lang='lat' dir='ltr'><strong>ad</strong></span> 
     </span>
    </p>
   </div>
   <div class='ocr_carea' id='block_1_50' title="bbox 2073 2052 3638 2129">
    <p class='ocr_par' dir='ltr' id='par_1_50' title="bbox 2073 2052 3638 2129">
     <span class='ocr_line' id='line_1_50' title="bbox 2073 2052 3638 2129; baseline 0.012 -25"><span class='ocrx_word' id='word_1_366' title='bbox 2073 2052 2335 2109; x_wconf 88' lang='lat' dir='ltr'><strong>invidiam</strong></span> <span class='ocrx_word' id='word_1_367' title='bbox 2371 2069 2576 2112; x_wconf 76' lang='lat' dir='ltr'><strong>sancta:</strong></span> <span class='ocrx_word' id='word_1_368' title='bbox 2603 2059 2880 2129; x_wconf 80' lang='lat' dir='ltr'><strong>religionis</strong></span> <span class='ocrx_word' id='word_1_369' title='bbox 2915 2071 3107 2116; x_wconf 78' lang='lat' dir='ltr'><strong>exorta</strong></span> <span class='ocrx_word' id='word_1_370' title='bbox 3155 2075 3301 2117; x_wconf 87' lang='lat' dir='ltr'><strong>sunt.</strong></span> <span class='ocrx_word' id='word_1_371' title='bbox 3343 2064 3638 2122; x_wconf 88' lang='lat' dir='ltr'><strong>Sciendum</strong></span> 
     </span>
    </p>
   </div>
   <div class='ocr_carea' id='block_1_51' title="bbox 2072 2150 3642 2223">
    <p class='ocr_par' dir='ltr' id='par_1_51' title="bbox 2072 2150 3642 2223">
     <span class='ocr_line' id='line_1_51' title="bbox 2072 2150 3642 2223; baseline 0.011 -24"><span class='ocrx_word' id='word_1_372' title='bbox 2072 2155 2253 2201; x_wconf 90' lang='lat' dir='ltr'><strong>tamen</strong></span> <span class='ocrx_word' id='word_1_373' title='bbox 2299 2157 2405 2209; x_wconf 91' lang='lat' dir='ltr'><strong>est,</strong></span> <span class='ocrx_word' id='word_1_374' title='bbox 2456 2150 2573 2204; x_wconf 77' lang='lat' dir='ltr'><strong>haec</strong></span> <span class='ocrx_word' id='word_1_375' title='bbox 2606 2153 2922 2220; x_wconf 86' lang='lat' dir='ltr'><strong>Apostolnm</strong></span> <span class='ocrx_word' id='word_1_376' title='bbox 2971 2170 3069 2223; x_wconf 89' lang='lat' dir='ltr'><strong>per</strong></span> <span class='ocrx_word' id='word_1_377' title='bbox 3098 2156 3326 2211; x_wconf 88' lang='lat' dir='ltr'><strong>ironiam</strong></span> <span class='ocrx_word' id='word_1_378' title='bbox 3359 2161 3542 2214; x_wconf 91' lang='lat' dir='ltr'><strong>dicere</strong></span> <span class='ocrx_word' id='word_1_379' title='bbox 3571 2162 3642 2217; x_wconf 87' lang='lat' dir='ltr'><strong>ad</strong></span> 
     </span>
    </p>
   </div>
   <div class='ocr_carea' id='block_1_52' title="bbox 2062 2235 3641 2324">
    <p class='ocr_par' dir='ltr' id='par_1_52' title="bbox 2062 2235 3641 2324">
     <span class='ocr_line' id='line_1_52' title="bbox 2062 2235 3641 2324; baseline 0.01 -32"><span class='ocrx_word' id='word_1_380' title='bbox 2062 2235 2298 2295; x_wconf 73' lang='lat' dir='ltr'><strong>Judteos.</strong></span> <span class='ocrx_word' id='word_1_381' title='bbox 2346 2239 2536 2310; x_wconf 81' lang='lat' dir='ltr'><strong>Neque</strong></span> <span class='ocrx_word' id='word_1_382' title='bbox 2566 2244 2712 2296; x_wconf 91' lang='lat' dir='ltr'><strong>enim</strong></span> <span class='ocrx_word' id='word_1_383' title='bbox 2761 2245 2853 2315; x_wconf 94' lang='lat' dir='ltr'><strong>qui</strong></span> <span class='ocrx_word' id='word_1_384' title='bbox 2901 2261 3030 2301; x_wconf 83' lang='lat' dir='ltr'><strong>vere</strong></span> <span class='ocrx_word' id='word_1_385' title='bbox 3066 2250 3358 2317; x_wconf 87' lang='lat' dir='ltr'><strong>requiescit</strong></span> <span class='ocrx_word' id='word_1_386' title='bbox 3388 2253 3441 2306; x_wconf 93' lang='lat' dir='ltr'><strong>in</strong></span> <span class='ocrx_word' id='word_1_387' title='bbox 3470 2252 3641 2324; x_wconf 83' lang='lat' dir='ltr'><strong>Lege,</strong></span> 
     </span>
    </p>
   </div>
   <div class='ocr_carea' id='block_1_53' title="bbox 2064 2332 3642 2414">
    <p class='ocr_par' dir='ltr' id='par_1_53' title="bbox 2064 2332 3642 2414">
     <span class='ocr_line' id='line_1_53' title="bbox 2064 2332 3642 2414; baseline 0.011 -29"><span class='ocrx_word' id='word_1_388' title='bbox 2064 2341 2117 2386; x_wconf 90' lang='lat' dir='ltr'><strong>et</strong></span> <span class='ocrx_word' id='word_1_389' title='bbox 2138 2332 2401 2402; x_wconf 85' lang='lat' dir='ltr'><strong>gloriatur</strong></span> <span class='ocrx_word' id='word_1_390' title='bbox 2448 2334 2503 2387; x_wconf 91' lang='lat' dir='ltr'><strong>in</strong></span> <span class='ocrx_word' id='word_1_391' title='bbox 2552 2334 2686 2400; x_wconf 90' lang='lat' dir='ltr'><strong>Deo,</strong></span> <span class='ocrx_word' id='word_1_392' title='bbox 2735 2345 2790 2390; x_wconf 89' lang='lat' dir='ltr'><strong>et</strong></span> <span class='ocrx_word' id='word_1_393' title='bbox 2825 2340 3021 2404; x_wconf 86' lang='lat' dir='ltr'><strong>probat</strong></span> <span class='ocrx_word' id='word_1_394' title='bbox 3069 2340 3313 2408; x_wconf 83' lang='lat' dir='ltr'><strong>utiliora,</strong></span> <span class='ocrx_word' id='word_1_395' title='bbox 3365 2343 3480 2398; x_wconf 64' lang='lat' dir='ltr'><strong>haec</strong></span> <span class='ocrx_word' id='word_1_396' title='bbox 3519 2360 3642 2414; x_wconf 73' lang='lat' dir='ltr'><strong>qute</strong></span> 
     </span>
    </p>
   </div>
   <div class='ocr_carea' id='block_1_54' title="bbox 2064 2428 3637 2491">
    <p class='ocr_par' dir='ltr' id='par_1_54' title="bbox 2064 2428 3637 2491">
     <span class='ocr_line' id='line_1_54' title="bbox 2064 2428 3637 2491; baseline 0.008 -12"><span class='ocrx_word' id='word_1_397' title='bbox 2064 2435 2379 2480; x_wconf 88' lang='lat' dir='ltr'><strong>enumerata</strong></span> <span class='ocrx_word' id='word_1_398' title='bbox 2411 2438 2539 2481; x_wconf 90' lang='lat' dir='ltr'><strong>sunt</strong></span> <span class='ocrx_word' id='word_1_399' title='bbox 2570 2428 2754 2485; x_wconf 77' lang='lat' dir='ltr'><strong>facere</strong></span> <span class='ocrx_word' id='word_1_400' title='bbox 2778 2431 3081 2487; x_wconf 89' lang='lat' dir='ltr'><strong>credendus</strong></span> <span class='ocrx_word' id='word_1_401' title='bbox 3104 2444 3208 2487; x_wconf 90' lang='lat' dir='ltr'><strong>est.</strong></span> <span class='ocrx_word' id='word_1_402' title='bbox 3239 2434 3637 2491; x_wconf 86' lang='lat' dir='ltr'><strong>Testimonium</strong></span> 
     </span>
    </p>
   </div>
   <div class='ocr_carea' id='block_1_55' title="bbox 2061 2519 3641 2600">
    <p class='ocr_par' dir='ltr' id='par_1_55' title="bbox 2061 2519 3641 2600">
     <span class='ocr_line' id='line_1_55' title="bbox 2061 2519 3641 2600; baseline 0.01 -32"><span class='ocrx_word' id='word_1_403' title='bbox 2061 2532 2192 2570; x_wconf 84' lang='lat' dir='ltr'><strong>sane</strong></span> <span class='ocrx_word' id='word_1_404' title='bbox 2230 2519 2375 2588; x_wconf 92' lang='lat' dir='ltr'><strong>quod</strong></span> <span class='ocrx_word' id='word_1_405' title='bbox 2406 2520 2607 2587; x_wconf 88' lang='lat' dir='ltr'><strong>posuit,</strong></span> <span class='ocrx_word' id='word_1_406' title='bbox 2661 2520 2712 2574; x_wconf 91' lang='lat' dir='ltr'><strong>id</strong></span> <span class='ocrx_word' id='word_1_407' title='bbox 2756 2531 2861 2585; x_wconf 88' lang='lat' dir='ltr'><strong>est,</strong></span> <span class='ocrx_word' id='word_1_408' title='bbox 2923 2541 2943 2575; x_wconf 77' lang='grc' dir='ltr'><strong>ι</strong></span> <span class='ocrx_word' id='word_1_409' title='bbox 2979 2522 3185 2578; x_wconf 81' lang='lat' dir='ltr'><strong>Nomen</strong></span> <span class='ocrx_word' id='word_1_410' title='bbox 3232 2525 3377 2580; x_wconf 84' lang='lat' dir='ltr'><strong>enim</strong></span> <span class='ocrx_word' id='word_1_411' title='bbox 3410 2528 3504 2583; x_wconf 89' lang='lat' dir='ltr'><strong>Dei</strong></span> <span class='ocrx_word' id='word_1_412' title='bbox 3543 2547 3641 2600; x_wconf 84' lang='lat' dir='ltr'><strong>per</strong></span> 
     </span>
    </p>
   </div>
   <div class='ocr_carea' id='block_1_56' title="bbox 2061 2609 3634 2689">
    <p class='ocr_par' dir='ltr' id='par_1_56' title="bbox 2061 2609 3634 2689">
     <span class='ocr_line' id='line_1_56' title="bbox 2061 2609 3634 2689; baseline 0.009 -28"><span class='ocrx_word' id='word_1_413' title='bbox 2061 2624 2159 2665; x_wconf 89' lang='lat' dir='ltr'><strong>vos</strong></span> <span class='ocrx_word' id='word_1_414' title='bbox 2185 2609 2597 2680; x_wconf 87' lang='lat' dir='ltr'><strong>blasphematur</strong></span> <span class='ocrx_word' id='word_1_415' title='bbox 2636 2612 2777 2666; x_wconf 90' lang='lat' dir='ltr'><strong>inter</strong></span> <span class='ocrx_word' id='word_1_416' title='bbox 2805 2624 3015 2684; x_wconf 83' lang='lat' dir='ltr'><strong>gentes,</strong></span> <span class='ocrx_word' id='word_1_417' title='bbox 3041 2634 3061 2666; x_wconf 71' lang='grc' dir='ltr'><strong>ι</strong></span> <span class='ocrx_word' id='word_1_418' title='bbox 3089 2617 3155 2671; x_wconf 90' lang='lat' dir='ltr'><strong>de</strong></span> <span class='ocrx_word' id='word_1_419' title='bbox 3192 2616 3330 2672; x_wconf 81' lang='lat' dir='ltr'><strong>Isaia</strong></span> <span class='ocrx_word' id='word_1_420' title='bbox 3358 2630 3634 2689; x_wconf 85' lang='lat' dir='ltr'><strong>sumptum</strong></span> 
     </span>
    </p>
   </div>
   <div class='ocr_carea' id='block_1_57' title="bbox 2060 2699 2230 2755">
    <p class='ocr_par' dir='ltr' id='par_1_57' title="bbox 2060 2699 2230 2755">
     <span class='ocr_line' id='line_1_57' title="bbox 2060 2699 2230 2755; baseline -0.012 0"><span class='ocrx_word' id='word_1_421' title='bbox 2060 2710 2143 2755; x_wconf 87' lang='lat' dir='ltr'><strong>est</strong></span> <span class='ocrx_word' id='word_1_422' title='bbox 2165 2699 2230 2753; x_wconf 64' lang='grc' dir='ltr'><strong>ι’.</strong></span> 
     </span>
    </p>
   </div>
   <div class='ocr_carea' id='block_1_58' title="bbox 2138 2791 3640 2865">
    <p class='ocr_par' dir='ltr' id='par_1_58' title="bbox 2138 2791 3640 2865">
     <span class='ocr_line' id='line_1_58' title="bbox 2138 2791 3640 2865; baseline 0.005 -19"><span class='ocrx_word' id='word_1_423' title='bbox 2138 2792 2226 2846; x_wconf 77' lang='grc'><strong>12.</strong></span> <span class='ocrx_word' id='word_1_424' title='bbox 2266 2810 2284 2844; x_wconf 81' lang='grc' dir='ltr'><strong>ι</strong></span> <span class='ocrx_word' id='word_1_425' title='bbox 2313 2791 2670 2847; x_wconf 88' lang='lat' dir='ltr'><strong>Circumcisio</strong></span> <span class='ocrx_word' id='word_1_426' title='bbox 2706 2793 2926 2861; x_wconf 86' lang='lat' dir='ltr'><strong>quidem</strong></span> <span class='ocrx_word' id='word_1_427' title='bbox 2955 2794 3197 2862; x_wconf 85' lang='lat' dir='ltr'><strong>prodest,</strong></span> <span class='ocrx_word' id='word_1_428' title='bbox 3233 2796 3278 2850; x_wconf 91' lang='lat' dir='ltr'><strong>si</strong></span> <span class='ocrx_word' id='word_1_429' title='bbox 3333 2796 3507 2865; x_wconf 81' lang='lat' dir='ltr'><strong>legem</strong></span> <span class='ocrx_word' id='word_1_430' title='bbox 3537 2817 3640 2853; x_wconf 83' lang='lat' dir='ltr'><strong>cu-</strong></span> 
     </span>
    </p>
   </div>
   <div class='ocr_carea' id='block_1_59' title="bbox 2059 2886 3637 2955">
    <p class='ocr_par' dir='ltr' id='par_1_59' title="bbox 2059 2886 3637 2955">
     <span class='ocr_line' id='line_1_59' title="bbox 2059 2886 3637 2955; baseline 0.001 -15"><span class='ocrx_word' id='word_1_431' title='bbox 2059 2886 2269 2941; x_wconf 86' lang='lat' dir='ltr'><strong>stodias</strong></span> <span class='ocrx_word' id='word_1_432' title='bbox 2301 2904 2314 2940; x_wconf 89' lang='lat'><strong>:</strong></span> <span class='ocrx_word' id='word_1_433' title='bbox 2359 2886 2402 2940; x_wconf 89' lang='lat' dir='ltr'><strong>si</strong></span> <span class='ocrx_word' id='word_1_434' title='bbox 2437 2896 2618 2941; x_wconf 89' lang='lat' dir='ltr'><strong>autem</strong></span> <span class='ocrx_word' id='word_1_435' title='bbox 2648 2887 3039 2955; x_wconf 63' lang='lat' dir='ltr'><strong>praevaricator</strong></span> <span class='ocrx_word' id='word_1_436' title='bbox 3068 2886 3216 2955; x_wconf 82' lang='lat' dir='ltr'><strong>legis</strong></span> <span class='ocrx_word' id='word_1_437' title='bbox 3257 2889 3351 2951; x_wconf 85' lang='lat' dir='ltr'><strong>sis,</strong></span> <span class='ocrx_word' id='word_1_438' title='bbox 3394 2891 3637 2943; x_wconf 86' lang='lat' dir='ltr'><strong>circum-</strong></span> 
     </span>
    </p>
   </div>
   <div class='ocr_carea' id='block_1_60' title="bbox 2057 2979 3632 3051">
    <p class='ocr_par' dir='ltr' id='par_1_60' title="bbox 2057 2979 3632 3051">
     <span class='ocr_line' id='line_1_60' title="bbox 2057 2979 3632 3051; baseline 0.002 -18"><span class='ocrx_word' id='word_1_439' title='bbox 2057 2979 2193 3034; x_wconf 91' lang='lat' dir='ltr'><strong>cisio</strong></span> <span class='ocrx_word' id='word_1_440' title='bbox 2251 2987 2340 3032; x_wconf 91' lang='lat' dir='ltr'><strong>tua</strong></span> <span class='ocrx_word' id='word_1_441' title='bbox 2370 2980 2698 3048; x_wconf 51' lang='lat' dir='ltr'><strong>praeputium</strong></span> <span class='ocrx_word' id='word_1_442' title='bbox 2731 2982 2873 3034; x_wconf 80' lang='lat' dir='ltr'><strong>facta</strong></span> <span class='ocrx_word' id='word_1_443' title='bbox 2898 2988 2999 3033; x_wconf 88' lang='lat' dir='ltr'><strong>est.</strong></span> <span class='ocrx_word' id='word_1_444' title='bbox 3026 2979 3083 3034; x_wconf 91' lang='lat' dir='ltr'><strong>Si</strong></span> <span class='ocrx_word' id='word_1_445' title='bbox 3118 2980 3281 3051; x_wconf 83' lang='lat' dir='ltr'><strong>igitur</strong></span> <span class='ocrx_word' id='word_1_446' title='bbox 3308 2982 3632 3050; x_wconf 67' lang='lat' dir='ltr'><strong>prwputimn</strong></span> 
     </span>
    </p>
   </div>
   <div class='ocr_carea' id='block_1_61' title="bbox 2054 3071 3632 3142">
    <p class='ocr_par' dir='ltr' id='par_1_61' title="bbox 2054 3071 3632 3142">
     <span class='ocr_line' id='line_1_61' title="bbox 2054 3071 3632 3142; baseline 0.005 -19"><span class='ocrx_word' id='word_1_447' title='bbox 2054 3071 2299 3139; x_wconf 89' lang='lat' dir='ltr'><strong>justitias</strong></span> <span class='ocrx_word' id='word_1_448' title='bbox 2353 3071 2490 3141; x_wconf 81' lang='lat' dir='ltr'><strong>legis</strong></span> <span class='ocrx_word' id='word_1_449' title='bbox 2543 3072 2837 3137; x_wconf 86' lang='lat' dir='ltr'><strong>custodiat,</strong></span> <span class='ocrx_word' id='word_1_450' title='bbox 2883 3087 3064 3127; x_wconf 90' lang='lat' dir='ltr'><strong>nonne</strong></span> <span class='ocrx_word' id='word_1_451' title='bbox 3117 3074 3435 3142; x_wconf 72' lang='lat' dir='ltr'><strong>praeputium</strong></span> <span class='ocrx_word' id='word_1_452' title='bbox 3487 3073 3632 3131; x_wconf 68' lang='lat' dir='ltr'><strong>illius</strong></span> 
     </span>
    </p>
   </div>
   <div class='ocr_carea' id='block_1_62' title="bbox 381 3164 3629 3244">
    <p class='ocr_par' dir='ltr' id='par_1_62' title="bbox 381 3164 3629 3244">
     <span class='ocr_line' id='line_1_62' title="bbox 381 3164 3629 3244; baseline 0.005 -39"><span class='ocrx_word' id='word_1_453' title='bbox 381 3170 525 3223; x_wconf 71' lang='lat' dir='ltr'><strong>modi</strong></span> <span class='ocrx_word' id='word_1_454' title='bbox 553 3183 686 3240; x_wconf 69' lang='lat' dir='ltr'><strong>ergo</strong></span> <span class='ocrx_word' id='word_1_455' title='bbox 709 3169 983 3224; x_wconf 77' lang='lat' dir='ltr'><strong>hominem</strong></span> <span class='ocrx_word' id='word_1_456' title='bbox 1031 3170 1358 3240; x_wconf 57' lang='lat' dir='ltr'><strong>apostolicus</strong></span> <span class='ocrx_word' id='word_1_457' title='bbox 1524 3187 1706 3227; x_wconf 70' lang='lat' dir='ltr'><strong>sermo</strong></span> <span class='ocrx_word' id='word_1_458' title='bbox 1733 3188 1953 3244; x_wconf 72' lang='lat' dir='ltr'><strong>compe-</strong></span> <span class='ocrx_word' id='word_1_459' title='bbox 1981 3172 2023 3227; x_wconf 83' lang='lat' dir='ltr'><strong>C</strong></span> <span class='ocrx_word' id='word_1_460' title='bbox 2060 3164 2109 3215; x_wconf 79' lang='lat' dir='ltr'><strong>ill</strong></span> <span class='ocrx_word' id='word_1_461' title='bbox 2134 3164 2612 3218; x_wconf 67' lang='lat' dir='ltr'><strong>l&#39;ll&#39;ClllliCiSiOﬂfslll</strong></span> <span class='ocrx_word' id='word_1_462' title='bbox 2647 3164 3016 3233; x_wconf 88' lang='lat' dir='ltr'><strong>reputabitur,</strong></span> <span class='ocrx_word' id='word_1_463' title='bbox 3043 3172 3097 3218; x_wconf 87' lang='lat' dir='ltr'><strong>et</strong></span> <span class='ocrx_word' id='word_1_464' title='bbox 3119 3165 3385 3233; x_wconf 67' lang='lat' dir='ltr'><strong>jlltlit&#39;abil</strong></span> <span class='ocrx_word' id='word_1_465' title='bbox 3489 3169 3629 3235; x_wconf 78' lang='grc' dir='ltr'>(μιοά</span> 
     </span>
    </p>
   </div>
   <div class='ocr_carea' id='block_1_63' title="bbox 381 3264 1950 3333">
    <p class='ocr_par' dir='ltr' id='par_1_63' title="bbox 381 3264 1950 3333">
     <span class='ocr_line' id='line_1_63' title="bbox 381 3264 1950 3333; baseline 0.001 -19"><span class='ocrx_word' id='word_1_466' title='bbox 381 3270 557 3316; x_wconf 90' lang='lat' dir='ltr'><strong>tenter</strong></span> <span class='ocrx_word' id='word_1_467' title='bbox 600 3272 836 3333; x_wconf 91' lang='lat' dir='ltr'><strong>aptatur,</strong></span> <span class='ocrx_word' id='word_1_468' title='bbox 884 3264 1071 3318; x_wconf 88' lang='lat' dir='ltr'><strong>dicens</strong></span> <span class='ocrx_word' id='word_1_469' title='bbox 1109 3265 1160 3319; x_wconf 91' lang='lat' dir='ltr'><strong>ei</strong></span> <span class='ocrx_word' id='word_1_470' title='bbox 1201 3280 1268 3317; x_wconf 68' lang='grc' dir='ltr'>τι</span> <span class='ocrx_word' id='word_1_471' title='bbox 1305 3264 1385 3318; x_wconf 88' lang='lat' dir='ltr'><strong>Tu</strong></span> <span class='ocrx_word' id='word_1_472' title='bbox 1417 3266 1506 3333; x_wconf 91' lang='lat' dir='ltr'><strong>qui</strong></span> <span class='ocrx_word' id='word_1_473' title='bbox 1556 3266 1721 3321; x_wconf 87' lang='lat' dir='ltr'><strong>doces</strong></span> <span class='ocrx_word' id='word_1_474' title='bbox 1762 3267 1950 3330; x_wconf 86' lang='lat' dir='ltr'><strong>alium,</strong></span> 
     </span>
    </p>
   </div>
   <div class='ocr_carea' id='block_1_64' title="bbox 378 3355 1949 3426">
    <p class='ocr_par' dir='ltr' id='par_1_64' title="bbox 378 3355 1949 3426">
     <span class='ocr_line' id='line_1_64' title="bbox 378 3355 1949 3426; baseline 0.002 -19"><span class='ocrx_word' id='word_1_475' title='bbox 378 3356 610 3424; x_wconf 89' lang='lat' dir='ltr'><strong>teipsum</strong></span> <span class='ocrx_word' id='word_1_476' title='bbox 663 3371 771 3411; x_wconf 92' lang='lat' dir='ltr'><strong>non</strong></span> <span class='ocrx_word' id='word_1_477' title='bbox 802 3357 1008 3411; x_wconf 90' lang='lat' dir='ltr'><strong>doces:</strong></span> <span class='ocrx_word' id='word_1_478' title='bbox 1043 3357 1133 3425; x_wconf 91' lang='lat' dir='ltr'><strong>qui</strong></span> <span class='ocrx_word' id='word_1_479' title='bbox 1169 3357 1432 3426; x_wconf 66' lang='lat' dir='ltr'><strong>praedicas</strong></span> <span class='ocrx_word' id='word_1_480' title='bbox 1473 3372 1578 3411; x_wconf 92' lang='lat' dir='ltr'><strong>non</strong></span> <span class='ocrx_word' id='word_1_481' title='bbox 1639 3355 1949 3423; x_wconf 82' lang='lat' dir='ltr'><strong>furandum,</strong></span> 
     </span>
    </p>
   </div>
   <div class='ocr_carea' id='block_1_65' title="bbox 377 3446 1946 3519">
    <p class='ocr_par' dir='ltr' id='par_1_65' title="bbox 377 3446 1946 3519">
     <span class='ocr_line' id='line_1_65' title="bbox 377 3446 1946 3519; baseline 0.003 -21"><span class='ocrx_word' id='word_1_482' title='bbox 377 3446 612 3514; x_wconf 78' lang='lat' dir='ltr'><strong>furaris;</strong></span> <span class='ocrx_word' id='word_1_483' title='bbox 648 3450 739 3519; x_wconf 91' lang='lat' dir='ltr'><strong>qui</strong></span> <span class='ocrx_word' id='word_1_484' title='bbox 779 3449 915 3504; x_wconf 88' lang='lat' dir='ltr'><strong>dicis</strong></span> <span class='ocrx_word' id='word_1_485' title='bbox 953 3465 1058 3503; x_wconf 86' lang='lat' dir='ltr'><strong>non</strong></span> <span class='ocrx_word' id='word_1_486' title='bbox 1092 3452 1503 3515; x_wconf 70' lang='lat' dir='ltr'><strong>mmchandum,</strong></span> <span class='ocrx_word' id='word_1_487' title='bbox 1566 3451 1881 3506; x_wconf 77' lang='lat' dir='ltr'><strong>moecbaris.</strong></span> <span class='ocrx_word' id='word_1_488' title='bbox 1927 3469 1946 3503; x_wconf 72' lang='grc' dir='ltr'><strong>ι</strong></span> 
     </span>
    </p>
   </div>
   <div class='ocr_carea' id='block_1_66' title="bbox 376 3539 1947 3616">
    <p class='ocr_par' dir='ltr' id='par_1_66' title="bbox 376 3539 1947 3616">
     <span class='ocr_line' id='line_1_66' title="bbox 376 3539 1947 3616; baseline 0.005 -25"><span class='ocrx_word' id='word_1_489' title='bbox 376 3539 529 3604; x_wconf 86' lang='lat' dir='ltr'><strong>Quod</strong></span> <span class='ocrx_word' id='word_1_490' title='bbox 560 3543 606 3596; x_wconf 86' lang='lat' dir='ltr'><strong>si</strong></span> <span class='ocrx_word' id='word_1_491' title='bbox 638 3544 824 3607; x_wconf 92' lang='lat' dir='ltr'><strong>etiam,</strong></span> <span class='ocrx_word' id='word_1_492' title='bbox 853 3555 908 3598; x_wconf 92' lang='lat' dir='ltr'><strong>nt</strong></span> <span class='ocrx_word' id='word_1_493' title='bbox 937 3560 1324 3616; x_wconf 89' lang='lat' dir='ltr'><strong>nonnunquam</strong></span> <span class='ocrx_word' id='word_1_494' title='bbox 1375 3545 1491 3600; x_wconf 90' lang='lat' dir='ltr'><strong>ﬁeri</strong></span> <span class='ocrx_word' id='word_1_495' title='bbox 1522 3544 1683 3609; x_wconf 85' lang='lat' dir='ltr'><strong>solet,</strong></span> <span class='ocrx_word' id='word_1_496' title='bbox 1723 3561 1947 3599; x_wconf 87' lang='lat' dir='ltr'><strong>munera</strong></span> 
     </span>
    </p>
   </div>
   <div class='ocr_carea' id='block_1_67' title="bbox 374 3631 1948 3707">
    <p class='ocr_par' dir='ltr' id='par_1_67' title="bbox 374 3631 1948 3707">
     <span class='ocr_line' id='line_1_67' title="bbox 374 3631 1948 3707; baseline 0.006 -23"><span class='ocrx_word' id='word_1_497' title='bbox 374 3631 552 3687; x_wconf 90' lang='lat' dir='ltr'><strong>oblata</strong></span> <span class='ocrx_word' id='word_1_498' title='bbox 580 3635 715 3699; x_wconf 88' lang='lat' dir='ltr'><strong>Deo,</strong></span> <span class='ocrx_word' id='word_1_499' title='bbox 749 3646 804 3690; x_wconf 89' lang='lat' dir='ltr'><strong>et</strong></span> <span class='ocrx_word' id='word_1_500' title='bbox 831 3639 1021 3706; x_wconf 87' lang='lat' dir='ltr'><strong>stipem</strong></span> <span class='ocrx_word' id='word_1_501' title='bbox 1057 3638 1108 3692; x_wconf 95' lang='lat' dir='ltr'><strong>in</strong></span> <span class='ocrx_word' id='word_1_502' title='bbox 1151 3653 1279 3692; x_wconf 91' lang='lat' dir='ltr'><strong>usus</strong></span> <span class='ocrx_word' id='word_1_503' title='bbox 1307 3653 1605 3707; x_wconf 86' lang='lat' dir='ltr'><strong>pauperum</strong></span> <span class='ocrx_word' id='word_1_504' title='bbox 1639 3639 1846 3702; x_wconf 90' lang='lat' dir='ltr'><strong>datam,</strong></span> <span class='ocrx_word' id='word_1_505' title='bbox 1882 3641 1948 3693; x_wconf 89' lang='lat' dir='ltr'><strong>ad</strong></span> 
     </span>
    </p>
   </div>
   <div class='ocr_carea' id='block_1_68' title="bbox 374 3726 1947 3797">
    <p class='ocr_par' dir='ltr' id='par_1_68' title="bbox 374 3726 1947 3797">
     <span class='ocr_line' id='line_1_68' title="bbox 374 3726 1947 3797; baseline 0.006 -21"><span class='ocrx_word' id='word_1_506' title='bbox 374 3727 593 3793; x_wconf 90' lang='lat' dir='ltr'><strong>propria</strong></span> <span class='ocrx_word' id='word_1_507' title='bbox 623 3726 776 3782; x_wconf 89' lang='lat' dir='ltr'><strong>lucra</strong></span> <span class='ocrx_word' id='word_1_508' title='bbox 821 3732 1177 3793; x_wconf 89' lang='lat' dir='ltr'><strong>converterit,</strong></span> <span class='ocrx_word' id='word_1_509' title='bbox 1230 3741 1378 3784; x_wconf 84' lang='lat' dir='ltr'><strong>recte</strong></span> <span class='ocrx_word' id='word_1_510' title='bbox 1423 3729 1469 3784; x_wconf 91' lang='lat' dir='ltr'><strong>ei</strong></span> <span class='ocrx_word' id='word_1_511' title='bbox 1505 3730 1707 3784; x_wconf 90' lang='lat' dir='ltr'><strong>dicitur</strong></span> <span class='ocrx_word' id='word_1_512' title='bbox 1739 3746 1753 3783; x_wconf 89' lang='lat'><strong>:</strong></span> <span class='ocrx_word' id='word_1_513' title='bbox 1789 3749 1806 3781; x_wconf 83' lang='grc' dir='ltr'><strong>ι</strong></span> <span class='ocrx_word' id='word_1_514' title='bbox 1845 3730 1947 3797; x_wconf 85' lang='lat' dir='ltr'><strong>Qui</strong></span> 
     </span>
    </p>
   </div>
   <div class='ocr_carea' id='block_1_69' title="bbox 374 3819 1944 3892">
    <p class='ocr_par' dir='ltr' id='par_1_69' title="bbox 374 3819 1944 3892">
     <span class='ocr_line' id='line_1_69' title="bbox 374 3819 1944 3892; baseline 0.004 -22"><span class='ocrx_word' id='word_1_515' title='bbox 374 3819 705 3874; x_wconf 88' lang='lat' dir='ltr'><strong>abominaris</strong></span> <span class='ocrx_word' id='word_1_516' title='bbox 726 3820 891 3884; x_wconf 89' lang='lat' dir='ltr'><strong>idola,</strong></span> <span class='ocrx_word' id='word_1_517' title='bbox 917 3821 1259 3892; x_wconf 81' lang='lat' dir='ltr'><strong>sacrilegium</strong></span> <span class='ocrx_word' id='word_1_518' title='bbox 1292 3822 1448 3877; x_wconf 79' lang='lat' dir='ltr'><strong>facis.</strong></span> <span class='ocrx_word' id='word_1_519' title='bbox 1482 3840 1502 3874; x_wconf 72' lang='grc' dir='ltr'><strong>ι</strong></span> <span class='ocrx_word' id='word_1_520' title='bbox 1530 3821 1587 3877; x_wconf 91' lang='lat' dir='ltr'><strong>Si</strong></span> <span class='ocrx_word' id='word_1_521' title='bbox 1621 3837 1754 3877; x_wconf 91' lang='lat' dir='ltr'><strong>vero</strong></span> <span class='ocrx_word' id='word_1_522' title='bbox 1779 3824 1944 3878; x_wconf 83' lang='lat' dir='ltr'><strong>etiam</strong></span> 
     </span>
    </p>
   </div>
   <div class='ocr_carea' id='block_1_70' title="bbox 374 3908 1946 3984">
    <p class='ocr_par' dir='ltr' id='par_1_70' title="bbox 374 3908 1946 3984">
     <span class='ocr_line' id='line_1_70' title="bbox 374 3908 1946 3984; baseline 0.006 -24"><span class='ocrx_word' id='word_1_523' title='bbox 374 3916 556 3976; x_wconf 84' lang='lat' dir='ltr'><strong>aperta</strong></span> <span class='ocrx_word' id='word_1_524' title='bbox 588 3908 831 3965; x_wconf 89' lang='lat' dir='ltr'><strong>incurrat</strong></span> <span class='ocrx_word' id='word_1_525' title='bbox 858 3914 1168 3981; x_wconf 86' lang='lat' dir='ltr'><strong>opprobria,</strong></span> <span class='ocrx_word' id='word_1_526' title='bbox 1196 3922 1251 3967; x_wconf 91' lang='lat' dir='ltr'><strong>et</strong></span> <span class='ocrx_word' id='word_1_527' title='bbox 1272 3913 1338 3968; x_wconf 91' lang='lat' dir='ltr'><strong>de</strong></span> <span class='ocrx_word' id='word_1_528' title='bbox 1359 3914 1586 3968; x_wconf 85' lang='lat' dir='ltr'><strong>avaritia</strong></span> <span class='ocrx_word' id='word_1_529' title='bbox 1615 3913 1751 3979; x_wconf 90' lang='lat' dir='ltr'><strong>ejus,</strong></span> <span class='ocrx_word' id='word_1_530' title='bbox 1782 3924 1946 3984; x_wconf 87' lang='lat' dir='ltr'><strong>atque</strong></span> 
     </span>
    </p>
   </div>
   <div class='ocr_carea' id='block_1_71' title="bbox 372 3999 1947 4075">
    <p class='ocr_par' dir='ltr' id='par_1_71' title="bbox 372 3999 1947 4075">
     <span class='ocr_line' id='line_1_71' title="bbox 372 3999 1947 4075; baseline 0.005 -22"><span class='ocrx_word' id='word_1_531' title='bbox 372 3999 576 4068; x_wconf 85' lang='lat' dir='ltr'><strong>iniquis</strong></span> <span class='ocrx_word' id='word_1_532' title='bbox 601 4000 847 4071; x_wconf 89' lang='lat' dir='ltr'><strong>judiciis,</strong></span> <span class='ocrx_word' id='word_1_533' title='bbox 871 4013 926 4056; x_wconf 93' lang='lat' dir='ltr'><strong>et</strong></span> <span class='ocrx_word' id='word_1_534' title='bbox 956 4004 1268 4058; x_wconf 89' lang='lat' dir='ltr'><strong>temulentia</strong></span> <span class='ocrx_word' id='word_1_535' title='bbox 1303 4004 1578 4075; x_wconf 87' lang='lat' dir='ltr'><strong>publicam</strong></span> <span class='ocrx_word' id='word_1_536' title='bbox 1620 4005 1734 4073; x_wconf 87' lang='lat' dir='ltr'><strong>jam</strong></span> <span class='ocrx_word' id='word_1_537' title='bbox 1766 4017 1947 4062; x_wconf 88' lang='lat' dir='ltr'><strong>teneat</strong></span> 
     </span>
    </p>
   </div>
   <div class='ocr_carea' id='block_1_72' title="bbox 374 4094 1942 4169">
    <p class='ocr_par' dir='ltr' id='par_1_72' title="bbox 374 4094 1942 4169">
     <span class='ocr_line' id='line_1_72' title="bbox 374 4094 1942 4169; baseline 0.006 -25"><span class='ocrx_word' id='word_1_538' title='bbox 374 4104 577 4159; x_wconf 91' lang='lat' dir='ltr'><strong>notam,</strong></span> <span class='ocrx_word' id='word_1_539' title='bbox 617 4094 983 4150; x_wconf 85' lang='lat' dir='ltr'><strong>dehonoratur</strong></span> <span class='ocrx_word' id='word_1_540' title='bbox 1022 4095 1164 4151; x_wconf 89' lang='lat' dir='ltr'><strong>Deus</strong></span> <span class='ocrx_word' id='word_1_541' title='bbox 1207 4098 1261 4152; x_wconf 93' lang='lat' dir='ltr'><strong>in</strong></span> <span class='ocrx_word' id='word_1_542' title='bbox 1297 4098 1508 4153; x_wconf 90' lang='lat' dir='ltr'><strong>actibus</strong></span> <span class='ocrx_word' id='word_1_543' title='bbox 1538 4099 1656 4169; x_wconf 92' lang='lat' dir='ltr'><strong>ejus</strong></span> <span class='ocrx_word' id='word_1_544' title='bbox 1690 4118 1703 4153; x_wconf 89' lang='lat'>:</span> <span class='ocrx_word' id='word_1_545' title='bbox 1734 4111 1788 4153; x_wconf 91' lang='lat' dir='ltr'><strong>et</strong></span> <span class='ocrx_word' id='word_1_546' title='bbox 1819 4116 1942 4153; x_wconf 76' lang='lat' dir='ltr'><strong>rum</strong></span> 
     </span>
    </p>
   </div>
   <div class='ocr_carea' id='block_1_73' title="bbox 367 4181 1940 4259">
    <p class='ocr_par' dir='ltr' id='par_1_73' title="bbox 367 4181 1940 4259">
     <span class='ocr_line' id='line_1_73' title="bbox 367 4181 1940 4259; baseline 0.006 -23"><span class='ocrx_word' id='word_1_547' title='bbox 367 4181 559 4239; x_wconf 90' lang='lat' dir='ltr'><strong>doctor</strong></span> <span class='ocrx_word' id='word_1_548' title='bbox 588 4186 843 4241; x_wconf 63' lang='lat' dir='ltr'><strong>Ecclesia</strong></span> <span class='ocrx_word' id='word_1_549' title='bbox 868 4189 992 4244; x_wconf 92' lang='lat' dir='ltr'><strong>talis</strong></span> <span class='ocrx_word' id='word_1_550' title='bbox 1011 4204 1134 4244; x_wconf 92' lang='lat' dir='ltr'><strong>esse</strong></span> <span class='ocrx_word' id='word_1_551' title='bbox 1156 4191 1369 4259; x_wconf 90' lang='lat' dir='ltr'><strong>populis</strong></span> <span class='ocrx_word' id='word_1_552' title='bbox 1392 4191 1712 4256; x_wconf 89' lang='lat' dir='ltr'><strong>innotuerit,</strong></span> <span class='ocrx_word' id='word_1_553' title='bbox 1743 4207 1940 4246; x_wconf 83' lang='lat' dir='ltr'><strong>nomen</strong></span> 
     </span>
    </p>
   </div>
   <div class='ocr_carea' id='block_1_74' title="bbox 368 4276 1941 4350">
    <p class='ocr_par' dir='ltr' id='par_1_74' title="bbox 368 4276 1941 4350">
     <span class='ocr_line' id='line_1_74' title="bbox 368 4276 1941 4350; baseline 0.006 -22"><span class='ocrx_word' id='word_1_554' title='bbox 368 4276 459 4329; x_wconf 87' lang='lat' dir='ltr'><strong>Dei</strong></span> <span class='ocrx_word' id='word_1_555' title='bbox 487 4277 899 4345; x_wconf 88' lang='lat' dir='ltr'><strong>blasphematur</strong></span> <span class='ocrx_word' id='word_1_556' title='bbox 928 4280 981 4333; x_wconf 94' lang='lat' dir='ltr'><strong>in</strong></span> <span class='ocrx_word' id='word_1_557' title='bbox 1018 4282 1296 4350; x_wconf 78' lang='lat' dir='ltr'><strong>gentibus.</strong></span> <span class='ocrx_word' id='word_1_558' title='bbox 1320 4283 1467 4338; x_wconf 90' lang='lat' dir='ltr'><strong>Certi</strong></span> <span class='ocrx_word' id='word_1_559' title='bbox 1494 4294 1620 4339; x_wconf 85' lang='lat' dir='ltr'><strong>sunt</strong></span> <span class='ocrx_word' id='word_1_560' title='bbox 1652 4286 1795 4339; x_wconf 90' lang='lat' dir='ltr'><strong>enim</strong></span> <span class='ocrx_word' id='word_1_561' title='bbox 1825 4301 1941 4338; x_wconf 86' lang='lat' dir='ltr'><strong>tua-</strong></span> 
     </span>
    </p>
   </div>
   <div class='ocr_carea' id='block_1_75' title="bbox 365 4369 1935 4441">
    <p class='ocr_par' dir='ltr' id='par_1_75' title="bbox 365 4369 1935 4441">
     <span class='ocr_line' id='line_1_75' title="bbox 365 4369 1935 4441; baseline 0.006 -20"><span class='ocrx_word' id='word_1_562' title='bbox 365 4369 534 4435; x_wconf 86' lang='lat' dir='ltr'><strong>gistro</strong></span> <span class='ocrx_word' id='word_1_563' title='bbox 567 4370 771 4425; x_wconf 88' lang='lat' dir='ltr'><strong>similes</strong></span> <span class='ocrx_word' id='word_1_564' title='bbox 805 4386 926 4425; x_wconf 90' lang='lat' dir='ltr'><strong>esse</strong></span> <span class='ocrx_word' id='word_1_565' title='bbox 958 4373 1274 4441; x_wconf 89' lang='lat' dir='ltr'><strong>discipulos.</strong></span> <span class='ocrx_word' id='word_1_566' title='bbox 1309 4373 1549 4429; x_wconf 90' lang='lat' dir='ltr'><strong>Possunt</strong></span> <span class='ocrx_word' id='word_1_567' title='bbox 1600 4385 1780 4429; x_wconf 89' lang='lat' dir='ltr'><strong>tamen</strong></span> <span class='ocrx_word' id='word_1_568' title='bbox 1820 4376 1935 4431; x_wconf 69' lang='lat' dir='ltr'><strong>haec</strong></span> 
     </span>
    </p>
   </div>
   <div class='ocr_carea' id='block_1_76' title="bbox 364 4460 1934 4536">
    <p class='ocr_par' dir='ltr' id='par_1_76' title="bbox 364 4460 1934 4536">
     <span class='ocr_line' id='line_1_76' title="bbox 364 4460 1934 4536; baseline 0.004 -23"><span class='ocrx_word' id='word_1_569' title='bbox 364 4460 550 4515; x_wconf 89' lang='lat' dir='ltr'><strong>eadem</strong></span> <span class='ocrx_word' id='word_1_570' title='bbox 584 4464 742 4517; x_wconf 85' lang='lat' dir='ltr'><strong>tertio</strong></span> <span class='ocrx_word' id='word_1_571' title='bbox 795 4462 914 4517; x_wconf 92' lang='lat' dir='ltr'><strong>loco</strong></span> <span class='ocrx_word' id='word_1_572' title='bbox 956 4463 1118 4518; x_wconf 88' lang='lat' dir='ltr'><strong>etiam</strong></span> <span class='ocrx_word' id='word_1_573' title='bbox 1168 4465 1442 4521; x_wconf 74' lang='lat' dir='ltr'><strong>haereticis</strong></span> <span class='ocrx_word' id='word_1_574' title='bbox 1487 4467 1684 4536; x_wconf 84' lang='lat' dir='ltr'><strong>aptari.</strong></span> <span class='ocrx_word' id='word_1_575' title='bbox 1725 4466 1791 4521; x_wconf 86' lang='lat' dir='ltr'><strong>Et</strong></span> <span class='ocrx_word' id='word_1_576' title='bbox 1834 4467 1934 4535; x_wconf 88' lang='lat' dir='ltr'><strong>ipsi</strong></span> 
     </span>
    </p>
   </div>
   <div class='ocr_carea' id='block_1_77' title="bbox 364 4552 1932 4621">
    <p class='ocr_par' dir='ltr' id='par_1_77' title="bbox 364 4552 1932 4621">
     <span class='ocr_line' id='line_1_77' title="bbox 364 4552 1932 4621; baseline 0.004 -15"><span class='ocrx_word' id='word_1_577' title='bbox 364 4552 507 4606; x_wconf 86' lang='lat' dir='ltr'><strong>enim</strong></span> <span class='ocrx_word' id='word_1_578' title='bbox 537 4556 993 4621; x_wconf 82' lang='lat' dir='ltr'><strong>cognominantur</strong></span> <span class='ocrx_word' id='word_1_579' title='bbox 1019 4556 1337 4621; x_wconf 90' lang='lat' dir='ltr'><strong>Christiani,</strong></span> <span class='ocrx_word' id='word_1_580' title='bbox 1373 4569 1427 4613; x_wconf 91' lang='lat' dir='ltr'><strong>et</strong></span> <span class='ocrx_word' id='word_1_581' title='bbox 1469 4559 1712 4613; x_wconf 88' lang='lat' dir='ltr'><strong>nonnulli</strong></span> <span class='ocrx_word' id='word_1_582' title='bbox 1742 4577 1932 4614; x_wconf 91' lang='lat' dir='ltr'><strong>eorum</strong></span> 
     </span>
    </p>
   </div>
   <div class='ocr_carea' id='block_1_78' title="bbox 362 4644 1939 4720">
    <p class='ocr_par' dir='ltr' id='par_1_78' title="bbox 362 4644 1939 4720">
     <span class='ocr_line' id='line_1_78' title="bbox 362 4644 1939 4720; baseline 0.006 -25"><span class='ocrx_word' id='word_1_583' title='bbox 362 4647 522 4699; x_wconf 83' lang='lat' dir='ltr'><strong>etiam</strong></span> <span class='ocrx_word' id='word_1_584' title='bbox 565 4644 757 4715; x_wconf 81' lang='lat' dir='ltr'><strong>Legem</strong></span> <span class='ocrx_word' id='word_1_585' title='bbox 809 4657 1050 4712; x_wconf 89' lang='lat' dir='ltr'><strong>tenuere,</strong></span> <span class='ocrx_word' id='word_1_586' title='bbox 1096 4664 1193 4716; x_wconf 87' lang='lat' dir='ltr'><strong>per</strong></span> <span class='ocrx_word' id='word_1_587' title='bbox 1237 4665 1403 4720; x_wconf 89' lang='lat' dir='ltr'><strong>quam</strong></span> <span class='ocrx_word' id='word_1_588' title='bbox 1443 4651 1719 4716; x_wconf 85' lang='lat' dir='ltr'><strong>instructi,</strong></span> <span class='ocrx_word' id='word_1_589' title='bbox 1749 4652 1939 4705; x_wconf 79' lang='lat' dir='ltr'><strong>ducto-</strong></span> 
     </span>
    </p>
   </div>
   <div class='ocr_carea' id='block_1_79' title="bbox 1018 4788 1920 4855">
    <p class='ocr_par' dir='ltr' id='par_1_79' title="bbox 1018 4788 1920 4855">
     <span class='ocr_line' id='line_1_79' title="bbox 1018 4788 1920 4855; baseline 0 -12"><span class='ocrx_word' id='word_1_590' title='bbox 1018 4788 1063 4819; x_wconf 72' lang='lat'>“</span> <span class='ocrx_word' id='word_1_591' title='bbox 1100 4788 1255 4844; x_wconf 87' lang='lat' dir='ltr'><strong>Rom.</strong></span> <span class='ocrx_word' id='word_1_592' title='bbox 1280 4805 1376 4855; x_wconf 83' lang='lat' dir='ltr'><strong>xu,</strong></span> <span class='ocrx_word' id='word_1_593' title='bbox 1408 4790 1463 4844; x_wconf 78' lang='grc'><strong>2.</strong></span> <span class='ocrx_word' id='word_1_594' title='bbox 1554 4789 1599 4821; x_wconf 63' lang='grc' dir='ltr'><strong>δ’</strong></span> <span class='ocrx_word' id='word_1_595' title='bbox 1623 4789 1724 4844; x_wconf 85' lang='lat' dir='ltr'><strong>lsa.</strong></span> <span class='ocrx_word' id='word_1_596' title='bbox 1746 4805 1842 4851; x_wconf 82' lang='lat' dir='ltr'><strong>LII,</strong></span> <span class='ocrx_word' id='word_1_597' title='bbox 1866 4789 1920 4843; x_wconf 81' lang='lat'><strong>5.</strong></span> 
     </span>
    </p>
   </div>
   <div class='ocr_carea' id='block_1_80' title="bbox 430 4787 941 4852">
    <p class='ocr_par' dir='ltr' id='par_1_80' title="bbox 430 4787 941 4852">
     <span class='ocr_line' id='line_1_80' title="bbox 430 4787 941 4852; baseline 0.006 -11"><span class='ocrx_word' id='word_1_598' title='bbox 430 4788 475 4820; x_wconf 76' lang='lat'><strong>“</strong></span> <span class='ocrx_word' id='word_1_599' title='bbox 513 4787 716 4843; x_wconf 80' lang='lat' dir='ltr'><strong>Coloss.</strong></span> <span class='ocrx_word' id='word_1_600' title='bbox 747 4803 807 4852; x_wconf 87' lang='grc' dir='ltr'>ιι,</span> <span class='ocrx_word' id='word_1_601' title='bbox 849 4789 941 4844; x_wconf 74' lang='grc'><strong>21.</strong></span> 
     </span>
    </p>
   </div>
   <div class='ocr_carea' id='block_1_81' title="bbox 431 4906 1937 4979">
    <p class='ocr_par' dir='ltr' id='par_1_81' title="bbox 431 4906 1937 4979">
     <span class='ocr_line' id='line_1_81' title="bbox 431 4906 1937 4979; baseline 0 -17"><span class='ocrx_word' id='word_1_602' title='bbox 431 4908 544 4979; x_wconf 74' lang='grc'><strong>(14)</strong></span> <span class='ocrx_word' id='word_1_603' title='bbox 588 4907 682 4963; x_wconf 90' lang='lat' dir='ltr'><strong>Sic</strong></span> <span class='ocrx_word' id='word_1_604' title='bbox 728 4921 859 4962; x_wconf 88' lang='lat' dir='ltr'><strong>mss.</strong></span> <span class='ocrx_word' id='word_1_605' title='bbox 904 4906 1046 4961; x_wconf 87' lang='lat' dir='ltr'><strong>Editi</strong></span> <span class='ocrx_word' id='word_1_606' title='bbox 1076 4921 1226 4979; x_wconf 79' lang='lat' dir='ltr'><strong>vero,</strong></span> <span class='ocrx_word' id='word_1_607' title='bbox 1260 4925 1278 4958; x_wconf 79' lang='grc' dir='ltr'><strong>ι</strong></span> <span class='ocrx_word' id='word_1_608' title='bbox 1312 4907 1477 4979; x_wconf 80' lang='lat' dir='ltr'><strong>etiam</strong></span> <span class='ocrx_word' id='word_1_609' title='bbox 1510 4909 1765 4975; x_wconf 78' lang='lat' dir='ltr'><strong>gentibus</strong></span> <span class='ocrx_word' id='word_1_610' title='bbox 1802 4907 1937 4979; x_wconf 73' lang='lat' dir='ltr'><strong>ipsis</strong></span> 
     </span>
    </p>
   </div>
   <div class='ocr_carea' id='block_1_82' title="bbox 359 4976 1937 5048">
    <p class='ocr_par' dir='ltr' id='par_1_82' title="bbox 359 4976 1937 5048">
     <span class='ocr_line' id='line_1_82' title="bbox 359 4976 1937 5048; baseline 0.001 -17"><span class='ocrx_word' id='word_1_611' title='bbox 359 4976 493 5048; x_wconf 84' lang='lat' dir='ltr'><strong>legis</strong></span> <span class='ocrx_word' id='word_1_612' title='bbox 526 4976 781 5048; x_wconf 77' lang='lat' dir='ltr'><strong>litteram</strong></span> <span class='ocrx_word' id='word_1_613' title='bbox 811 4989 1102 5048; x_wconf 81' lang='lat' dir='ltr'><strong>sequentes</strong></span> <span class='ocrx_word' id='word_1_614' title='bbox 1146 4977 1355 5032; x_wconf 88' lang='lat' dir='ltr'><strong>dicunt.</strong></span> <span class='ocrx_word' id='word_1_615' title='bbox 1390 4995 1410 5029; x_wconf 75' lang='grc' dir='ltr'><strong>ι</strong></span> <span class='ocrx_word' id='word_1_616' title='bbox 1440 4976 1647 5032; x_wconf 87' lang='lat' dir='ltr'><strong>Deinde</strong></span> <span class='ocrx_word' id='word_1_617' title='bbox 1693 4993 1796 5032; x_wconf 88' lang='lat' dir='ltr'><strong>ms.</strong></span> <span class='ocrx_word' id='word_1_618' title='bbox 1820 4977 1937 5048; x_wconf 63' lang='lat' dir='ltr'><strong>Rea</strong></span> 
     </span>
    </p>
   </div>
   <div class='ocr_carea' id='block_1_83' title="bbox 358 5046 1931 5128">
    <p class='ocr_par' dir='ltr' id='par_1_83' title="bbox 358 5046 1931 5128">
     <span class='ocr_line' id='line_1_83' title="bbox 358 5046 1931 5128; baseline -0.001 -27"><span class='ocrx_word' id='word_1_619' title='bbox 358 5046 480 5115; x_wconf 79' lang='lat' dir='ltr'><strong>gius</strong></span> <span class='ocrx_word' id='word_1_620' title='bbox 512 5065 660 5105; x_wconf 92' lang='lat' dir='ltr'><strong>num.</strong></span> <span class='ocrx_word' id='word_1_621' title='bbox 693 5046 855 5128; x_wconf 69' lang='grc'><strong>1659,</strong></span> <span class='ocrx_word' id='word_1_622' title='bbox 884 5046 1031 5128; x_wconf 42' lang='lat' dir='ltr'><strong>_¢.Ne</strong></span> <span class='ocrx_word' id='word_1_623' title='bbox 1080 5048 1399 5128; x_wconf 85' lang='lat' dir='ltr'><strong>tetigeritis,</strong></span> <span class='ocrx_word' id='word_1_624' title='bbox 1449 5061 1516 5100; x_wconf 91' lang='lat' dir='ltr'><strong>ne</strong></span> <span class='ocrx_word' id='word_1_625' title='bbox 1555 5047 1931 5128; x_wconf 78' lang='lat' dir='ltr'><strong>gustaveritis,</strong></span> 
     </span>
    </p>
   </div>
   <div class='ocr_carea' id='block_1_84' title="bbox 359 5118 1932 5187">
    <p class='ocr_par' dir='ltr' id='par_1_84' title="bbox 359 5118 1932 5187">
     <span class='ocr_line' id='line_1_84' title="bbox 359 5118 1932 5187; baseline -0.001 -15"><span class='ocrx_word' id='word_1_626' title='bbox 359 5134 427 5174; x_wconf 91' lang='lat' dir='ltr'><strong>ne</strong></span> <span class='ocrx_word' id='word_1_627' title='bbox 470 5118 1007 5186; x_wconf 85' lang='lat' dir='ltr'><strong>contaminaveritis;</strong></span> <span class='ocrx_word' id='word_1_628' title='bbox 1042 5135 1062 5169; x_wconf 75' lang='grc' dir='ltr'><strong>ι</strong></span> <span class='ocrx_word' id='word_1_629' title='bbox 1086 5127 1142 5171; x_wconf 88' lang='lat' dir='ltr'><strong>et</strong></span> <span class='ocrx_word' id='word_1_630' title='bbox 1183 5127 1376 5187; x_wconf 89' lang='lat' dir='ltr'><strong>postea</strong></span> <span class='ocrx_word' id='word_1_631' title='bbox 1407 5132 1597 5171; x_wconf 89' lang='lat' dir='ltr'><strong>omnes</strong></span> <span class='ocrx_word' id='word_1_632' title='bbox 1633 5132 1789 5183; x_wconf 91' lang='lat' dir='ltr'><strong>mss.,</strong></span> <span class='ocrx_word' id='word_1_633' title='bbox 1818 5134 1837 5167; x_wconf 80' lang='grc' dir='ltr'><strong>ι</strong></span> <span class='ocrx_word' id='word_1_634' title='bbox 1878 5118 1932 5171; x_wconf 91' lang='lat' dir='ltr'><strong>in</strong></span> 
     </span>
    </p>
   </div>
   <div class='ocr_carea' id='block_1_85' title="bbox 356 5190 783 5258">
    <p class='ocr_par' dir='ltr' id='par_1_85' title="bbox 356 5190 783 5258">
     <span class='ocr_line' id='line_1_85' title="bbox 356 5190 783 5258; baseline -0.012 -14"><span class='ocrx_word' id='word_1_635' title='bbox 356 5190 724 5258; x_wconf 87' lang='lat' dir='ltr'><strong>corruptione.</strong></span> <span class='ocrx_word' id='word_1_636' title='bbox 762 5204 783 5239; x_wconf 77' lang='grc' dir='ltr'><strong>ι</strong></span> 
     </span>
    </p>
   </div>
   <div class='ocr_carea' id='block_1_86' title="bbox 425 5254 1929 5330">
    <p class='ocr_par' dir='ltr' id='par_1_86' title="bbox 425 5254 1929 5330">
     <span class='ocr_line' id='line_1_86' title="bbox 425 5254 1929 5330; baseline -0.005 -14"><span class='ocrx_word' id='word_1_637' title='bbox 425 5254 538 5330; x_wconf 82' lang='grc'><strong>(15)</strong></span> <span class='ocrx_word' id='word_1_638' title='bbox 580 5258 709 5314; x_wconf 84' lang='lat' dir='ltr'><strong>Mss.</strong></span> <span class='ocrx_word' id='word_1_639' title='bbox 761 5258 1024 5330; x_wconf 85' lang='lat' dir='ltr'><strong>plerique,</strong></span> <span class='ocrx_word' id='word_1_640' title='bbox 1060 5256 1321 5330; x_wconf 57' lang='lat' dir='ltr'><strong>[tabanus</strong></span> <span class='ocrx_word' id='word_1_641' title='bbox 1343 5264 1416 5330; x_wconf 88' lang='lat' dir='ltr'><strong>_et</strong></span> <span class='ocrx_word' id='word_1_642' title='bbox 1448 5254 1603 5330; x_wconf 81' lang='lat' dir='ltr'><strong>editi,</strong></span> <span class='ocrx_word' id='word_1_643' title='bbox 1637 5275 1657 5308; x_wconf 80' lang='grc' dir='ltr'><strong>ι</strong></span> <span class='ocrx_word' id='word_1_644' title='bbox 1687 5265 1748 5309; x_wconf 93' lang='lat' dir='ltr'><strong>ut</strong></span> <span class='ocrx_word' id='word_1_645' title='bbox 1781 5264 1929 5330; x_wconf 63' lang='lat' dir='ltr'><strong>esset</strong></span> 
     </span>
    </p>
   </div>
   <div class='ocr_carea' id='block_1_87' title="bbox 356 5324 1923 5389">
    <p class='ocr_par' dir='ltr' id='par_1_87' title="bbox 356 5324 1923 5389">
     <span class='ocr_line' id='line_1_87' title="bbox 356 5324 1923 5389; baseline -0.003 -5"><span class='ocrx_word' id='word_1_646' title='bbox 356 5324 461 5384; x_wconf 71' lang='lat' dir='ltr'><strong>duit</strong></span> <span class='ocrx_word' id='word_1_647' title='bbox 494 5324 548 5386; x_wconf 82' lang='lat' dir='ltr'><strong>et</strong></span> <span class='ocrx_word' id='word_1_648' title='bbox 575 5324 774 5383; x_wconf 74' lang='lat' dir='ltr'><strong>doctor</strong></span> <span class='ocrx_word' id='word_1_649' title='bbox 798 5324 1054 5383; x_wconf 73' lang='lat' dir='ltr'><strong>Ecclesiae</strong></span> <span class='ocrx_word' id='word_1_650' title='bbox 1084 5328 1149 5381; x_wconf 90' lang='lat' dir='ltr'><strong>ad</strong></span> <span class='ocrx_word' id='word_1_651' title='bbox 1188 5327 1593 5389; x_wconf 89' lang='lat' dir='ltr'><strong>illuminandos,</strong></span> <span class='ocrx_word' id='word_1_652' title='bbox 1628 5344 1647 5377; x_wconf 72' lang='grc' dir='ltr'><strong>ι</strong></span> <span class='ocrx_word' id='word_1_653' title='bbox 1677 5337 1783 5380; x_wconf 93' lang='lat' dir='ltr'><strong>etc.</strong></span> <span class='ocrx_word' id='word_1_654' title='bbox 1816 5324 1923 5381; x_wconf 86' lang='lat' dir='ltr'><strong>Sed</strong></span> 
     </span>
    </p>
   </div>
   <div class='ocr_carea' id='block_1_88' title="bbox 357 5394 1923 5468">
    <p class='ocr_par' dir='ltr' id='par_1_88' title="bbox 357 5394 1923 5468">
     <span class='ocr_line' id='line_1_88' title="bbox 357 5394 1923 5468; baseline -0.001 -16"><span class='ocrx_word' id='word_1_655' title='bbox 357 5402 547 5456; x_wconf 84' lang='lat' dir='ltr'><strong>melior</strong></span> <span class='ocrx_word' id='word_1_656' title='bbox 575 5401 788 5454; x_wconf 86' lang='lat' dir='ltr'><strong>videtur</strong></span> <span class='ocrx_word' id='word_1_657' title='bbox 831 5399 996 5454; x_wconf 89' lang='lat' dir='ltr'><strong>lectio</strong></span> <span class='ocrx_word' id='word_1_658' title='bbox 1041 5412 1149 5452; x_wconf 88' lang='lat' dir='ltr'><strong>ms.</strong></span> <span class='ocrx_word' id='word_1_659' title='bbox 1196 5396 1348 5468; x_wconf 84' lang='lat' dir='ltr'><strong>Regii</strong></span> <span class='ocrx_word' id='word_1_660' title='bbox 1382 5411 1534 5451; x_wconf 88' lang='lat' dir='ltr'><strong>num.</strong></span> <span class='ocrx_word' id='word_1_661' title='bbox 1584 5394 1747 5461; x_wconf 79' lang='lat' dir='ltr'><strong>l639,</strong></span> <span class='ocrx_word' id='word_1_662' title='bbox 1778 5407 1837 5452; x_wconf 92' lang='lat' dir='ltr'><strong>ut</strong></span> <span class='ocrx_word' id='word_1_663' title='bbox 1867 5397 1923 5450; x_wconf 90' lang='lat' dir='ltr'><strong>in</strong></span> 
     </span>
    </p>
   </div>
   <div class='ocr_carea' id='block_1_89' title="bbox 352 5479 740 5525">
    <p class='ocr_par' dir='ltr' id='par_1_89' title="bbox 352 5479 740 5525">
     <span class='ocr_line' id='line_1_89' title="bbox 352 5479 740 5525; baseline 0.003 -3"><span class='ocrx_word' id='word_1_664' title='bbox 352 5483 540 5525; x_wconf 74' lang='grc' dir='ltr'><strong>11081ῐο</strong></span> <span class='ocrx_word' id='word_1_665' title='bbox 564 5479 740 5523; x_wconf 78' lang='lat' dir='ltr'><strong>textu.</strong></span> 
     </span>
    </p>
   </div>
   <div class='ocr_carea' id='block_1_90' title="bbox 339 5535 1924 5623">
    <p class='ocr_par' dir='ltr' id='par_1_90' title="bbox 339 5535 1924 5623">
     <span class='ocr_line' id='line_1_90' title="bbox 339 5535 1924 5623; baseline -0.004 -27"><span class='ocrx_word' id='word_1_666' title='bbox 339 5556 345 5572; x_wconf 86' lang='grc'><strong>·</strong></span> <span class='ocrx_word' id='word_1_667' title='bbox 377 5611 390 5623; x_wconf 40' lang='grc' dir='ltr'><strong><em>ο</em></strong></span> <span class='ocrx_word' id='word_1_668' title='bbox 424 5540 535 5623; x_wconf 82' lang='grc'><strong>(16)</strong></span> <span class='ocrx_word' id='word_1_669' title='bbox 573 5540 702 5594; x_wconf 79' lang='lat' dir='ltr'><strong>Mss.</strong></span> <span class='ocrx_word' id='word_1_670' title='bbox 732 5540 869 5623; x_wconf 63' lang='lat' dir='ltr'><strong>duo,</strong></span> <span class='ocrx_word' id='word_1_671' title='bbox 893 5558 913 5591; x_wconf 78' lang='grc' dir='ltr'><strong>ι</strong></span> <span class='ocrx_word' id='word_1_672' title='bbox 943 5552 1224 5620; x_wconf 42' lang='lat' dir='ltr'><strong>.summam</strong></span> <span class='ocrx_word' id='word_1_673' title='bbox 1265 5535 1677 5623; x_wconf 39' lang='grc' dir='ltr'><strong>ι1ἰξιῦςίρ11ιιιιξιξι⁸</strong></span> <span class='ocrx_word' id='word_1_674' title='bbox 1702 5536 1924 5623; x_wconf 60' lang='lat' dir='ltr'><strong>castita:</strong></span> 
     </span>
    </p>
   </div>
   <div class='ocr_carea' id='block_1_91' title="bbox 354 5605 1925 5680">
    <p class='ocr_par' dir='ltr' id='par_1_91' title="bbox 354 5605 1925 5680">
     <span class='ocr_line' id='line_1_91' title="bbox 354 5605 1925 5680; baseline -0.003 -17"><span class='ocrx_word' id='word_1_675' title='bbox 354 5605 682 5680; x_wconf 67' lang='lat' dir='ltr'><strong>tis&#39;exigere.</strong></span> <span class='ocrx_word' id='word_1_676' title='bbox 713 5627 733 5661; x_wconf 75' lang='grc' dir='ltr'><strong>ι</strong></span> <span class='ocrx_word' id='word_1_677' title='bbox 765 5609 958 5665; x_wconf 76' lang='lat' dir='ltr'><strong>Caneri</strong></span> <span class='ocrx_word' id='word_1_678' title='bbox 992 5623 1123 5664; x_wconf 87' lang='lat' dir='ltr'><strong>vero</strong></span> <span class='ocrx_word' id='word_1_679' title='bbox 1150 5622 1302 5672; x_wconf 91' lang='lat' dir='ltr'><strong>mss.,</strong></span> <span class='ocrx_word' id='word_1_680' title='bbox 1328 5605 1595 5660; x_wconf 73' lang='lat' dir='ltr'><strong>Rabanus</strong></span> <span class='ocrx_word' id='word_1_681' title='bbox 1625 5614 1682 5661; x_wconf 90' lang='lat' dir='ltr'><strong>et</strong></span> <span class='ocrx_word' id='word_1_682' title='bbox 1710 5605 1841 5660; x_wconf 88' lang='lat' dir='ltr'><strong>editi</strong></span> <span class='ocrx_word' id='word_1_683' title='bbox 1866 5612 1925 5658; x_wconf 93' lang='lat' dir='ltr'><strong>ut</strong></span> 
     </span>
    </p>
   </div>
   <div class='ocr_carea' id='block_1_92' title="bbox 352 5692 1916 5822">
    <p class='ocr_par' dir='ltr' id='par_1_92' title="bbox 352 5692 1916 5822">
     <span class='ocr_line' id='line_1_92' title="bbox 352 5692 1916 5822; baseline -0.005 -17"><span class='ocrx_word' id='word_1_684' title='bbox 352 5692 659 5822; x_wconf 51' lang='grc' dir='ltr'><strong>111(ῗῗῗ)“ἔί‹&gt;</strong></span> <span class='ocrx_word' id='word_1_685' title='bbox 695 5764 798 5806; x_wconf 92' lang='lat' dir='ltr'><strong>ms.</strong></span> <span class='ocrx_word' id='word_1_686' title='bbox 838 5747 1037 5818; x_wconf 76' lang='lat' dir='ltr'><strong>Regius</strong></span> <span class='ocrx_word' id='word_1_687' title='bbox 1078 5764 1236 5822; x_wconf 79' lang='lat' dir='ltr'><strong>num.</strong></span> <span class='ocrx_word' id='word_1_688' title='bbox 1273 5744 1759 5822; x_wconf 26' lang='lat' dir='ltr'><strong>{659.‘Msstvero</strong></span> <span class='ocrx_word' id='word_1_689' title='bbox 1787 5744 1916 5808; x_wconf 86' lang='lat' dir='ltr'><strong>duo,</strong></span> 
     </span>
    </p>
   </div>
   <div class='ocr_carea' id='block_1_93' title="bbox 354 5817 1909 5893">
    <p class='ocr_par' dir='ltr' id='par_1_93' title="bbox 354 5817 1909 5893">
     <span class='ocr_line' id='line_1_93' title="bbox 354 5817 1909 5893; baseline -0.004 -20"><span class='ocrx_word' id='word_1_690' title='bbox 354 5840 373 5873; x_wconf 81' lang='grc' dir='ltr'><strong>ι</strong></span> <span class='ocrx_word' id='word_1_691' title='bbox 411 5817 573 5877; x_wconf 83' lang='lat' dir='ltr'><strong>etiam</strong></span> <span class='ocrx_word' id='word_1_692' title='bbox 599 5821 771 5893; x_wconf 80' lang='lat' dir='ltr'><strong>legem</strong></span> <span class='ocrx_word' id='word_1_693' title='bbox 815 5817 1001 5875; x_wconf 80' lang='lat' dir='ltr'><strong>tenere</strong></span> <span class='ocrx_word' id='word_1_694' title='bbox 1042 5820 1315 5885; x_wconf 88' lang='lat' dir='ltr'><strong>videntur,</strong></span> <span class='ocrx_word' id='word_1_695' title='bbox 1351 5836 1371 5870; x_wconf 71' lang='grc' dir='ltr'><strong>ι</strong></span> <span class='ocrx_word' id='word_1_696' title='bbox 1404 5817 1476 5871; x_wconf 88' lang='lat' dir='ltr'><strong>al.</strong></span> <span class='ocrx_word' id='word_1_697' title='bbox 1513 5834 1532 5867; x_wconf 78' lang='grc' dir='ltr'><strong>ι</strong></span> <span class='ocrx_word' id='word_1_698' title='bbox 1578 5817 1853 5872; x_wconf 84' lang='lat' dir='ltr'><strong>dicuntur.</strong></span> <span class='ocrx_word' id='word_1_699' title='bbox 1890 5835 1909 5867; x_wconf 84' lang='grc'><strong><em>›</em></strong></span> 
     </span>
    </p>
   </div>
   <div class='ocr_carea' id='block_1_94' title="bbox 2057 3256 3630 3329">
    <p class='ocr_par' dir='ltr' id='par_1_94' title="bbox 2057 3256 3630 3329">
     <span class='ocr_line' id='line_1_94' title="bbox 2057 3256 3630 3329; baseline 0.004 -22"><span class='ocrx_word' id='word_1_700' title='bbox 2057 3272 2123 3310; x_wconf 82' lang='lat' dir='ltr'><strong>cx</strong></span> <span class='ocrx_word' id='word_1_701' title='bbox 2156 3268 2351 3310; x_wconf 88' lang='lat' dir='ltr'><strong>natura</strong></span> <span class='ocrx_word' id='word_1_702' title='bbox 2380 3266 2467 3311; x_wconf 89' lang='lat' dir='ltr'><strong>est</strong></span> <span class='ocrx_word' id='word_1_703' title='bbox 2494 3258 2843 3326; x_wconf 67' lang='lat' dir='ltr'><strong>praeputium,</strong></span> <span class='ocrx_word' id='word_1_704' title='bbox 2881 3256 3051 3326; x_wconf 86' lang='lat' dir='ltr'><strong>legem</strong></span> <span class='ocrx_word' id='word_1_705' title='bbox 3082 3257 3394 3326; x_wconf 88' lang='lat' dir='ltr'><strong>perﬁciens,</strong></span> <span class='ocrx_word' id='word_1_706' title='bbox 3426 3270 3499 3325; x_wconf 93' lang='lat' dir='ltr'><strong>te,</strong></span> <span class='ocrx_word' id='word_1_707' title='bbox 3537 3261 3630 3329; x_wconf 85' lang='lat' dir='ltr'><strong>qui</strong></span> 
     </span>
    </p>
   </div>
   <div class='ocr_carea' id='block_1_95' title="bbox 2056 3347 3627 3419">
    <p class='ocr_par' dir='ltr' id='par_1_95' title="bbox 2056 3347 3627 3419">
     <span class='ocr_line' id='line_1_95' title="bbox 2056 3347 3627 3419; baseline 0.002 -18"><span class='ocrx_word' id='word_1_708' title='bbox 2056 3364 2153 3419; x_wconf 87' lang='lat' dir='ltr'><strong>per</strong></span> <span class='ocrx_word' id='word_1_709' title='bbox 2202 3347 2438 3402; x_wconf 86' lang='lat' dir='ltr'><strong>litteram</strong></span> <span class='ocrx_word' id='word_1_710' title='bbox 2487 3358 2543 3402; x_wconf 94' lang='lat' dir='ltr'><strong>et</strong></span> <span class='ocrx_word' id='word_1_711' title='bbox 2590 3348 3061 3402; x_wconf 84' lang='lat' dir='ltr'><strong>circumcisiuuem</strong></span> <span class='ocrx_word' id='word_1_712' title='bbox 3126 3350 3513 3417; x_wconf 65' lang='lat' dir='ltr'><strong>praevaricator</strong></span> <span class='ocrx_word' id='word_1_713' title='bbox 3567 3367 3627 3406; x_wconf 89' lang='lat' dir='ltr'><strong>es</strong></span> 
     </span>
    </p>
   </div>
   <div class='ocr_carea' id='block_1_96' title="bbox 2054 3439 3626 3509">
    <p class='ocr_par' dir='ltr' id='par_1_96' title="bbox 2054 3439 3626 3509">
     <span class='ocr_line' id='line_1_96' title="bbox 2054 3439 3626 3509; baseline 0.003 -17"><span class='ocrx_word' id='word_1_714' title='bbox 2054 3440 2191 3509; x_wconf 82' lang='lat' dir='ltr'><strong>legis</strong></span> <span class='ocrx_word' id='word_1_715' title='bbox 2224 3440 2248 3493; x_wconf 64' lang='grc' dir='ltr'><em>ἲ</em></span> <span class='ocrx_word' id='word_1_716' title='bbox 2290 3439 2406 3493; x_wconf 85' lang='grc' dir='ltr'>Νοιι</span> <span class='ocrx_word' id='word_1_717' title='bbox 2438 3439 2582 3493; x_wconf 85' lang='lat' dir='ltr'><strong>enim</strong></span> <span class='ocrx_word' id='word_1_718' title='bbox 2614 3439 2706 3508; x_wconf 90' lang='lat' dir='ltr'><strong>qui</strong></span> <span class='ocrx_word' id='word_1_719' title='bbox 2745 3440 2798 3493; x_wconf 92' lang='lat' dir='ltr'><strong>in</strong></span> <span class='ocrx_word' id='word_1_720' title='bbox 2835 3440 3122 3495; x_wconf 78' lang='lat' dir='ltr'><strong>manifesm</strong></span> <span class='ocrx_word' id='word_1_721' title='bbox 3148 3440 3365 3496; x_wconf 67' lang='lat' dir='ltr'><strong>.l&#39;tdaeus</strong></span> <span class='ocrx_word' id='word_1_722' title='bbox 3392 3454 3494 3505; x_wconf 88' lang='lat' dir='ltr'><strong>est,</strong></span> <span class='ocrx_word' id='word_1_723' title='bbox 3530 3458 3626 3496; x_wconf 91' lang='lat' dir='ltr'><strong>ne-</strong></span> 
     </span>
    </p>
   </div>
   <div class='ocr_carea' id='block_1_97' title="bbox 2053 3528 3633 3599">
    <p class='ocr_par' dir='ltr' id='par_1_97' title="bbox 2053 3528 3633 3599">
     <span class='ocr_line' id='line_1_97' title="bbox 2053 3528 3633 3599; baseline 0.002 -16"><span class='ocrx_word' id='word_1_724' title='bbox 2053 3544 2159 3599; x_wconf 89' lang='lat' dir='ltr'><strong>que</strong></span> <span class='ocrx_word' id='word_1_725' title='bbox 2197 3545 2317 3599; x_wconf 69' lang='lat' dir='ltr'><strong>qua:</strong></span> <span class='ocrx_word' id='word_1_726' title='bbox 2352 3530 2404 3583; x_wconf 94' lang='lat' dir='ltr'><strong>in</strong></span> <span class='ocrx_word' id='word_1_727' title='bbox 2441 3528 2733 3583; x_wconf 81' lang='lat' dir='ltr'><strong>manifesto</strong></span> <span class='ocrx_word' id='word_1_728' title='bbox 2778 3539 2867 3582; x_wconf 91' lang='lat' dir='ltr'><strong>est</strong></span> <span class='ocrx_word' id='word_1_729' title='bbox 2919 3529 2972 3583; x_wconf 93' lang='lat' dir='ltr'><strong>in</strong></span> <span class='ocrx_word' id='word_1_730' title='bbox 3017 3545 3186 3584; x_wconf 87' lang='lat' dir='ltr'><strong>carne</strong></span> <span class='ocrx_word' id='word_1_731' title='bbox 3232 3532 3633 3595; x_wconf 81' lang='lat' dir='ltr'><strong>circumcisio;</strong></span> 
     </span>
    </p>
   </div>
   <div class='ocr_carea' id='block_1_98' title="bbox 2051 3621 3625 3693">
    <p class='ocr_par' dir='ltr' id='par_1_98' title="bbox 2051 3621 3625 3693">
     <span class='ocr_line' id='line_1_98' title="bbox 2051 3621 3625 3693; baseline -0.001 -15"><span class='ocrx_word' id='word_1_732' title='bbox 2051 3624 2149 3678; x_wconf 89' lang='lat' dir='ltr'><strong>sed</strong></span> <span class='ocrx_word' id='word_1_733' title='bbox 2179 3624 2273 3693; x_wconf 91' lang='lat' dir='ltr'><strong>qui</strong></span> <span class='ocrx_word' id='word_1_734' title='bbox 2310 3624 2361 3677; x_wconf 91' lang='lat' dir='ltr'><strong>in</strong></span> <span class='ocrx_word' id='word_1_735' title='bbox 2394 3622 2610 3678; x_wconf 92' lang='lat' dir='ltr'><strong>occulto</strong></span> <span class='ocrx_word' id='word_1_736' title='bbox 2635 3621 2854 3677; x_wconf 67' lang='lat' dir='ltr'><strong>Judazus</strong></span> <span class='ocrx_word' id='word_1_737' title='bbox 2888 3631 3007 3688; x_wconf 90' lang='lat' dir='ltr'><strong>est;</strong></span> <span class='ocrx_word' id='word_1_738' title='bbox 3039 3631 3092 3677; x_wconf 90' lang='lat' dir='ltr'><strong>et</strong></span> <span class='ocrx_word' id='word_1_739' title='bbox 3123 3623 3474 3677; x_wconf 86' lang='lat' dir='ltr'><strong>circumcisio</strong></span> <span class='ocrx_word' id='word_1_740' title='bbox 3505 3639 3625 3677; x_wconf 88' lang='lat' dir='ltr'><strong>cor-</strong></span> 
     </span>
    </p>
   </div>
   <div class='ocr_carea' id='block_1_99' title="bbox 2051 3714 3626 3784">
    <p class='ocr_par' dir='ltr' id='par_1_99' title="bbox 2051 3714 3626 3784">
     <span class='ocr_line' id='line_1_99' title="bbox 2051 3714 3626 3784; baseline -0.001 -14"><span class='ocrx_word' id='word_1_741' title='bbox 2051 3716 2133 3770; x_wconf 91' lang='lat' dir='ltr'><strong>dis</strong></span> <span class='ocrx_word' id='word_1_742' title='bbox 2161 3715 2212 3768; x_wconf 93' lang='lat' dir='ltr'><strong>in</strong></span> <span class='ocrx_word' id='word_1_743' title='bbox 2245 3715 2464 3784; x_wconf 87' lang='lat' dir='ltr'><strong>spiritu,</strong></span> <span class='ocrx_word' id='word_1_744' title='bbox 2497 3730 2605 3767; x_wconf 92' lang='lat' dir='ltr'><strong>non</strong></span> <span class='ocrx_word' id='word_1_745' title='bbox 2644 3714 2821 3768; x_wconf 89' lang='lat' dir='ltr'><strong>littera</strong></span> <span class='ocrx_word' id='word_1_746' title='bbox 2852 3732 2867 3780; x_wconf 90' lang='lat'><strong>;</strong></span> <span class='ocrx_word' id='word_1_747' title='bbox 2903 3715 3058 3782; x_wconf 87' lang='lat' dir='ltr'><strong>cujus</strong></span> <span class='ocrx_word' id='word_1_748' title='bbox 3108 3714 3224 3768; x_wconf 86' lang='lat' dir='ltr'><strong>laus</strong></span> <span class='ocrx_word' id='word_1_749' title='bbox 3275 3730 3381 3769; x_wconf 90' lang='lat' dir='ltr'><strong>non</strong></span> <span class='ocrx_word' id='word_1_750' title='bbox 3415 3731 3479 3769; x_wconf 80' lang='lat' dir='ltr'><strong>ex</strong></span> <span class='ocrx_word' id='word_1_751' title='bbox 3522 3718 3626 3769; x_wconf 86' lang='lat' dir='ltr'><strong>ho-</strong></span> 
     </span>
    </p>
   </div>
   <div class='ocr_carea' id='block_1_100' title="bbox 2052 3807 3623 3874">
    <p class='ocr_par' dir='ltr' id='par_1_100' title="bbox 2052 3807 3623 3874">
     <span class='ocr_line' id='line_1_100' title="bbox 2052 3807 3623 3874; baseline -0.001 -11"><span class='ocrx_word' id='word_1_752' title='bbox 2052 3809 2288 3863; x_wconf 88' lang='lat' dir='ltr'><strong>minibus</strong></span> <span class='ocrx_word' id='word_1_753' title='bbox 2315 3817 2419 3869; x_wconf 89' lang='lat' dir='ltr'><strong>est.</strong></span> <span class='ocrx_word' id='word_1_754' title='bbox 2454 3809 2548 3863; x_wconf 86' lang='lat' dir='ltr'><strong>sed</strong></span> <span class='ocrx_word' id='word_1_755' title='bbox 2582 3822 2650 3862; x_wconf 79' lang='lat' dir='ltr'><strong>ex</strong></span> <span class='ocrx_word' id='word_1_756' title='bbox 2682 3809 2792 3861; x_wconf 89' lang='lat' dir='ltr'><strong>Deo</strong></span> <span class='ocrx_word' id='word_1_757' title='bbox 2818 3807 2883 3861; x_wconf 75' lang='lat'><strong>&quot;.</strong></span> <span class='ocrx_word' id='word_1_758' title='bbox 2916 3827 2937 3861; x_wconf 75' lang='grc' dir='ltr'><strong>ι</strong></span> <span class='ocrx_word' id='word_1_759' title='bbox 2976 3808 3106 3874; x_wconf 66' lang='lat' dir='ltr'><strong>Quae</strong></span> <span class='ocrx_word' id='word_1_760' title='bbox 3153 3810 3221 3862; x_wconf 92' lang='lat' dir='ltr'><strong>sit</strong></span> <span class='ocrx_word' id='word_1_761' title='bbox 3269 3808 3623 3861; x_wconf 82' lang='lat' dir='ltr'><strong>circumcisio</strong></span> 
     </span>
    </p>
   </div>
   <div class='ocr_carea' id='block_1_101' title="bbox 2048 3881 3627 3972">
    <p class='ocr_par' dir='ltr' id='par_1_101' title="bbox 2048 3881 3627 3972">
     <span class='ocr_line' id='line_1_101' title="bbox 2048 3881 3627 3972; baseline 0 -20"><span class='ocrx_word' id='word_1_762' title='bbox 2048 3917 2211 3972; x_wconf 88' lang='lat' dir='ltr'><strong>quam</strong></span> <span class='ocrx_word' id='word_1_763' title='bbox 2246 3901 2504 3970; x_wconf 89' lang='lat' dir='ltr'><strong>prodesse</strong></span> <span class='ocrx_word' id='word_1_764' title='bbox 2536 3881 3009 3969; x_wconf 63' lang='lat' dir='ltr'><strong>dicitApostolus,</strong></span> <span class='ocrx_word' id='word_1_765' title='bbox 3036 3901 3120 3954; x_wconf 90' lang='lat' dir='ltr'><strong>vel</strong></span> <span class='ocrx_word' id='word_1_766' title='bbox 3155 3915 3275 3969; x_wconf 62' lang='lat' dir='ltr'><strong>qum</strong></span> <span class='ocrx_word' id='word_1_767' title='bbox 3302 3898 3385 3953; x_wconf 78' lang='lat' dir='ltr'><strong>lex</strong></span> <span class='ocrx_word' id='word_1_768' title='bbox 3428 3902 3627 3968; x_wconf 77' lang='lat' dir='ltr'><strong>prosit,</strong></span> 
     </span>
    </p>
   </div>
   <div class='ocr_carea' id='block_1_102' title="bbox 2046 3992 3623 4065">
    <p class='ocr_par' dir='ltr' id='par_1_102' title="bbox 2046 3992 3623 4065">
     <span class='ocr_line' id='line_1_102' title="bbox 2046 3992 3623 4065; baseline -0.002 -16"><span class='ocrx_word' id='word_1_769' title='bbox 2046 3995 2091 4049; x_wconf 91' lang='lat' dir='ltr'><strong>si</strong></span> <span class='ocrx_word' id='word_1_770' title='bbox 2118 3994 2456 4050; x_wconf 90' lang='lat' dir='ltr'><strong>custodiatur</strong></span> <span class='ocrx_word' id='word_1_771' title='bbox 2495 3992 2631 4065; x_wconf 74' lang='lat'><strong>(20),</strong></span> <span class='ocrx_word' id='word_1_772' title='bbox 2673 3992 2986 4063; x_wconf 80' lang='lat' dir='ltr'><strong>diligentius</strong></span> <span class='ocrx_word' id='word_1_773' title='bbox 3034 3992 3422 4061; x_wconf 80' lang='lat' dir='ltr'><strong>requirendum</strong></span> <span class='ocrx_word' id='word_1_774' title='bbox 3472 3996 3623 4047; x_wconf 86' lang='lat' dir='ltr'><strong>vidc-</strong></span> 
     </span>
    </p>
   </div>
   <div class='ocr_carea' id='block_1_103' title="bbox 2048 4065 3631 4153">
    <p class='ocr_par' dir='ltr' id='par_1_103' title="bbox 2048 4065 3631 4153">
     <span class='ocr_line' id='line_1_103' title="bbox 2048 4065 3631 4153; baseline -0.002 -13"><span class='ocrx_word' id='word_1_775' title='bbox 2048 4065 2172 4152; x_wconf 75' lang='lat' dir='ltr'><strong>tur;</strong></span> <span class='ocrx_word' id='word_1_776' title='bbox 2207 4096 2266 4139; x_wconf 92' lang='lat' dir='ltr'><strong>ut</strong></span> <span class='ocrx_word' id='word_1_777' title='bbox 2297 4100 2420 4139; x_wconf 85' lang='lat' dir='ltr'><strong>cum</strong></span> <span class='ocrx_word' id='word_1_778' title='bbox 2454 4085 2572 4138; x_wconf 74' lang='lat' dir='ltr'><strong>haec</strong></span> <span class='ocrx_word' id='word_1_779' title='bbox 2617 4084 3080 4145; x_wconf 81' lang='lat' dir='ltr'><strong>intellexerimus.</strong></span> <span class='ocrx_word' id='word_1_780' title='bbox 3114 4083 3388 4153; x_wconf 74' lang='lat' dir='ltr'><strong>possimus</strong></span> <span class='ocrx_word' id='word_1_781' title='bbox 3420 4093 3476 4135; x_wconf 88' lang='lat' dir='ltr'><strong>et</strong></span> <span class='ocrx_word' id='word_1_782' title='bbox 3525 4099 3631 4137; x_wconf 87' lang='lat' dir='ltr'><strong>nos</strong></span> 
     </span>
    </p>
   </div>
   <div class='ocr_carea' id='block_1_104' title="bbox 2045 4175 3623 4247">
    <p class='ocr_par' dir='ltr' id='par_1_104' title="bbox 2045 4175 3623 4247">
     <span class='ocr_line' id='line_1_104' title="bbox 2045 4175 3623 4247; baseline -0.004 -13"><span class='ocrx_word' id='word_1_783' title='bbox 2045 4179 2381 4234; x_wconf 89' lang='lat' dir='ltr'><strong>circumcidi.</strong></span> <span class='ocrx_word' id='word_1_784' title='bbox 2414 4178 2629 4247; x_wconf 86' lang='lat' dir='ltr'><strong>Quippe</strong></span> <span class='ocrx_word' id='word_1_785' title='bbox 2672 4179 2718 4233; x_wconf 84' lang='lat' dir='ltr'><strong>si</strong></span> <span class='ocrx_word' id='word_1_786' title='bbox 2753 4178 2974 4247; x_wconf 90' lang='lat' dir='ltr'><strong>prodest</strong></span> <span class='ocrx_word' id='word_1_787' title='bbox 3008 4175 3380 4238; x_wconf 79' lang='lat' dir='ltr'><strong>circumcisio,</strong></span> <span class='ocrx_word' id='word_1_788' title='bbox 3429 4190 3623 4228; x_wconf 82' lang='lat' dir='ltr'><strong>secun-</strong></span> 
     </span>
    </p>
   </div>
   <div class='ocr_carea' id='block_1_105' title="bbox 2043 4264 3625 4340">
    <p class='ocr_par' dir='ltr' id='par_1_105' title="bbox 2043 4264 3625 4340">
     <span class='ocr_line' id='line_1_105' title="bbox 2043 4264 3625 4340; baseline -0.005 -14"><span class='ocrx_word' id='word_1_789' title='bbox 2043 4273 2171 4326; x_wconf 92' lang='lat' dir='ltr'><strong>dum</strong></span> <span class='ocrx_word' id='word_1_790' title='bbox 2202 4273 2426 4325; x_wconf 87' lang='lat' dir='ltr'><strong>verbum</strong></span> <span class='ocrx_word' id='word_1_791' title='bbox 2454 4267 2697 4340; x_wconf 81' lang='lat' dir='ltr'><strong>Apostoli</strong></span> <span class='ocrx_word' id='word_1_792' title='bbox 2729 4267 2985 4328; x_wconf 87' lang='lat' dir='ltr'><strong>dicentis,</strong></span> <span class='ocrx_word' id='word_1_793' title='bbox 3018 4267 3147 4335; x_wconf 90' lang='lat' dir='ltr'><strong>quia</strong></span> <span class='ocrx_word' id='word_1_794' title='bbox 3196 4285 3215 4316; x_wconf 82' lang='grc' dir='ltr'><strong>ι</strong></span> <span class='ocrx_word' id='word_1_795' title='bbox 3270 4264 3625 4319; x_wconf 85' lang='lat' dir='ltr'><strong>circumcisio</strong></span> 
     </span>
    </p>
   </div>
   <div class='ocr_carea' id='block_1_106' title="bbox 2042 4357 3612 4435">
    <p class='ocr_par' dir='ltr' id='par_1_106' title="bbox 2042 4357 3612 4435">
     <span class='ocr_line' id='line_1_106' title="bbox 2042 4357 3612 4435; baseline -0.004 -17"><span class='ocrx_word' id='word_1_796' title='bbox 2042 4364 2291 4435; x_wconf 89' lang='lat' dir='ltr'><strong>prodest,</strong></span> <span class='ocrx_word' id='word_1_797' title='bbox 2333 4363 2376 4415; x_wconf 90' lang='lat' dir='ltr'><strong>si</strong></span> <span class='ocrx_word' id='word_1_798' title='bbox 2412 4362 2581 4430; x_wconf 85' lang='lat' dir='ltr'><strong>legem</strong></span> <span class='ocrx_word' id='word_1_799' title='bbox 2630 4359 2928 4423; x_wconf 85' lang='lat' dir='ltr'><strong>custodias,</strong></span> <span class='ocrx_word' id='word_1_800' title='bbox 2983 4377 3003 4411; x_wconf 73' lang='grc' dir='ltr'><strong>ι</strong></span> <span class='ocrx_word' id='word_1_801' title='bbox 3046 4358 3162 4427; x_wconf 89' lang='lat' dir='ltr'><strong>ipse</strong></span> <span class='ocrx_word' id='word_1_802' title='bbox 3215 4357 3509 4426; x_wconf 82' lang='lat' dir='ltr'><strong>Apostolus</strong></span> <span class='ocrx_word' id='word_1_803' title='bbox 3560 4358 3612 4412; x_wconf 92' lang='lat' dir='ltr'><strong>in</strong></span> 
     </span>
    </p>
   </div>
   <div class='ocr_carea' id='block_1_107' title="bbox 2044 4449 3610 4524">
    <p class='ocr_par' dir='ltr' id='par_1_107' title="bbox 2044 4449 3610 4524">
     <span class='ocr_line' id='line_1_107' title="bbox 2044 4449 3610 4524; baseline -0.004 -14"><span class='ocrx_word' id='word_1_804' title='bbox 2044 4454 2503 4524; x_wconf 88' lang='lat' dir='ltr'><strong>consequentibus</strong></span> <span class='ocrx_word' id='word_1_805' title='bbox 2551 4453 2735 4517; x_wconf 87' lang='lat' dir='ltr'><strong>docet,</strong></span> <span class='ocrx_word' id='word_1_806' title='bbox 2773 4451 2897 4519; x_wconf 89' lang='lat' dir='ltr'><strong>quia</strong></span> <span class='ocrx_word' id='word_1_807' title='bbox 2932 4469 2952 4500; x_wconf 76' lang='grc' dir='ltr'><strong>ι</strong></span> <span class='ocrx_word' id='word_1_808' title='bbox 2990 4449 3220 4505; x_wconf 86' lang='lat' dir='ltr'><strong>non&#39;illa</strong></span> <span class='ocrx_word' id='word_1_809' title='bbox 3258 4466 3377 4517; x_wconf 68' lang='lat' dir='ltr'><strong>quae</strong></span> <span class='ocrx_word' id='word_1_810' title='bbox 3405 4450 3459 4503; x_wconf 90' lang='lat' dir='ltr'><strong>in</strong></span> <span class='ocrx_word' id='word_1_811' title='bbox 3498 4468 3610 4503; x_wconf 73' lang='lat' dir='ltr'><strong>inna-</strong></span> 
     </span>
    </p>
   </div>
   <div class='ocr_carea' id='block_1_108' title="bbox 2046 4545 3613 4608">
    <p class='ocr_par' dir='ltr' id='par_1_108' title="bbox 2046 4545 3613 4608">
     <span class='ocr_line' id='line_1_108' title="bbox 2046 4545 3613 4608; baseline -0.008 0"><span class='ocrx_word' id='word_1_812' title='bbox 2046 4555 2245 4608; x_wconf 83' lang='lat' dir='ltr'><strong>nifesto</strong></span> <span class='ocrx_word' id='word_1_813' title='bbox 2271 4560 2357 4605; x_wconf 91' lang='lat' dir='ltr'><strong>est</strong></span> <span class='ocrx_word' id='word_1_814' title='bbox 2386 4551 2438 4603; x_wconf 91' lang='lat' dir='ltr'><strong>in</strong></span> <span class='ocrx_word' id='word_1_815' title='bbox 2467 4562 2635 4603; x_wconf 90' lang='lat' dir='ltr'><strong>carne</strong></span> <span class='ocrx_word' id='word_1_816' title='bbox 2669 4546 3036 4608; x_wconf 89' lang='lat' dir='ltr'><strong>circumcisio,</strong></span> <span class='ocrx_word' id='word_1_817' title='bbox 3070 4565 3088 4596; x_wconf 71' lang='grc' dir='ltr'>ι</span> <span class='ocrx_word' id='word_1_818' title='bbox 3129 4545 3222 4599; x_wconf 89' lang='lat' dir='ltr'><strong>sed</strong></span> <span class='ocrx_word' id='word_1_819' title='bbox 3260 4562 3279 4596; x_wconf 74' lang='grc' dir='ltr'><strong>ι</strong></span> <span class='ocrx_word' id='word_1_820' title='bbox 3315 4545 3613 4599; x_wconf 85' lang='lat' dir='ltr'><strong>circumci-</strong></span> 
     </span>
    </p>
   </div>
   <div class='ocr_carea' id='block_1_109' title="bbox 2042 4636 3621 4709">
    <p class='ocr_par' dir='ltr' id='par_1_109' title="bbox 2042 4636 3621 4709">
     <span class='ocr_line' id='line_1_109' title="bbox 2042 4636 3621 4709; baseline -0.008 -8"><span class='ocrx_word' id='word_1_821' title='bbox 2042 4647 2129 4701; x_wconf 86' lang='lat' dir='ltr'><strong>sio</strong></span> <span class='ocrx_word' id='word_1_822' title='bbox 2158 4644 2338 4699; x_wconf 90' lang='lat' dir='ltr'><strong>cordis</strong></span> <span class='ocrx_word' id='word_1_823' title='bbox 2377 4660 2398 4692; x_wconf 77' lang='grc' dir='ltr'><strong>ι</strong></span> <span class='ocrx_word' id='word_1_824' title='bbox 2438 4655 2534 4709; x_wconf 89' lang='lat' dir='ltr'><strong>per</strong></span> <span class='ocrx_word' id='word_1_825' title='bbox 2583 4638 2858 4709; x_wconf 87' lang='lat' dir='ltr'><strong>spiritum,</strong></span> <span class='ocrx_word' id='word_1_826' title='bbox 2897 4651 3002 4690; x_wconf 91' lang='lat' dir='ltr'><strong>non</strong></span> <span class='ocrx_word' id='word_1_827' title='bbox 3033 4653 3130 4706; x_wconf 86' lang='lat' dir='ltr'><strong>per</strong></span> <span class='ocrx_word' id='word_1_828' title='bbox 3160 4636 3396 4690; x_wconf 88' lang='lat' dir='ltr'><strong>litteram</strong></span> <span class='ocrx_word' id='word_1_829' title='bbox 3447 4637 3621 4701; x_wconf 82' lang='lat' dir='ltr'><strong>facta,</strong></span> 
     </span>
    </p>
   </div>
   <div class='ocr_carea' id='block_1_110' title="bbox 2016 4778 2578 4843">
    <p class='ocr_par' dir='ltr' id='par_1_110' title="bbox 2016 4778 2578 4843">
     <span class='ocr_line' id='line_1_110' title="bbox 2016 4778 2578 4843; baseline -0.014 -4"><span class='ocrx_word' id='word_1_830' title='bbox 2016 4788 2063 4820; x_wconf 72' lang='lat'>&quot;</span> <span class='ocrx_word' id='word_1_831' title='bbox 2087 4783 2246 4839; x_wconf 81' lang='lat' dir='ltr'><strong>Rom.</strong></span> <span class='ocrx_word' id='word_1_832' title='bbox 2292 4798 2354 4843; x_wconf 87' lang='grc' dir='ltr'>ιι,</span> <span class='ocrx_word' id='word_1_833' title='bbox 2397 4778 2578 4833; x_wconf 68' lang='lat'><strong>23-29.</strong></span> 
     </span>
    </p>
   </div>
   <div class='ocr_carea' id='block_1_111' title="bbox 2043 4896 3615 4965">
    <p class='ocr_par' dir='ltr' id='par_1_111' title="bbox 2043 4896 3615 4965">
     <span class='ocr_line' id='line_1_111' title="bbox 2043 4896 3615 4965; baseline -0.004 -5"><span class='ocrx_word' id='word_1_834' title='bbox 2043 4902 2236 4961; x_wconf 69' lang='lat' dir='ltr'><strong>Caneri</strong></span> <span class='ocrx_word' id='word_1_835' title='bbox 2273 4916 2403 4955; x_wconf 87' lang='lat' dir='ltr'><strong>mss.</strong></span> <span class='ocrx_word' id='word_1_836' title='bbox 2456 4908 2510 4954; x_wconf 87' lang='lat' dir='ltr'><strong>et</strong></span> <span class='ocrx_word' id='word_1_837' title='bbox 2560 4897 2839 4960; x_wconf 84' lang='lat' dir='ltr'><strong>Rabanus,</strong></span> <span class='ocrx_word' id='word_1_838' title='bbox 2877 4916 2895 4948; x_wconf 80' lang='grc' dir='ltr'><strong>ι</strong></span> <span class='ocrx_word' id='word_1_839' title='bbox 2925 4897 3088 4950; x_wconf 88' lang='lat' dir='ltr'><strong>etiam</strong></span> <span class='ocrx_word' id='word_1_840' title='bbox 3126 4896 3299 4965; x_wconf 81' lang='lat' dir='ltr'><strong>legem</strong></span> <span class='ocrx_word' id='word_1_841' title='bbox 3333 4907 3548 4963; x_wconf 87' lang='lat' dir='ltr'><strong>tenere,</strong></span> <span class='ocrx_word' id='word_1_842' title='bbox 3589 4919 3615 4953; x_wconf 67' lang='grc' dir='ltr'>ν</span> 
     </span>
    </p>
   </div>
   <div class='ocr_carea' id='block_1_112' title="bbox 2042 4967 3611 5032">
    <p class='ocr_par' dir='ltr' id='par_1_112' title="bbox 2042 4967 3611 5032">
     <span class='ocr_line' id='line_1_112' title="bbox 2042 4967 3611 5032; baseline -0.005 -2"><span class='ocrx_word' id='word_1_843' title='bbox 2042 4975 2247 5030; x_wconf 79' lang='lat' dir='ltr'><strong>oinisso</strong></span> <span class='ocrx_word' id='word_1_844' title='bbox 2278 4989 2296 5021; x_wconf 83' lang='grc' dir='ltr'><strong>ι</strong></span> <span class='ocrx_word' id='word_1_845' title='bbox 2330 4970 2598 5030; x_wconf 89' lang='lat' dir='ltr'><strong>videntur,</strong></span> <span class='ocrx_word' id='word_1_846' title='bbox 2636 4987 2654 5018; x_wconf 72' lang='grc' dir='ltr'><strong>ι</strong></span> <span class='ocrx_word' id='word_1_847' title='bbox 2688 4967 2768 5021; x_wconf 86' lang='lat' dir='ltr'><strong>vel</strong></span> <span class='ocrx_word' id='word_1_848' title='bbox 2804 4985 2822 5017; x_wconf 82' lang='grc' dir='ltr'><strong>ι</strong></span> <span class='ocrx_word' id='word_1_849' title='bbox 2860 4967 3147 5032; x_wconf 87' lang='lat' dir='ltr'><strong>dicuntur;</strong></span> <span class='ocrx_word' id='word_1_850' title='bbox 3199 4986 3218 5018; x_wconf 77' lang='grc' dir='ltr'><strong>ι</strong></span> <span class='ocrx_word' id='word_1_851' title='bbox 3249 4975 3303 5022; x_wconf 83' lang='lat' dir='ltr'><strong>et</strong></span> <span class='ocrx_word' id='word_1_852' title='bbox 3331 4983 3430 5032; x_wconf 83' lang='lat' dir='ltr'><strong>pro</strong></span> <span class='ocrx_word' id='word_1_853' title='bbox 3456 4986 3475 5019; x_wconf 79' lang='grc' dir='ltr'><strong>ι</strong></span> <span class='ocrx_word' id='word_1_854' title='bbox 3514 4972 3611 5023; x_wconf 87' lang='lat' dir='ltr'><strong>du-</strong></span> 
     </span>
    </p>
   </div>
   <div class='ocr_carea' id='block_1_113' title="bbox 2042 5038 3611 5097">
    <p class='ocr_par' dir='ltr' id='par_1_113' title="bbox 2042 5038 3611 5097">
     <span class='ocr_line' id='line_1_113' title="bbox 2042 5038 3611 5097; baseline -0.004 0"><span class='ocrx_word' id='word_1_855' title='bbox 2042 5055 2224 5097; x_wconf 92' lang='lat' dir='ltr'><strong>ctores</strong></span> <span class='ocrx_word' id='word_1_856' title='bbox 2252 5055 2523 5095; x_wconf 76' lang='lat' dir='ltr'><strong>czecorum</strong></span> <span class='ocrx_word' id='word_1_857' title='bbox 2558 5057 2577 5089; x_wconf 76' lang='grc' dir='ltr'><strong>ι</strong></span> <span class='ocrx_word' id='word_1_858' title='bbox 2615 5038 2837 5095; x_wconf 88' lang='lat' dir='ltr'><strong>habent.</strong></span> <span class='ocrx_word' id='word_1_859' title='bbox 2879 5055 2897 5086; x_wconf 77' lang='grc' dir='ltr'><strong>ι</strong></span> <span class='ocrx_word' id='word_1_860' title='bbox 2927 5038 3179 5091; x_wconf 76' lang='lat' dir='ltr'><strong>declares</strong></span> <span class='ocrx_word' id='word_1_861' title='bbox 3204 5048 3549 5092; x_wconf 69' lang='lat' dir='ltr'><strong>cancrorum.</strong></span> <span class='ocrx_word' id='word_1_862' title='bbox 3583 5058 3611 5091; x_wconf 65' lang='grc' dir='ltr'><strong><em>υ</em></strong></span> 
     </span>
    </p>
   </div>
   <div class='ocr_carea' id='block_1_114' title="bbox 2040 5107 3608 5177">
    <p class='ocr_par' dir='ltr' id='par_1_114' title="bbox 2040 5107 3608 5177">
     <span class='ocr_line' id='line_1_114' title="bbox 2040 5107 3608 5177; baseline -0.003 -9"><span class='ocrx_word' id='word_1_863' title='bbox 2040 5113 2183 5168; x_wconf 90' lang='lat' dir='ltr'><strong>Editi</strong></span> <span class='ocrx_word' id='word_1_864' title='bbox 2209 5127 2360 5175; x_wconf 87' lang='lat' dir='ltr'><strong>vero,</strong></span> <span class='ocrx_word' id='word_1_865' title='bbox 2403 5128 2422 5161; x_wconf 80' lang='grc' dir='ltr'><strong>ι</strong></span> <span class='ocrx_word' id='word_1_866' title='bbox 2456 5109 2619 5163; x_wconf 89' lang='lat' dir='ltr'><strong>etiam</strong></span> <span class='ocrx_word' id='word_1_867' title='bbox 2649 5107 2766 5177; x_wconf 86' lang='lat' dir='ltr'><strong>lege</strong></span> <span class='ocrx_word' id='word_1_868' title='bbox 2804 5116 2985 5172; x_wconf 87' lang='lat' dir='ltr'><strong>tenus,</strong></span> <span class='ocrx_word' id='word_1_869' title='bbox 3017 5123 3116 5176; x_wconf 87' lang='lat' dir='ltr'><strong>per</strong></span> <span class='ocrx_word' id='word_1_870' title='bbox 3159 5122 3323 5177; x_wconf 88' lang='lat' dir='ltr'><strong>quam</strong></span> <span class='ocrx_word' id='word_1_871' title='bbox 3352 5108 3608 5164; x_wconf 86' lang='lat' dir='ltr'><strong>instructi</strong></span> 
     </span>
    </p>
   </div>
   <div class='ocr_carea' id='block_1_115' title="bbox 2040 5186 2505 5243">
    <p class='ocr_par' dir='ltr' id='par_1_115' title="bbox 2040 5186 2505 5243">
     <span class='ocr_line' id='line_1_115' title="bbox 2040 5186 2505 5243; baseline -0.006 -5"><span class='ocrx_word' id='word_1_872' title='bbox 2040 5186 2314 5243; x_wconf 84' lang='lat' dir='ltr'><strong>doctores,</strong></span> <span class='ocrx_word' id='word_1_873' title='bbox 2349 5199 2367 5232; x_wconf 73' lang='grc' dir='ltr'><strong>ι</strong></span> <span class='ocrx_word' id='word_1_874' title='bbox 2397 5189 2505 5235; x_wconf 91' lang='lat' dir='ltr'><strong>etc.</strong></span> 
     </span>
    </p>
   </div>
   <div class='ocr_carea' id='block_1_116' title="bbox 2111 5245 3614 5323">
    <p class='ocr_par' dir='ltr' id='par_1_116' title="bbox 2111 5245 3614 5323">
     <span class='ocr_line' id='line_1_116' title="bbox 2111 5245 3614 5323; baseline -0.003 -17"><span class='ocrx_word' id='word_1_875' title='bbox 2111 5252 2221 5323; x_wconf 87' lang='lat' dir='ltr'><strong>(l8)</strong></span> <span class='ocrx_word' id='word_1_876' title='bbox 2250 5252 2388 5323; x_wconf 83' lang='lat' dir='ltr'><strong>Mss.</strong></span> <span class='ocrx_word' id='word_1_877' title='bbox 2435 5247 2609 5304; x_wconf 81' lang='lat' dir='ltr'><strong>nostri</strong></span> <span class='ocrx_word' id='word_1_878' title='bbox 2653 5256 2706 5302; x_wconf 85' lang='lat' dir='ltr'><strong>et</strong></span> <span class='ocrx_word' id='word_1_879' title='bbox 2750 5246 3028 5313; x_wconf 79' lang='lat' dir='ltr'><strong>Rabanus,</strong></span> <span class='ocrx_word' id='word_1_880' title='bbox 3061 5264 3082 5299; x_wconf 79' lang='grc' dir='ltr'><strong>ι</strong></span> <span class='ocrx_word' id='word_1_881' title='bbox 3113 5245 3182 5302; x_wconf 90' lang='lat' dir='ltr'><strong>ad</strong></span> <span class='ocrx_word' id='word_1_882' title='bbox 3230 5261 3345 5302; x_wconf 90' lang='lat' dir='ltr'><strong>eos.</strong></span> <span class='ocrx_word' id='word_1_883' title='bbox 3376 5266 3396 5299; x_wconf 73' lang='grc' dir='ltr'><strong>ι</strong></span> <span class='ocrx_word' id='word_1_884' title='bbox 3436 5247 3614 5315; x_wconf 85' lang='lat' dir='ltr'><strong>Editi,</strong></span> 
     </span>
    </p>
   </div>
   <div class='ocr_carea' id='block_1_117' title="bbox 2038 5322 2367 5376">
    <p class='ocr_par' dir='ltr' id='par_1_117' title="bbox 2038 5322 2367 5376">
     <span class='ocr_line' id='line_1_117' title="bbox 2038 5322 2367 5376; baseline -0.006 -1"><span class='ocrx_word' id='word_1_885' title='bbox 2038 5340 2058 5375; x_wconf 82' lang='grc' dir='ltr'><strong>ι</strong></span> <span class='ocrx_word' id='word_1_886' title='bbox 2103 5322 2170 5376; x_wconf 91' lang='lat' dir='ltr'><strong>de</strong></span> <span class='ocrx_word' id='word_1_887' title='bbox 2208 5322 2312 5375; x_wconf 87' lang='lat' dir='ltr'><strong>his.</strong></span> <span class='ocrx_word' id='word_1_888' title='bbox 2348 5336 2367 5368; x_wconf 75' lang='grc' dir='ltr'><strong>ι</strong></span> 
     </span>
    </p>
   </div>
   <div class='ocr_carea' id='block_1_118' title="bbox 2103 5387 2921 5463">
    <p class='ocr_par' dir='ltr' id='par_1_118' title="bbox 2103 5387 2921 5463">
     <span class='ocr_line' id='line_1_118' title="bbox 2103 5387 2921 5463; baseline -0.011 -17"><span class='ocrx_word' id='word_1_889' title='bbox 2103 5391 2215 5463; x_wconf 78' lang='grc'><strong>(19)</strong></span> <span class='ocrx_word' id='word_1_890' title='bbox 2248 5389 2410 5463; x_wconf 69' lang='lat' dir='ltr'><strong>Editi,</strong></span> <span class='ocrx_word' id='word_1_891' title='bbox 2444 5405 2482 5463; x_wconf 41' lang='grc' dir='ltr'><strong>ς-</strong></span> <span class='ocrx_word' id='word_1_892' title='bbox 2502 5387 2868 5463; x_wconf 71' lang='lat' dir='ltr'><strong>maculantur.</strong></span> <span class='ocrx_word' id='word_1_893' title='bbox 2900 5405 2921 5437; x_wconf 78' lang='grc' dir='ltr'><strong>ι</strong></span> 
     </span>
    </p>
   </div>
   <div class='ocr_carea' id='block_1_119' title="bbox 2104 5455 3609 5535">
    <p class='ocr_par' dir='ltr' id='par_1_119' title="bbox 2104 5455 3609 5535">
     <span class='ocr_line' id='line_1_119' title="bbox 2104 5455 3609 5535; baseline -0.004 -20"><span class='ocrx_word' id='word_1_894' title='bbox 2104 5455 2216 5535; x_wconf 75' lang='lat'><strong>(‘20)</strong></span> <span class='ocrx_word' id='word_1_895' title='bbox 2268 5460 2347 5535; x_wconf 90' lang='lat' dir='ltr'><strong>l_ta</strong></span> <span class='ocrx_word' id='word_1_896' title='bbox 2399 5457 2528 5535; x_wconf 79' lang='lat' dir='ltr'><strong>editi</strong></span> <span class='ocrx_word' id='word_1_897' title='bbox 2575 5474 2590 5511; x_wconf 90' lang='lat'><strong>:</strong></span> <span class='ocrx_word' id='word_1_898' title='bbox 2626 5457 2886 5535; x_wconf 52' lang='lat' dir='ltr'><strong>[tabanus</strong></span> <span class='ocrx_word' id='word_1_899' title='bbox 2941 5470 3093 5535; x_wconf 65' lang='lat' dir='ltr'><strong>vero,</strong></span> <span class='ocrx_word' id='word_1_900' title='bbox 3135 5475 3157 5510; x_wconf 72' lang='grc' dir='ltr'><strong>ι</strong></span> <span class='ocrx_word' id='word_1_901' title='bbox 3189 5455 3364 5535; x_wconf 47' lang='lat' dir='ltr'><strong>Vere,</strong></span> <span class='ocrx_word' id='word_1_902' title='bbox 3400 5457 3609 5535; x_wconf 81' lang='lat' dir='ltr'><strong>inquit,</strong></span> 
     </span>
    </p>
   </div>
   <div class='ocr_carea' id='block_1_120' title="bbox 2028 5526 3606 5604">
    <p class='ocr_par' dir='ltr' id='par_1_120' title="bbox 2028 5526 3606 5604">
     <span class='ocr_line' id='line_1_120' title="bbox 2028 5526 3606 5604; baseline -0.004 -17"><span class='ocrx_word' id='word_1_903' title='bbox 2028 5526 2251 5604; x_wconf 79' lang='lat' dir='ltr'><strong>prodest</strong></span> <span class='ocrx_word' id='word_1_904' title='bbox 2281 5531 2386 5604; x_wconf 82' lang='lat' dir='ltr'><strong>lex.</strong></span> <span class='ocrx_word' id='word_1_905' title='bbox 2416 5528 2849 5604; x_wconf 84' lang='lat' dir='ltr'><strong>si_custo_diatur.</strong></span> <span class='ocrx_word' id='word_1_906' title='bbox 2872 5545 2906 5604; x_wconf 69' lang='lat'><strong>_)</strong></span> <span class='ocrx_word' id='word_1_907' title='bbox 2956 5526 3056 5580; x_wconf 86' lang='lat' dir='ltr'><strong>Ms.</strong></span> <span class='ocrx_word' id='word_1_908' title='bbox 3091 5528 3269 5604; x_wconf 65' lang='lat' dir='ltr'><strong>codex</strong></span> <span class='ocrx_word' id='word_1_909' title='bbox 3306 5526 3606 5604; x_wconf 79' lang='lat' dir='ltr'><strong>EbroiCen-</strong></span> 
     </span>
    </p>
   </div>
   <div class='ocr_carea' id='block_1_121' title="bbox 2030 5597 3610 5668">
    <p class='ocr_par' dir='ltr' id='par_1_121' title="bbox 2030 5597 3610 5668">
     <span class='ocr_line' id='line_1_121' title="bbox 2030 5597 3610 5668; baseline -0.005 -11"><span class='ocrx_word' id='word_1_910' title='bbox 2030 5597 2146 5667; x_wconf 76' lang='lat' dir='ltr'><strong>sis;</strong></span> <span class='ocrx_word' id='word_1_911' title='bbox 2183 5620 2202 5655; x_wconf 83' lang='grc' dir='ltr'><strong>ι</strong></span> <span class='ocrx_word' id='word_1_912' title='bbox 2233 5601 2318 5654; x_wconf 86' lang='lat' dir='ltr'><strong>vel</strong></span> <span class='ocrx_word' id='word_1_913' title='bbox 2348 5598 2480 5668; x_wconf 92' lang='lat' dir='ltr'><strong>quid</strong></span> <span class='ocrx_word' id='word_1_914' title='bbox 2512 5599 2759 5665; x_wconf 90' lang='lat' dir='ltr'><strong>prodest,</strong></span> <span class='ocrx_word' id='word_1_915' title='bbox 2803 5597 2886 5668; x_wconf 81' lang='lat' dir='ltr'><strong>vel</strong></span> <span class='ocrx_word' id='word_1_916' title='bbox 2931 5611 3068 5668; x_wconf 12' lang='lat' dir='ltr'><strong>quae,</strong></span> <span class='ocrx_word' id='word_1_917' title='bbox 3091 5597 3178 5652; x_wconf 76' lang='lat' dir='ltr'><strong>lex</strong></span> <span class='ocrx_word' id='word_1_918' title='bbox 3205 5600 3398 5666; x_wconf 88' lang='lat' dir='ltr'><strong>prosit,</strong></span> <span class='ocrx_word' id='word_1_919' title='bbox 3427 5602 3470 5652; x_wconf 90' lang='lat' dir='ltr'><strong>si</strong></span> <span class='ocrx_word' id='word_1_920' title='bbox 3506 5614 3610 5651; x_wconf 84' lang='lat' dir='ltr'><strong>cn-</strong></span> 
     </span>
    </p>
   </div>
   <div class='ocr_carea' id='block_1_122' title="bbox 2027 5666 3604 5737">
    <p class='ocr_par' dir='ltr' id='par_1_122' title="bbox 2027 5666 3604 5737">
     <span class='ocr_line' id='line_1_122' title="bbox 2027 5666 3604 5737; baseline -0.004 -10"><span class='ocrx_word' id='word_1_921' title='bbox 2027 5673 2292 5728; x_wconf 87' lang='lat' dir='ltr'><strong>stodiatur</strong></span> <span class='ocrx_word' id='word_1_922' title='bbox 2321 5666 2390 5734; x_wconf 67' lang='lat'><strong>;3</strong></span> <span class='ocrx_word' id='word_1_923' title='bbox 2438 5683 2567 5722; x_wconf 85' lang='lat' dir='ltr'><strong>mss.</strong></span> <span class='ocrx_word' id='word_1_924' title='bbox 2603 5669 2762 5734; x_wconf 79' lang='lat' dir='ltr'><strong>Reg.,</strong></span> <span class='ocrx_word' id='word_1_925' title='bbox 2792 5666 2865 5720; x_wconf 89' lang='lat' dir='ltr'><strong>al.</strong></span> <span class='ocrx_word' id='word_1_926' title='bbox 2923 5685 2942 5718; x_wconf 77' lang='grc' dir='ltr'><strong>ι</strong></span> <span class='ocrx_word' id='word_1_927' title='bbox 2990 5667 3072 5721; x_wconf 92' lang='lat' dir='ltr'><strong>vel</strong></span> <span class='ocrx_word' id='word_1_928' title='bbox 3121 5669 3175 5722; x_wconf 92' lang='lat' dir='ltr'><strong>in</strong></span> <span class='ocrx_word' id='word_1_929' title='bbox 3216 5682 3326 5737; x_wconf 89' lang='lat' dir='ltr'><strong>quo</strong></span> <span class='ocrx_word' id='word_1_930' title='bbox 3355 5668 3604 5733; x_wconf 88' lang='lat' dir='ltr'><strong>prodest,</strong></span> 
     </span>
    </p>
   </div>
   <div class='ocr_carea' id='block_1_123' title="bbox 2024 5738 3605 5813">
    <p class='ocr_par' dir='ltr' id='par_1_123' title="bbox 2024 5738 3605 5813">
     <span class='ocr_line' id='line_1_123' title="bbox 2024 5738 3605 5813; baseline -0.001 -19"><span class='ocrx_word' id='word_1_931' title='bbox 2024 5743 2109 5796; x_wconf 82' lang='lat' dir='ltr'><strong>vel</strong></span> <span class='ocrx_word' id='word_1_932' title='bbox 2137 5757 2256 5813; x_wconf 75' lang='lat' dir='ltr'><strong>quae</strong></span> <span class='ocrx_word' id='word_1_933' title='bbox 2282 5741 2391 5804; x_wconf 83' lang='lat' dir='ltr'><strong>lex,</strong></span> <span class='ocrx_word' id='word_1_934' title='bbox 2428 5738 2489 5813; x_wconf 74' lang='lat' dir='ltr'><strong>si</strong></span> <span class='ocrx_word' id='word_1_935' title='bbox 2511 5739 2910 5813; x_wconf 84' lang='lat' dir='ltr'><strong>custodiatur__;</strong></span> <span class='ocrx_word' id='word_1_936' title='bbox 2959 5756 2980 5790; x_wconf 74' lang='grc' dir='ltr'><strong>ι</strong></span> <span class='ocrx_word' id='word_1_937' title='bbox 3032 5738 3105 5796; x_wconf 92' lang='lat' dir='ltr'><strong>al.</strong></span> <span class='ocrx_word' id='word_1_938' title='bbox 3139 5756 3158 5790; x_wconf 79' lang='grc' dir='ltr'><strong>ι</strong></span> <span class='ocrx_word' id='word_1_939' title='bbox 3193 5740 3279 5796; x_wconf 82' lang='lat' dir='ltr'><strong>vel</strong></span> <span class='ocrx_word' id='word_1_940' title='bbox 3319 5739 3446 5808; x_wconf 90' lang='lat' dir='ltr'><strong>quid</strong></span> <span class='ocrx_word' id='word_1_941' title='bbox 3477 5753 3605 5809; x_wconf 82' lang='lat' dir='ltr'><strong>pro-</strong></span> 
     </span>
    </p>
   </div>
   <div class='ocr_carea' id='block_1_124' title="bbox 2025 5807 3092 5880">
    <p class='ocr_par' dir='ltr' id='par_1_124' title="bbox 2025 5807 3092 5880">
     <span class='ocr_line' id='line_1_124' title="bbox 2025 5807 3092 5880; baseline -0.005 -13"><span class='ocrx_word' id='word_1_942' title='bbox 2025 5807 2170 5878; x_wconf 61' lang='lat' dir='ltr'><strong>dest,</strong></span> <span class='ocrx_word' id='word_1_943' title='bbox 2199 5813 2282 5866; x_wconf 87' lang='lat' dir='ltr'><strong>vel</strong></span> <span class='ocrx_word' id='word_1_944' title='bbox 2322 5826 2441 5880; x_wconf 73' lang='lat' dir='ltr'><strong>qure</strong></span> <span class='ocrx_word' id='word_1_945' title='bbox 2477 5808 2585 5872; x_wconf 80' lang='lat' dir='ltr'><strong>lex,</strong></span> <span class='ocrx_word' id='word_1_946' title='bbox 2617 5808 2661 5861; x_wconf 89' lang='lat' dir='ltr'><strong>si</strong></span> <span class='ocrx_word' id='word_1_947' title='bbox 2688 5807 3048 5863; x_wconf 87' lang='lat' dir='ltr'><strong>custodiatur.</strong></span> <span class='ocrx_word' id='word_1_948' title='bbox 3073 5835 3092 5867; x_wconf 79' lang='grc' dir='ltr'><strong><em>ι</em></strong></span> 
     </span>
    </p>
   </div>
  </div>
