4170 6398
540 354 646 412 899

1993 350 2318 412 ORIGENIS

3696 358 3807 414 900

537 474 756 528 laudem
796 474 962 530 habet
991 491 1098 530 non
1146 491 1212 530 ex
1271 473 1609 540 hominibus,
1643 475 1737 530 sed
1769 489 1832 529 ex
1874 475 1981 530 Deo
2017 495 2031 533 :
2063 487 2119 531 et
2149 479 2193 532 Α
2221 475 2409 544 possit.
2441 473 2671 544 Dignius
2699 487 2830 545 ergo
2858 482 2913 530 et
2937 475 3246 532 evidentius
3283 476 3625 548 intelligitur,
3657 481 3806 549 quod

537 567 667 622 alibi
697 568 830 622 dicit
856 569 905 600 “
944 585 960 623 :
1007 587 1025 620 ι
1071 567 1262 625 Videte
1296 568 1770 625 circumcisionem
1803 587 1815 620 :
1849 584 1946 622 nos
1971 570 2115 622 enim

537 678 727 718 sumus
761 663 1135 728 circumcisio,
1188 666 1281 734 qui
1335 664 1530 732 spiritu
1583 663 1693 718 Deo
1725 667 2015 732 servimus,
2062 677 2118 722 et

537 770 646 810 non
698 757 752 812 in
805 773 970 812 carne
1021 760 1364 816 conﬁdimus.
1411 782 1430 814 ι
1469 760 1622 826 llaec,
1675 769 1733 814 ut
1769 760 1985 830 opinor,
2035 771 2118 816 est

537 849 890 904 circumcisio
905 863 1070 918 quam
1097 849 1355 919 prodesse
1375 852 1507 907 dicit
1533 853 1850 921 Apostolus,
1871 853 1914 908 si
1942 852 2116 922 legem

537 939 855 996 custodias:
889 956 996 995 non
1036 942 1206 1012 legem
1235 943 1448 1009 litterze,
1489 945 1644 1011 cuius
1673 944 1858 1013 utique
1879 944 2118 999 circum-

537 1031 800 1087 cisionem
833 1033 890 1088 in
923 1049 1089 1090 carne
1122 1051 1226 1089 non
1270 1036 1488 1104 recipis,
1519 1036 1610 1090 sed
1646 1036 1818 1105 legem
1869 1037 2115 1104 spiritus,

539 1125 839 1180 secundum
867 1141 1033 1196 quam
1053 1127 1462 1181 circumcideris
1483 1128 1668 1184 corde.
1703 1145 1722 1177 ‹
1748 1126 1949 1181 Littera
1971 1127 2114 1181 enim

539 1221 764 1284 occidit,
798 1221 1028 1291 spiritus
1059 1233 1238 1277 autem
1267 1224 1528 1289 viviﬁcat,
1569 1243 1589 1276 ι
1631 1223 1758 1292 quia
1789 1233 1844 1277 ct
1884 1223 1970 1277 lex
2023 1222 2115 1276 Dei

545 1325 566 1358 ι
589 1309 992 1365 nontrcfet'turr
1010 1320 1314 1365 atramento
1341 1312 1572 1381 scripta,
1611 1333 1630 1363 ι
1665 1314 1760 1366 sed
1799 1313 1970 1380 digito
1999 1313 2115 1378 Dei,

541 1401 632 1468 qui
665 1409 750 1454 cst
781 1402 1009 1468 spiritus
1041 1399 1180 1475 cius,
1221 1422 1240 1454 ‹
1271 1413 1325 1456 et
1359 1419 1462 1456 non
1517 1404 1568 1458 in
1610 1403 1812 1457 tabulis
1865 1404 2114 1472 lapideis,

540 1492 638 1546 sed
672 1494 725 1545 in
758 1492 956 1547 tabulis
980 1495 1160 1548 contis
1188 1495 1294 1548 “.t
1326 1493 1528 1548 Verum
1553 1503 1730 1562 potest
1763 1494 1918 1550 nobis
1933 1494 2115 1561 obiici,

542 1583 674 1651 quia
717 1580 762 1637 si
809 1583 1101 1652 Apostolus
1149 1585 1628 1641 circumcisionem
1659 1587 1918 1656 prodesse
1963 1586 2115 1654 dicit,

541 1687 662 1741 quae
689 1674 878 1743 utique
912 1675 1020 1728 alia
1057 1690 1162 1728 non
1201 1674 1528 1745 intelligitur
1562 1690 1685 1730 esse
1731 1690 1893 1744 quam
1925 1675 2120 1729 animat

539 1767 810 1834 purgatio,
859 1774 913 1820 et
953 1765 1186 1834 abiectio
1247 1767 1508 1821 vitiorum
1561 1784 1576 1821 :
1626 1767 1902 1836 quomodo
1971 1767 2119 1822 addit

2222 567 2556 622 continentia
2606 567 2730 621 mali
2777 568 2980 637 operis,
3011 583 3133 636 qua:
3183 583 3280 638 per
3324 568 3806 626 circumcisionem

2224 660 2583 730 signiﬁcatur,
2615 661 2659 715 si
2692 673 2862 728 opera
2901 661 3024 716 ﬁdei
3057 676 3164 715 non
3198 661 3422 726 habeat,
3455 661 3524 717 ad
3561 662 3805 717 immun-

2225 753 2411 808 ditiam
2449 761 2751 822 repetetur.
2805 752 2914 808 Sed
2951 763 3025 808 et'
3056 754 3109 808 in
3157 754 3400 810 Ecclesia
3430 755 3524 822 qui
3553 769 3654 824 per
3686 755 3806 828 (21)

2228 845 2486 912 baptismi
2512 846 2745 913 gratiam
2775 847 3208 912 circumciditur,
3238 847 3284 902 si
3315 857 3436 916 post
3462 847 3577 902 haec
3599 864 3809 917 praeva-

2223 938 2430 992 ricator
2477 937 2550 992 sit
2602 937 2738 1007 legis
2783 938 3013 1004 Christi,
3045 939 3395 996 circumcisio
3445 940 3702 1011 baptismi
3734 943 3806 998 ad

2224 1028 2562 1084 inﬁdelitatis
2590 1029 2641 1083 ei
2667 1029 2992 1098 prazputium
3021 1030 3402 1098 reputabitur:
3427 1031 3556 1100 quia
3580 1040 3635 1086 et
3681 1050 3700 1082 ι
3741 1031 3808 1085 ﬁ-

2225 1121 2319 1177 des
2350 1123 2468 1177 sine
2487 1105 2753 1192 operibus
2790 1132 3004 1178 mortua
3047 1141 3068 1175 ι
3106 1123 3306 1176 dicitur
3327 1121 3394 1189 ⁸⁸,
3431 1132 3490 1178 et
3529 1125 3657 1178 mali
3699 1123 3805 1178 vil-

2225 1211 2315 1268 lici
2345 1229 2474 1283 pars
2501 1230 2624 1269 cum
2655 1213 2964 1268 inﬁdelibus
2998 1215 3218 1284 ponitur
3238 1213 3308 1268 ⁸ο.

2297 1308 2386 1361 15.
2425 1325 2444 1358 ι
2479 1305 2534 1362 Si
2575 1315 2758 1360 autem
2805 1307 3128 1384 praeputium
3156 1303 3401 1372 iustitias
3446 1305 3584 1374 legis
3612 1316 3802 1362 custo-

2223 1401 2359 1465 diat,
2393 1414 2572 1455 nonne
2593 1397 2860 1468 iudicabit
2891 1399 2942 1453 id
2967 1399 3112 1469 quod
3139 1413 3208 1453 ex
3246 1407 3440 1453 natura
3468 1407 3555 1454 est
3579 1414 3799 1470 praepu-

2231 1493 2391 1557 tium,
2419 1493 2594 1561 legem
2623 1490 2936 1560 perﬁciens,
2973 1500 3048 1555 te,
3080 1489 3174 1560 qui
3209 1505 3306 1560 per
3332 1491 3571 1546 litteram
3598 1500 3654 1546 et
3687 1492 3802 1548 cir-

2226 1581 2616 1636 cumcisionem
2645 1581 3036 1650 praevaricator
3061 1594 3124 1635 es
3151 1579 3288 1650 legis
3331 1578 3376 1611 "
3414 1579 3438 1632 ?
3469 1598 3490 1632 ι
3539 1580 3805 1651 Superius

2227 1671 2468 1726 diximus
2502 1670 2648 1741 quod
2681 1671 2820 1726 duos
2842 1669 3061 1727 Iudaeos
3094 1680 3150 1727 et
3179 1674 3314 1728 duas
3356 1672 3805 1730 circumcisiones

2226 1761 2490 1816 discutiat
2513 1760 2833 1832 Apostolus,
2861 1769 2916 1818 et
2944 1777 3087 1818 nunc
3133 1761 3200 1818 de
3241 1763 3470 1830 carnali,
3497 1778 3645 1820 nunc
3673 1778 3804 1820 vero

542 1857 739 1920 adhuc,
775 1857 847 1911 ita
879 1859 1095 1913 demum
1151 1859 1415 1927 prodesse
1472 1859 1784 1928 lminsmodi
1832 1859 2123 1915 circumci-
2151 1844 2194 1899 Β
2225 1855 2292 1909 de
2317 1853 2554 1925 spiritali
2581 1853 2696 1926 (22)
2726 1864 3136 1910 commemoret.
3165 1854 3394 1911 Videtur
3422 1871 3556 1927 ergo
3581 1857 3634 1912 in
3668 1872 3804 1926 prae-

539 1951 748 2004 sioncm
781 1950 824 2004 si
851 1949 1021 2020 legem
1056 1951 1354 2015 custodias,
1385 1966 1507 2007 cum
1539 1952 1654 2006 htec
1685 1953 1801 2022 ipsa
1832 1953 2122 2007 circumci-

540 2041 622 2096 sio
655 2041 868 2096 nonnisi
897 2057 960 2096 ex
1007 2044 1140 2110 legis
1169 2044 1520 2098 observantia
1555 2044 1670 2099 ﬁeri
1699 2045 1973 2100 videatur.
2009 2044 2120 2100 Sed

539 2130 752 2186 intuere
781 2146 849 2186 ne
872 2131 1010 2186 forte
1040 2132 1366 2188 abscindere
1401 2132 1553 2196 vitia,
1594 2143 1650 2188 et
1687 2148 1904 2188 cessare
1927 2149 1958 2188 a
1999 2149 2122 2188 ma-

541 2221 630 2285 lis,
666 2223 1142 2292 circumcisionem
1194 2223 1466 2294 signiﬁcet
1507 2241 1524 2278 :
1573 2239 1737 2295 agere
1779 2235 1960 2279 autem
1999 2241 2124 2296 qua:

540 2311 680 2366 bona
709 2320 856 2377 sunt,
887 2323 942 2367 et
970 2313 1185 2368 edicere
1209 2329 1329 2384 quae
1367 2314 1610 2385 perlecta
1661 2323 1808 2380 sunt,
1845 2317 2123 2372 custodire

541 2402 613 2456 sit
641 2401 834 2472 legem.
860 2399 1046 2471 Neque
1073 2403 1218 2457 enim
1261 2403 1318 2458 in
1347 2419 1413 2460 eo
1439 2404 1704 2473 perfectio
1737 2413 1823 2461 est
1859 2406 1905 2461 si
1939 2421 2124 2462 cesse-

539 2493 895 2554 turamalis,
945 2495 1038 2548 sed
1087 2495 1141 2549 in
1185 2511 1251 2551 eo
1299 2497 1344 2551 si
1399 2505 1636 2564 agantur
1676 2499 1842 2560 bona,
1892 2499 2036 2554 sicut
2065 2501 2122 2554 in

538 2581 756 2637 Psalmo
790 2583 1095 2639 evidentius
1141 2589 1526 2656 perducemur,
1576 2605 1701 2644 cum
1751 2591 1923 2646 dicit:
1965 2610 1985 2644 ι
2021 2593 2122 2646 De-

540 2674 687 2727 clina
713 2689 742 2728 a
779 2675 942 2740 malo,
979 2694 998 2727 ι
1030 2685 1086 2731 et
1121 2693 1228 2731 non
1253 2677 1344 2733 hic
1373 2681 1549 2743 stetit,
1591 2682 1683 2736 sed
1713 2682 1960 2737 addidit:
2018 2700 2037 2734 ι
2067 2691 2124 2738 et

541 2763 629 2819 l'ac
655 2767 856 2820 bonum
882 2765 947 2820 *⁸.
981 2786 1002 2819 ι
1037 2767 1309 2824 Similiter
1332 2785 1464 2839 ergo
1501 2781 1557 2826 et
1585 2771 1900 2842 Apostolus,
1935 2783 2122 2844 utpote

542 2857 600 2910 in
627 2857 713 2911 his
745 2857 1002 2917 imbutus.
1053 2859 1127 2912 ita
1153 2860 1370 2914 demum
1401 2861 1558 2925 dicit,
1591 2865 1846 2932 prodesse
1879 2865 2120 2920 circum-

541 2948 804 3004 cisionem
831 2960 886 3004 et
914 2949 1276 3020 abiectionent
1313 2954 1604 3017 malorum,
1639 2956 1686 3010 si
1721 2957 2003 3013 custodias
2045 2958 2122 3014 le-

542 3075 662 3130 gem
693 3060 979 3116 bonorum.
1009 3061 1194 3132 Neque
1231 3065 1376 3120 enim
1403 3065 1676 3134 perfectus
1705 3069 1830 3139 quis
1855 3085 1976 3126 esse
2023 3085 2121 3139 po-

543 3161 650 3206 test
679 3151 724 3206 si
754 3153 890 3206 nihil
917 3154 1090 3223 egerit
1123 3153 1274 3221 mali,
1330 3157 1422 3209 sed
1447 3156 1492 3210 si
1532 3157 1732 3226 aliquid
1756 3161 1929 3228 egerit
1964 3159 2116 3214 boni.

543 3243 702 3301 Unde
731 3254 786 3299 et
818 3246 934 3316 ipsa
964 3247 1317 3302 circumcisio
1346 3264 1469 3318 qua!
1498 3249 1662 3304 ﬁebat
1693 3251 1746 3305 in
1777 3267 1967 3318 carne,
2013 3269 2120 3309 non

539 3337 748 3408 absque
779 3337 942 3407 lmius
970 3339 1366 3410 intelligentize,
1396 3357 1560 3411 quam
1597 3359 1740 3398 nunc
1769 3346 2118 3414 exponimus,

541 3431 940 3499 signiﬁcabitur
973 3432 1230 3502 imagine.
1264 3433 1506 3502 Denique
1532 3445 1726 3490 octava
1755 3437 1843 3492 die
1872 3439 2122 3508 parvulis

541 3522 776 3578 dabatur
803 3523 874 3588 ⁸⁷,
905 3525 1000 3594 qui
1032 3524 1171 3579 nihil
1206 3525 1395 3596 utique
1425 3527 1608 3582 adlmc
1655 3530 1839 3598 operis
1874 3541 2118 3600 egerant.

539 3615 694 3680 Quod
725 3618 767 3670 si
799 3615 923 3686 quis
960 3617 1118 3672 nobis
1152 3617 1393 3686 proferat
1426 3619 1556 3673 illml
1581 3624 1726 3690 quod
1751 3622 1803 3676 in
1833 3623 2104 3694 principio

540 3706 667 3761 libri
701 3705 824 3760 'an
877 3707 944 3762 de
995 3707 1156 3762 laude
1188 3707 1310 3776 eius
1351 3711 1587 3779 positum
1620 3721 1722 3776 est,
1758 3713 2116 3771 ubidicitur:

545 3818 566 3850 ι
611 3799 678 3854 Ει
727 3811 846 3854 crat
894 3799 994 3856 Job
1036 3803 1200 3858 homo
1233 3818 1424 3864 verax.
1464 3805 1583 3860 sine
1621 3806 1865 3873 querela,
1913 3807 2118 3875 iustus,

541 3891 636 3947 Dei
671 3893 868 3958 cultor,
905 3895 1186 3950 abstinens
1225 3911 1284 3950 se
1324 3897 1392 3951 ab
1421 3897 1570 3951 omni
1604 3913 1661 3952 rc
1682 3897 1824 3952 mala
1847 3899 1935 3954 δεῖ
1971 3919 1990 3952 ι
2021 3916 2121 3956 cur

540 3985 880 4055 przecedeute
925 3987 1052 4040 boni
1081 3987 1266 4057 operis
1291 3986 1475 4053 laude,
1517 3989 1570 4042 in
1603 3989 1792 4044 ultimo
1824 3992 1949 4046 mali
1987 4008 2118 4048 con-

543 4077 772 4132 tinentia
811 4087 1167 4132 numeretur:
1202 4079 1332 4134 illud
1365 4081 1586 4148 quidem
1621 4083 1862 4137 arbitror
1889 4084 2117 4140 indicari

538 4170 684 4238 quod
715 4183 856 4238 saepe
882 4169 999 4223 ﬁeri
1032 4169 1190 4232 solet,
1220 4171 1348 4240 quia
1385 4170 1602 4240 plurimi
1637 4171 1920 4227 hominum
1949 4183 2121 4245 agunt

539 4261 756 4330 quidem
801 4275 924 4330 qum
962 4261 1105 4314 bona
1139 4271 1291 4326 sunt,
1327 4263 1561 4317 miscent
1607 4273 1786 4319 tamen
1829 4265 2034 4339 aliquid
2065 4275 2121 4322 et

537 4352 724 4421 operis
757 4352 882 4407 mali
913 4371 928 4406 :
955 4353 1112 4422 pauci
1146 4368 1274 4407 vero
1317 4356 1428 4409 sint
1472 4353 1612 4410 sicut
1647 4354 1771 4421 Job,
1812 4359 1906 4428 qui
1952 4359 2026 4413 ita
2062 4367 2120 4414 et

536 4457 768 4498 veraces
795 4452 852 4496 et
889 4444 1425 4513 irreprehcnsibiles,
1476 4447 1550 4500 ita
1597 4446 1730 4514 justi
1775 4449 1887 4503 sint
1917 4459 1974 4504 et
1999 4453 2118 4506 cul-

2224 1946 2365 2000 seuti
2393 1945 2512 2000 loco
2536 1947 2861 2018 praeputium
2910 1945 3100 2003 dicere
3139 1955 3352 2017 gentes,
3387 1962 3510 2016 qua:
3555 1947 3610 2002 in
3658 1961 3801 2016 pra:-

2226 2037 2375 2107 ptitio
2397 2036 2566 2110 ἥ,θο
2595 2038 2783 2093 carnis
2817 2037 2884 2092 ad
2913 2037 3072 2092 ﬁdem
3099 2037 3304 2094 Christi
3335 2048 3640 2094 venerunt:
3667 2051 3804 2108 quas

2225 2126 2398 2198 legem
2427 2128 2727 2198 spiritalem
2761 2139 3045 2185 servantes
3087 2130 3372 2200 componit
3409 2140 3466 2185 et
3518 2138 3804 2200 comparat

2224 2217 2450 2284 Iudaeis,
2481 2220 2576 2290 qui
2607 2235 2702 2289 per
2731 2220 2970 2276 litteram
3001 2229 3055 2277 et
3095 2221 3569 2279 circumcisionem
3616 2223 3804 2276 carnis

2227 2312 2680 2381 praevaricatores
2715 2325 2844 2369 sunt
2875 2313 3032 2385 legis,
3083 2329 3222 2385 quos
3261 2324 3320 2370 et
3363 2313 3690 2386 iudicandos
3734 2315 3804 2370 ab

2225 2403 2312 2460 his
2343 2405 2475 2460 dicit
2502 2405 2555 2458 in
2597 2405 2797 2474 quibus
2845 2419 2952 2460 non
2981 2407 3167 2462 carnis
3191 2405 3562 2472 circumcisio,
3593 2407 3690 2462 sed
3731 2405 3805 2460 lc-

2223 2495 2307 2566 gis
2343 2495 2665 2551 observatio
2697 2508 2804 2554 est.
2853 2495 3152 2554 Possumus
3201 2507 3381 2553 autem
3421 2513 3488 2554 ex
3522 2500 3624 2555 hac
3653 2513 3805 2560 com-

2223 2588 2514 2659 paratione
2548 2589 2715 2644 etiam
2746 2597 2965 2644 nostros
3023 2589 3079 2644 in
3119 2589 3364 2646 Ecclesia
3411 2605 3804 2659 commouere;

2222 2680 2373 2736 verbi
2403 2695 2593 2744 causa,
2629 2681 2674 2735 si
2701 2681 2947 2738 dicamus
2974 2682 3027 2737 in
3056 2683 3324 2752 praeputio
3351 2683 3532 2738 adhuc
3557 2697 3681 2738 esse
3706 2697 3804 2736 ca.

2227 2773 2603 2837 tecbumenos,
2638 2782 2731 2826 aut
2768 2775 2937 2828 etiam
2985 2773 3218 2844 gentiles
3257 2790 3274 2839 ;
3331 2781 3386 2829 et
3449 2772 3806 2829 circumcisus

2223 2879 2345 2919 esse
2392 2863 2578 2920 ﬁdeles
2625 2880 2722 2935 per
2777 2865 3010 2936 gratiam
3050 2865 3331 2934 baptismi.
3383 2865 3439 2920 Si
3479 2879 3610 2936 ergo
3647 2876 3802 2920 catc-

2222 2955 2526 3011 cbumenus
2557 2955 2652 3025 qui
2687 2956 2924 3011 nondum
2950 2969 3047 3026 per
3070 2955 3306 3026 gratiam
3334 2954 3538 3010 lavacri
3571 2954 3805 3010 circum-

2223 3049 2371 3104 cisus
2392 3059 2499 3115 est,
2535 3048 2707 3119 legem
2728 3049 2930 3104 Christi
2959 3056 3168 3113 servet,
3188 3046 3430 3116 iustitias
3455 3055 3511 3102 et
3541 3045 3802 3101 mandata

2223 3143 2541 3208 custodiat,
2613 3160 2795 3198 nonne
2848 3159 2916 3200 ex
2980 3144 3084 3200 hac
3137 3145 3548 3213 comparatione
3595 3141 3808 3211 iudicat

2148 3214 2192 3272 ο
2226 3251 2374 3299 eum,
2412 3238 2506 3306 qui
2538 3235 2712 3292 ﬁdelis
2737 3235 2940 3291 dicitur
2965 3244 3020 3291 et
3041 3245 3314 3306 praecepta
3359 3251 3467 3292 non
3503 3243 3706 3302 servat,
3737 3248 3805 3290 ac

2224 3328 2397 3396 legem
2422 3328 2653 3394 Christi,
2683 3338 2740 3384 et
2779 3329 3038 3383 mandata
3062 3329 3366 3384 contemnit
3399 3329 3423 3383 ?
3473 3328 3716 3398 Denique
3747 3335 3807 3382 et

2223 3421 2341 3490 ipse
2389 3422 2656 3478 Dominus
2707 3423 3040 3478 dicebat":
3101 3441 3121 3475 ι
3166 3421 3374 3492 Regina
3408 3421 3590 3476 Austri
3617 3429 3805 3492 surget

2223 3511 2506 3580 iniudicio
2551 3527 2676 3568 cum
2721 3514 2858 3568 viris
2903 3515 3280 3584 generationis
3337 3513 3522 3582 huius,
3561 3524 3619 3570 et
3667 3529 3806 3568 con-

2221 3602 2500 3658 demnabit
2531 3618 2649 3669 eos,
2681 3606 2810 3674 quia
2844 3607 2992 3661 venit
3016 3620 3046 3659 a
3071 3606 3270 3661 ﬁnibus
3299 3615 3457 3660 terra:
3485 3605 3682 3660 audire
3705 3619 3798 3660 sa-

2221 3697 2485 3766 pientiam
2523 3697 2854 3754 Salomonis.
2909 3716 2930 3751 »
2985 3696 3112 3754 llaec
3143 3697 3362 3768 quidem
3405 3697 3474 3752 ad
3524 3697 3802 3752 instruen-

2235 3787 2690 3869 dam'Ecclesiam
2722 3789 2880 3845 nobis
2922 3789 3069 3845 dicta
3099 3789 3229 3845 sint.
3263 3789 3460 3845 Verum
3510 3789 3797 3844 considera

2221 3878 2268 3932 si
2313 3880 2487 3948 possit
2514 3881 2567 3934 in
2599 3882 2702 3936 hoc
2733 3881 2852 3936 loco
2881 3890 2937 3936 ct
2967 3881 3059 3936 ille
3103 3880 3412 3938 intellectus
3465 3881 3708 3944 admitti,
3741 3890 3804 3934 ιιι

2219 3969 2438 4024 dicatur
2468 3969 2632 4025 etiam
2663 3981 2788 4040 post
2815 3973 3108 4028 adventum
3149 3971 3358 4027 Christi
3406 3971 3644 4026 carnalis
3689 3971 3800 4026 cir-

2221 4062 2510 4130 cumcisio,
2543 4078 2663 4132 quae
2711 4077 2781 4118 ex
2830 4063 2948 4134 lege
3000 4065 3325 4120 observatur
3350 4063 3488 4136 (εδ),
3539 4063 3802 4134 prodesse

2228 4153 2440 4223 aliquid
2471 4157 2902 4212 custodientibus
2942 4155 3136 4227 legem,
3167 4159 3467 4213 secundum
3506 4158 3611 4212 hoc
3655 4154 3802 4226 quod

2224 4248 2277 4301 in
2319 4247 2474 4304 initio
2505 4248 2626 4304 ﬁdei
2657 4259 2858 4305 nostrae
2888 4250 3067 4305 adhuc
3099 4264 3129 4303 a
3159 4249 3510 4304 credentibus
3536 4249 3801 4305 observa-

2220 4339 2381 4394 batur
2425 4356 2442 4394 :
2495 4349 2552 4395 ut
2605 4341 2660 4394 in
2705 4341 2936 4396 Actibus
2970 4341 3340 4410 apostolorum
3370 4341 3596 4396 docetur
3622 4342 3671 4374 ⁸³
3715 4343 3800 4398 vel

2225 4435 2415 4491 Petrus
2447 4437 2498 4490 in
2531 4435 2867 4491 discretione
2897 4433 3170 4500 ciborum,
3231 4435 3318 4490 vel
3371 4433 3574 4492 Paulus
3620 4435 3674 4489 in
3706 4450 3798 4489 sa-

537 4543 686 4588 tores
719 4533 838 4600 Dei,
871 4543 932 4588 ut
977 4535 1092 4588 bare
1135 4537 1318 4590 omnia
1369 4547 1594 4606 agentes
1627 4539 1937 4594 abstineant
1960 4557 2020 4598 se
2047 4543 2115 4597 ab
2145 4557 2196 4616 ι)
2221 4527 2446 4584 criﬁciis
2475 4527 2878 4598 puriticationis
2899 4527 2949 4560 ⁵⁸
2976 4527 3172 4582 fecisse
3205 4545 3220 4581 :
3262 4527 3309 4582 si
3339 4525 3484 4582 forte
3509 4527 3676 4581 etiam
3713 4528 3799 4582 hic

535 4626 685 4680 omni
723 4641 782 4680 re
822 4625 983 4681 mala.
1023 4645 1043 4678 ι
1087 4626 1143 4681 Si
1177 4644 1329 4698 ergo,
1363 4629 1560 4699 inquit,
1602 4631 1993 4700 praevaricator
2037 4634 2116 4688 sis

534 4717 696 4784 legis,
731 4737 750 4769 ι
793 4717 935 4772 sicut
968 4735 1134 4788 supra
1169 4722 1544 4790 exposuimus,
1579 4738 1683 4776 non
1725 4723 1936 4794 agendo
1993 4741 2114 4794 qua:

537 4810 680 4864 bona
712 4817 861 4876 sunt,
898 4829 916 4861 t
950 4811 1302 4866 circumcisio
1331 4821 1420 4866 tua
1445 4815 1771 4882 praeputium
1802 4814 1943 4868 facta
1965 4826 2066 4881 est,
2089 4837 2108 4870 ι

537 4901 663 4955 dum
694 4902 878 4955 ethoc
903 4901 1020 4968 tibi,
1055 4903 1200 4971 quod
1253 4905 1533 4958 abstinere
1569 4921 1597 4959 a
1645 4906 1788 4961 malo
1837 4908 1986 4964 visus
2030 4925 2110 4976 es,

531 5007 702 5063 opera
745 4993 867 5046 ﬁdei
907 5004 964 5046 et
1002 4992 1232 5060 iustitiae
1264 5010 1369 5049 non
1405 4999 1586 5067 agenti
1633 4999 1701 5052 ad
1737 4999 2110 5058 inﬁdelitatem

533 5093 838 5154 reputatur.
874 5083 1061 5152 Neque
1087 5084 1236 5138 enim
1267 5088 1530 5155 possibile
1579 5098 1662 5142 est
1707 5089 1870 5144 alicui
1923 5106 2114 5146 carna-

534 5176 640 5232 lem
688 5174 1161 5230 circumcisioncm
1213 5190 1429 5228 rursum
1479 5177 1531 5230 in
1575 5179 1900 5246 prmputium
1950 5181 2110 5243 verti,

533 5283 656 5324 cum
691 5268 881 5336 utique
919 5267 1161 5322 abscissa
1182 5268 1434 5336 praeputii
1457 5282 1587 5323 caro
1617 5269 1763 5324 ultra
1791 5271 1972 5326 redire
2003 5287 2108 5327 non

2225 4618 2533 4687 huiusmodi
2583 4618 3060 4675 circumcisionem
3126 4619 3481 4688 proposuisse
3547 4619 3801 4673 videatur

2222 4711 2532 4781 Apostolus,
2562 4726 2725 4781 quam
2759 4711 3020 4781 prodesse
3044 4711 3176 4766 dicit
3207 4713 3280 4766 ita
3307 4711 3354 4766 si
3382 4712 3547 4766 etiam
3571 4711 3656 4766 lex
3687 4727 3802 4767 ser-

2221 4814 2419 4858 vetur:
2453 4803 2499 4857 si
2537 4804 2738 4869 minus,
2793 4803 3268 4858 circumcisionem
3297 4802 3440 4856 hanc
3491 4803 3546 4858 itt
3589 4818 3802 4874 praepu-

2225 4895 2358 4950 tium
2399 4893 2742 4962 vertendam,
2798 4895 2905 4950 hoc
2956 4904 3062 4959 est,
3100 4894 3235 4948 nihil
3278 4894 3660 4963 profuturam:
3691 4895 3801 4949 imo

2221 4991 2386 5046 etiam
2417 4989 2595 5061 maius
2623 4989 2738 5061 (24)
2769 4989 2972 5044 habere
2994 4989 3262 5058 judicium
3291 5003 3416 5043 cum
3445 4987 3537 5057 qui
3571 5001 3666 5056 per
3689 4987 3800 5040 cir-

2221 5082 2612 5138 cumcisionem
2670 5081 2853 5136 carnis
2906 5081 3152 5136 videatur
3201 5079 3332 5151 legis
3389 5079 3798 5134 observantiam

2220 5173 2490 5244 proﬁteri,
2519 5179 2574 5226 et
2601 5172 3015 5240 praevaricando
3044 5171 3216 5242 legem
3239 5169 3481 5239 iudicari
3513 5171 3581 5224 ab
3603 5185 3670 5226 eo
3701 5169 3796 5238 qui

2221 5282 2328 5320 non
2365 5264 2667 5334 susceperit
2697 5265 2919 5335 quidem
2944 5264 3420 5320 circumcisionem
3457 5263 3666 5326 carnis,
3705 5262 3796 5332 iu-

600 5381 650 5414 “
677 5381 876 5452 Philip.
900 5398 985 5445 ttt,
1007 5383 1064 5446 2,
1091 5381 1189 5452 3.77
1223 5383 1270 5413 ⁸⁸
1294 5381 1336 5434 ll
1370 5383 1496 5438 Cor.
1545 5401 1620 5445 ιιι.
1657 5383 1716 5451 6,
1753 5385 1808 5440 5.
1883 5388 1930 5418 ⁸⁵⁸
1957 5389 2104 5444 Psal.

2222 5385 2427 5450 tvr,27.
2501 5385 2548 5418 δ’
2584 5383 2719 5439 Gen.
2747 5397 2878 5445 xvtt,
2905 5381 3015 5447 ης
3044 5381 3222 5436 Levit.
3254 5397 3358 5442 xtl.
3385 5379 3442 5436 5.
3517 5378 3566 5414 ⁸⁸
3589 5377 3711 5452 .lob.
3753 5394 3797 5445 t,

532 5453 586 5507 1.
677 5454 724 5526 ξ’
760 5451 949 5520 Jacdt,
982 5452 1072 5510 26.
1151 5451 1198 5482 ⁵⁰
1240 5452 1373 5508 Luc.
1421 5470 1522 5516 xu.
1565 5457 1657 5510 46.
1735 5457 1779 5488 ⁸⁸
1815 5455 1974 5513 Rom.
2003 5475 2062 5525 tt,
2099 5459 2116 5512 Ε

2227 5459 2319 5513 27.
2397 5457 2442 5489 ⁵⁸
2471 5455 2669 5511 Matth.
2697 5470 2798 5520 xu,
2822 5454 2914 5510 4'2.
2991 5454 3038 5486 ⁸³
3064 5452 3187 5508 Act.
3219 5468 3279 5519 χ,
3306 5453 3369 5506 11
3398 5463 3521 5521 seq.

533 5539 651 5586 ut,
675 5525 767 5580 26.

604 5617 720 5688 (2t)
757 5636 778 5670 ι
807 5617 914 5673 Sed
941 5619 1072 5688 etin
1105 5619 1340 5675 Ecclesia
1369 5619 1461 5688 qui
1510 5635 1630 5688 per,
1661 5639 1680 5673 ι
1711 5627 1820 5676 etc.
1859 5619 1936 5674 lta
1969 5635 2104 5678 mss.

533 5697 588 5741 ct
622 5687 898 5742 Rabanus.
949 5687 1096 5744 Editi
1131 5705 1258 5746 vero
1301 5707 1317 5744 :
1370 5687 1398 5741 «ί
1424 5688 1532 5745 Sed
1573 5699 1628 5746 et
1673 5691 1720 5746 si
1758 5691 1815 5746 in
1865 5690 2106 5745 Ecclesia

553 5773 652 5816 )cr,
684 5776 703 5808 ι
729 5769 780 5810 et
809 5795 836 5809 ..

535 5773 550 5825 1
609 5827 720 5897 (‘22)
749 5774 878 5880 the
903 5828 1128 5885 carnali.
1159 5845 1301 5882 nunc
1334 5845 1460 5883 vero
1507 5831 1573 5887 de
1603 5831 1851 5900 spiritali.
1901 5850 1919 5882 ι
1983 5829 2104 5882 ll:rc

3597 5448 3647 5484 ⁸⁵
3671 5449 3794 5504 Act.

2215 5623 2600 5679 desiderantur
2630 5618 2685 5672 in
2719 5624 2879 5672 antea
2913 5615 3099 5671 editis.

2286 5694 2400 5764 (23)
2439 5692 2536 5764 Sic
2558 5704 2687 5764 mss.
2724 5687 2866 5764 Editi
2891 5701 3044 5764 vero,
3075 5703 3094 5736 ι
3124 5682 3541 5764 observabatur.
3575 5699 3596 5733 ο

2287 5753 2400 5834 (at)
2433 5783 2450 5816 ι
2492 5760 2682 5828 Maius.
2717 5781 2735 5811 ι
2771 5757 2935 5823 eum,
2971 5776 2988 5808 ι
3021 5759 3072 5810 in
3105 5755 3245 5827 aliis,
3279 5775 3296 5806 ι
3331 5753 3491 5808 male.
