4170 6410
447 367 544 425 901

1395 371 1752 428 COMMENT.
1797 371 1863 427 IN
1899 369 2118 428 EPIST.
2156 371 2248 425 AD
2286 370 2456 427 ROM.
2501 372 2630 429 LIB.
2672 373 2737 430 11.

3593 382 3699 438 902

446 489 623 543 stitias
654 497 831 544 tamen
868 490 1172 545 servaverit
1202 489 1352 561 legis.
1409 492 1465 546 Si
1509 507 1641 561 ergo
1670 502 1725 546 et
1750 492 1840 547 hic
1889 506 2016 547 sen-
2050 494 2095 551 Α
2124 489 2263 545 nalis
2309 487 2550 555 Judaeus,
2597 491 2813 560 perﬁcit
2847 500 3029 547 autem
3080 493 3364 563 spiritalis,
3410 503 3466 549 et
3510 497 3603 564 qui
3640 500 3694 551 in

447 597 542 638 sus
587 583 756 652 recipi
800 582 1015 649 debeat,
1065 584 1247 638 videto
1273 585 1437 639 etiam
1472 593 1525 637 tu
1558 585 1649 652 qui
1697 585 1852 655 legis,
1879 600 2015 654 quo-

446 672 593 726 niam
626 672 843 742 quidem
869 673 984 742 ipse
1013 673 1307 743 Apostolus
1332 676 1619 745 proﬁtetur
1647 676 1692 708 ⁸⁸
1730 690 1788 731 se
1814 674 2014 731 Judaeis

446 761 563 817 ﬁeri
595 760 863 828 Judaeum,
891 772 946 817 et
977 763 1064 817 his
1102 764 1193 833 qui
1226 765 1343 819 sine
1387 764 1506 835 lege
1534 775 1686 831 sunt,
1723 767 1877 836 quasi
1922 769 2012 836 qui

445 855 566 910 sine
594 855 713 925 lege
742 854 814 910 sit
840 853 982 927 (25),
1015 865 1069 910 et
1103 857 1355 912 omnibus
1401 859 1582 912 omnia
1613 858 1696 923 ﬁt,
1731 870 1791 914 ut
1822 874 2014 915 omnes

444 946 773 1013 lucrifaciat,
812 962 878 1003 ne
913 948 1055 1004 forte
1084 957 1369 1018 propterea
1405 949 1494 1005 hic
1538 949 1788 1005 videatur
1832 951 2011 1005 indul-

442 1055 572 1107 gere
596 1039 798 1096 Judaais
855 1055 919 1095 ea
970 1054 1091 1109 qua:
1141 1042 1209 1095 ad
1234 1039 1452 1096 Galatas
1496 1043 1764 1107 scribens,
1803 1042 1890 1097 his
1918 1042 2012 1112 qui

444 1147 509 1185 ex
536 1132 787 1202 gentibus
819 1132 1171 1187 crediderant
1202 1146 1307 1185 non
1334 1132 1599 1202 indulget.
1647 1133 1788 1188 Dicit
1816 1134 1959 1187 enim
1994 1150 2009 1187 :

450 1242 469 1276 ι
518 1223 653 1290 Quia
708 1224 754 1279 si
800 1223 1267 1280 circumcidamini
1301 1264 1316 1289 ,
1363 1223 1618 1279 Christus
1666 1224 1824 1280 vobis
1879 1224 2012 1277 nihil

446 1318 691 1387 proderit
712 1318 779 1371 ".
795 1337 814 1370 ι
847 1317 993 1373 Nihil
1013 1333 1142 1388 ergo
1159 1318 1414 1387 proderat
1440 1318 1783 1373 circumcisio
1807 1317 1893 1373 his
1919 1317 2012 1387 qui

442 1424 506 1464 ex
540 1424 604 1465 ea
635 1413 897 1481 putabant
925 1411 1128 1481 aliquid
1155 1411 1566 1480 justiﬁcationis
1595 1411 1801 1466 assumi
1832 1426 2009 1480 ;-prow

439 1503 597 1558 derat
636 1513 816 1558 autem
853 1504 960 1571 bis,
999 1505 1092 1575 qui
1154 1505 1422 1574 putabant
1464 1502 1566 1558 sibi
1612 1503 1679 1557 ad
1732 1502 2008 1557 Christum

440 1610 551 1649 non
578 1610 700 1652 esse
730 1596 1078 1665 veniendum,
1122 1599 1168 1653 si
1198 1598 1277 1652 eis
1310 1596 1709 1652 circumcidere
1743 1595 1884 1651 ﬁlios
1913 1609 2008 1648 ve-

439 1696 668 1747 taretur.
697 1688 867 1743 Erant
893 1689 1038 1747 enim
1075 1689 1324 1746 nonnulli
1354 1690 1407 1744 in
1438 1690 1629 1755 initiis,
1660 1689 1752 1757 qui
1779 1688 2011 1743 circum-

437 1780 697 1836 cisionem
729 1782 892 1837 veluti
925 1783 1138 1853 insigne
1165 1783 1525 1839 vernaculum
1566 1783 1744 1853 gentis
1774 1798 1887 1837 suze
1922 1783 2006 1836 ni-

433 1874 545 1926 mio
588 1888 774 1930 amore
814 1884 1095 1930 servarent
1140 1893 1154 1928 :
1198 1885 1256 1930 et
1300 1874 1550 1943 impediri
1596 1874 1922 1929 videbantur
1972 1890 2004 1930 a

432 1962 564 2026 ﬁde,
603 1964 648 2019 si
682 1966 785 2019 hoc
814 1964 926 2036 (26)
957 1966 1038 2021 eis
1067 1974 1348 2021 vetaretur
1391 1980 1500 2035 quo
1534 1978 1725 2020 carere
1758 1980 1862 2018 non
1907 1980 2005 2035 po-

433 2062 631 2111 terant.
667 2054 810 2125 Ergo
842 2055 1058 2111 videtur
1107 2055 1402 2126 Apostolus
1446 2056 1513 2110 ad
1548 2055 1855 2123 huiusmodi
1906 2059 2005 2111 ho-

431 2148 608 2202 mines
636 2148 842 2212 dicere,
885 2163 952 2204 ne
1003 2148 1083 2203 eis
1141 2148 1266 2204 ﬁdei
1312 2148 1536 2217 januam
1586 2148 1826 2213 claudat,
1874 2148 2002 2218 quia

438 2256 458 2289 ι
488 2239 833 2293 circumcisio
878 2240 1120 2309 prodest,
1166 2240 1211 2294 si
1264 2239 1438 2310 legem
1466 2240 1744 2295 custodias
1775 2256 1790 2294 :
1822 2239 1867 2295 si
1900 2254 2000 2295 au-

433 2337 545 2381 tem
578 2327 970 2397 przevarieator
1002 2327 1138 2399 legis
1169 2329 1264 2395 sis,
1289 2329 1636 2384 circumcisio
1667 2336 1757 2383 tua
1786 2343 2003 2399 prmpu-

433 2418 565 2472 tium
597 2418 739 2473 facta
767 2427 870 2474 est.
909 2438 929 2472 ι
980 2420 1024 2474 Ε
1068 2422 1344 2476 contrario
1397 2428 1577 2475 autem
1623 2420 1669 2476 si
1715 2420 2001 2476 credentes

428 2525 497 2565 ex
546 2510 799 2581 gentibus
838 2512 905 2566 ad
957 2512 1427 2568 circumcisionem
1477 2521 1825 2583 cogerentur,
1873 2511 1999 2566 ﬁdei

430 2599 637 2655 Christi
664 2609 720 2656 et
753 2601 1127 2669 prtedicationi
1156 2602 1306 2657 verbi
1333 2602 1449 2657 ﬁeri
1471 2602 1751 2657 videretur
1776 2601 1995 2669 injuria.

428 2690 535 2746 Sed
571 2700 628 2746 et
654 2691 786 2747 illud
808 2692 1208 2748 observandum
1243 2702 1345 2760 est,
1386 2693 1544 2763 "quod
1586 2707 1710 2748 cum
1752 2693 1951 2748 dixerit
1980 2709 1997 2748 :

431 2801 450 2835 ε
478 2781 838 2839 Circumcisio
858 2783 1077 2854 quidem
1109 2785 1354 2854 prodest,
1378 2785 1422 2839 si
1443 2784 1612 2855 legem
1631 2784 1911 2838 custodias
1933 2801 1945 2836 :
1971 2802 1991 2836 ι

424 2885 531 2924 non
564 2871 791 2938 addidit,
823 2873 882 2928 Si
922 2882 1102 2927 autem
1146 2887 1253 2928 non
1281 2873 1578 2937 custodias,
1617 2873 1761 2928 sicut
1804 2887 1998 2928 conse-

425 2976 599 3031 quens
632 2963 949 3031 videbatur,
976 2964 1072 3018 sed
1093 2962 1171 3017 ait
1201 2980 1215 3016 :
1247 2982 1265 3015 ι
1302 2962 1360 3018 Si
1393 2972 1573 3018 autem
1604 2963 1997 3033 praevaricator

426 3052 503 3107 sis
534 3053 691 3125 legis.
724 3073 746 3107 ι
778 3052 838 3108 1η
865 3068 974 3123 quo
995 3054 1234 3109 ostendit
1267 3053 1412 3107 aliud
1449 3068 1567 3108 esse
1589 3069 1693 3109 non
1717 3054 1994 3110 custodire

2117 579 2338 634 occulto
2366 580 2588 635 Judzeus
2619 589 2723 634 est.
2767 578 2823 633 in
2854 594 2962 648 quo
2994 580 3083 636 ille
3110 584 3326 649 quidem
3358 587 3691 652 prmvarica-

2120 680 2205 725 tor
2236 671 2397 741 legis,
2431 674 2521 728 hic
2543 683 2722 727 autem
2764 670 2929 741 judex
2979 673 3413 742 praevaricatoris
3443 674 3694 733 edicitur.

2116 761 2511 818 Prtevaricator
2541 773 2725 818 autem
2756 762 2993 819 edicitur
3036 764 3153 835 (9.8)
3184 765 3419 819 carnalis
3449 765 3693 830 Judmus.

2114 856 2244 924 quia
2270 855 2358 909 lex
2382 857 2497 926 ipsa
2518 857 2899 912 inﬁrmabatur
2921 872 3020 927 per
3043 872 3286 912 carnem.
3302 858 3412 914 Nisi
3438 860 3583 915 enim
3613 867 3696 915 iu-

2116 945 2332 1001 ﬁrmata
2364 946 2556 1002 fuisset
2577 949 2875 1003 secundum
2905 963 3151 1013 carnem,
3186 964 3291 1002 non
3324 950 3511 1019 utique
3541 951 3694 1006 dice-

2115 1048 2263 1091 retur
2288 1056 2302 1091 :
2330 1057 2348 1090 ι
2383 1037 2516 1091 Nam
2546 1040 2688 1108 quod
2718 1039 3052 1107 impossibile
3083 1049 3205 1093 erat
3233 1040 3358 1105 legi,
3392 1042 3444 1095 in
3472 1056 3583 1111 quo
3612 1044 3696 1097 in-

2114 1127 2435 1184 ﬁrmabatur
2448 1131 2859 1200 percarncm”.
2882 1150 2902 1183 ι
2925 1130 3033 1187 Per
3050 1132 3301 1201 spiritum
3331 1142 3512 1187 autem
3546 1136 3695 1189 inﬁr.

2114 1222 2248 1275 mari
2277 1221 2447 1292 legem
2470 1236 2748 1291 nunquam
2777 1224 3017 1278 invenies
3032 1225 3383 1293 seriptum,et
3402 1225 3524 1280 ideo
3545 1247 3564 1279 ‹
3595 1228 3690 1296 qui

2115 1312 2169 1365 in
2201 1326 2367 1367 carne
2392 1322 2542 1377 sunt,
2568 1312 2675 1366 Deo
2693 1313 2915 1382 placere
2945 1328 3051 1367 non
3084 1322 3312 1383 possunt
3336 1314 3413 1382 ‘9;
3440 1334 3460 1367 ι
3481 1317 3573 1385 qui
3590 1332 3685 1370 au-

2115 1411 2223 1457 tem
2247 1418 2345 1473 per
2367 1403 2617 1473 spiritum
2652 1413 2809 1460 actus
2841 1405 3024 1460 carnis
3057 1407 3530 1473 mortiﬁcaverint,
3574 1424 3683 1463 nou

2113 1495 2289 1550 solum
2314 1495 2519 1560 vivent,
2549 1496 2878 1565 sedjudices
2897 1506 3057 1550 erunt
3097 1513 3205 1551 non
3253 1506 3465 1552 tantum
3508 1499 3691 1553 homi-

2113 1602 2262 1649 num,
2278 1588 2371 1642 sed
2390 1595 2445 1642 et
2458 1587 2769 1655 angelorum
2791 1589 2947 1657 :quia
2965 1589 3109 1642 illius
3126 1589 3248 1645 laus
3272 1592 3339 1645 ab
3366 1591 3684 1647 hominibus

2110 1688 2212 1741 est,
2234 1679 2394 1749 hujus
2410 1695 2436 1732 a
2458 1680 2568 1734 Deo
2589 1681 2654 1735 ⁸ο.
2680 1679 2807 1734 Haec
2823 1681 3039 1751 quidem
3056 1682 3200 1736 dicta
3217 1683 3328 1737 sint
3356 1698 3388 1737 a
3421 1684 3578 1738 nobis
3610 1687 3683 1741 ad

2110 1770 2272 1843 49],
2341 1772 2774 1842 explanationem
2824 1774 3093 1828 sermonis
3147 1776 3463 1844 apostolici,
3513 1791 3679 1846 quem

2108 1864 2381 1918 disserere
2430 1865 2832 1933 proposuimus.
2897 1864 3015 1919 Non
3082 1876 3262 1920 tamen
3316 1868 3678 1935 importunum

2107 1953 2378 2008 videbitur
2427 1954 2592 2010 etiam
2646 1955 3080 2011 circumcisiouis
3142 1957 3316 2026 ipsius
3370 1958 3684 2028 generalem

2105 2045 2378 2101 discutere
2431 2047 2735 2111 rationem,
2783 2048 3228 2118 quandoquidem
3286 2048 3355 2104 de
3409 2064 3473 2103 ea
3533 2049 3687 2105 locus

2104 2137 2222 2208 ipse
2265 2138 2626 2193 commonuit.
2672 2138 3005 2208 Repetamus
3035 2139 3224 2211 igitur,
3266 2149 3318 2194 et
3366 2140 3418 2193 in
3449 2141 3685 2194 medium

2103 2229 2467 2299 proferamus,
2502 2230 2547 2285 si
2579 2244 2686 2298 qua
2720 2225 2921 2299 in'lege
2959 2231 3026 2285 de
3056 2245 3140 2295 ea,
3180 2231 3263 2285 vel
3305 2232 3358 2285 in
3388 2230 3686 2299 Scripturis

2101 2321 2315 2374 emteris
2342 2320 2712 2375 continentur.
2774 2320 3082 2376 Invenimus
3114 2321 3165 2375 in
3192 2320 3391 2376 Genesi
3419 2321 3684 2391 scriptum

2101 2411 2334 2481 primum
2370 2411 2437 2465 de
2473 2411 2893 2467 circumcisione
2912 2412 3254 2479 mandatum,
3272 2427 3397 2467 eum
3419 2428 3683 2482 responsa

2101 2504 2360 2558 darentur
2404 2504 2472 2557 ad
2527 2504 2800 2558 Abraham
2872 2505 2976 2560 hoc
3059 2506 3219 2560 modo
3247 2506 3290 2537 ⁶¹
3324 2522 3340 2560 :
3378 2525 3396 2558 ι
3427 2506 3496 2561 Et
3546 2508 3685 2563 dixit

2100 2595 2243 2651 Deus
2273 2596 2342 2650 ad
2388 2595 2665 2675 Abraham
2699 2595 2822 2651 :Tu
2849 2606 3032 2653 autem
3076 2607 3460 2654 testamentum
3499 2614 3683 2655 meum

2099 2691 2361 2756 servabis,
2406 2701 2462 2746 et
2488 2705 2653 2745 omne
2694 2706 2881 2747 semen
2928 2699 3079 2746 tuum
3127 2701 3253 2762 post
3281 2702 3333 2748 te
3364 2695 3417 2748 in
3444 2708 3681 2765 genera-

2099 2785 2274 2840 tiones
2297 2797 2443 2839 suas.
2468 2783 2534 2837 Et
2559 2784 2661 2839 hoc
2691 2784 3252 2853 testamentum,quod
3274 2784 3516 2854 disposui
3539 2787 3682 2841 inter

2097 2890 2186 2931 me
2213 2883 2268 2930 et
2295 2890 2412 2941 vos,
2437 2884 2492 2931 et
2519 2876 2664 2931 inter
2690 2891 2777 2931 me
2798 2888 2854 2930 et
2876 2875 3020 2930 inter
3040 2876 3279 2929 medium
3307 2877 3533 2932 seminis
3563 2877 3678 2947 (29)

2097 2967 2173 3021 tui
2208 2976 2329 3036 post
2367 2977 2420 3022 te
2455 2968 2507 3021 iu
2538 2968 2918 3037 generationes
2972 2961 3164 3022 eorum
3200 2986 3213 3022 :
3255 2967 3680 3023 circumcidetur

2095 3074 2257 3115 omne
2281 3059 2640 3115 masculinum
2669 3067 2933 3125 vestrum,
2954 3070 3008 3114 et
3032 3059 3433 3116 circumeidetis
3455 3076 3675 3116 carnem

423 3143 622 3212 legem,
670 3144 817 3199 aliud
863 3144 1216 3214 praevaricari
1264 3143 1458 3214 legem.
1501 3141 1635 3198 Nam
1681 3153 1737 3199 et
1791 3143 1991 3200 Paulus

2099 3151 2341 3219 prarputii
2369 3152 2559 3218 vestri,
2587 3159 2642 3206 et
2671 3150 2777 3206 erit
2832 3152 2883 3204 in
2932 3151 3143 3221 signum
3193 3150 3499 3205 testamenti
3534 3151 3678 3206 inter

421 3235 538 3305 ipse
589 3251 699 3291 non
744 3251 958 3306 semper
985 3235 1153 3304 legem
1192 3235 1447 3301 custodit,
1492 3250 1765 3306 nunquam
1809 3245 1990 3290 tamen

418 3328 808 3396 pmvaricator
833 3336 917 3382 est
943 3327 1094 3397 legis.
1121 3326 1416 3397 Propterea
1449 3327 1500 3380 in
1532 3327 1993 3394 consequentibus

423 3419 594 3474 dicit:
637 3438 656 3471 ‹
690 3418 746 3475 Si
780 3428 961 3474 autem
988 3419 1311 3489 praeputium
1342 3418 1610 3487 justitiam
1644 3419 1779 3490 legis
1811 3427 1994 3475 custo-

421 3511 556 3577 diat,
579 3527 762 3567 nonne
783 3512 1049 3583 judicabit
1073 3513 1216 3581 quod
1240 3528 1303 3566 ex
1326 3522 1517 3567 natura
1540 3520 1620 3568 est
1644 3513 1990 3583 prteputium,

419 3602 594 3673 legem
625 3603 938 3673 perﬁciens,
975 3614 1049 3670 te,
1079 3604 1172 3673 qui
1202 3619 1300 3673 per
1331 3603 1567 3658 litteram
1602 3611 1658 3656 et
1702 3603 1992 3658 circumci-

417 3696 624 3751 sionem
655 3697 1045 3766 praavaricator
1087 3712 1147 3751 es
1190 3696 1371 3766 legis?
1403 3714 1422 3747 ι
1458 3694 1707 3750 Custodit
1749 3709 1879 3765 ergo
1915 3696 1992 3749 le-

418 3803 541 3857 gem
591 3790 638 3843 is
682 3789 771 3858 qui
804 3803 922 3843 eam
980 3790 1275 3845 secundum
1307 3788 1545 3842 litteram
1573 3787 1831 3842 observat
1869 3803 1884 3850 ;
1932 3796 1989 3841 et

420 3881 467 3935 is
492 3882 881 3949 prmvarieatur
911 3895 1056 3947 eam,
1090 3880 1182 3949 qui
1217 3878 1520 3949 spiritalem
1545 3877 1664 3946 ejus
1696 3892 1800 3932 non
1840 3885 1990 3932 tenet

420 3985 661 4025 sensum.
698 3971 915 4027 Justitia
957 3986 1088 4026 vero
1134 3972 1290 4042 legis,
1344 3971 1568 4027 moralis
1614 3969 1728 4038 ejus
1772 3977 1858 4025 est
1906 3968 1987 4024 lo-

416 4080 513 4120 cus
544 4064 679 4135 (27).
725 4064 839 4120 Lex
879 4066 1022 4120 enim
1058 4066 1318 4136 generale
1359 4064 1684 4120 vocabulum
1735 4075 1864 4118 est:
1903 4063 1991 4131 ju-

413 4156 560 4210 stitia
591 4170 721 4210 vero
746 4168 874 4225 pars
911 4155 1047 4225 legis
1078 4162 1181 4211 est.
1214 4154 1474 4209 Continet
1504 4152 1651 4206 enim
1693 4151 1781 4204 lex
1821 4151 1986 4216 iusti-

416 4248 543 4313 tias,
590 4257 643 4303 et
686 4248 914 4318 judicia,
969 4257 1023 4301 et
1081 4246 1357 4308 mandata,
1426 4251 1483 4299 et
1529 4241 1982 4310 iustiﬁcationes,

412 4339 657 4408 aliasque
704 4337 1131 4409 quamplurimas
1180 4335 1416 4406 species.
1473 4334 1531 4390 Si
1583 4348 1714 4401 ergo
1769 4347 1982 4403 praepu-

415 4432 549 4488 tium
582 4447 703 4501 ,non
752 4432 829 4486 ait
877 4430 1050 4501 ipsam
1082 4428 1279 4499 legem,
1326 4427 1422 4483 sed
1470 4426 1517 4483 si
1554 4426 1796 4494 justitias
1845 4425 1983 4494 legis

2097 3255 2182 3296 me
2208 3252 2265 3296 et
2293 3257 2428 3297 vos:
2467 3253 2523 3298 et
2580 3258 2720 3313 puer
2752 3252 2945 3297 octava
3004 3240 3092 3295 die
3149 3241 3573 3296 circumcidetur
3618 3242 3675 3296 in

2092 3333 2268 3394 vobis.
2296 3334 2475 3389 omnis
2516 3333 2791 3389 masculus
2835 3333 2889 3386 in
2939 3332 3386 3402 generationibus
3420 3333 3619 3387 vestris
3655 3351 3671 3388 :

2091 3426 2436 3494 vernaculus,
2496 3434 2552 3482 et
2606 3425 2836 3496 pecunia
2881 3433 3095 3494 emptus
3141 3424 3211 3479 ab
3260 3424 3511 3480 omnibus
3546 3425 3674 3481 ﬁliis

2093 3516 2546 3587 alienigenarum,
2575 3516 2668 3585 qui
2701 3532 2808 3571 non
2839 3526 2925 3571 est
2948 3531 3013 3569 ex
3041 3515 3250 3570 semine
3283 3524 3400 3581 tuo,
3433 3517 3672 3571 circum-

2091 3606 2299 3661 cisione
2347 3606 2778 3661 circumcidetur
2822 3603 3150 3660 vernaculus
3194 3606 3388 3658 domus
3443 3616 3570 3669 tuae,
3618 3618 3674 3661 et

2093 3698 2320 3766 pecunia
2342 3705 2686 3767 comparatus
2710 3711 2740 3751 a
2772 3706 2854 3751 te:
2880 3707 2933 3751 et
2950 3697 3054 3751 erit
3085 3704 3468 3751 testamentum
3492 3710 3669 3750 meum

2090 3805 2256 3859 super
2304 3805 2526 3846 carnem
2567 3800 2805 3844 vestram
2838 3797 3226 3844 testamentum
3271 3796 3538 3843 aeternum
3569 3804 3584 3840 2
3617 3795 3673 3841 ει

2090 3882 2505 3937 incircumcisus
2538 3882 2814 3937 masculus
2846 3881 2941 3950 qui
2969 3896 3077 3935 non
3110 3880 3275 3935 fuerit
3313 3880 3671 3935 circumcisus

2089 3972 2144 4027 in
2185 3989 2347 4027 carne
2377 3974 2625 4044 praeputii
2675 3975 2761 4029 sui
2807 3974 2894 4029 die
2940 3980 3159 4037 octava,
3212 3970 3671 4027 exterminabitur

2088 4059 2268 4113 anima
2297 4059 2388 4113 illa
2433 4061 2500 4115 de
2535 4076 2736 4131 genere
2788 4074 2887 4116 suo
2919 4060 3057 4132 (30),
3090 4060 3219 4130 quia
3274 4068 3666 4114 testamentum

2088 4165 2268 4204 meum
2308 4151 2616 4221 dissipavit.
2655 4172 2675 4206 ι
2742 4152 2860 4208 Non
2916 4167 3017 4209 nos
3065 4161 3245 4207 tamen
3287 4152 3457 4207 latere
3486 4153 3667 4218 debet,

2088 4246 2231 4313 quod
2269 4246 2322 4297 in
2378 4243 2502 4299 aliis
2547 4244 2948 4313 exemplaribus
2988 4260 3092 4300 non
3141 4244 3371 4299 habetur
3404 4243 3665 4313 positum,

2092 4354 2111 4388 ι
2139 4345 2334 4390 octava
2361 4336 2468 4401 die,
2498 4354 2517 4387 ι
2560 4336 2612 4389 in
2643 4337 2748 4392 hoc
2791 4338 3057 4390 duntaxat
3091 4336 3231 4390 loco.
3258 4336 3391 4389 Item
3425 4336 3477 4388 in
3506 4333 3668 4388 Levi-

2095 4430 2203 4481 tico
2229 4427 2491 4496 scriptum
2519 4425 2669 4480 est“|
2702 4440 2717 4477 :
2755 4444 2773 4476 ι
2809 4424 2878 4478 Et
2913 4425 3127 4480 locutus
3155 4435 3240 4480 est
3278 4424 3541 4479 Dominus
3597 4426 3665 4478 ad

411 4524 705 4591 custodiat,
737 4524 791 4579 in
823 4531 1032 4578 tantum
1068 4519 1356 4590 praefertur
1387 4518 1794 4573 circumcisioni
1839 4532 1979 4586 prae-
2014 4521 2060 4577 D
2090 4519 2309 4590 Moysen
2343 4504 2572 4573 dicens:
2610 4516 2859 4585 Loquere
2890 4516 3018 4571 ﬁliis
3045 4515 3214 4571 Israel
3238 4556 3256 4583 ,
3300 4524 3355 4571 et
3407 4516 3560 4572 dices
3595 4517 3668 4571 ad

410 4616 676 4671 varicanti
703 4615 897 4686 legem,
927 4622 991 4667 ut
1013 4612 1179 4668 etiam
1205 4610 1420 4681 judicet
1449 4624 1593 4665 eam.
1619 4608 1688 4663 Et
1712 4607 1854 4663 bene
1880 4608 1979 4661 ad-

413 4709 575 4776 didit,
609 4725 629 4759 (
660 4707 831 4776 legem
859 4704 1172 4775 perﬁciens.
1203 4721 1222 4755 ι
1255 4701 1349 4756 Ille
1380 4700 1524 4753 enim
1553 4700 1646 4770 qui
1684 4698 1979 4754 secundum

411 4800 647 4854 litteram
689 4798 846 4861 vivit,
890 4796 1172 4851 custodire
1202 4793 1402 4848 dicitur
1438 4792 1610 4861 legem
1654 4806 1670 4854 ;
1717 4790 1822 4844 iste
1854 4804 1983 4844 vero

409 4892 498 4959 qui
535 4890 832 4945 secundum
869 4887 1140 4957 spiritum,
1174 4883 1476 4954 perlicere:
1501 4879 1766 4950 perfectio
1796 4889 1980 4934 autem

410 4985 544 5054 legis
571 4983 627 5036 in
656 4981 876 5037 Christo
913 4988 1018 5043 est,
1048 4978 1139 5047 qui
1176 4977 1360 5032 dixit:
1394 4992 1413 5026 ε
1451 4972 1567 5028 Non
1600 4972 1723 5027 veni
1766 4970 1981 5026 solvere

408 5076 601 5144 legem,
631 5072 726 5128 sed
748 5070 1042 5141 adimplere
1069 5069 1138 5123 ".
1172 5086 1192 5122 ›
1219 5066 1532 5136 Adimplere
1563 5073 1744 5118 autem
1774 5063 1978 5133 legem,

409 5168 514 5222 hoc
550 5175 634 5222 est
659 5164 920 5235 perﬁcere
962 5162 1158 5234 legem.
1202 5158 1449 5216 Custodit
1477 5170 1607 5226 ergo
1645 5154 1819 5222 legem
1853 5169 1977 5209 car-

2086 4625 2218 4666 eos:
2246 4607 2439 4664 Mulier
2468 4622 2805 4678 qtuecunque
2849 4610 3152 4677 susceperit
3172 4622 3382 4672 semen,
3416 4616 3473 4663 et
3504 4622 3668 4677 pepe-

2086 4702 2222 4756 rerit
2269 4701 2589 4766 masculum,
2650 4700 2927 4755 immunda
2989 4700 3098 4754 erit
3157 4706 3363 4767 septem
3422 4698 3662 4764 diebus,

2088 4793 2386 4848 secundum
2424 4774 2565 4848 dies.
2596 4791 2938 4861 purgationis
2987 4791 3264 4845 immunda
3299 4790 3426 4857 erit,
3473 4799 3528 4844 et
3578 4789 3665 4844 die

2088 4894 2284 4939 octava
2318 4883 2674 4939 circumcidet
2716 4898 2938 4938 carnem
2996 4880 3247 4952 pratputii
3294 4882 3432 4949 ejus,
3473 4890 3523 4935 et
3565 4882 3664 4935 tri-

2087 4978 2236 5045 ginta
2273 4975 2447 5028 tribus
2466 4974 2656 5028 diebus
2681 4972 2891 5028 sedebit
2925 4972 2979 5025 in
3008 4971 3271 5039 sanguine
3295 4968 3394 5025 suo
3432 4970 3665 5024 immun-

2088 5067 2178 5121 da.
2221 5084 2241 5118 ι
2290 5064 2415 5120 Hzee
2440 5065 2660 5134 quidem
2693 5065 2758 5119 de
2786 5064 2905 5133 lege
2933 5062 3104 5134 Moysi
3133 5063 3436 5118 testimonia
3476 5062 3662 5131 posui-

2086 5171 2228 5211 mus.
2276 5154 2529 5210 Salvator
2553 5169 2684 5210 vero
2713 5154 2765 5208 in
2800 5153 3099 5223 Evangelio
3126 5152 3241 5219 ait,
3288 5149 3665 5205 circumcisio-

480 5313 711 5370 πειρον.
737 5327 813 5376 ιχ,
840 5308 1028 5364 20-22.
1102 5306 1348 5361 "Galat.
1389 5320 1445 5368 v,
1473 5304 1526 5359 2.
1555 5286 1651 5376 κὐτ
1695 5300 1883 5357 Matth.
1921 5317 1973 5369 v,

2165 5303 2217 5336 ⁸⁸
2240 5304 2396 5358 Rom.
2427 5316 2546 5362 vm,
2580 5299 2634 5353 5.
2711 5299 2756 5331 ⁵³
2783 5297 2914 5353 ibid.
2946 5296 2981 5354 8
3044 5298 3134 5353 1'5.
3208 5297 3255 5328 ⁸⁸
3281 5295 3441 5350 Rom.
3484 5307 3546 5358 ll,
3570 5290 3660 5347 29.

407 5384 774 5447 “Gemxvu,
803 5375 856 5436 '9
890 5396 1045 5450 seqq.
1120 5379 1166 5410 θ’
1208 5377 1338 5431 Lev.
1392 5390 1491 5440 xu,
1544 5375 1570 5429 l
1628 5387 1783 5443 seqq.

481 5523 594 5593 (ἓὸ)
621 5521 805 5593 Εσῌιῑι
825 5539 844 5573 ‹
872 5518 1025 5589 quasi
1054 5517 1172 5593 sine
1203 5517 1320 5593 lege
1349 5514 1441 5570 sit.
1478 5532 1499 5567 ι

480 5586 591 5663 (26)
624 5612 642 5663 ς
676 5586 812 5647 Ηοεζ
841 5610 860 5642 ι
889 5586 1339 5663 _Deest_in‘editis.

480 5651 591 5734 (27)
620 5662 863 5734 ltagmss.
895 5658 1091 5734 nostri.
1124 5657 1223 5713 Ast
1255 5656 1406 5723 editi,
1443 5674 1463 5709 ‹
1491 5653 1729 5711 Iustitia:
1759 5666 1883 5708 vero
1903 5651 2001 5711 lc-.

412 5729 510 5804 gis,
545 5729 762 5804 moralis
794 5739 876 5804 est
905 5729 1072 5804 locus.
1108 5744 1128 5779 ι

480 5805 590 5875 (28)
623 5822 640 5854 ι
674 5801 929 5856 Eﬁicitur.
963 5819 980 5851 ι
1012 5797 1068 5853 lu
1103 5796 1265 5853 editis
1289 5795 1577 5851 omittitur.

2158 5504 2268 5578 (‘29)
2307 5522 2326 5557 ι
2356 5503 2424 5558 Ει
2467 5503 2612 5578 inter
2638 5501 2878 5556 medium
2911 5499 3161 5562 seminis,
3198 5515 3219 5549 ›
3251 5503 3359 5578 etc.
3395 5493 3486 5575 Sic
3525 5492 3661 5551 edit.

2086 5574 2214 5632 Mss.
2247 5574 2416 5629 vero:
2456 5585 2542 5627 «et
2568 5574 2711 5626 inter
2739 5586 2926 5627 semen
2968 5581 3117 5623 tuum
3150 5577 3273 5638 post
3309 5575 3364 5620 te
3412 5574 3465 5619 in
3496 5578 3663 5633 gene-

2087 5648 2307 5702 ratione
2337 5654 2678 5698 sauetorum.
2717 5661 2738 5693 ι

2160 5716 2273 5785 (50)
2330 5714 2509 5785 Editi,_
2540 5730 2560 5765 ι
2599 5713 2779 5766 anima
2813 5710 2900 5767 illa
2944 5711 3011 5767 de
3051 5722 3252 5782 genere
3291 5720 3454 5764 suo.»
3504 5701 3661 5771 Mss.,

2098 5807 2114 5840 ι
2145 5783 2235 5841 ille
2257 5783 2329 5841 de
2354 5783 2547 5855 popqu
2569 5796 2685 5839 suo.
2716 5799 2738 5834 ι
