4170 6352
515 309 621 365 903

1967 305 2291 363 ORIijle

3677 309 3779 364 θαι

514 447 638 484 nem
692 431 940 499 accipere
971 430 1245 484 hominem
1289 431 1342 484 in
1377 428 1643 493 Sabhatn,
1707 440 1761 483 et
1809 447 1912 485 non
1963 431 2098 484 solvi
2131 435 2178 488 Α
2207 438 2288 480 est
2354 425 2599 488 advenis,
2653 423 2926 494 loquatur,
2982 425 3296 480 necessario
3357 424 3543 494 utique
3585 427 3776 482 obser-

518 530 689 591 legcm
721 523 885 592 Moysi
913 541 926 588 ;
951 534 1007 576 et
1036 525 1166 577 dicit
1197 539 1316 575 eam
1344 539 1409 577 ex
1436 525 1682 594 patribus
1715 540 1855 587 esse,
1887 535 1939 577 et
1973 534 2099 577 ante

515 617 734 684 Moysen
799 616 981 668 datam
1051 617 1115 667 ⁸³.
1177 616 1342 683 Cujus
1401 620 1694 671 sentcntiae
1747 617 2099 683 auctoritate,

514 709 674 762 simul
713 717 766 762 et
798 709 983 776 legalis
1013 712 1275 778 prteccpti
1321 715 1590 780 gravitate
1623 714 1852 780 permoti
1883 754 1897 776 ,
1931 713 2095 765 etiam

514 811 637 870 post
670 801 961 854 adventum
997 799 1124 856 Jesu
1161 803 1310 855 suasi
1345 814 1471 857 sunt
1494 805 1713 873 quidam
1758 806 2094 871 circumcidi,

513 909 638 945 cum
673 904 858 946 essent
907 908 971 946 ex
1025 895 1294 964 gentibus.
1350 897 1453 949 Alii
1509 913 1655 960 vero,
1718 897 2097 954 borresccntes

513 983 723 1049 pondus
758 985 1034 1050 prtecepti,
1071 985 1387 1055 refugerunt
1415 989 1632 1055 penitus
1663 989 1830 1042 etiam
1869 991 1936 1044 ab
1962 990 2095 1060 ipsis

515 1074 726 1141 legibus
753 1075 804 1126 in
832 1076 1031 1143 quibus
1056 1077 1169 1130 brec
1200 1078 1402 1146 Scripta
1433 1080 1775 1142 videbantur,
1802 1081 1873 1134 ita
1912 1092 1968 1135 ut
1998 1100 2094 1150 pu-

514 1172 692 1216 tarent
721 1163 835 1216 haec
880 1180 984 1216 non
1022 1180 1143 1217 esse
1198 1165 1322 1218 boni
1375 1167 1465 1219 Dei
1522 1169 1794 1228 mandata,
1832 1184 1931 1222 nec
1975 1169 2093 1236 ejus

510 1270 628 1318 qua:
649 1255 913 1308 Dominus
943 1266 997 1308 et
1022 1257 1277 1309 Salvator
1302 1267 1484 1310 noster
1507 1259 1808 1325 praedicare
1834 1263 2088 1316 venisset.

508 1344 575 1397 Et
627 1345 746 1398 idco
798 1347 926 1399 tuihi
975 1348 1189 1400 videtur
1250 1349 1561 1415 diligentior
1609 1351 1661 1402 iu
1713 1351 1911 1405 talibus
1957 1352 2092 1406 locis

508 1436 818 1488 adhibenda
866 1438 1154 1502 discussio,
1217 1441 1259 1492 si
1305 1440 1377 1492 sit
1423 1439 1622 1509 aliquid
1673 1442 1725 1494 in
1783 1441 2088 1510 hujusmodi

508 1527 764 1577 mandato
797 1527 1045 1581 utilitatis
1087 1528 1252 1581 etiam
1295 1531 1594 1582 secundum
1629 1530 1870 1585 litteram
1904 1549 1919 1587 :
1961 1542 2015 1586 et
2045 1532 2089 1586 si

508 1616 616 1668 sint
650 1618 848 1682 quibus
880 1619 1012 1672 utile
1035 1619 1125 1682 sit,
1156 1621 1238 1673 vel
1269 1638 1429 1687 quem
1462 1623 1526 1672 ad
1558 1622 1716 1675 linem
1751 1625 1935 1676 tendat
1974 1625 2090 1692 ejus

506 1709 716 1761 utilitas
743 1750 758 1769 ,
788 1721 882 1761 aut
907 1711 950 1763 si
980 1711 1184 1778 aliquid
1233 1714 1417 1766 utilius
1461 1713 1764 1781 ﬁguraliter
1794 1715 2083 1768 indicetur.

2205 517 2384 570 vantlu
2432 516 2712 570 distinctio
2761 526 2885 569 est:
2919 516 3046 584 quia
3091 516 3232 569 sicut
3278 517 3330 569 in
3376 515 3461 568 his
3519 515 3654 570 locis
3684 517 3776 571 ubi

2202 609 2401 662 dicitur
2432 625 2446 661 :
2490 608 2769 677 «Loquere
2800 609 2865 662 ad
2900 610 3086 662 Aaron
3123 609 3166 639 ⁶⁹
3189 624 3239 672 ς»
3274 616 3330 661 et
3360 607 3487 661 alibi
3518 607 3605 663 7°:
3637 607 3776 662 «Lo-

2198 715 2366 769 quere
2399 701 2466 753 ad
2503 699 2644 752 filios
2683 701 2898 762 Aaron;
2930 718 2948 752 ι
3005 710 3058 752 et
3084 699 3214 753 alibi
3248 700 3292 730 ⁷¹
3324 714 3336 749 :
3375 718 3392 750 «
3420 698 3668 769 Loquere
3708 701 3775 753 ad

2199 793 2441 856 Levitas,
2467 800 2520 846 et
2545 791 2694 844 dices
2717 791 2783 843 ad
2816 806 2964 850 eos.»
3000 802 3212 845 certum
3244 799 3327 845 est
3355 806 3462 845 non
3492 792 3777 860 subjacere

2200 885 2442 953 reliquos
2493 883 2630 937 ﬁlios
2679 882 2846 937 Israel
2910 882 2994 936 bis
3057 882 3296 953 legibus,
3346 897 3466 951 qua:
3511 881 3595 936 vel
3652 881 3775 935 ﬁliis

2196 978 2400 1041 Aaron,
2422 977 2507 1032 vel
2539 975 2764 1038 Levitis,
2798 975 2882 1029 vel
2910 975 3009 1044 ipsi
3035 976 3218 1029 Aaron
3245 974 3771 1044 promulgattesunt:

2197 1071 2271 1124 ita
2300 1069 2464 1123 etiam
2496 1083 2615 1136 qute
2642 1067 2769 1121 ﬁliis
2801 1066 2966 1120 Israel
3003 1065 3286 1133 jubentur,
3323 1081 3424 1120 nec
3459 1065 3774 1134 alienigente

2197 1157 2458 1208 memoria
2488 1155 2593 1208 ulla
2627 1154 2719 1217 lit,
2755 1169 2861 1207 non
2905 1163 2989 1208 est
3023 1156 3321 1220 putandum
3373 1168 3664 1208 commune
3719 1154 3771 1207 in

2194 1245 2280 1299 his
2326 1260 2446 1299 esse
2493 1246 2848 1307 mandatum,
2901 1244 2984 1298 vel
3027 1259 3372 1299 communem
3417 1244 3532 1297 ﬁeri
3572 1243 3768 1312 legem,

2194 1341 2283 1392 ubi
2319 1338 2700 1408 appellationis
2743 1337 2976 1391 habetur
3023 1339 3291 1406 exceptio.
3349 1336 3531 1392 Pauca
3591 1345 3768 1389 tamen

2193 1433 2258 1485 ad
2289 1433 2483 1486 horum
2534 1431 2912 1500 probationem
2963 1430 3274 1484 testimonia
3307 1430 3660 1484 adhibeamus
3702 1443 3772 1480 ex

2191 1525 2462 1593 pluribus,
2500 1538 2596 1592 per
2626 1538 2747 1592 qua:
2791 1525 3157 1578 necessariam
3203 1539 3323 1578 esse
3381 1522 3464 1574 vel
3509 1521 3771 1590 adjectio—

2192 1632 2352 1678 nem,
2385 1615 2468 1668 vel
2501 1617 2884 1684 exceptionem
2940 1614 3248 1680 hujusmodi
3295 1615 3571 1668 nominum
3617 1629 3770 1668 com-

2193 1709 2506 1776 probemus.
2535 1708 2589 1760 In
2617 1708 2805 1776 primis
2827 1707 3052 1762 Levitici
3079 1707 3322 1777 partibus
3341 1705 3504 1777 492
3528 1707 3595 1759 ad
3623 1707 3769 1760 solos

507 1797 675 1863 Igitur
709 1811 1022 1866 repetentes
1056 1777 1116 1856 ea
1154 1819 1275 1872 quae
1309 1820 1372 1856 ex
1421 1777 1536 1873 lege
1571 1806 1897 1874 protulimus
1933 1807 2087 1860 testi-
2121 1777 2162 1830 Β
2193 1801 2336 1854 ﬁlios
2392 1799 2558 1854 Israel
2620 1800 2796 1854 fertur
2848 1799 3156 1870 hujusmodi
3211 1799 3294 1852 lex
3328 1817 3341 1852 :
3389 1817 3407 1848 «
3439 1797 3709 1865 Loquere,
3745 1818 3763 1850 ι

505 1889 709 1953 monia,
740 1891 1098 1947 discutiamus
1121 1897 1406 1955 attentius.
1459 1906 1714 1951 utrumne
1743 1899 1841 1951 soli
1869 1896 2087 1952 Judteo-

504 1997 622 2034 rum
665 1985 808 2051 genti
863 1985 1112 2039 videatur
1168 1986 1472 2053 Imjusmodi
1529 1989 1814 2042 imminere
1866 1991 2088 2043 manda-

502 2083 638 2133 tutu,
677 2084 837 2142 anet
887 2090 1080 2129 omnes
1129 2079 1222 2145 qui
1279 2094 1346 2131 ex
1404 2080 1658 2148 gentibus
1701 2081 2080 2144 crediderunt,

501 2179 655 2231 :Pqtta
691 2175 840 2220 sorte
880 2169 1237 2239 constringat.
1278 2170 1596 2224 Intucamur
1625 2188 1756 2241 ergo
1789 2173 1919 2226 illud
1941 2174 2086 2243 quod

431 2280 446 2287 υ
502 2258 568 2310 ad
630 2259 907 2313 Atrabam
961 2260 1210 2315 defertur
1267 2267 1570 2330 oraculum,
1625 2281 1732 2334 quo
1770 2267 1957 2335 jussus
2002 2278 2086 2322 est

498 2353 935 2408 circumcisiouis
975 2365 1294 2410 testamenta
1350 2373 1590 2412 servare.
1654 2378 1673 2411 «
1706 2359 1784 2413 Tu
1809 2401 1825 2425 ,
1864 2362 2037 2430 inquit
2067 2402 2083 2426 ,

503 2452 885 2495 testamentum
919 2460 1098 2497 meum
1123 2447 1365 2499 servabis
1385 2489 1400 2511 ,
1434 2458 1488 2502 et
1517 2464 1680 2503 omne
1709 2466 1895 2506 semen
1935 2462 2082 2506 ttuun

499 2546 619 2602 post
648 2544 700 2588 te
723 2551 818 2603 per
841 2539 1220 2605 generationes
1249 2555 1399 2593 suas.
1452 2539 1517 2592 Et
1549 2542 1649 2595 hoc
1677 2553 1760 2597 est
1793 2553 2084 2598 testamen-

501 2635 613 2677 tum
663 2628 804 2694 quod
841 2630 1078 2697 disposui
1114 2632 1256 2684 inter
1302 2648 1422 2694 me,
1485 2643 1539 2686 et
1592 2644 1665 2697 te,
1700 2644 1754 2687 et
1809 2635 1974 2702 ipsos,
2027 2645 2085 2690 ιιι

500 2719 932 2772 circumcidatur
959 2736 1119 2774 OIIIIIC
1146 2724 1504 2776 masculinum
1532 2739 1742 2788 eorum,
1770 2735 1825 2778 et
1852 2726 2084 2778 circum-

498 2808 685 2861 cidaut
717 2825 935 2864 carnem
964 2814 1215 2879 praeputii
1243 2815 1349 2878 sui,
1387 2824 1444 2868 ut
1472 2817 1542 2869 sit
1571 2817 1622 2869 in
1662 2818 1876 2885 signum
1915 2826 2084 2871 testa-

501 2901 670 2954 menti
705 2903 846 2955 inter
875 2919 981 2966 me,
1011 2914 1064 2957 et
1096 2906 1271 2973 ipsos;
1303 2917 1356 2960 ct
1380 2907 1559 2961 oumis
1594 2909 1866 2962 masculus
1889 2919 2082 2966 octava

498 2991 586 3046 (lie
619 2993 1050 3048 circumcidatur
1089 2996 1157 3050 “.
1191 3017 1207 3047 ι
1259 2998 1408 3064 Quos
1455 3015 1586 3053 sane
1625 3000 1740 3069 (5i)
1801 3001 1963 3055 etiam
2012 3017 2080 3057 ex

2192 1897 2367 1966 inquit
2402 1897 2688 1959 Dominus,
2722 1895 2889 1950 «ﬁliis
2943 1895 3132 1961 Israel,
3187 1904 3242 1949 et
3289 1895 3444 1950 dices
3499 1895 3566 1948 ad
3624 1910 3764 1950 eos:

2190 1987 2362 2043 IIomo
2393 2005 2458 2042 ex
2491 1988 2646 2043 vobis
2665 1989 2709 2044 si
2733 1987 2926 2043 offerat
2946 1987 3084 2040 dona
3107 1987 3215 2042 Deo
3242 2003 3304 2040 ex
3327 1988 3612 2056 pecoribus
3644 1987 3717 2053 τ’,
3743 2005 3761 2038 ι

2189 2089 2242 2134 et
2268 2090 2502 2148 caetera;
2529 2089 2584 2135 et
2616 2083 2812 2135 iterum
2847 2098 2860 2134 :
2903 2099 2922 2130 «
2948 2079 3014 2133 Et
3045 2081 3255 2133 locutus
3283 2089 3368 2132 est
3401 2081 3664 2134 Dominus
3699 2080 3767 2133 ad

2189 2173 2414 2243 Moysen
2471 2174 2704 2228 dicens:
2740 2173 2990 2242 Loquere
3051 2171 3176 2225 filiis
3222 2170 3384 2225 Israel
3423 2189 3436 2224 :
3471 2171 3666 2224 Anima
3720 2172 3766 2225 si

2191 2267 2503 2335 peccaverit
2535 2281 2638 2319 non
2683 2265 2964 2341 voluntate
2998 2263 3064 2325 ⁷³,
3095 2281 3114 2314 ι
3156 2272 3210 2317 et
3257 2271 3476 2316 caetera.
3529 2259 3655 2316 Ilaec
3713 2270 3770 2315 et

2189 2355 2496 2422 hujusmodi
2527 2357 2650 2425 quis
2677 2357 2889 2410 dubitet
2923 2356 3068 2424 quod
3107 2355 3175 2408 ad
3223 2355 3369 2408 solos
3423 2353 3564 2408 ﬁlios
3598 2351 3762 2407 Israel

2187 2449 2553 2503 mandentur?
2585 2448 2704 2502 Alia
2737 2464 2869 2502 vero
2914 2463 3020 2501 non
3059 2447 3226 2516 ipsis,
3271 2447 3364 2501 sed
3413 2447 3593 2499 Aaron
3624 2485 3640 2511 ,
3680 2445 3764 2500 vel

2186 2539 2316 2595 ﬁliis
2344 2541 2482 2607 ejus,
2516 2549 2574 2594 ut
2606 2541 2738 2592 dicit
2778 2540 2828 2592 in
2858 2537 3320 2606 consequentibus
3353 2554 3367 2590 :
3407 2555 3424 2587 «
3454 2536 3518 2590 Et
3551 2536 3766 2590 locutus

2186 2643 2268 2686 est
2301 2631 2560 2684 Dominus
2587 2631 2653 2683 ad
2689 2629 2908 2699 Moysen
2943 2629 3133 2683 dicens
3167 2645 3181 2682 :
3217 2626 3458 2696 Praecipe
3493 2626 3674 2681 Aaron
3710 2637 3766 2682 et

2187 2722 2314 2776 ﬁliis
2338 2722 2454 2790 ejus
2483 2722 2670 2775 dicens
2697 2735 2712 2773 :
2746 2719 2871 2774 “th
2899 2730 2982 2773 est
3007 2719 3092 2773 lex
3127 2718 3570 2773 holocauswrum
3600 2720 3646 2750 ⁷³
3673 2761 3689 2785 ,
3739 2739 3757 2769 ι

2185 2824 2290 2867 etc.
2320 2830 2334 2877 ;
2373 2821 2427 2865 et
2459 2826 2671 2863 rursum
2709 2826 2722 2860 :
2764 2809 3037 2863 «Locutus
3059 2820 3142 2861 est
3176 2809 3436 2862 Dominus
3465 2811 3531 2862 ad
3546 2807 3761 2879 Moysen

2185 2908 2412 2960 dicens:
2453 2903 2701 2972 Loquere
2738 2903 2918 2956 Aaron
2957 2913 3012 2956 et
3045 2901 3171 2956 ﬁliis
3204 2902 3322 2972 ejus
3363 2902 3547 2957 dicens
3585 2920 3598 2957 :
3639 2901 3764 2957 Ilaec

2184 3009 2270 3054 est
2329 2999 2413 3052 lex
2469 2996 2677 3066 peceati
2717 2994 2814 3049 :Iu
2867 2995 2986 3050 loco
3035 3011 3143 3063 quo
3183 2994 3550 3064 jugulareriut
3592 2995 3750 3049 bolo-

498 3082 844 3150 alienigenis,
875 3087 1059 3152 idest,
1092 3089 1181 3156 qui
1223 3091 1444 3143 minime
1488 3106 1553 3144 ex
1599 3092 1872 3145 Abraham
1899 3095 2074 3163 stirpe
2109 3116 2150 3172 ρ
2185 3103 2456 3150 caustmu,
2493 3090 2564 3142 ibi
2587 3088 2916 3158 jugulabunt
2962 3102 3060 3155 pro
3099 3096 3328 3155 peccato
3371 3086 3425 3139 in
3457 3098 3754 3155 conspectu

497 3176 775 3241 dicuntur,
803 3178 1121 3232 circumcidi
1150 3180 1280 3234 velit
1327 3180 1465 3250 (5‘2).
1513 3186 1800 3238 manifeste
1837 3201 2082 3254 pronun-

496 3269 629 3322 ciat.
681 3270 771 3322 Ait
818 3286 1098 3337 namque:
1137 3273 1504 3327 «VernaCulus
1541 3287 1700 3340 tuus,
1751 3289 1806 3332 et
1850 3283 2078 3347 pecunia

494 3371 711 3429 emptus
743 3362 812 3414 ab
841 3363 1095 3417 omnibus
1118 3364 1243 3418 ﬁliis
1271 3367 1722 3436 alienigenarum,
1755 3372 1844 3437 qui
1867 3385 1973 3424 non
1999 3381 2082 3425 est

491 3467 560 3504 ex
593 3451 802 3506 semine
836 3463 960 3514 tuo,
999 3454 1420 3510 circumcisione
1468 3459 1896 3514 circmncidatur
1943 3462 2008 3515 ⁸⁵.
2054 3481 2073 3511 ι

493 3543 769 3613 Nusquam
799 3543 927 3597 fecit
957 3545 1235 3614 proselyti,
1261 3547 1311 3600 id
1341 3558 1425 3602 est
1447 3549 1691 3610 advenze,
1718 3553 2072 3614 mentionem;

491 3635 586 3689 sed
623 3637 976 3690 vernaculum
1007 3652 1246 3702 servum,
1270 3638 1515 3706 profecto
1540 3642 1716 3708 gentis
1746 3642 2076 3707 illius,domi

491 3737 698 3786 natum,
722 3728 806 3780 vel
831 3729 994 3782 etiarn
1022 3731 1196 3797 pretio
1229 3741 1532 3785 mercatum
1557 3735 1870 3787 circumcidi
1899 3733 2072 3802 jubet;

495 3837 601 3876 non
628 3822 882 3886 liberum,
918 3839 1024 3876 nou
1066 3825 1336 3894 hospitem
1377 3827 1735 3894 constringit,
1771 3844 1874 3880 non
1909 3829 2074 3883 adve-

491 3926 640 3965 nam.
683 3911 1103 3968 Perscrutemur
1159 3932 1306 3971 nunc
1363 3918 1528 3969 etiam
1585 3916 1817 3972 Levitici
1874 3918 2071 3988 legem,

491 4007 947 4074 quomodoetiam
976 4008 1140 4077 Moysi
1171 4010 1450 4078 przecipiat
1482 4011 1619 4064 Deus
1648 4013 1726 4063 “:
1761 4010 2067 4079 «Loquere,

490 4098 703 4166 inquit,
761 4099 887 4151 filiis
952 4097 1137 4162 Israel,
1197 4110 1250 4154 et
1287 4102 1434 4154 dices
1491 4104 1556 4156 ad
1608 4119 1701 4156 eus
1737 4120 1752 4156 :
1787 4103 1981 4158 Mulier
2027 4105 2070 4158 si

488 4190 792 4258 susceperit
822 4205 1009 4244 semen
1031 4230 1046 4254 ,
1078 4201 1129 4244 ct
1153 4194 1427 4259 pepererit
1454 4197 1809 4249 masculum.»
1853 4195 1920 4250 Et
1949 4207 2072 4265 post

487 4281 764 4348 aliquanta
794 4298 809 4334 ε
845 4301 862 4332 «
881 4281 1106 4346 Octava,
1141 4284 1336 4351 inquit,
1363 4286 1451 4339 die
1473 4287 1822 4342 circumcidet
1846 4303 2069 4343 carnem

486 4373 735 4438 prteputii
767 4372 886 4437 ejus
918 4374 981 4424 ⁸⁷.
1021 4392 1039 4424 ι
1096 4375 1308 4430 Intuere
1333 4386 1386 4430 et
1411 4378 1498 4431 hic
1522 4380 1972 4446 quemadmodum
2003 4382 2071 4434 de

2187 3183 2395 3238 Domini
2429 3183 2474 3212 ⁷⁵
2503 3197 2516 3245 ;
2542 3200 2561 3233 ι
2591 3189 2645 3233 et
2671 3181 2870 3233 iterum
2921 3181 2987 3231 ad
3019 3180 3200 3232 Aaron
3230 3197 3243 3232 :
3282 3178 3534 3243 «Vinum,
3566 3179 3758 3248 inquit,

2182 3285 2239 3327 et
2269 3275 2501 3326 siceram
2532 3285 2636 3322 non
2679 3269 2875 3322 bihctis
2926 3278 2981 3322 ιιι
3021 3276 3076 3321 et
3121 3267 3214 3320 ﬁlii
3268 3269 3342 3321 ttti
3387 3278 3596 3332 tecum,
3636 3285 3757 3322 cum

2182 3364 2509 3418 iutroieritis
2549 3360 2603 3414 in
2671 3359 3081 3413 tabernaculum
3137 3359 3432 3414 testimonii
3478 3360 3587 3413 ⁷⁸.»
3641 3360 3758 3414 Alia

2181 3468 2367 3510 autem
2401 3467 2579 3521 neque
2605 3453 2813 3516 Aaron,
2853 3466 3029 3520 neque
3055 3450 3178 3505 ﬁliis
3212 3451 3380 3505 Israel
3411 3452 3758 3516 mandantur,

2181 3552 2278 3606 sed
2304 3549 2616 3604 senioribus
2642 3544 2810 3600 Israel
2841 3545 2942 3598 hoc
2972 3547 3130 3598 modo
3167 3562 3181 3597 :
3216 3543 3525 3614 «Loquere,
3559 3545 3755 3615 inquit,

2180 3645 2247 3698 ad
2269 3643 2511 3698 seniores
2527 3639 2697 3694 Israel
2729 3638 2915 3692 dicens
2944 3655 2956 3691 :
2983 3637 3230 3706 Accipite
3255 3640 3468 3694 hircum
3487 3654 3551 3693 ex
3579 3639 3758 3707 capris

2179 3752 2276 3805 pro
2297 3743 2517 3805 peccato
2541 3733 2609 3796 ",
2640 3751 2662 3784 ι
2695 3740 2804 3784 etc.
2850 3727 3102 3798 Nunquid
3147 3731 3428 3785 dubitatur
3470 3731 3612 3800 quod
3639 3734 3754 3784 lucc

2178 3828 2263 3882 lex
2293 3827 2422 3882 solis
2453 3823 2763 3879 senioribus
2800 3822 3030 3876 ﬁliorum
3062 3823 3230 3879 Israel
3261 3823 3612 3892 prtecipitur?
3646 3821 3751 3876 Sed

2174 3932 2233 3976 et
2280 3925 2346 3976 de
2402 3921 2617 3974 mundis
2663 3929 2720 3973 et
2774 3918 3071 3974 immundis
3117 3918 3447 3972 animalibus
3502 3918 3755 3988 specialis

2177 4014 2548 4069 nihilominus
2566 4012 2650 4065 lex
2676 4012 2806 4065 ﬁliis
2837 4009 2999 4064 Israel
3023 4009 3138 4064 dari
3162 4009 3394 4062 videtur.
3421 4008 3496 4062 Ita
3517 4022 3755 4077 namque

2175 4111 2439 4175 scriptum
2469 4116 2554 4161 est
2576 4106 2658 4159 ηε
2691 4103 2788 4158 (Et
2813 4103 3027 4156 locutus
3059 4111 3139 4155 est
3167 4101 3426 4154 Dominus
3442 4103 3507 4154 ad
3534 4100 3748 4169 Moysen

2174 4215 2229 4255 et
2267 4202 2452 4255 Aaron
2498 4200 2728 4254 dicens:
2763 4194 3072 4264 Loquimini
3109 4193 3237 4247 ﬁliis
3272 4192 3472 4254 Israel,
3501 4191 3748 4244 dicentes

2173 4294 2241 4346 ad
2275 4308 2369 4346 eos
2402 4309 2413 4344 :
2443 4290 2568 4346 Haec
2594 4301 2722 4346 sunt
2749 4289 3006 4343 animalia
3041 4303 3163 4357 qure
3199 4284 3619 4350 manducabitis,
3644 4303 3662 4336 ι
3697 4293 3754 4338 et

2173 4386 2402 4453 reliqua.
2435 4383 2526 4438 Sic
2557 4399 2687 4450 ergo
2709 4382 2877 4434 etiam
2905 4381 2970 4434 de
3004 4378 3446 4440 circumcisione,
3472 4375 3555 4430 vel
3579 4375 3631 4429 in
3663 4375 3752 4429 his

488 4466 606 4534 lege
639 4465 1074 4521 circumcisiouis
1111 4479 1320 4521 tantmn
1369 4472 1434 4521 ad
1475 4471 1616 4523 ﬁlios
1647 4468 1810 4526 Israel
1849 4471 2066 4542 Moyses
2099 4475 2143 4531 Ι)
2181 4491 2298 4542 quae
2329 4475 2394 4525 ad
2431 4473 2706 4526 Abraham
2749 4484 3012 4537 responsa
3048 4478 3176 4523 sunt
3220 4467 3355 4539 (55),
3418 4467 3504 4520 vel
3549 4468 3604 4522 iu
3665 4467 3750 4522 his

485 4559 630 4628 loqui
671 4559 914 4626 jubelur,
953 4567 1008 4612 et
1047 4560 1480 4628 alienigenarum
1525 4562 1670 4615 nulla
1720 4563 1777 4616 ﬁt
1839 4565 2062 4618 mentio.

485 4650 541 4704 Si
574 4652 718 4703 enim
747 4652 1022 4705 credimus
1048 4668 1143 4720 per
1172 4653 1411 4705 divimun
1443 4652 1703 4722 Spiritqu
1721 4655 1922 4723 scripta
1944 4670 2066 4710 esse

483 4758 604 4811 quae
628 4743 935 4797 inferuntur
972 4745 1021 4796 iu
1052 4745 1204 4814 lege;
1231 4747 1416 4814 utique
1438 4762 1542 4799 non
1577 4747 1779 4801 frustra
1813 4759 1907 4802 aut
1935 4750 2060 4802 addi

482 4837 684 4904 aliquid
727 4838 1024 4906 putandum
1069 4847 1174 4897 est,
1229 4849 1322 4891 aut
1350 4837 1498 4891 sileri
1543 4849 1638 4892 :ct
1690 4840 1812 4893 ideo
1851 4855 1972 4892 cum
2008 4841 2062 4893 in

480 4930 804 4996 quibusdam
864 4929 1136 4984 mandatis
1193 4929 1393 4984 dicitur
1432 4945 1445 4982 :
1483 4951 1501 4982 «
1531 4931 1781 4999 Loquere
1813 4933 1877 4983 ad
1925 4931 2062 4986 filios

483 5018 664 5081 Israel,
689 5028 743 5072 et
764 5019 912 5073 dices
948 5020 1014 5072 ad
1049 5035 1143 5072 eos
1168 5020 1234 5084 ⁸⁸,
1265 5039 1283 5071 ι
1323 5022 1374 5074 in
1400 5022 1724 5090 quibusdam
1749 5038 1876 5076 vero
1905 5024 2058 5076 addi-

483 5123 588 5175 tur,
618 5122 674 5164 ιιι
709 5129 813 5166 non
848 5113 1021 5166 solum
1058 5113 1180 5166 filiis
1207 5114 1390 5176 Israel,
1432 5117 1522 5169 sed
1553 5127 1610 5169 et
1650 5116 1963 5186 proselytis,
2007 5118 2058 5169 id

545 5207 590 5239 ⁶³
610 5205 764 5260 Joan.
794 5223 890 5268 vn,
916 5207 1005 5267 22,
1043 5208 1134 5260 9.5.
1211 5209 1256 5238 ⁸⁵
1282 5207 1418 5264 Gen.
1447 5225 1578 5271 xvn,
1609 5210 1766 5274 9,I‘2.
1845 5212 1892 5242 °°
1927 5211 2058 5264 ibid.

479 5279 521 5309 ⁶⁹
560 5279 730 5334 Exod.
770 5294 884 5341 vm,
916 5280 1002 5330 46.
1076 5279 1121 5308 ⁷ο
1161 5275 1318 5330 Νιιιιι.
1373 5295 1446 5343 vt,
1492 5281 1582 5332 9.5.

477 5364 548 5470 ξοδ
579 5348 716 5470 £15.29.
793 5350 838 5380 τι
868 5349 996 5403 ibid.
1025 5347 1119 5412 at,
1173 5348 1264 5401 25.
1342 5349 1539 5404 "Lev.
1584 5366 1639 5414 x,
1673 5351 1727 5405 9.

549 5513 660 5578 (5I)
695 5531 714 5564 «
742 5512 891 5580 Quos
918 5529 1103 5568 sanea
1138 5512 1268 5567 Mss.
1315 5514 1516 5581 Regius
1559 5530 1614 5566 ιι.
1651 5513 1815 5577 1659,
1860 5531 1878 5564 ι
1913 5514 2058 5583 quod

479 5598 676 5654 s:me;r
711 5584 891 5636 caeteri
921 5599 1046 5637 vero
1076 5599 1188 5638 mss
1238 5593 1294 5638 et
1315 5585 1467 5648 editi,
1499 5599 1664 5654 «quos
1682 5599 1838 5650 sane,
1861 5603 1879 5636 ι
1915 5585 2062 5654 quod

484 5653 688 5704 rectius
720 5655 956 5709 videtur.

554 5721 663 5793 (5:2)
698 5740 715 5773 «
743 5722 1073 5780 Circumcidi
1094 5725 1238 5780 velit.
1265 5744 1284 5778 ι
1330 5725 1407 5782 Ita
1447 5725 1578 5782 editi
1606 5734 1659 5781 et
1687 5740 1815 5782 mss.
1849 5726 2055 5796 plures.

1659 5282 1702 5310 τι
1761 5280 1919 5334 Νιιιιι.
1970 5281 2220 5344 xvttt,‘26.

1825 5352 1865 5382 ⁷⁷
1895 5350 2022 5406 Lev.
2053 5367 2132 5416 ιι,
2168 5351 2224 5404 5.

2175 4584 2296 4639 quae
2323 4568 2376 4620 iu
2429 4563 2672 4619 Levitico
2710 4563 3082 4625 continentur,
3137 4576 3242 4615 non
3283 4561 3423 4614 alius
3461 4561 3748 4628 quisquam

2173 4658 2620 4716 circumcisionis
2673 4657 2788 4726 lege
2843 4655 3258 4724 constringitur,
3314 4652 3418 4706 nisi
3453 4653 3526 4706 sit
3561 4653 3645 4708 vel
3683 4669 3752 4707 ex

2171 4752 2450 4806 Abraham
2477 4751 2742 4818 originem
2779 4746 3024 4810 trahens,
3051 4746 3133 4800 vel
3172 4745 3495 4798 vernaculus
3534 4761 3747 4810 eorum,

2172 4851 2266 4894 aut
2295 4841 2469 4908 pretio
2495 4848 2733 4906 emptus.
2778 4835 2871 4891 \‘is
2917 4845 3098 4889 autem
3139 4834 3362 4897 videre,
3405 4835 3531 4903 quia
3576 4835 3749 4888 sicubi

2171 4932 2284 4985 vult
2309 4930 2474 4984 etiam
2517 4929 2850 4997 alienigenas
2881 4943 2984 4980 una
3015 4927 3314 4994 eademque
3337 4925 3454 4992 lege
3474 4927 3751 4989 conuecti,

2168 5021 2545 5090 signiﬁcanter
2587 5018 2887 5072 ostendat?
2922 5015 3062 5071 Audi
3099 5017 3226 5084 quid
3257 5018 3518 5082 scriptum
3548 5016 3618 5068 sit
3652 5017 3695 5047 "
3733 5035 3747 5070 :

2172 5114 2269 5167 «Et
2300 5112 2512 5166 locutus
2533 5119 2638 5174 est,
2672 5109 2872 5176 inquit,
2909 5107 3171 5162 Dominus
3199 5108 3265 5161 ad
3284 5105 3507 5174 Moysen
3539 5103 3748 5159 dicens:

2164 5211 2208 5242 ⁸⁸
2241 5208 2384 5280 Lev._
2420 5223 2516 5270 xu,
2542 5206 2597 5259 2.
2657 5275 2678 5280 Α
2707 5204 2756 5235 ⁸⁷
2962 5202 3016 5280 5..
3093 5201 3138 5232 ⁸⁸
3162 5200 3432 5280 Νιιηι.Ανι,
3469 5199 3588 5280 get
3616 5201 3744 5280 alib.

2297 5269 2540 5332 "Levit.
2585 5275 2708 5341 t,2.
2783 5275 2828 5305 ⁷³
2877 5273 3050 5328 Levit.
3108 5287 3184 5333 tv,
3225 5272 3275 5332 I,
3327 5271 3381 5325 2.
3484 5271 3531 5302 ’δ
3567 5269 3745 5323 Ιιθιιι.

2370 5351 2415 5380 ⁷⁸
2443 5348 2616 5402 Levit.
2660 5362 2738 5409 ιι,
2789 5347 2841 5410 I,
2878 5350 2932 5398 2.
3053 5344 3097 5375 ⁷⁸
3150 5342 3326 5397 Levit.
3371 5355 3508 5407 xvn,

3575 5341 3628 5406 I,
3689 5342 3745 5406 ἓ,

2169 5512 2396 5578 Quidam
2433 5521 2632 5575 tamen,
2665 5525 2971 5578 perperam,
3009 5527 3027 5559 «
3052 5508 3368 5578 circumcidi
3397 5509 3557 5564 velle.
3581 5527 3600 5560 ι

2240 5584 2352 5652 (55)
2391 5581 2516 5636 «Vel
2547 5583 2600 5634 in
2635 5576 2720 5634 his
2751 5576 2871 5650 qua:
2889 5581 2953 5652 aAd
2974 5576 3248 5652 Abraham
3263 5595 3518 5649 responsa
3537 5586 3688 5636 sunt.
3715 5598 3734 5632 ι

2169 5649 2296 5709 Haec
2334 5649 2528 5710 desunt
2555 5654 2608 5706 in
2638 5649 2873 5706 editione
2894 5649 3254 5705 Gencbrardt.
