4170 6378
410 394 515 450 905

1360 390 1718 449 COI‘IMENT.
1763 390 1830 446 IN
1870 389 2086 448 EPIST.
2130 389 2222 445 AD
2263 389 2430 447 ROM.
2470 389 2598 447 LIB.
2634 391 2702 447 II.

3560 397 3666 455 900

399 508 644 579 Loquere
672 509 738 564 ad
781 509 988 576 Aaron,
1025 517 1080 565 et
1102 509 1170 564 ad
1202 508 1340 564 ﬁlius
1376 509 1497 578 ejus
1520 547 1536 570 ,
1590 519 1645 563 et
1680 511 1747 564 ad
1793 523 1986 565 omnes
2014 512 2059 568 Α
2089 506 2255 563 faciat
2285 508 2460 577 jubet,
2498 510 2593 564 sed
2643 509 2689 564 si
2742 507 2884 564 forte
2931 507 3154 578 fecerit,
3185 513 3458 581 quomodo
3488 512 3668 570 facere

400 601 537 656 ﬁlios
563 602 760 667 Israel,
786 614 840 658 et
872 604 1026 658 dices
1052 603 1118 656 ad
1145 618 1240 658 eos
1273 620 1288 656 :
1329 601 1504 657 Ilomo
1532 619 1598 656 ex
1635 603 1761 658 filiis
1796 603 1979 669 Israel,

399 693 483 747 vel
533 709 599 749 ex
647 696 874 751 advenis
923 695 1014 764 qui
1075 694 1285 750 fuerint
1339 696 1391 752 in
1442 696 1632 760 vobis,
1671 697 1982 765 quicunque

400 787 812 841 manducaverit
845 803 1062 844 omnem
1097 788 1442 859 sanguinem,
1473 797 1708 842 statuam
1739 789 1978 843 animam

401 894 577 933 meam
616 895 780 950 super
811 883 1054 935 animam
1083 881 1229 936 illam
1259 896 1380 951 quae
1408 881 1820 936 manducaverit
1851 898 1980 938 san~

397 970 640 1038 guinem,
688 981 744 1026 et
775 972 1085 1042 disperdam
1137 988 1256 1028 eam
1309 973 1379 1028 de
1429 973 1628 1043 popqu
1679 988 1800 1039 suo,
1849 976 1978 1045 quia

396 1063 578 1116 anima
606 1065 785 1121 omnis
811 1068 994 1121 carnis
1029 1068 1252 1138 sanguis
1295 1065 1438 1121 illius
1469 1077 1553 1122 est
1583 1085 1597 1122 :
1631 1076 1680 1123 el
1714 1083 1814 1139 ego
1855 1069 1975 1124 dedi

395 1156 553 1211 vobis
576 1157 749 1223 illum,
783 1168 842 1213 ut
873 1175 938 1214 ex
975 1160 1094 1228 ipso
1118 1175 1283 1231 supra
1316 1161 1494 1216 altare
1527 1162 1854 1230 propitietur
1879 1178 1977 1232 pro

397 1249 682 1306 animabus
714 1253 930 1317 vestris,
966 1252 1093 1321 quia
1127 1253 1352 1323 sanguis
1371 1268 1471 1325 pro
1503 1253 1683 1308 anima
1713 1255 1974 1325 expiabit.

395 1341 690 1413 Propterea
719 1346 829 1400 dixi
873 1346 999 1401 ﬁliis
1030 1345 1194 1401 Israel
1221 1361 1236 1400 :
1265 1345 1456 1402 Omnis
1501 1347 1682 1402 anima
1721 1363 1789 1403 ex
1821 1349 1978 1405 vobis

395 1451 503 1488 non
537 1435 887 1491 manducabit
909 1437 1231 1508 sanguinem
1257 1479 1274 1502 ,
1331 1448 1386 1493 et
1412 1439 1625 1495 advena
1662 1441 1976 1512 quicunque

396 1524 557 1581 fuerit
588 1528 641 1582 in
676 1529 829 1584 vobis
859 1545 965 1584 non
989 1529 1339 1584 manducabit
1361 1532 1704 1602 sanguinem.
1739 1551 1760 1586 ι
1810 1532 1975 1590 Vides

394 1633 526 1690 ergo
574 1621 716 1676 hanc
757 1623 825 1678 de
868 1625 1254 1680 observatione
1287 1628 1569 1697 sanguinis
1609 1626 1817 1698 legem,
1855 1643 1976 1699 quae

394 1715 758 1770 communiter
784 1725 837 1771 et
871 1716 1002 1772 ﬁliis
1044 1715 1248 1780 Israel,
1301 1728 1357 1772 et
1416 1718 1644 1773 advenis
1685 1721 1808 1773 data
1866 1729 1972 1782 est,

393 1804 671 1860 observari
693 1808 858 1862 etiam
888 1825 918 1862 a
949 1810 1110 1864 nobis
1141 1809 1230 1879 qui
1266 1825 1334 1864 ex
1385 1810 1637 1879 gentibus
1663 1825 1760 1878 per
1787 1808 1971 1864 .Iesum

395 1894 678 1953 Christum
727 1899 1004 1953 credimus
1059 1899 1188 1954 Deo.
1239 1898 1347 1954 Nos
1388 1901 1531 1954 enim
1581 1900 1886 1970 proselytos
1920 1909 1974 1954 et

396 1987 636 2043 advenas
655 1988 940 2057 Scriptura
961 1991 1250 2046 nominare
1275 1992 1579 2058 consuevit,
1608 2007 1730 2048 cum
1751 1992 1882 2048 dicit
1902 1993 1969 2046 ⁸ος

397 2080 651 2135 «Αᾱνειιει
693 2082 784 2150 qui
807 2091 892 2136 est
919 2082 1032 2152 (δι)
1063 2082 1117 2136 in
1153 2091 1238 2148 te,
1292 2086 1555 2140 ascendet
1578 2099 1742 2154 super
1769 2093 1820 2140 te
1850 2100 1974 2140 sur-

393 2187 552 2239 sum;
600 2181 655 2227 tu
695 2182 880 2228 autem
915 2176 1218 2230 descendes
1275 2175 1553 2230 deorsum.
1588 2175 1706 2246 Ipse
1740 2177 1847 2231 erit
1876 2177 1972 2232 tibi

389 2274 593 2333 caput;
628 2273 682 2319 tu
722 2274 903 2320 autem
935 2267 1046 2320 eris
1066 2266 1188 2334 ejus
1214 2268 1410 2321 cauda.
1437 2286 1456 2319 ι
1493 2265 1617 2322 Ideo
1641 2283 1771 2336 ergo
1802 2269 1970 2336 legem

391 2354 460 2408 de
507 2357 895 2414 observatione
933 2360 1219 2430 sanguinis
1274 2373 1619 2416 communem
1668 2376 1791 2416 cum
1850 2362 1973 2418 ﬁliis

391 2445 556 2500 Israel
584 2448 752 2502 etiam
779 2450 1020 2519 gentium
1053 2453 1298 2521 suscepit
1336 2451 1596 2508 Ecclesia.
1647 2451 1774 2507 Ilaec
1815 2468 1971 2508 naut-

389 2554 494 2608 que
517 2539 590 2593 ita
616 2539 728 2612 (55)
758 2541 1070 2612 intelligens
1101 2545 1154 2597 in
1189 2544 1309 2614 lege
1338 2543 1562 2612 scripta,
1597 2554 1723 2598 tunc
1751 2544 1969 2599 beatum

389 2629 522 2685 illud
553 2632 927 2700 apostolorum
978 2635 1272 2688 concilium
1316 2635 1685 2699 decernebat,
1721 2637 1970 2706 dogmata

387 2731 446 2778 et
474 2725 689 2779 decreta
709 2727 964 2794 gentibus
1002 2727 1280 2792 scribens,
1311 2739 1371 2783 ut
1401 2729 1742 2787 abstinerent
1773 2745 1833 2786 se
1860 2747 1968 2787 non

387 2814 561 2869 solum
618 2815 806 2872 abhis
855 2832 977 2887 quae
1039 2819 1198 2874 idolis
1235 2820 1606 2888 immolantur,
1660 2830 1716 2878 et
1766 2837 1796 2876 a
1853 2822 1970 2878 for-

390 2906 690 2974 nicatione,
722 2909 818 2963 sed
854 2927 883 2962 a
930 2912 1196 2980 sanguine
1235 2923 1291 2967 et
1319 2928 1348 2967 a
1379 2911 1640 2968 sull'ocato
1669 2914 1735 2970 εί.
1766 2916 1966 2972 Verum

386 2995 621 3054 fortasse
657 3001 904 3069 requires
933 3041 948 3067 ,
997 3003 1042 3057 si
1092 3013 1150 3058 ut
1201 3005 1268 3058 de
1304 3006 1586 3076 sanguinis
1619 3007 1967 3066 observantia

385 3088 604 3154 claruit,
669 3091 741 3144 ita
813 3094 976 3146 etiam
1036 3094 1101 3148 de
1153 3094 1419 3151 suil'ocato
1451 3098 1734 3163 doceatur,
1784 3111 1965 3155 utrum

383 3185 694 3239 COIIIIIIUIIIS
735 3185 860 3241 ﬁliis
902 3185 1066 3242 Israel
1120 3204 1243 3244 cum
1296 3190 1522 3246 advenis
1557 3192 1683 3247 data
1733 3193 1806 3248 sit
1851 3194 1963 3260 lex,

2085 600 2280 654 debeat
2309 601 2489 656 docet.
2521 599 2742 657 Certum
2775 611 2856 656 est
2884 602 3052 668 enim,
3084 617 3185 657 nec
3206 603 3442 658 dubitari
3467 614 3664 675 potest,

2081 693 2224 760 quod
2260 691 2386 746 dum
2419 691 2772 765 Jerosolymis
2796 694 3062 764 templum
3089 705 3390 762 constaret,
3431 707 3488 752 et
3537 699 3666 753 reli-

2081 783 2170 853 gio
2251 783 2500 852 patribus
2565 784 2764 840 tradita
2853 785 3112 856 vigeret,
3196 788 3417 858 plurimi
3495 791 3664 846 etiam

2080 873 2325 942 gentium
2366 873 2661 929 veniebant
2721 874 2971 940 adorare,
3008 884 3066 930 et
3114 874 3312 932 offerre
3361 880 3660 934 sacriﬁcia.

2080 963 2187 1018 Sed
2267 967 2368 1020 hoc
2443 965 2704 1036 quoniam
2779 965 2833 1021 in
2899 966 3020 1022 loco
3099 983 3209 1022 uno
3283 974 3662 1026 tantummodo

2081 1055 2196 1111 ﬁeri
2241 1068 2570 1128 prmceptum
2603 1069 2710 1127 est,
2765 1059 2832 1115 de
2877 1075 2988 1130 quo
3011 1061 3179 1117 etiam
3203 1062 3294 1118 hic
3347 1065 3572 1120 mandat
3601 1074 3662 1120 ut

2079 1150 2147 1203 ad
2197 1149 2399 1205 ostium
2450 1150 2785 1207 tabernaculi
2835 1152 3138 1224 jugulanda
3192 1155 3413 1211 victima
3485 1158 3654 1214 dedu-

2077 1249 2234 1294 catur
2271 1238 2408 1313 (37),
2442 1243 2651 1296 tamdiu
2699 1243 2878 1312 potuit
2919 1243 3162 1316 legitime
3215 1247 3366 1312 ﬁeri,
3414 1251 3655 1318 quandin

2075 1341 2251 1387 status
2295 1333 2398 1388 loci
2430 1335 2730 1403 permansit
2769 1336 3077 1393 incolumis.
3126 1337 3369 1410 Denique
3420 1349 3479 1397 et
3531 1341 3657 1397 Sal-

2077 1435 2236 1479 vator
2263 1424 2426 1497 493
2457 1427 2524 1483 ad
2563 1427 2687 1484 illos
2720 1427 2907 1484 decem
2958 1429 3207 1500 leprosos
3241 1447 3378 1503 quos
3415 1435 3648 1489 munda-

2083 1527 2276 1570 verat:
2311 1517 2455 1584 «Ite,
2497 1518 2707 1588 inquit,
2761 1527 2818 1572 et
2867 1519 3142 1576 ostendite
3184 1535 3286 1579 vos
3337 1525 3652 1583 sacerdoti:

2076 1620 2132 1665 et
2158 1609 2354 1665 offerte
2390 1625 2488 1681 pro
2527 1611 2683 1667 vobis
2729 1612 2959 1680 hostias,
3001 1613 3150 1670 sicut
3193 1619 3454 1686 praecepit
3501 1619 3653 1691 Moy-

2077 1717 2166 1757 ses
2183 1701 2262 1768 3‘;
2293 1721 2313 1756 ›
2351 1718 2418 1758 ex
2458 1703 2658 1773 quibus
2687 1718 2811 1760 cum
2854 1719 2994 1761 unus
3033 1720 3320 1776 regressus
3358 1707 3550 1765 fuisset
3583 1712 3652 1766 ad

2080 1790 2423 1849 Salvatorem
2457 1793 2665 1864 gratias
2715 1809 2906 1865 agens,
2956 1798 3032 1852 ait
3071 1797 3374 1855 Dominus:
3414 1817 3434 1852 ι
3463 1800 3655 1860 Nonne

2009 1867 2051 1921 Β
2081 1883 2268 1938 decem
2299 1886 2514 1956 purgati
2554 1885 2720 1942 sunt?
2751 1886 2856 1943 Ubi
2902 1898 3029 1944 sunt
3061 1889 3134 1944 illi
3168 1893 3403 1946 novem?
3428 1892 3542 1950 Non
3569 1905 3656 1952 cst

2077 1976 2330 2032 inventus
2366 1977 2459 2047 qui
2504 1977 2737 2044 rediret,
2789 1989 2846 2034 et
2903 1980 3110 2049 gratias
3161 1991 3348 2052 ageret
3379 1982 3509 2048 Deo,
3549 1986 3654 2042 nisi

2075 2067 2166 2123 hic
2193 2067 2496 2137 alienigena
2515 2069 2584 2123 ⁸⁵.
2614 2089 2634 2123 ι
2674 2069 2750 2124 Ita
2776 2085 2908 2142 ergo
2937 2083 3226 2130 constante
3267 2075 3452 2147 templi
3479 2085 3648 2144 statu,

2075 2162 2244 2216 etiam
2287 2161 2612 2232 alienigenis
2663 2163 2927 2220 efferendi
2967 2165 3232 2222 sacriﬁcia
3283 2168 3456 2226 moris
3493 2170 3646 2230 fuit:

2075 2267 2222 2308 nunc
2261 2268 2392 2309 vero
2429 2254 2558 2324 quid
2586 2257 2898 2324 exposeitur
2931 2257 3000 2312 ab
3041 2258 3286 2325 advenis,
3314 2262 3458 2330 quod
3486 2265 3648 2319 exhi-

2072 2343 2202 2400 bere
2231 2359 2300 2400 ne
2336 2345 2573 2416 propriis
2606 2346 2824 2416 quidem
2853 2347 3154 2406 cultoribus
3192 2351 3361 2408 licet?
3386 2352 3516 2410 Haec
3545 2371 3647 2410 au-

2075 2444 2182 2490 tem
2232 2437 2415 2492 omnia
2464 2438 2610 2494 dicta
2655 2448 2783 2495 sunt
2829 2456 2857 2494 a
2908 2441 3088 2509 nobis,
3133 2453 3192 2498 ut
3233 2447 3649 2506 ostenderemus

2073 2536 2276 2593 quanta
2326 2527 2400 2584 sit
2447 2530 2500 2584 in
2528 2528 2652 2600 lege
2678 2530 2957 2587 distinctio
2987 2535 3394 2602 mandatorum,
3421 2548 3478 2593 et
3504 2553 3649 2608 pra:-

2072 2618 2230 2687 eipue
2271 2629 2330 2675 ut
2376 2620 2446 2676 de
2496 2621 2936 2679 circumcisionis
2995 2635 3265 2696 praecepto
3295 2627 3644 2698 doceremus,

2071 2711 2215 2777 quod
2257 2725 2366 2767 non
2404 2713 2525 2769 aliis
2568 2730 2734 2785 quam
2782 2715 2870 2772 his
2913 2718 3006 2786 qui
3045 2734 3114 2774 ex
3152 2720 3430 2777 Abraham
3467 2739 3641 2795 genus

2069 2802 2298 2869 ducunt,
2340 2806 2763 2876 vernaculisque
2825 2823 3036 2875 eorum,
3077 2811 3160 2865 vel
3219 2813 3395 2882 pretio
3444 2818 3646 2884 emptis

2069 2905 2212 2952 esset
2240 2897 2542 2966 injunctum
2579 2918 2592 2954 :
2623 2900 2826 2958 liberos
2850 2916 2980 2958 vero
3005 2917 3128 2960 esse
3152 2905 3221 2962 ab
3255 2907 3640 2977 hujuscemodi

2067 2987 2274 3057 legibus
2305 3004 2418 3058 eos,
2445 2992 2536 3060 qui
2567 3007 2664 3062 per
2688 2992 2965 3050 Christum
3000 2996 3110 3052 Deo
3147 3013 3212 3054 ex
3241 3001 3494 3070 gentibus
3519 3018 3642 3060 cre-

2068 3084 2220 3137 dunt.
2269 3082 2400 3150 Quae
2453 3094 2633 3139 tamen
2689 3086 2897 3142 idcirco
2958 3089 3178 3144 interim
3234 3093 3441 3164 absque
3475 3095 3640 3152 ullius

2067 3175 2340 3244 allegoriae
2374 3176 2678 3244 adiectione
2721 3178 3105 3246 discussimus,
3133 3197 3200 3237 ne
3223 3199 3352 3254 qua,
3391 3199 3450 3243 ut
3479 3189 3640 3258 solet,

384 3275 510 3342 quia
560 3277 725 3329 etiam
765 3277 832 3333 de
865 3278 967 3333 hoc
1005 3279 1298 3335 observare
1344 3291 1536 3352 gemes
1591 3284 1962 3354 apostolorum
1991 3245 2038 3305 (ἶ
2070 3269 2154 3324 his
2186 3270 2279 3339 qui
2321 3281 2450 3326 sunt
2491 3286 2560 3326 ex
2593 3273 3033 3342 circumcisione,
3065 3277 3412 3348 obstrependi
3446 3286 3643 3338 adver-

385 3375 588 3419 statuta
620 3368 941 3424 decernunt.
993 3370 1134 3426 Audi
1187 3387 1349 3442 quam
1398 3375 1758 3433 observanter
1798 3380 1963 3433 etiam

380 3471 545 3526 super
573 3460 674 3515 hoc
715 3461 770 3515 in
824 3461 918 3518 Dei
972 3463 1181 3533 legibus
1214 3475 1435 3520 cautum
1469 3467 1542 3522 sit
1581 3467 1626 3499 ⁸²
1659 3485 1674 3522 z
1719 3487 1738 3520 ‹
1765 3469 1962 3537 Ilomo,

383 3547 566 3618 homo,
611 3553 810 3624 inquit,
838 3571 903 3610 ex
939 3556 1063 3612 ﬁliis
1105 3557 1318 3624 Israel,
1364 3569 1421 3614 et
1475 3575 1542 3615 ex
1600 3561 1827 3617 advenis
1869 3565 1961 3634 qui

378 3651 507 3697 sunt
538 3645 589 3698 in
616 3648 791 3715 vobis,
841 3664 1152 3721 quicunque
1179 3664 1411 3707 venatus
1450 3654 1614 3708 luerit
1648 3655 1844 3723 feram,
1870 3667 1960 3710 aut

381 3748 557 3800 avem,
589 3750 712 3804 quae
741 3740 1160 3807 manducantur,
1185 3741 1426 3798 ell‘undat
1451 3743 1768 3812 sanguinem
1813 3747 1957 3814 ejus,

379 3834 436 3879 et
469 3828 746 3894 cooperiat
777 3839 922 3884 terra
943 3871 958 3896 ,
996 3834 1125 3901 quia
1168 3835 1352 3888 anima
1396 3835 1576 3890 omnis
1610 3837 1794 3893 carnis
1825 3853 1957 3892 san-

377 3903 498 3986 guis
547 3919 718 3989 ipsius
777 3930 929 3976 est.»
998 3922 1134 3978 Vide
1187 3939 1320 3996 ergo
1381 3940 1547 3996 quam
1603 3927 1960 3984 observanter

379 4005 655 4074 legislator
701 4010 752 4062 in
794 4026 905 4079 quo
942 4015 1262 4068 mandatum
1313 4029 1600 4071 commune
1656 4018 1767 4072 vult
1814 4034 1955 4084 esse,

375 4096 654 4168 conjungit
683 4102 916 4156 advenas
945 4103 1068 4158 ﬁliis
1094 4104 1298 4159 Israel:
1328 4106 1383 4159 in
1411 4123 1518 4176 quo
1540 4124 1668 4164 vero
1699 4111 1956 4179 specialia

374 4190 472 4244 dat
507 4203 776 4261 praecepta
805 4233 820 4258 ,
880 4210 910 4248 a
963 4197 1166 4265 quibus
1195 4213 1258 4251 ea
1289 4199 1420 4252 velit
1455 4200 1732 4256 observari
1761 4204 1954 4258 distin-

373 4283 512 4354 guit.
562 4283 764 4338 Verum
800 4288 1059 4354 quoniam
1108 4289 1252 4343 inter
1307 4290 1395 4344 illa
1431 4307 1554 4360 qua:
1599 4293 1666 4348 de
1711 4293 1956 4349 chitico

286 4395 300 4411 -
373 4379 624 4446 superius
651 4378 999 4447 protulimus,
1021 4379 1186 4434 etiam
1209 4382 1313 4436 hoc
1333 4383 1596 4452 scriptum
1618 4384 1852 4440 refertur
1872 4386 1951 4441 3':

377 4486 399 4520 ι
432 4467 623 4533 Ilomo,
650 4469 812 4524 homo
846 4485 912 4524 ex
948 4469 1074 4524 filiis
1116 4460 1316 4536 Israel,
1359 4472 1446 4526 vel
1489 4489 1557 4527 ex
1597 4475 1825 4530 advenis
1857 4476 1950 4546 qui

2069 3377 2187 3414 smn
2232 3362 2522 3417 veritatem
2563 3364 2830 3421 resideret
2875 3368 3114 3424 occasio.
3153 3367 3258 3424 Sed
3291 3371 3469 3428 adhuc
3505 3376 3646 3430 vali-

2067 3454 2192 3507 dum
2234 3454 2524 3509 adversum
2555 3471 2655 3511 nos
2681 3456 2862 3512 levare
2896 3467 3156 3528 poterunt
3196 3461 3382 3532 telum,
3429 3468 3637 3522 confir-

2069 3557 2278 3602 mautes
2314 3549 2481 3604 etiam
2528 3551 2833 3622 proselytos
2871 3569 2970 3623 per
3001 3554 3176 3624 legem
3222 3557 3630 3617 circumcisioui

2064 3641 2327 3697 obnoxios
2360 3642 2498 3708 ﬁeri,
2533 3660 2601 3700 ex
2647 3647 2732 3701 his
2776 3663 2899 3716 quae
2932 3649 2986 3702 in
3031 3649 3218 3706 Exodo
3259 3653 3463 3722 scripta
3503 3668 3635 3710 sunt

2067 3732 2170 3786 hoc
2206 3733 2365 3790 modo
2393 3754 2407 3790 :
2443 3753 2461 3787 ι
2483 3735 2540 3790 Si
2571 3751 2702 3792 vero
2734 3738 2864 3807 quis
2896 3741 3195 3795 accesserit
3224 3743 3290 3797 ad
3319 3758 3415 3800 vos
3447 3760 3638 3814 prose-

2066 3824 2240 3894 lytus,
2284 3836 2339 3881 et
2381 3825 2575 3882 fecerit
2616 3828 2823 3885 Pascha
2879 3829 3130 3898 Domino,
3182 3835 3543 3894 circumcides
3586 3839 3639 3894 ci

2064 3930 2225 3970 omne
2269 3918 2653 3985 masculinum,
2683 3928 2738 3975 et
2774 3928 2900 3974 tunc
2931 3923 3158 3978 accedet
3197 3922 3380 3981 facere
3407 3927 3557 3996 illud,
3583 3940 3640 3985 et

2063 4008 2173 4062 erit
2209 4007 2354 4064 sicut
2398 4009 2677 4078 indigena.
2705 4009 2896 4066 Omnis
2925 4013 3342 4073 incircumcisus
3373 4033 3476 4073 non
3512 4021 3638 4076 edet

2060 4117 2129 4156 ex
2161 4116 2248 4156 eo.
2278 4101 2386 4159 Lex
2423 4118 2526 4156 una
2561 4104 2666 4159 erit
2704 4104 2970 4174 indigenae
3011 4115 3065 4159 et
3109 4106 3329 4162 advena:
3354 4110 3444 4179 qui
3474 4113 3638 4167 adve-

2063 4193 2204 4246 nerit
2253 4194 2321 4247 ad
2370 4208 2464 4248 vos
2487 4193 2555 4248 3‘.
2586 4212 2605 4246 ι
2643 4196 2774 4260 Qua:
2826 4197 3078 4266 quamvis
3127 4207 3319 4269 arguta
3384 4201 3638 4257 videatur

2060 4284 2316 4352 obiectio,
2351 4295 2530 4341 tamen
2563 4287 2880 4343 admiranda
2911 4288 3243 4358 legislatoris
3269 4291 3474 4364 ubique
3502 4308 3635 4350 cau-

2061 4380 2166 4434 tela
2215 4381 2508 4434 succurrit.
2558 4380 2855 4438 Considera
2899 4384 3046 4438 enim
3097 4388 3241 4454 quod
3290 4397 3346 4442 et
3385 4388 3474 4444 hic
3525 4405 3631 4444 non

2061 4470 2216 4531 dixit,
2262 4469 2388 4538 quia
2435 4471 2644 4526 advena
2692 4473 2783 4540 qui
2824 4474 3036 4528 venerit
3081 4475 3146 4529 ad
3184 4491 3302 4542 vos,
3333 4477 3500 4534 faciat
3531 4479 3633 4532 Pa-

371 4571 500 4614 sunt
547 4560 601 4613 in
647 4561 728 4615 eis
752 4600 768 4626 ,
820 4562 1132 4631 quicunque
1182 4563 1381 4618 fecerit
1430 4564 1805 4620 holocaustqu
1856 4577 1951 4621 aut
1980 4583 2028 4642 ι)
2059 4563 2189 4615 seha
2222 4561 2474 4626 Domino,
2505 4571 2560 4617 et
2585 4563 3010 4619 circumcidatur
3045 4582 3059 4631 ;
3089 4567 3180 4622 sed
3209 4567 3632 4625 observantissi—

371 4650 701 4706 sacriﬁcium
733 4691 750 4718 ,
797 4663 854 4707 et
885 4655 951 4707 ad
996 4655 1199 4709 ostium
1262 4656 1598 4711 tabernaculi
1651 4658 1949 4713 testimonii

373 4757 479 4796 non
515 4742 804 4797 adduxerit
839 4745 1021 4800 facere
1056 4745 1186 4800 illud
1213 4747 1462 4811 Domino,
1488 4749 1949 4804 exterminabitur

369 4835 533 4891 homo
562 4835 650 4889 ille
670 4838 735 4890 de
753 4839 947 4907 popqu
974 4854 1075 4893 suo
1101 4855 1116 4892 :
1145 4858 1164 4891 ι
1189 4850 1242 4892 et
1271 4856 1366 4909 per
1399 4841 1503 4895 hoc
1535 4841 1751 4896 videtur
1776 4843 1937 4896 etiam

371 4928 595 4983 adventa
651 4939 706 4983 et
758 4929 826 4983 de
877 4929 1166 4984 sacriﬁciis
1218 4930 1452 5000 injungi,
1503 4939 1556 4985 et
1591 4932 1834 4988 Ecclesia
1873 4951 1938 4989 ex

368 5021 622 5090 gentibus
646 5020 938 5076 efferendis
968 5019 1301 5077 holocaustis
1347 5023 1462 5093 (56)
1501 5023 1736 5077 obnoxia
1777 5026 1892 5079 fieri
1923 5043 1938 5080 :

365 5116 530 5170 etiam
592 5116 706 5169 hmc
761 5113 1076 5184 diligentius
1126 5115 1314 5177 verba,
1369 5126 1424 5169 et
1471 5115 1716 5185 syllabar,
1774 5127 1833 5172 ut
1868 5119 1941 5172 ita

365 5206 562 5272 dicam,
586 5205 939 5260 observanda:
970 5214 1099 5259 sunt
1123 5203 1276 5274 legis.
1304 5205 1394 5259 Ait
1421 5207 1588 5270 enim,
1619 5207 1664 5260 si
1697 5225 1715 5257 ι
1744 5207 1942 5264 fecerit

363 5294 736 5350 holocaustum
774 5296 860 5350 vel
912 5297 1314 5362 sacriﬁcium,»
1377 5308 1436 5352 ut
1493 5299 1750 5354 adhibeat
1805 5301 1933 5356 illud

367 5407 385 5438 ε
423 5389 488 5439 ad
531 5390 728 5443 oStinm
777 5391 1109 5445 tabernaculi
1166 5391 1526 5446 testimonii.)
1577 5391 1687 5447 Lex
1727 5409 1831 5447 non
1877 5404 1932 5448 ut

452 5480 498 5513 ⁸⁸
531 5482 685 5536 Deut.
725 5498 921 5544 xxvm,
953 5483 1042 5547 43,
1065 5484 1157 5540 44.
1225 5484 1270 5516 ⁸¹
1303 5483 1422 5539 Act.
1455 5501 1544 5549 xv,
1567 5485 1660 5539 20.
1735 5487 1782 5519 ⁸⁸
1817 5486 1963 5542 Levil

2066 5499 2156 5549 vn,
2200 5483 2284 5545 I5,
2339 5481 2426 5534 14.
2503 5480 2550 5511 ⁸⁸
2583 5481 2713 5536 ibid.
2745 5480 2800 5548 8,
2829 5482 2883 5536 9.

361 5549 491 5604 Luc.
521 5566 654 5613 xvn,
682 5551 879 5619 17,18.
955 5554 1001 5584 ⁸⁵
1028 5554 1197 5608 Exod.
1231 5570 1330 5620 xu,
1367 5554 1459 5617 48,
1490 5556 1580 5609 49.

429 5647 541 5716 (54)
573 5646 676 5711 Qui
716 5658 812 5705 est.
848 5649 1015 5710 Editi,
1052 5666 1070 5698 σ
1104 5649 1347 5717 quidem.
1377 5667 1397 5700 ι

429 5718 542 5785 tim)
576 5718 684 5772 lla.
716 5718 770 5770 In
802 5720 1038 5772 editione
1073 5719 1415 5774 Genehrardi
1450 5719 1742 5774 omittitur.

430 5786 542 5854 (56)
575 5786 934 5840 Ilolocausu's.
973 5789 1129 5844 Deest
1159 5790 1211 5842 in
1237 5791 1474 5843 editione
1500 5788 1859 5844 Genehrardi.

432 5857 543 5928 (57)
569 5856 892 5912 Deducamr.
932 5858 985 5912 lu
1019 5859 1259 5912 editione
1289 5859 1651 5930 Genebrardi,
1698 5878 1716 5911 ι
1739 5859 1922 5916 decla-

674 5953 949 6013 Pamox.
979 5952 1096 6013 Cn.
1127 5952 1294 6014 XIV.

2057 4669 2142 4706 ma
2189 4653 2561 4709 moderatione
2611 4653 2859 4709 decernit
2911 4656 3138 4713 dicens:
3173 4659 3272 4714 «Si
3331 4663 3629 4716 accesserit

2053 4745 2120 4798 ad
2153 4760 2268 4810 vos,
2306 4755 2361 4800 et
2393 4745 2583 4800 fecerit
2630 4745 2862 4801 Pascha.
2895 4765 2914 4799 ι
2952 4745 3064 4804 Nec
3097 4751 3332 4807 dubitari
3375 4755 3516 4809 enim
3558 4756 3625 4810 de

2051 4839 2152 4892 hoc
2177 4847 2378 4907 putest,
2403 4840 2544 4908 quod
2573 4839 2620 4894 si
2658 4841 2782 4908 quis
2805 4855 2926 4894 cum
2970 4840 3175 4896 Iudaeis
3202 4842 3484 4900 Judaicum
3507 4845 3624 4900 Pao

2046 4935 2178 4984 scha
2228 4929 2438 4996 fecerit,
2470 4939 2525 4986 et
2569 4932 2892 4986 circumcidi
2937 4932 3134 4988 debeat
3166 4951 3180 4988 :
3211 4950 3377 4989 unum
3409 4935 3511 4991 hoc
3540 4940 3623 4992 in-

2047 5023 2226 5084 terim,
2255 5037 2362 5090 quo
2413 5024 2770 5078 retundantur
2794 5025 3252 5092 contradicentes,
3287 5027 3620 5098 Iegislatoris

2048 5114 2258 5168 cautela
2311 5113 2613 5184 prospexit.
2656 5113 2750 5168 Est
2781 5123 2836 5168 et
2873 5116 3001 5170 illud
3049 5128 3308 5187 prazterea
3356 5120 3422 5174 ad
3468 5122 3614 5189 quod

2047 5205 2245 5258 tnutire
2300 5221 2404 5260 non
2464 5215 2740 5275 poterunt.
2783 5205 2988 5262 Pascha
3044 5210 3190 5278 quod
3218 5209 3305 5269 lex
3336 5211 3451 5266 fieri
3480 5226 3620 5280 prae-

2044 5295 2195 5364 cipit,
2233 5295 2288 5348 in
2331 5294 2450 5349 loco
2501 5296 2594 5349 illo
2629 5296 2742 5350 ﬁeri
2775 5297 2932 5364 jubet
2957 5312 3117 5364 quem
3166 5297 3331 5368 elegit
3355 5298 3614 5353 Dominus

2045 5391 2204 5447 Deus,
2233 5388 2285 5440 id
2316 5397 2399 5442 est
2451 5385 2807 5458 Jerosolymis
2840 5381 2976 5460 (58).
3006 5389 3074 5442 In
3104 5388 3196 5441 illo
3232 5390 3434 5444 etenim
3477 5401 3610 5444 tem-

2970 5480 3018 5521 ⁸⁸
3041 5479 3232 5537 Matth.
3269 5497 3390 5550 vm,
3442 5483 3499 5538 4.
3571 5482 3614 5513 ⁸⁸

2044 5655 2214 5703 ratur,
2247 5661 2266 5694 ι
2302 5642 2462 5696 male.
2515 5711 2539 5713 _
2653 5711 2660 5713 _
3494 5710 3499 5713 _

2114 5715 2227 5784 (38)
2260 5713 2421 5779 Editi,
2443 5731 2483 5784 _c
2514 5711 2718 5766 Pascha
2742 5715 2886 5782 quod
2920 5715 3000 5768 lex
3027 5713 3141 5769 ﬁeri
3172 5713 3416 5784 praecipit
3443 5711 3499 5767 iu'
3521 5715 3614 5769 illo

2044 5782 2168 5839 loco
2207 5782 2367 5855 quem
2407 5782 2570 5855 elegit
2609 5785 2871 5855 Dominus
2898 5786 3061 5854 Deus,
3108 5782 3297 5849 idest,
3341 5782 3614 5855 Jerosuly-

2033 5857 2162 5925 mis,
2189 5854 2574 5912 celebrandum
2609 5853 2710 5910 ρει.
2750 5872 2769 5906 ι
3041 5853 3072 5897 έ-

3215 5949 3293 6008 2‘.)
