4170 6352
421 349 532 405 .907

1883 341 2204 400 ORIGENIS

3603 346 3708 400 908

415 465 529 534 .«plo
562 469 776 518 tantum
805 459 991 518 oIl‘erri
1037 459 1311 518 sacriﬁcia
1350 460 1742 517 decernuntur.
1773 458 2021 532 Rccupe-
2049 465 2095 520 Α
2130 478 2148 511 r
2180 458 2272 530 qui
2306 459 2517 530 seipsos
2537 467 2918 516 castraverunt
2950 471 3171 533 propter
3202 477 3427 532 regnum
3457 464 3550 520 Dei
3569 464 3649 528 9‘;
3685 484 3703 514 ›

412 563 562 609 νταιιι
593 569 725 624 ergo
756 554 911 623 prius
940 561 1139 606 statum
1175 551 1379 622 templi,
1418 563 1474 607 et
1505 562 1632 606 tunc
1667 551 1733 606 de
1786 552 2019 606 cireum-

411 646 644 699 -cisione
685 643 1020 698 contendant
1050 661 1063 697 :
1098 642 1141 696 si
1173 657 1303 697 vero
1343 643 1412 696 ibi
1464 642 1766 696 secundum
1797 651 2018 695 senten-

435 732 892 788 tiamSaIvatoris
909 734 952 764 ⁸⁷
983 749 1086 786 non
1116 733 1376 787 remansit
1405 732 1538 801 lapis
1567 747 1733 801 super
1759 731 2018 800 lapidem,

435 827 528 896 qui
580 841 687 880 non
721 828 792 880 sit
846 826 1170 893 destructus,
1209 825 1477 894 superﬂua
1513 822 1625 897 (59)
1663 833 1747 878 est
1793 825 1860 878 de
1911 823 2020 878 cir-

436 916 778 972 cumcisione
807 919 1070 973 causatio.
1103 917 1160 970 In
1194 928 1402 971 tantum
1452 926 1632 970 autem
1665 915 2016 969 circumcisio

436 1011 790 1065 vernaculum
845 1010 1035 1080 ipsius,
1063 1020 1117 1064 et
1159 1011 1359 1064 nullius
1389 1004 1618 1064 alterius
1653 1009 1852 1079 gentis,
1886 1010 2020 1064 insi-

438 1117 543 1172 gne
577 1111 682 1165 est,
719 1113 777 1158 ut
802 1119 1073 1173 nusquam
1103 1102 1240 1156 alius
1269 1103 1389 1172 quis
1413 1103 1466 1157 iu
1493 1103 1737 1158 historiis
1768 1115 2015 1158 veterum

439 1210 539 1264 pro
590 1195 695 1251 hac
757 1195 1035 1250 referatur
1090 1206 1398 1264 correptus,
1458 1196 1560 1250 nisi
1620 1196 1761 1250 ﬁlius
1818 1194 2014 1266 Moysi,

441 1288 598 1356 cujus
632 1295 805 1340 mater
841 1287 1081 1356 Sephora
1113 1287 1223 1341 vim
1257 1287 1432 1355 angeli
1475 1287 1863 1342 comminantis
1897 1287 2015 1341 exi-

445 1381 579 1435 tium
613 1379 707 1433 lilii
740 1381 1156 1435 circumcisione
1191 1379 1611 1449 compescuit“.
1651 1380 1723 1433 Ex
1776 1380 1860 1434 his
1885 1395 2017 1448 ergo

437 1472 693 1528 omnibus
743 1472 1048 1528 ostenditur
1092 1471 1254 1525 Israel
1304 1471 1410 1536 ille,
1445 1473 1533 1539 qui
1567 1472 1866 1526 secundum
1898 1486 2020 1525 ear-

439 1582 562 1621 nem
591 1576 673 1621 est
701 1565 838 1635 (40),
871 1564 1019 1619 solus
1047 1564 1451 1618 circumcisioni
1486 1565 1672 1618 Carnis
1701 1564 1968 1618 obnoxius
2001 1583 2013 1617 :

438 1657 578 1711 liber
610 1667 789 1709 autem
829 1665 885 1708 et
935 1655 1146 1708 alienus
1201 1654 1269 1708 ab
1314 1670 1376 1708 ea
1429 1655 1661 1723 populus
1712 1655 2016 1725 proselytus

439 1751 530 1818 qui
557 1748 774 1803 advenit
807 1750 872 1801 ad
906 1762 1045 1812 eam,
1081 1748 1170 1815 qui
1207 1747 1473 1809 ascendit,
1502 1758 1551 1800 et
1577 1747 1752 1802 factus
1773 1758 1857 1802 est
1897 1764 2017 1801 sur-

439 1858 594 1904 sum;
651 1840 742 1896 ille
803 1851 983 1893 autem
1031 1839 1336 1904 descendit,
1403 1840 1674 1892 etractus
1718 1849 1800 1892 est
1853 1841 2017 1894 deor-

438 1950 556 1989 sum
574 1932 619 1965 θ’
649 1952 661 1988 :
690 1942 746 1986 et
771 1946 868 2002 per
894 1930 1328 1985 misericordiam
1360 1929 1558 1984 Christi
1597 1929 1773 1985 lactus
1796 1940 1880 1984 est
1915 1931 2018 1986 iste

440 2025 668 2096 populus
703 2025 756 2079 in
790 2024 990 2093 capite,
1030 2033 1084 2077 et
1109 2022 1197 2076 ille
1225 2023 1275 2075 in
1307 2022 1500 2077 cauda.
1537 2020 1686 2075 Facti
1720 2037 1842 2075 sunt
1871 2023 2015 2076 enim

442 2138 464 2171 ι
490 2118 768 2174 novissimi
811 2118 992 2187 primi,
1051 2126 1103 2170 et
1155 2115 1313 2185 primi
1371 2115 1722 2170 novissimi”o
1761 2132 1817 2167 ει
1844 2125 1897 2170 et
1948 2116 2018 2169 ob

442 2210 765 2279 hocjudicat
795 2209 845 2263 id
881 2208 1024 2280 quod
1047 2223 1112 2262 ex
1145 2217 1338 2260 natura
1372 2215 1454 2261 est
1493 2207 1814 2276 praeputium
1846 2207 2016 2276 legem

439 2289 748 2372 perﬁciens,
790 2300 910 2356 illos
941 2300 1031 2370 qni
1062 2314 1157 2368 per
1193 2298 1431 2352 litteram
1461 2307 1516 2351 et
1545 2298 2018 2352 circumeisionem

441 2393 889 2464 praevaricatores
931 2400 1056 2445 sunt
1102 2389 1260 2456 legis.
1294 2385 1410 2441 Non
1441 2386 1589 2441 enim
1614 2387 1864 2457 puriﬁcat
1897 2389 2018 2442 ani—

442 2503 586 2540 mam
621 2486 740 2539 haec
772 2497 893 2553 qua:
927 2483 979 2536 in
1013 2479 1303 2534 manifesto
1334 2480 1393 2532 Iit
1418 2481 1470 2532 in
1515 2494 1680 2534 carne
1726 2481 2018 2535 circumci-

441 2579 558 2642 sio;
592 2575 686 2630 sed
718 2575 808 2629 illa
840 2590 960 2644 qua:
990 2573 1043 2627 in
1071 2571 1289 2626 occulto
1320 2581 1402 2626 est
1432 2572 1788 2626 circumcisio
1813 2573 2015 2636 cordis,

443 2674 558 2741 ipsa
615 2669 868 2740 puriﬁcat
920 2677 1178 2730 mentem,
1220 2680 1274 2720 et
1335 2665 1587 2719 vitiorum
1639 2666 1880 2721 maculas
1931 2669 2021 2721 ab-

442 2762 642 2818 St'llltlll
665 2762 732 2816 “.
765 2760 1038 2814 Hactenus
1080 2757 1232 2811 nobis
1268 2757 1336 2810 de
1359 2757 1781 2812 circumcisione
1810 2759 2019 2812 carnali

447 2873 545 2926 pro
589 2855 802 2908 viribus
855 2852 1062 2905 dictum
1119 2847 1210 2902 sit.
1244 2850 1356 2918 Age
1393 2847 1506 2916 jam
1543 2849 1840 2902 secundum
1894 2864 2018 2903 eum

444 2951 533 3014 qui
583 2947 741 3010 dixit,
774 2964 797 2996 τι
829 2943 955 3013 quia
1005 2942 1088 2996 lex
1139 2941 1407 3010 spiritalis
1443 2941 1588 2994 est"
1619 2960 1631 2994 :
1677 2961 1694 2992 ι
1724 2952 1777 2995 et
1829 2943 1920 3012 qui
1954 2943 2021 2996 de

445 3041 531 3094 his
558 3054 676 3108 quae
709 3038 1021 3092 referuntur
1051 3034 1103 3088 in
1135 3035 1274 3106 lege,
1309 3035 1443 3089 dicit
1472 3035 1614 3104 quod
1663 3051 1760 3104 per
1812 3036 2016 3104 allego-

2121 560 2178 604 et
2231 566 2461 620 quorum
2509 553 2562 605 in
2612 552 2776 606 terris
2816 553 3217 610 ambulantium
3268 573 3287 607 ‹
3318 559 3374 610 ιιι
3422 555 3581 610 ctelis
3623 566 3708 609 est

2122 642 2467 695 conversatio
2492 642 2560 706 ⁸⁷,
2585 659 2604 692 ι
2633 642 2834 710 quique
2883 643 3228 712 prospiciunt
3267 660 3372 698 non
3426 657 3492 698 ea
3548 652 3708 712 tqna:

2121 730 2396 797 videntur,
2420 733 2512 785 sed
2571 747 2691 800 quae
2740 747 2845 785 non
2883 733 3156 797 videntur,
3191 751 3211 785 ι
3249 742 3304 788 et
3343 733 3524 788 sciunt
3579 734 3706 802 quia

2128 841 2147 873 ι
2180 838 2297 892 quae
2341 824 2622 890 videntur,
2658 824 2974 893 temporalia
3011 835 3168 890 sunt;
3205 841 3324 894 qua:
3375 835 3558 879 autem
3594 841 3704 880 non

2122 913 2402 979 videntur,
2434 926 2640 969 acterna
2670 925 2794 970 sunt
2817 916 2884 970 ⁸⁸.
2913 936 2930 968 ι
2972 915 3198 984 Verum,
3228 929 3286 972 ut
3314 920 3566 987 superius
3591 934 3705 973 tue-

2125 1006 2481 1071 moravimus,
2502 1009 2705 1060 dictum
2745 1019 2829 1061 est
2860 1009 3003 1062 etab
3035 1008 3156 1063 aliis
3188 1008 3330 1076 quod
3358 1009 3705 1064 circumcisio

2121 1097 2381 1165 spiritalis
2410 1099 2478 1152 sit
2515 1112 2729 1153 omnem
2777 1099 3112 1153 immundam
3145 1098 3257 1170 (42)
3290 1099 3702 1169 cogitationem,

2123 1201 2286 1260 atque
2318 1190 2562 1260 impuros
2599 1207 2794 1246 sensus
2848 1191 3171 1246 abscindere
3209 1208 3239 1246 a
3273 1194 3437 1247 corde
3479 1201 3534 1246 et
3569 1192 3706 1258 ³1)δί-

2121 1298 2264 1338 cere.
2327 1283 2434 1338 Sed
2487 1285 2798 1337 occurritur
2832 1283 3207 1350 hujuscemodi
3267 1283 3599 1337 editionibns
3635 1297 3703 1336 ex

2123 1374 2207 1427 his
2229 1389 2352 1443 quae
2382 1378 2517 1444 apud
2545 1373 2710 1446 494.
2742 1374 3074 1428 Ezechiclcm
3117 1374 3318 1442 scripta
3369 1375 3700 1439 referuntur,

2124 1469 2212 1522 ubi
2247 1468 2379 1522 dicit
2417 1468 2717 1523 Dominus:
2750 1486 2766 1517 ι
2799 1465 2988 1522 Omnis
3020 1467 3160 1520 ﬁlius
3193 1469 3499 1537 alienigena
3535 1469 3704 1522 incir—

2121 1563 2398 1615 cumcisus
2441 1563 2630 1624 corde,
2694 1570 2749 1614 et
2788 1560 3203 1616 incircumcisus
3252 1575 3438 1626 carne,
3475 1575 3580 1615 non
3618 1562 3702 1615 iu-

2125 1652 2312 1706 troibit
2343 1652 2396 1704 in
2430 1662 2615 1706 sancta
2658 1665 2774 1707 mea
2811 1653 3160 1706 iuvomnibus
3205 1652 3330 1708 tiliis
3367 1653 3705 1723 alienigena-

2126 1759 2244 1797 rum
2281 1743 2370 1812 qui
2403 1755 2531 1796 sunt
2560 1744 2612 1797 in
2645 1745 2820 1797 medio
2852 1745 3043 1798 domus
3077 1744 3238 1799 Israel
3258 1744 3323 1797 ὀ.
3351 1763 3369 1794 ι
3405 1744 3703 1799 Evidenter

2123 1836 2324 1890 etenim
2375 1835 2512 1888 duas
2563 1837 3010 1890 circumcisiones
3049 1839 3150 1891 hoc
3197 1838 3249 1890 in
3302 1836 3420 1891 loco
3469 1839 3706 1892 ostendit

2127 1943 2311 1982 sermo
2351 1929 2697 1996 propheticus
2737 1931 2966 1984 dicens:
3006 1949 3024 1983 ι
3054 1930 3473 1986 Iucircumeisns
3515 1931 3701 1995 corde,

2122 2031 2176 2075 et
2201 2021 2616 2076 incircumcisus
2653 2038 2841 2078 carne.
2866 2043 2884 2076 ι
2926 2022 3079 2078 Unde
3126 2025 3374 2094 cogimur
3404 2025 3701 2078 secundum

2121 2111 2442 2182 allegoricas
2486 2113 2637 2184 leges
2686 2115 2971 2184 utriusque
3017 2116 3449 2170 circumcisionis
3497 2115 3704 2170 formas

2122 2219 2187 2259 ac
2239 2205 2452 2273 species
2509 2206 2813 2275 assignare,
2861 2208 3114 2274 qnan'ivis
3167 2207 3269 2262 hoc
3322 2207 3498 2276 possit
3545 2206 3705 2260 nobis

2122 2298 2282 2351 etiam
2332 2296 2385 2348 in
2442 2297 2548 2350 illis
2591 2313 2730 2366 quas
2772 2312 2936 2366 supra
2996 2300 3348 2366 exposuimus
3396 2297 3704 2352 rationibus

2121 2387 2305 2456 objici.
2347 2381 2453 2440 Sed
2493 2387 2709 2440 interim
2769 2404 2911 2442 nunc
2964 2403 3359 2457 persequamur
3414 2405 3537 2459 quae
3588 2389 3703 2459 (45)

2121 2481 2292 2561 possit
2340 2481 2568 2532 duarmn
2619 2479 3096 2534 circumeisionum
3157 2481 3453 2535 secundum
3504 2483 3706 2553 allego-

2123 2574 2258 2626 riam
2293 2573 2460 2642 ﬁgura
2503 2572 2750 2626 servari:
2787 2583 2841 2628 et
2891 2574 3169 2628 videamus
3217 2590 3283 2630 ne
3322 2575 3460 2630 forte
3508 2575 3702 2631 referri

2122 2673 2286 2735 queat
2325 2669 2390 2720 ad
2435 2668 2538 2719 (luo
2587 2667 2862 2737 generalia
2915 2680 3157 2736 peccata,
3191 2668 3242 2722 in
3278 2668 3478 2738 quibus
3531 2671 3703 2724 incir-

2123 2759 2396 2814 cumcisos
2447 2774 2573 2815 esse
2624 2775 2730 2814 non
2783 2762 3026 2828 expedit,
3064 2761 3117 2816 id
3165 2772 3272 2826 est,
3303 2763 3354 2816 in
3391 2763 3519 2826 ﬁde,
3555 2771 3610 2817 et
3647 2763 3700 2816 in

2123 2853 2380 2920 operibus
2409 2868 2419 2903 :
2455 2861 2514 2906 ut
2539 2852 2610 2906 sit
2643 2851 3058 2907 incircumcisus
3082 2854 3245 2908 corde
3274 2853 3367 2922 qui
3401 2868 3508 2908 non
3540 2852 3706 2907 habet

2125 2945 2281 2998 ﬁdem
2315 2943 2452 3016 (44),
2503 2954 2558 2998 et
2608 2945 3026 3000 incircumcisus
3071 2959 3238 3000 carne
3262 2946 3353 3014 qui
3389 2959 3555 3014 opera
3597 2962 3703 2999 ιιοιι

2123 3038 2308 3093 habet.
2365 3038 2610 3092 Alterum
2667 3053 2901 3106 namque
2947 3039 3067 3092 sine
3117 3039 3290 3094 altero
3351 3043 3700 3109 reprobatur,

443 3135 579 3187 riam
634 3131 776 3185 dicta
825 3128 937 3183 sint
957 3126 1003 3159 ⁹³
1033 3145 1046 3182 τ
1072 3127 1199 3197 quid
1253 3127 1415 3179 etiam
1473 3125 1778 3196 allegoricis
1814 3125 2021 3196 legibus
2047 3150 2091 3209 ε
2125 3133 2252 3199 quia
2286 3141 2340 3186 et
2369 3131 2502 3185 ﬁdes
2549 3131 2669 3186 sine
2696 3131 2954 3200 operibus
2999 3141 3213 3186 mortua
3250 3132 3450 3186 dicitur
3473 3133 3512 3198 ¹,
3558 3141 3612 3187 et
3637 3147 3704 3186 ex

441 3226 509 3279 de
541 3239 602 3277 ea
634 3221 977 3276 sentiendum
1008 3219 1079 3273 sit
1108 3218 1410 3275 videamus.
1455 3217 1580 3272 Scio
1629 3217 1922 3272 multorum
1953 3220 2021 3272 de

441 3315 546 3368 hoc
582 3311 710 3366 ferri
747 3311 890 3365 dicta
921 3309 1005 3363 vel
1046 3311 1282 3378 scripta;
1311 3310 1404 3364 sed
1450 3320 1505 3364 et
1549 3326 1647 3365 nos
1683 3327 1803 3380 quae
1836 3311 2022 3366 Domi-

442 3421 544 3461 nus
570 3404 801 3469 dederit,
829 3404 894 3457 ad
925 3418 988 3457 ea
1020 3417 1139 3472 quae
1168 3403 1236 3455 ab
1260 3402 1382 3455 aliis
1405 3404 1688 3458 commode
1720 3405 2019 3474 composita

439 3499 698 3554 videntur
740 3494 1023 3550 addemus.
1069 3495 1498 3559 Circumcidere,
1539 3505 1628 3550 est
1673 3511 1741 3550 ex
1794 3497 2019 3566 genitali

442 3589 710 3656 membro,
765 3603 862 3659 per
913 3587 1056 3657 quod
1112 3589 1392 3642 successio
1435 3588 1656 3642 humani
1702 3590 1917 3658 generis
1967 3598 2022 3644 et

442 3681 680 3739 carnalis
736 3694 977 3749 propago
1025 3678 1395 3744 ministratur,
1448 3689 1732 3748 amputare
1780 3681 2019 3750 aliquam

444 3784 674 3844 partem.
715 3770 821 3827 Per
873 3772 980 3825 hoc
1034 3785 1165 3839 ergo
1218 3771 1449 3826 indicari
1507 3771 1808 3840 ﬁguraliter
1873 3789 2017 3843 reor,

443 3865 830 3937 amputandam
868 3878 991 3918 esse
1024 3864 1091 3917 ab
1129 3865 1334 3928 anima,
1369 3865 1412 3919 si
1447 3879 1552 3933 qua
1591 3866 1668 3920 illi
1704 3883 1768 3921 cx
1796 3882 2022 3924 consor-

448 3959 522 4012 tio
557 3955 740 4011 carnis
773 3953 1002 4008 adhicsit
1037 3953 1342 4022 impuritas,
1375 3955 1422 4010 si
1461 3957 1586 4024 quis
1629 3972 1747 4011 eam
1779 3957 2021 4015 libidinis

444 4046 768 4101 malesuadze
801 4059 996 4100 sensus
1028 4043 1252 4098 obtexit.
1301 4045 1509 4101 Idcirco
1553 4047 1719 4116 igitur
1761 4065 1868 4104 non
1899 4050 2022 4106 aliis

444 4141 548 4195 ista
586 4136 828 4195 desectio
880 4135 1014 4206 (Ill),
1043 4135 1135 4188 sed
1169 4135 1498 4205 genitalibus
1543 4138 1804 4194 membris
1838 4142 2020 4212 inﬁgi-

444 4243 554 4297 tur,
592 4241 651 4285 ut
697 4229 898 4283 clareat
943 4227 1086 4297 quod
1125 4227 1434 4295 hujusmodi
1493 4231 1622 4284 vitia
1663 4231 1859 4286 anima:
1914 4250 2018 4290 non

441 4341 510 4379 ex
530 4323 761 4394 propria
799 4319 1130 4385 substantia,
1155 4320 1250 4374 sed
1281 4336 1349 4376 ex
1389 4323 1626 4390 genuino
1655 4334 1801 4378 motu
1839 4335 1895 4380 et
1945 4328 2024 4380 in-

446 4417 663 4472 centivo
711 4414 893 4469 carnis
931 4413 1244 4466 adveniunt.
1296 4413 1450 4479 Quod
1501 4425 1684 4470 autem
1713 4426 1905 4471 octava
1932 4419 2020 4473 die

443 4505 791 4563 circumcisio
823 4505 981 4560 datur
1001 4505 1072 4572 9*,
1096 4507 1227 4559 illud
1272 4505 1545 4575 designari
1581 4507 1841 4575 arbitror,
1874 4513 2020 4578 quod
2053 4503 2098 4557 D

444 4597 696 4668 pra-senti
739 4597 956 4664 quidem
1004 4595 1202 4650 smcnlo
1238 4595 1539 4664 septimana
1590 4599 1842 4668 deputata
1890 4611 2013 4655 est:

443 4701 667 4742 octavus
709 4697 886 4742 autem
917 4687 1033 4741 dies
1065 4686 1230 4740 futuri
1272 4687 1455 4741 swculi
1487 4690 1804 4760 mysterium
1850 4701 2015 4747 tenet.

445 4782 665 4835 Illortun
697 4795 826 4849 ergo
856 4789 940 4833 est
973 4778 1322 4832 circumcisio
1361 4779 1645 4849 spiritalis,
1696 4784 1789 4851 qni
1838 4784 2020 4842 futuro

442 4861 641 4928 smus
687 4872 942 4937 militant,
978 4871 1029 4924 in
1061 4885 1166 4938 quo
1195 4889 1213 4922 ι
1235 4887 1409 4940 neque
1442 4873 1668 4940 nubent,
1699 4891 1874 4946 neque
1923 4895 2018 4932 nn-

444 4966 667 5028 bentur,
701 4965 795 5018 sed
831 4972 996 5017 erunt
1039 4963 1173 5016 sicut
1226 4963 1400 5032 angeli
1451 4963 1645 5029 Dei”;
1687 4986 1704 5018 ι
1741 4981 1794 5022 et
1826 4985 2014 5025 eorum

513 5099 558 5132 ⁸⁷
589 5099 778 5155 Matth.
811 5114 961 5165 ιιι-ιν,
999 5099 1053 5152 2.

444 5171 492 5203 ”
523 5172 678 5225 Item.
700 5185 796 5233 vlt,
822 5170 909 5223 14.

443 5242 486 5272 ⁹¹
523 5241 715 5310 Philip.
750 5255 833 5306 ιιι,
865 5239 956 5294 20.

445 5309 470 5344 ⁸
495 5309 800 5377 Joamxrv,
834 5311 922 5368 23.

1129 5099 1176 5132 ⁸⁸
1205 5101 1374 5158 Exod.
1409 5118 1485 5163 Iv.
1511 5102 1603 5165 25,
1625 5105 1714 5160 25.

985 5169 1212 5224 “Galat.
1258 5187 1329 5232 Iv,
1358 5173 1450 5227 24.

1033 5241 1076 5273 ³⁸
1106 5241 1143 5294 II
1185 5241 1312 5294 Cor.
1344 5258 1419 5305 tv,
1453 5244 1538 5298 I8.

998 5311 1020 5342 ⁸
1050 5311 1240 5365 Matth.
1276 5327 1370 5375 vn,
1400 5315 1492 5371 24.
1596 5316 1616 5346 ⁸
1643 5315 1772 5372 Luc.
1805 5333 1876 5387 vr,
1911 5321 2002 5375 46.

517 5428 632 5498 (59)
666 5425 1078 5498 βθηθῠιδιιτόιιε,
1115 5444 1133 5478 ι
1157 5426 1450 5496 superﬂue,
1484 5447 1502 5480 ι
1544 5431 1701 5486 male.

520 5495 632 5564 (40)
665 5495 743 5551 Ita
775 5513 905 5552 mss.
943 5499 1132 5552 nostri.
1165 5495 1304 5551 Editi
1341 5514 1490 5566 vero,
1528 5519 1546 5551 ι
1571 5503 1868 5557 secundum
1903 5520 2016 5559 car-

447 5584 591 5627 nem,
623 5569 792 5631 solus,
822 5589 841 5620 ι
877 5579 987 5624 etc.

519 5638 632 5706 (41)
669 5636 1069 5704 Genebrardus,
1100 5658 1119 5691 ι
1142 5638 1393 5703 defectio,
1419 5659 1438 5692 ι
1477 5641 1637 5697 male.

519 5707 630 5776 (42)
663 5706 1070 5774 Gcnebrardus,
1107 5712 1562 5766 «immunditiam.
1590 5731 1609 5764 ι

519 5775 632 5843 (45)
665 5775 768 5832 Sed
794 5779 1002 5833 interim
1033 5795 1170 5835 nunc
1207 5797 1581 5848 persequamur
1612 5801 1749 5848 qua,
1779 5797 1888 5843 etc.
1921 5788 2013 5846 Sic

1792 5107 1837 5140 ⁸⁸
1870 5108 2027 5164 Deut.
2053 5129 2244 5178 xum,
2275 5115 2367 5178 45,
2393 5117 2483 5172 44.

1526 5175 1569 5206 9‘
1595 5175 1730 5230 Gen.
1766 5193 1900 5241 xvn,
1936 5181 2034 5246 l2;
2065 5175 2240 5236 Levtt.
2276 5175 2371 5247 xu,
2399 5189 2452 5242 5.

1615 5247 1661 5317 9"_
1685 5247 1880 5302 Ezech.
1907 5266 2053 5317 XLIV,
2080 5255 2136 5307 9.

2100 5325 2118 5355 ⁷
2151 5323 2311 5382 Νιιιη.
2338 5343 2491 5395 xvtu,
2528 5331 2581 5385 7.

2123 3224 2378 3293 operibus
2399 3224 2517 3278 sine
2537 3223 2640 3277 ﬁde
2661 3239 2819 3279 neruo
2841 3225 2980 3294 apud
3012 3225 3177 3280 Deum
3192 3225 3526 3294 justiﬁcatur
3547 3227 3587 3280 ’.
3615 3225 3708 3281 Sic

2121 3330 2276 3387 ergo,
2309 3325 2368 3371 ut
2401 3332 2501 3387 ego
2531 3317 2791 3381 arbitror,
2842 3318 3046 3373 dictum
3093 3319 3467 3388 pr0pheticum
3507 3335 3707 3375 conve-

2123 3410 2338 3464 nienter
2370 3411 2645 3480 aptabitur
2674 3411 2912 3466 ﬁdelium
2966 3411 3186 3482 populo,
3225 3412 3426 3481 quibus
3455 3412 3655 3468 dicitur
3686 3429 3700 3466 :

2128 3517 2148 3551 ι
2177 3499 2368 3556 Omnis
2412 3503 2718 3574 alienigena
2749 3505 2840 3573 qui
2893 3513 2978 3559 est
3022 3505 3074 3557 in
3122 3504 3277 3559 vobis
3314 3505 3369 3558 in
3402 3505 3581 3561 medio
3605 3507 3706 3560 do-

2125 3608 2247 3648 mus
2278 3594 2443 3650 Israel
2494 3595 2922 3652 incircumcisus
2957 3597 3141 3662 corde,
3188 3609 3243 3653 et
3284 3599 3707 3654 incircumcisus

2125 3698 2291 3739 carne
2316 3726 2331 3750 ,
2372 3701 2479 3742 non
2539 3688 2794 3744 introibit
2833 3691 2888 3745 in
2940 3703 3127 3745 sancta
3181 3705 3300 3746 mea
3323 3691 3366 3750 ³.
3399 3711 3418 3744 ι
3469 3691 3583 3746 Iloc
3624 3700 3707 3746 est

2125 3777 2384 3832 nimirum
2413 3781 2559 3849 quod
2586 3791 2639 3835 et
2665 3780 2922 3840 Dominus
2959 3785 3010 3838 in
3047 3784 3342 3854 Evangelio
3371 3786 3503 3842 dicit
3527 3803 3573 3839 τι
3601 3786 3704 3853 Qui

2123 3873 2298 3928 credit
2338 3874 2391 3928 in
2426 3891 2534 3942 me,
2567 3877 2819 3930 mandata
2852 3892 2968 3932 mea
2997 3879 3303 3945 custodit";
3330 3899 3348 3932 ι
3376 3888 3431 3934 et
3465 3880 3700 3934 iterum:

2131 3983 2148 4015 ι
2176 3963 2276 4029 Qui
2310 3967 2464 4020 audit
2513 3969 2679 4022 verba
2718 3983 2837 4023 mea
2870 3969 3006 4037 haec,
3037 3981 3091 4024 et
3119 3971 3250 4028 facit
3295 3987 3359 4027 ea
3386 3974 3437 4039 l’;
3471 3991 3490 4024 ι
3526 3983 3581 4028 et
3612 3973 3708 4027 ite-

2125 4073 2243 4110 rum
2280 4077 2293 4112 :
2330 4075 2349 4109 ι
2380 4057 2521 4125 Quid
2551 4068 2734 4115 autem
2772 4061 2952 4115 dicitis
2979 4063 3110 4116 mihi
3133 4081 3146 4116 :
3172 4063 3420 4130 Domine,
3456 4064 3701 4131 Domine,

2123 4157 2176 4200 et
2200 4163 2306 4202 non
2341 4150 2519 4204 facitis
2547 4166 2666 4220 qua:
2698 4153 2938 4208 dico'?»
2972 4153 3134 4212 Vides
3154 4172 3282 4228 ergo
3317 4157 3517 4229 ubique
3545 4158 3703 4212 ﬁdem

2125 4255 2246 4293 cum
2304 4242 2559 4309 operibus
2598 4243 2776 4314 jungi,
2817 4254 2874 4299 et
2921 4262 3084 4315 opera
3143 4249 3342 4304 sociari
3399 4264 3520 4304 cum
3575 4248 3700 4305 ﬁde.

2125 4330 2316 4385 Cordis
2355 4335 2536 4403 itaque
2560 4345 2645 4390 est
2675 4337 3020 4393 circumcisio
3050 4339 3188 4410 (45),
3223 4340 3360 4394 nihil
3391 4341 3698 4406 sordidum,

2127 4423 2263 4477 nihil
2301 4424 2580 4494 indignum
2611 4429 2817 4483 sentire
2853 4430 2919 4484 de
2951 4431 3076 4486 ﬁde.
3112 4431 3311 4488 Carnis
3349 4434 3702 4490 circumcisio

2126 4526 2233 4583 est,
2261 4517 2394 4571 nihil
2428 4519 2784 4588 immundum,
2815 4523 2946 4576 nihil
2980 4527 3416 4581 contaminatum
3450 4528 3502 4582 in
3537 4544 3704 4598 opere

2126 4611 2403 4680 gestisque
2443 4615 2805 4670 committere.
2851 4615 2954 4682 Qui
3008 4621 3152 4673 enim
3198 4620 3252 4674 in
3297 4621 3474 4675 altero
3507 4621 3702 4675 hortnn

2125 4702 2543 4760 incircumcisus
2590 4703 2756 4760 fuerit
2780 4717 2836 4762 et
2866 4709 3199 4774 immundus,
3240 4712 3330 4766 Dei
3362 4714 3589 4768 vocibus
3617 4715 3703 4766 in-

2127 4795 2278 4862 gredi
2325 4797 2646 4864 prohibetur
2698 4798 2752 4851 in
2794 4811 3007 4856 sancta.
3053 4803 3359 4872 Ingreditur
3408 4815 3590 4861 tamen
3649 4817 3705 4860 et

2130 4886 2432 4956 alienigena
2495 4889 2546 4942 in
2599 4902 2812 4958 sancta,
2858 4907 2966 4962 quo
3004 4910 3109 4948 non
3151 4896 3351 4951 licebat
3378 4898 3587 4968 ingredi
3621 4914 3708 4952 se-

2133 4979 2368 5033 cundum
2411 4979 2584 5050 legem
2647 4981 2844 5038 littera:
2899 4985 3007 5041 nisi
3057 4987 3190 5042 solis
3249 4991 3632 5044 sacerdotibus
3657 4990 3702 5043 ⁷.

2557 5120 2604 5153 "
2639 5119 2830 5176 Matth.
2857 5137 2950 5183 xx,
2982 5122 3070 5176 I6.

2530 5191 2575 5222 ³⁵
2602 5193 2793 5246 Matth.
2823 5208 2956 5257 nu,
2986 5192 3076 5247 50.

2214 5254 2232 5285 ¹
2266 5255 2387 5313 Jac.
2422 5274 2479 5322 ιι,
2516 5260 2604 5315 I7.

3144 5124 3188 5155 ’ί
3219 5123 3378 5177 Rom.
3418 5140 3480 5188 II,
3507 5125 3703 5179 27-29.

3155 5194 3200 5225 ³⁵
3235 5195 3424 5248 Matth.
3467 5212 3579 5259 xu,
3619 5197 3705 5250 12.

2681 5265 2701 5295 ²
2724 5261 2902 5318 Galat.
2938 5278 2999 5329 ιι,
3034 5262 3119 5318 16.
3195 5264 3216 5296 ³
3248 5264 3446 5320 Ezech.
3473 5282 3618 5332 ιιιιν,
3649 5270 3704 5320 9.
3791 5262 3794 5264 ⁷

2129 5452 2260 5493 mss.
2315 5440 2454 5496 Editi
2511 5459 2662 5513 vero,
2721 5465 2737 5497 ι
2770 5445 2875 5501 Sed
2929 5447 3146 5500 interim
3202 5447 3484 5502 videamus
3552 5465 3696 5503 nunc

2167 5524 2244 5562 tlte
2297 5528 2316 5561 ι
2349 5524 2458 5566 etc.

2123 5522 2312 5657 (fuit)
2345 5581 2523 5657 Editi,
2561 5596 2655 5640 tut
2687 5587 2760 5641 sit
2788 5587 3145 5642 circumcisus
3179 5591 3349 5643 corde
3395 5592 3487 5657 qui
3542 5590 3704 5644 llallrl.

2126 5648 2306 5715 ﬁdem,
2332 5670 2349 5702 ι
2386 5654 2546 5709 male.

2195 5721 2309 5790 (45)
2351 5721 2541 5777 Cantia
2593 5727 2767 5790 itaque
2802 5736 2880 5782 est
2924 5728 3276 5782 circumcisio.
3313 5727 3388 5781 Ita
3432 5747 3563 5784 mss.
3603 5749 3708 5787 no-

2124 5794 2244 5847 stri.
2276 5794 2415 5848 Editi
2447 5810 2571 5850 vero
2593 5837 2607 5864 ,
2649 5815 2667 5848 ι
2689 5798 2881 5851 Cordis
2906 5799 3006 5852 ista
3037 5799 3398 5853 circumcisio.
3423 5818 3441 5850 ι
