4170 6374
411 417 514 473 909

1365 412 1725 472 COMMENT.
1768 415 1834 470 IN
1874 413 2093 471 EPIST.
2137 414 2228 469 AD
2270 412 2436 469 ROM.
2480 411 2607 467 LIB.
2651 413 2715 468 ll.

3572 380 3686 476 9l0'

433 534 599 586 Datur
619 544 750 585 vero
773 542 920 583 nunc
948 537 1003 583 et
1024 527 1344 598 alienigenis
1369 538 1430 583 ut
1455 529 1832 599 ingrediantur
1859 527 1995 601 (46),
2027 532 2073 589 Α
2103 529 2543 592 circumcisione,
2578 545 2700 583 cum
2733 529 2800 583 ab
2830 528 2910 584 eis
2944 531 3146 587 veteris
3179 530 3418 586 hominis
3446 528 3699 601 consuc-f

417 633 476 679 ut
513 624 624 678 sint
671 622 798 678 ﬁdei
855 631 912 676 et
947 630 1165 675 actuum
1213 620 1632 676 circumcisione
1669 623 1906 691 purgati.
1937 623 1994 677 Si

415 721 542 789 quis
577 730 759 773 autem
789 735 888 774 nos
925 721 992 774 ad
1031 718 1341 789 superiores
1379 716 1708 785 qumstiones
1739 731 1999 772 revocare

415 815 734 874 contendat,
775 820 828 866 et
856 812 1053 865 iterum
1113 809 1269 864 nobis
1311 808 1541 878 replicet
1567 809 1671 864 hoc
1701 809 1843 879 quod
1871 809 2000 865 scri-

414 913 569 969 ptum
602 913 683 956 est
713 903 778 956 de
802 903 1136 972 alienigena,
1165 902 1308 972 quod
1341 902 1409 956 ab
1443 916 1509 956 eo
1537 901 1752 956 volente
1786 901 1996 970 ingredi

418 996 472 1047 in
527 1004 735 1056 sancta,
787 1011 896 1048 non
946 993 1122 1048 solum
1172 994 1356 1048 cordis
1409 993 1782 1058 circumcisio,
1815 993 1912 1048 sed
1944 1002 1999 1047 et

417 1087 602 1140 carnis
632 1086 871 1154 exigitur
903 1085 1069 1139 :huic
1100 1084 1174 1137 ita
1200 1084 1425 1140 moleste
1456 1084 1770 1156 persistenti
1806 1085 2000 1139 obver-

419 1178 588 1231 timus
617 1186 671 1230 et
705 1194 808 1232 nos
866 1177 999 1232 illud
1056 1179 1200 1247 quod
1233 1175 1501 1232 Jeremias
1537 1177 1797 1247 propheta
1827 1176 1994 1230 dicit:

422 1291 441 1323 ε
467 1271 606 1326 Ecce
633 1272 1028 1327 incircumcisae
1051 1281 1177 1326 sunt
1201 1285 1360 1324 aures
1389 1289 1406 1321 ι
1444 1279 1636 1325 vestra:
1660 1271 1701 1326 ".
1737 1268 2001 1325 Ostendat

420 1365 579 1420 nobis
608 1365 710 1433 iste
754 1365 991 1420 carnalis
1035 1364 1472 1418 circumeisionis
1507 1372 1733 1418 exactor
1784 1365 1997 1416 aurium

417 1456 894 1510 circumcisionem
931 1455 1243 1512 sensibilem
1290 1463 1346 1509 et
1400 1454 1769 1525 corporalem,
1803 1455 1845 1508 si
1900 1470 2000 1523 po-

421 1557 572 1601 test:
625 1547 720 1602 sed
775 1557 984 1602 certum
1029 1557 1115 1600 est
1156 1548 1297 1616 quod
1343 1547 1489 1600 milio
1531 1555 1692 1616 pacto
1733 1547 1784 1600 id
1819 1546 2001 1601 facere

420 1651 606 1710 queat.
657 1641 982 1695 Revertetnr
1023 1655 1152 1707 ergo
1199 1638 1268 1694 ad
1319 1639 1610 1710 allegorias
1674 1639 2000 1694 necessitate

419 1731 766 1799 compulsus,
799 1741 854 1785 et
887 1731 1031 1784 (licet
1061 1711 1586 1792 circumcidi'aures,
1619 1745 1766 1792 cum,
1806 1743 2000 1784 secun-

421 1825 548 1879 dum
580 1825 890 1881 Salomonis
919 1826 1177 1888 monita”,
1210 1839 1315 1877 non
1367 1825 1634 1894 recipiunt
1663 1825 1996 1880 auditionem

419 1931 636 1978 vanam,
661 1927 714 1971 et
746 1932 867 1971 cum
903 1918 1220 1986 oppilantur
1243 1924 1310 1970 ne
1340 1917 1561 1971 audiant
1581 1917 1852 1987 judicium
1878 1935 2002 1974 san-

421 2008 621 2077 guinis,
651 2018 704 2063 ct
744 2024 866 2064 cum
912 2009 1195 2078 sepiuntur
1214 2010 1386 2077 spinis
1417 2025 1485 2064 ne
1521 2010 1792 2080 recipiant
1822 2011 2004 2066 obtre-

421 2100 739 2164 ctationem,
793 2101 888 2154 sed
942 2110 1002 2154 ut
1058 2099 1155 2154 soli
1212 2101 1379 2155 verbo
1416 2099 1506 2154 Dei
1553 2109 1802 2171 pateant,
1833 2109 1888 2156 et
1917 2101 2003 2157 his

423 2206 543 2258 qua:
589 2190 654 2243 ad
712 2191 1130 2246 azdiﬁcationem
1183 2192 1458 2246 dicuntur.
1496 2191 1580 2246 Sit
1620 2207 1752 2263 ergo
1784 2193 1912 2248 talis
1949 2203 2005 2248 et

423 2284 514 2337 illa
557 2285 765 2350 cordis,
799 2285 976 2354 qualis
1002 2296 1057 2340 et
1083 2286 1197 2340 haec
1230 2287 1444 2340 aurium
1471 2286 1842 2351 circumcisio,
1881 2299 2004 2356 quae

421 2378 786 2453 communiter
815 2378 1032 2432 videtur
1070 2379 1338 2448 exposita.
1390 2379 1505 2435 Hoc
1545 2390 1725 2435 autem
1757 2379 1919 2435 modo
1949 2389 2004 2434 et

427 2469 839 2524 incircumcisus
873 2469 1034 2526 labiis
1066 2471 1296 2536 dicitur,
1331 2473 1419 2542 qui
1457 2489 1564 2528 non
1597 2472 2006 2528 circumciderit

423 2561 842 2631 blasphemiam,
889 2563 1303 2630 scurrilitatem,
1347 2565 1746 2634 turpiloquium
1791 2565 1857 2620 de
1908 2579 2004 2620 ore

422 2670 541 2719 suo,
571 2655 663 2724 qui
696 2670 802 2709 non
826 2655 1072 2724 posuerit
1099 2656 1406 2712 custodiam
1441 2657 1524 2712 ori
1553 2672 1673 2724 suo,
1703 2666 1759 2712 et
1793 2657 1998 2712 ostium

422 2748 847 2802 circumstantiae
886 2747 1046 2802 labiis
1070 2750 1184 2803 suis
1208 2750 1276 2815 ¹⁰,
1311 2749 1403 2818 qui
1440 2764 1544 2803 non
1579 2751 1743 2804 etiam
1767 2765 1796 2803 a
1836 2751 2005 2806 verbo

422 2841 599 2894 otioso
647 2839 1055 2894 circumciderit
1089 2855 1151 2896 os
1203 2854 1384 2897 suum.
1434 2841 1676 2912 Denique
1719 2840 1808 2896 ubi
1871 2841 2005 2895 dicit

426 2934 641 3006 Moyses
693 2937 760 2990 ad
817 2937 1144 2991 Dominum:
1175 2937 1481 3004 «Provide,
1521 2937 1790 3005 Domine,
1835 2937 2001 2990 alium

423 3043 583 3096 quem
613 3028 815 3091 mittas,
834 3041 935 3098 ego
960 3038 1138 3083 autem
1160 3029 1558 3100 tarduslingua,
1578 3040 1631 3085 et
1659 3029 2003 3101 gracili‘voce

423 3120 644 3175 sum":
687 3138 707 3172 ι
744 3120 841 3187 ipsi
880 3121 932 3173 in
980 3119 1222 3176 Hebraeis
1257 3122 1660 3192 exemplaribus
1710 3121 1915 3177 habere
1943 3137 2004 3178 se

2106 624 2368 689 tudinem,
2385 635 2440 677 et
2459 624 2741 693 passiones
2761 638 2823 677 ac
2847 621 2978 677 vitia
2995 625 3174 679 carnis
3195 625 3459 679 abscidit:
3481 637 3534 680 et
3553 599 3698 682 tunc.

2101 713 2406 784 completur
2444 715 2585 783 quod
2616 715 2667 767 in
2700 713 2826 769 Jesu
2859 714 3005 770 Nave
3028 715 3290 786 scriptum
3319 725 3441 772 est:
3467 735 3486 768 ι
3510 715 3680 772 Hodie

2101 822 2130 860 a
2187 807 2339 860 vobis
2395 807 2594 862 abstuli
2636 807 2923 876 Opprobria
2957 808 3175 879 Egypti
3213 807 3278 862 νδ.
3311 828 3328 860 ι
3375 808 3679 892 Ορρτοὺτίει

2103 912 2340 969 namque
2357 897 2574 969 Egypti
2594 913 2776 952 secum
2803 899 3132 966 circumfert,
3149 902 3191 956 si
3219 903 3341 971 quis
3364 903 3417 956 in
3438 903 3680 959 Ecclesia

2099 990 2333 1058 positus,
2367 1000 2422 1044 et
2453 991 2553 1044 sub
2592 990 2721 1046 Jesu
2743 992 2878 1046 duce
2902 992 3166 1060 militans,
3187 991 3474 1063 A‘Igyptios
3500 1009 3682 1050 mores

2101 1092 2158 1139 et
2206 1095 2385 1139 motus
2444 1085 2613 1140 animi
2661 1085 2923 1142 barbaros
2961 1095 3164 1143 servet.
3226 1087 3467 1144 Marcion
3519 1105 3678 1158 sane,

2101 1177 2190 1232 cui
2222 1193 2318 1247 per
2340 1177 2654 1247 allegoriam
2677 1179 2809 1232 nihil
2830 1179 3007 1250 placet
3030 1179 3284 1250 intelligi,
3303 1181 3575 1250 quomodo
3591 1196 3686 1238 ex-

2103 1280 2265 1340 ponat
2289 1269 2452 1343 5.95
2485 1272 2629 1341 quod
2664 1272 2792 1326 dicit
2814 1271 3104 1342 Apostolus
3124 1273 3188 1338 ",
3207 1273 3684 1331 circumcisionem

2103 1360 2386 1430 prodesse,
2437 1362 2659 1415 omnino
2691 1377 2796 1416 non
2825 1363 3082 1418 inveniet.
3123 1362 3229 1419 Sed
3260 1378 3328 1420 ne
3358 1364 3427 1424 de
3455 1365 3686 1437 singulis

2102 1451 2317 1520 quidem
2367 1467 2488 1523 qua?
2543 1453 2855 1508 inferuntur
2899 1454 3167 1511 ullatenus
3208 1458 3438 1513 reddere
3485 1458 3688 1528 poterit

2104 1545 2388 1600 rationem.
2429 1546 2722 1602 Adversari
2746 1561 2898 1614 sane,
2929 1557 2982 1604 et
3004 1565 3127 1604 eum
3158 1549 3412 1606 irrisione
3447 1550 3685 1622 quadam
3754 1612 3758 1614 _

2106 1639 2353 1694 innotare
2396 1636 2564 1692 Deum
2609 1638 2743 1708 legis
2791 1641 2885 1710 qui
2933 1640 3403 1696 circumcisionem
3449 1641 3683 1706 dederit,

2103 1730 2242 1784 solet
2274 1744 2381 1784 non
2431 1731 2610 1786 solum
2641 1731 2757 1800 ipse
2784 1770 2800 1794 .
2847 1732 2944 1786 sed
2987 1742 3041 1786 et
3084 1747 3273 1790 omnes
3313 1733 3554 1789 haeretici
3586 1733 3685 1804 qui

2106 1831 2260 1876 vetus
2283 1820 2687 1877 Testamentum
2717 1824 3024 1892 repudiant,
3061 1840 3165 1878 una
3213 1840 3337 1879 eum
3369 1827 3685 1894 gentilibus.

2105 1914 2194 1980 qui
2251 1929 2441 1968 omnes
2472 1913 2757 1968 adversum
2789 1915 2955 1969 Deum
2984 1915 3118 1986 legis
3149 1916 3273 1972 talia
3303 1919 3550 1985 quaedam
3585 1934 3684 1975 ve-

2110 2004 2187 2058 lut
2219 2003 2483 2060 foederata
2511 2003 2625 2076 (47)
2660 2005 3058 2062 obtrectatione
3085 2007 3488 2078 congeminant.
3514 2007 3682 2064 Stoici

2106 2097 2257 2150 aiunt
2295 2114 2308 2151 :
2345 2094 2552 2151 lndicet
2582 2095 2787 2166 aliquid
2814 2099 3100 2168 mysticum
3132 2099 3475 2156 circumcisio
3495 2139 3509 2166 ,
3533 2112 3589 2158 et
3617 2101 3684 2156 ﬁ-

2104 2204 2296 2258 guram
2334 2195 2515 2245 teneat
2567 2188 2952 2260 allegoricam;
3015 2190 3162 2246 itane
3194 2191 3438 2262 oportuit
3474 2203 3533 2248 ut
3558 2209 3685 2250 cum

2105 2295 2264 2350 ptena
2291 2291 2346 2335 et
2377 2281 2618 2350 periculo
2662 2281 3036 2351 parvulorum,
3084 2298 3208 2338 eum
3245 2285 3576 2342 cruciatibus
3605 2294 3687 2341 te-

2107 2388 2251 2426 nerae
2282 2381 2336 2426 et
2365 2373 2541 2426 adhuc
2591 2373 2899 2430 innocentis
2932 2374 3198 2440 infantiae,
3232 2375 3528 2447 ﬁgurarum
3555 2391 3684 2448 spe-

2107 2466 2217 2520 cies
2245 2464 2379 2536 (48),
2411 2475 2466 2520 et
2499 2465 2633 2536 legis
2676 2466 2962 2538 aanigmata
3010 2467 3411 2522 conderentur?
3448 2467 3540 2524 Sic
3571 2485 3687 2524 non

2108 2558 2342 2612 habebat
2410 2558 2690 2626 legislator
2737 2558 2828 2613 ubi
2877 2557 3083 2615 formas
3125 2559 3388 2631 mysticae
3433 2571 3685 2630 poneret,

2107 2652 2210 2705 nisi
2243 2652 2294 2704 in
2328 2650 2752 2706 dedecoratione
2780 2649 2894 2721 (49)
2921 2650 3352 2706 verecundorum
3395 2651 3686 2722 locorum;

2106 2753 2160 2799 et
2189 2744 2281 2798 Dei
2324 2744 2713 2814 omnipotentis
2762 2743 2848 2798 lex
2871 2783 2887 2808 ,
2932 2744 3233 2812 aeternique
3262 2744 3572 2800 testamenti
3604 2746 3687 2800 si-

2106 2833 2396 2903 gnaculum
2447 2849 2553 2887 non
2597 2832 2770 2902 potuit
2799 2832 2902 2887 nisi
2933 2831 2988 2886 in
3019 2831 3274 2889 obscenis
3309 2833 3682 2890 membrorum

2106 2925 2352 2993 partibus
2405 2923 2703 2979 collocari?
2753 2923 2904 2978 itane
2943 2924 3118 2979 bonus
3167 2932 3251 2980 est
3291 2924 3436 2981 Deus
3461 2927 3561 2981 iste
3588 2925 3685 2995 qui

2106 3029 2293 3070 natum
2329 3016 2603 3071 hominem
2637 3017 2819 3071 statim
2855 3017 2906 3069 in
2939 3016 3128 3085 primis
3154 3031 3307 3073 novae
3336 3017 3474 3075 lucis
3497 3018 3684 3090 auspi-

2103 3107 2206 3163 ciis
2229 3108 2550 3177 praeceperit
2586 3106 2907 3162 vulnerari?
2962 3107 3022 3162 Et
3051 3105 3134 3171 si,
3168 3115 3228 3162 ut
3254 3108 3406 3164 vobis
3448 3109 3718 3179 videtur,_

423 3214 610 3268 dicunt
637 3231 650 3268 :
679 3231 695 3265 r
720 3215 834 3282 Ego
856 3225 1036 3268 autem
1074 3215 1486 3271 incircumcisus
1543 3231 1661 3270 sum
1701 3214 1860 3271 labiis
1902 3216 1998 3274 ¹⁰,»
2032 3223 2078 3286 c
2111 3202 2224 3271 ipse
2251 3210 2336 3255 θδῑ
2365 3211 2420 3256 el
2443 3201 2638 3255 animm
2673 3209 2890 3256 "eam"
2911 3211 2966 3256 θῑ
2993 3199 3260 3270 corporis:
3297 3210 3390 3256 ³1η
3411 3201 3688 3273 superﬂuo

422 3305 576 3374 Quod
620 3306 664 3360 si
712 3307 816 3361 hoc
854 3308 1036 3373 modo,
1079 3323 1187 3377 quo
1231 3309 1484 3377 superius
1536 3307 1792 3374 diximus,
1826 3319 2004 3378 potest

421 3399 546 3467 quis
576 3398 990 3455 incircumcisus
1021 3400 1190 3454 videri
1217 3399 1464 3464 auribus,
1492 3409 1546 3454 et
1576 3399 1998 3456 incircumcisus

422 3492 604 3559 labiis,
637 3510 738 3549 cur
769 3511 876 3548 non
920 3505 975 3549 et
1010 3493 1174 3548 simili
1207 3492 1380 3548 forma
1412 3493 1830 3548 incircumcisus
1864 3509 2004 3564 prte-

423 3583 574 3651 putio
601 3586 782 3640 carnis
815 3601 925 3640 sua:
977 3587 1193 3641 dicatur
1228 3585 1272 3640 is
1301 3585 1390 3654 qui
1419 3601 1542 3653 erga
1575 3587 1876 3641 naturalem
1913 3602 2004 3640 co-

426 3671 532 3726 itus
575 3683 779 3728 motum
805 3676 1216 3730 immoderatius
1234 3684 1289 3730 et
1316 3677 1770 3745 intemperantius
1791 3674 1959 3731 efﬂuit
1987 3693 1999 3729 :

422 3763 783 3819 circumcisus
813 3780 941 3820 vero
969 3766 1253 3830 habeatur,
1286 3767 1330 3820 si
1361 3768 1485 3834 quis
1526 3768 1577 3820 in
1627 3767 2000 3836 hujuscemodi

425 3857 641 3926 negotio
685 3857 942 3926 legitimis
986 3866 1042 3911 et
1092 3867 1355 3926 quantum
1415 3858 1722 3928 posteritati
1783 3857 2002 3925 suﬁicit,

425 3959 614 4003 utatur
643 3949 874 4003 olﬁciis?
907 3948 1106 4004 Verum
1152 3949 1408 4016 quoniam
1450 3952 1518 4004 de
1566 3950 2004 4006 circumcisiouis

425 4040 640 4095 ratione
674 4051 1002 4104 tractamus,
1043 4041 1208 4095 etiam
1245 4041 1374 4094 illud
1430 4041 1516 4095 his
1559 4041 1856 4112 adjungere
1895 4057 2000 4096 non

423 4135 718 4188 absurdum
755 4134 990 4199 videtur,
1024 4134 1168 4202 quod
1219 4132 1377 4187 Jesus
1411 4132 1554 4188 ﬁlius
1589 4133 1736 4188 Nave
1768 4149 1834 4189 ex
1865 4151 2003 4204 prte-

423 4235 582 4296 cepto
635 4225 848 4280 Domini
882 4224 1024 4280 ﬁlios
1068 4225 1232 4280 Israel
1291 4226 1535 4281 secundo
1587 4227 2004 4283 circumcidisse

423 4318 618 4372 cultris
641 4317 826 4372 saxeis
853 4325 1188 4370 memoratur
1208 4316 1252 4348 ³³
1279 4334 1292 4371 :
1326 4317 1468 4384 quod
1502 4318 1708 4385 utique,
1737 4326 2001 4387 quantum

421 4411 487 4462 ad
543 4409 779 4462 litteram
829 4417 1059 4477 spectat,
1113 4406 1452 4476 impossibile
1509 4407 1711 4462 factum
1767 4408 2001 4463 videtur.

422 4500 604 4554 Semel
648 4499 790 4552 enim
841 4498 1183 4553 circumcisis
1234 4498 1286 4552 in
1334 4513 1502 4552 carne
1552 4498 1825 4568 praeputii,
1875 4498 2000 4568 quid

2107 3308 2166 3348 se
2216 3293 2515 3362 plasmasse
2564 3303 2771 3363 partem
2834 3293 2981 3348 illam
3031 3295 3278 3366 corporis
3322 3303 3476 3350 notat
3520 3310 3685 3365 quam

2107 3385 2449 3454 postmodum
2500 3385 2725 3440 mandat
2771 3385 3017 3442 abscindi
3045 3429 3061 3455 ,
3111 3395 3172 3441 ut
3217 3402 3317 3458 per
3359 3387 3687 3443 miserorum

2107 3477 2371 3548 supplicia
2439 3477 2716 3548 proprium
2777 3478 3032 3534 emendet
3078 3478 3194 3549 (50)
3244 3493 3525 3546 errorem;
3592 3489 3688 3534 aut

2107 3569 2252 3636 quod
2284 3569 2598 3644 necessarie
2643 3577 2698 3625 et
2727 3571 2939 3625 utiliter
2970 3571 3119 3636 fecit,
3151 3586 3258 3626 non
3285 3579 3434 3626 recte
3461 3573 3685 3626 mandat

2109 3660 2336 3718 auferri.
2374 3659 2510 3715 Tum
2537 3672 2797 3732 praeterea
2823 3663 2866 3718 si
2897 3677 3042 3718 cura:
3069 3671 3153 3718 est
3187 3662 3300 3717 Deo
3327 3661 3588 3733 plurimos
3613 3664 3684 3717 ad

2107 3754 2312 3810 cultum
2349 3769 2466 3810 suae
2493 3753 2772 3824 religionis
2805 3755 3024 3823 adduci,
3052 3755 3347 3810 maximum
3370 3769 3435 3810 ex
3460 3756 3687 3810 circum-

2105 3848 2319 3903 cisione
2367 3846 2704 3903 obstaculum
2748 3847 3013 3901 nascitur.
3068 3845 3203 3901 Cum
3250 3861 3316 3901 eo
3355 3846 3500 3901 enim
3540 3849 3685 3916 quod

2107 3941 2433 4012 supplicium
2463 3940 2836 4010 unusquisque
2864 3938 3119 4004 declinat,
3146 3947 3259 3993 tum
3280 3938 3446 3994 etiam
3478 3938 3688 3994 irrisio-

2108 4051 2229 4090 nem
2261 4034 2610 4105 turpitudinis
2653 4031 2856 4104 refugit
2887 4049 2904 4087 :
2937 4032 3079 4088 unde
3112 4031 3286 4102 magis
3331 4031 3686 4102 impedimen-

2109 4137 2219 4181 tum
2261 4126 2365 4181 boc
2405 4125 2715 4196 religionis,
2756 4140 2920 4195 quam
2970 4124 3183 4195 insigne
3223 4124 3528 4180 ducendum
3574 4136 3682 4180 est.

2106 4217 2234 4273 llaec
2262 4227 2319 4271 et
2341 4216 2509 4271 multa
2541 4216 2626 4271 his
2656 4216 2856 4270 similia
2887 4214 2975 4270 vel
3006 4214 3235 4286 gentiles
3278 4215 3570 4272 adversum
3601 4215 3683 4272 le-

2105 4309 2438 4380 gislatorem,
2490 4307 2577 4362 vel
2613 4306 2858 4363 hzeretici
2891 4315 3242 4377 perstrepunt
3284 4324 3298 4362 :
3340 4307 3538 4377 quibus
3593 4323 3685 4362 re-

2105 4403 2374 4472 spondere
2412 4393 2780 4456 necessarium
2829 4409 2996 4468 puto,
3038 4398 3134 4454 sed
3181 4399 3362 4470 primo
3409 4399 3684 4470 gentibus.
3730 4464 3734 4470 1

2107 4488 2277 4543 Nemo
2305 4489 2524 4557 sapiens
2555 4501 2622 4541 ea
2662 4487 2714 4541 in
2744 4485 2876 4542 aliis
2901 4496 3072 4554 notat,
3112 4501 3232 4556 quae
3256 4488 3396 4558 apud
3421 4503 3481 4543 se
3509 4488 3652 4543 bene
3677 4519 3688 4530 -

423 4593 668 4647 invenire
696 4603 880 4662 posset
906 4593 1143 4648 secunda
1176 4589 1524 4646 circumcisio
1549 4589 1692 4658 quod
1720 4589 2004 4644 auferret?
2037 4571 2080 4625 θ
2109 4593 2192 4636 sta
2227 4581 2376 4635 ducit
2419 4590 2476 4635 et
2511 4595 2704 4650 magna
2736 4595 2750 4633 :
2784 4578 2988 4634 etenim
3016 4578 3363 4634 circumcisio
3392 4581 3534 4648 apud
3561 4594 3683 4645 vos,

421 4684 580 4739 Jesus
631 4701 759 4740 vero
820 4696 1026 4750 noster,
1080 4685 1174 4753 qni
1235 4697 1367 4737 vere
1412 4692 1531 4752 post
1579 4681 1799 4752 Moysen
1861 4680 2001 4736 ﬁlios

421 4775 587 4830 Israel
639 4777 690 4828 in
738 4786 936 4829 terram
973 4785 1220 4829 sanctam
1264 4775 1520 4829 ﬂuentem
1561 4773 1644 4827 lae
1683 4783 1736 4828 et
1791 4772 1918 4839 mel,
1946 4775 1998 4826 in

426 4878 628 4922 terram
656 4867 1091 4936 repromissionis
1124 4867 1352 4930 inducit,
1372 4867 1595 4920 evidens
1615 4874 1697 4920 est
1728 4865 2002 4933 quomodo

423 4975 529 5012 non
563 4960 752 5022 semel,
783 4958 874 5012 sed
905 4959 1146 5014 secundo
1169 4959 1508 5014 cicumeidat
1531 4957 1873 5012 credentium
1903 4971 2000 5025 po—

419 5049 626 5118 pulum.
668 5049 848 5103 Prima
881 5063 1121 5118 namque
1170 5058 1253 5103 est
1301 5049 1421 5120 ejus
1481 5045 1850 5108 circumcisio,
1895 5059 2001 5114 qua

421 5140 490 5194 ab
519 5141 600 5196 eis
637 5141 722 5196 vel
753 5141 1023 5195 idolorum
1051 5140 1284 5206 cultum,
1316 5140 1400 5195 vel
1430 5147 1739 5195 commenta
1763 5135 2005 5206 philoso-

419 5233 596 5302 phica:
641 5233 1020 5304 persuasionis
1060 5231 1329 5287 exsecuit.
1380 5230 1635 5286 Secunda
1665 5242 1797 5283 vero
1830 5225 2002 5280 utitur

490 5374 512 5405 ⁸
537 5371 738 5426 Jerem.
767 5377 845 5431 vi,
877 5370 968 5424 10.
1043 5372 1064 5402 ⁹
1100 5369 1266 5424 Eccli.
1298 5382 1490 5432 xxvnt,
1515 5366 1606 5422 28.

421 5459 472 5508 v,
501 5444 557 5497 2.
635 5443 678 5474 “
709 5443 837 5497 ibid.
865 5442 920 5496 9.
998 5441 1043 5473 ¹⁸
1068 5441 1224 5494 Ront.
1260 5455 1324 5502 tt,
1351 5437 1442 5492 25.

489 5555 604 5630 (46)
638 5557 728 5612 Sic
758 5557 924 5623 editi;
954 5559 1048 5611 sed
1078 5571 1211 5611 mss.
1237 5570 1448 5620 omnes,
1484 5571 1502 5606 c
1529 5552 1738 5624 ingredi
1768 5561 2000 5614 tantum,

421 5639 804 5765 ω’(ὶἿῗωθειαι
831 5697 1106 5765 [ωᾱεταια.
1150 5694 1289 5749 Editi
1323 5714 1336 5750 :
1376 5714 1394 5746 ι
1430 5695 1513 5748 vel
1549 5693 1712 5765 (teda.
1751 5711 1770 5745 ι

495 5761 606 5838 (48)
650 5761 950 5821 Innocentis
981 5767 1220 5832 infantia:
1249 5766 1550 5838 ﬁgurarum
1577 5764 1790 5838 species.
1851 5761 1996 5816 Editi

423 5835 704 5909 perperam
743 5855 758 5892 ε
801 5858 817 5891 ι
853 5839 1158 5894 innocentis
1184 5839 1388 5906 partis,
1440 5837 1492 5890 in
1529 5836 1666 5890 l'acie
1696 5835 1992 5904 ﬁgurarum

1688 5364 1732 5397 ¹⁶
1759 5363 1906 5420 Psal.
1939 5377 2066 5428 exc,
2099 5363 2154 5418 3.

2108 4690 2142 4728 o
2170 4673 2421 4744 gentiles,
2447 4673 2520 4726 ita
2549 4671 2732 4740 magni
2775 4670 3025 4736 habetur,
3056 4677 3246 4724 utnon
3281 4669 3484 4740 passim
3518 4669 3685 4742 vulgo

2110 4765 2356 4837 ignobili,
2377 4764 2468 4820 sed
2496 4764 2630 4819 solis
2654 4761 3048 4828 sacerdotibus,
3075 4769 3130 4817 et
3153 4760 3242 4815 bis
3262 4761 3353 4831 qui
3376 4761 3517 4817 inter
3539 4762 3687 4832 ipsos

2104 4854 2454 4911 electioribus
2497 4853 2693 4908 studiis
2744 4851 3037 4921 mancipati
3099 4849 3341 4914 fuerint,
3407 4851 3683 4908 credatur.

2106 4947 2243 5001 Nam
2269 4945 2409 5015 apud
2441 4943 2730 5016 Egyptios
2773 4942 2865 5014 qui
2893 4944 2944 4997 in
2973 4939 3454 5012 superstitionibus
3485 4943 3682 4998 vestris

2105 5047 2161 5093 et
2190 5037 2542 5092 vetustissimi
2595 5035 2870 5089 habentur
2906 5043 2961 5089 et
2989 5031 3365 5099 eruditissimi,
3415 5048 3444 5086 a
3483 5034 3682 5102 quibus

2107 5145 2274 5201 prope
2301 5143 2491 5184 omnes
2509 5126 2703 5198 reliqui
2736 5127 2902 5180 ritum
2935 5141 3216 5182 sacrorum
3253 5135 3307 5179 et
3328 5124 3684 5180 caeremonias

2105 5221 2334 5277 mutuati
2368 5229 2524 5286 sunt;
2559 5219 2700 5289 apud
2732 5219 2830 5273 hos
2851 5261 2865 5287 ,
2900 5219 3119 5289 inquam
3142 5257 3158 5284 ,
3211 5217 3393 5272 nullus
3431 5224 3527 5271 aut
3555 5230 3681 5286 geo-

2233 5365 2274 5396 ¹¹
2306 5362 2478 5420 Exod.
2505 5378 2580 5429 IV,
2615 5363 2702 5424 10.
2739 5361 2826 5415 1⁸5.
2907 5361 2949 5392 ¹¹
2977 5358 3147 5413 Exod.
3186 5374 3262 5424 vt,
3292 5357 3384 5411 '50.
3455 5356 3499 5387 ¹³
3519 5353 3683 5410 Josue

2109 5563 2408 5688 δρῖλῗὸῗείιῖι
2440 5632 2568 5670 mss.
2603 5615 2748 5670 Editi-
2775 5629 2921 5675 vero,
2958 5631 2976 5663 ι
3018 5611 3417 5688 tlecurtatimte.
3459 5628 3478 5662 ι

2107 5761 2137 5817 d
2178 5683 2290 5760 (50)
2329 5688 2455 5742 Mss.
2485 5687 2653 5744 nostri
2681 5725 2696 5753 ,
2757 5703 2775 5736 ι
2813 5694 2863 5739 et
2892 5699 2986 5754 per
3015 5683 3335 5738 miserorum
3359 5720 3378 5762 .-
3403 5721 3417 5736 .
3447 5718 3462 5735 .
3488 5692 3680 5736 emen-

2143 5771 2217 5817 λιι.
2255 5779 2274 5812 ι
2303 5770 2412 5816 etc.

2143 5771 2217 5828 at,
2255 5779 2274 5812 ι
2303 5770 2412 5816 etc.
