4170 6416
417 391 536 450 «δη

1919 388 2243 447 ORIGENIS

3587 391 3696 447 9i!

429 513 639 571 metriae
673 507 962 575 studebat,
1008 516 1103 562 aut
1135 505 1514 573 astronomiae,
1547 521 1671 577 quae
1713 507 1856 577 apud
1885 507 2006 564 illos
2033 510 2076 570 Α
2110 506 2310 562 factum
2369 503 2634 576 culpatis,
2697 505 2790 576 qui
2834 514 2890 561 et
2935 517 3128 561 octava
3185 505 3276 561 die
3333 506 3694 562 circumcisus

410 606 714 677 -pr:ecipuae
744 603 1055 665 ducuntur;
1099 598 1280 655 nullus
1308 608 1458 655 certe
1490 597 1797 668 astrologiae
1826 608 1882 652 et
1909 612 2007 668 ge-

429 712 650 762 neseos,
689 710 794 766 qua
837 693 972 748 nihil
1005 693 1243 747 divinius
1272 699 1494 762 putant,
1526 699 1734 744 secreta
1765 690 2007 745 rimaba-

429 799 540 854 tur,
586 788 688 842 nisi
743 783 1162 841 circumcisione
1202 792 1475 854 suscepta.
1540 779 1812 836 Sacerdos
1863 779 2005 849 apud

407 893 543 942 eos,
589 885 846 945 auspex,
889 883 982 928 aut
1022 873 1390 944 quorumlibet
1422 886 1704 927 sacrorum
1731 870 2001 936 minister,

428 967 534 1035 vel,
572 977 628 1020 ut
662 965 735 1020 illi
781 964 1085 1035 appellant,
1114 964 1376 1034 pr0pheta
1411 961 1624 1024 omnis,
1652 959 2007 1015 circumcisus

427 1066 530 1110 est.
570 1054 807 1109 Litteras
857 1068 1073 1123 quoque
1123 1051 1492 1107 sacerdotales
1543 1059 1787 1105 veterum
1834 1048 2006 1120 A‘Sgy-

429 1147 663 1215 ptiorutn
684 1183 699 1208 ,
731 1158 869 1213 quas
915 1142 1348 1212 hieroglyphicas
1381 1141 1654 1210 appellant
1675 1179 1691 1205 ,
1727 1155 1886 1195 nemo
1919 1141 2007 1194 di-

415 1229 615 1291 scebat
647 1237 754 1290 nisi
781 1236 1156 1290 circumcisus.
1180 1233 1370 1290 Otnnis
1402 1232 1810 1301 hicrophantes,
1828 1231 2008 1286 omnis

428 1337 601 1393 vates,
641 1328 821 1383 omnis
849 1327 993 1394 caeli,
1038 1337 1096 1382 ut
1129 1336 1342 1396 putant,
1379 1324 1690 1396 infernique
1718 1334 1920 1394 mystea
1951 1333 2007 1378 et

411 1420 680 1476 conscius
723 1420 864 1490 apud
904 1434 1000 1475 eos
1047 1434 1168 1474 esse
1219 1433 1326 1474 non
1371 1418 1643 1484 creditur,
1695 1415 1800 1470 nisi
1841 1415 2008 1471 fuerit

427 1513 806 1568 circumcisus.
849 1511 963 1567 lloc
1008 1511 1177 1582 igitur
1211 1510 1351 1581 apud
1405 1525 1506 1564 nos
1546 1520 1703 1578 turpe
1726 1519 1780 1564 et
1810 1508 2004 1564 obsce-

428 1621 559 1660 num
591 1604 870 1675 iudicatis,
921 1603 1064 1673 quod
1097 1603 1237 1670 apud
1275 1617 1370 1657 vos
1401 1602 1473 1656 ita
1510 1601 1794 1656 honestum
1837 1600 2006 1656 hahe-

429 1707 520 1752 tur
557 1705 612 1750 et
655 1709 910 1765 maguum
934 1734 951 1758 ,
985 1705 1043 1747 ut
1089 1692 1389 1748 cmlestium
1429 1691 1874 1761 iulernorumque
1915 1705 2004 1747 se-

427 1797 579 1841 creta
630 1785 849 1841 nonnisi
896 1799 993 1855 per
1038 1785 1408 1855 hujuscemodi
1462 1784 1697 1854 insignia
1731 1782 2004 1840 enuntiari

2108 607 2197 652 est
2221 597 2300 663 ⁸⁸,
2327 605 2381 653 et
2411 597 2634 651 vulnera
2671 597 2940 666 paSsionis
2985 597 3236 664 excepit,
3267 606 3321 650 et
3357 611 3480 649 cum
3515 596 3694 650 cruris

2108 700 2270 758 pinna
2297 688 2616 758 sanguinem
2657 702 2814 741 suum
2847 686 3002 740 fudit.
3047 687 3200 753 Quod
3231 685 3401 758 496
3424 701 3552 740 vero
3579 687 3693 741 cir-

2108 770 2460 830 cumcisiOnis
2505 776 2735 830 horrore
2775 776 3017 830 difﬁcilis
3059 776 3212 831 vobis
3261 780 3326 831 ad
3375 775 3689 846 religionem

2109 869 2325 924 videtur
2375 883 2632 924 accessus
2660 867 2805 942 (53),
2853 869 3130 924 difﬁcillor
3166 870 3334 924 multo
3364 869 3577 924 videtur
3607 870 3692 924 in-

2108 975 2332 1030 gressus
2376 962 2446 1016 ad
2474 960 2858 1031 Evangelium,
2909 962 2999 1017 ubi
3047 978 3153 1017 non
3187 971 3398 1030 partem
3431 963 3689 1032 exiguam

2109 1051 2381 1120 corporis,
2407 1050 2501 1106 sed
2532 1051 2702 1120 ipsam
2739 1051 2863 1120 quis
2890 1052 3125 1106 animam
3155 1053 3596 1124 ponerejubetur
3620 1053 3688 1108 ".

2108 1145 2216 1201 Sed
2261 1145 2508 1215 exempla
2538 1155 2876 1216 martyrum,
2925 1145 3226 1199 secundum
3255 1160 3385 1212 vos,
3442 1145 3692 1214 prohibe-

2107 1237 2243 1294 bunt
2271 1238 2522 1294 homines
2556 1239 2820 1293 accedere
2843 1236 2910 1291 ad
2937 1236 3120 1291 ﬁdem.
3161 1238 3244 1290 An
3273 1251 3338 1290 eo
3367 1237 3540 1307 magis
3571 1237 3689 1306 (δι)

2108 1330 2356 1386 creditur
2397 1330 2555 1384 ﬁrma
2587 1329 2811 1401 religio,
2851 1330 2995 1400 quod
3039 1328 3173 1383 nihil
3202 1330 3485 1384 remissum
3507 1369 3524 1395 ,
3555 1328 3689 1383 nihil

2108 1421 2401 1477 delicatum
2450 1421 2738 1492 pollicetur
2773 1433 2866 1476 aut
2911 1421 3114 1477 molle?
3167 1421 3323 1490 Quod
3365 1425 3434 1476 et"
3459 1423 3506 1476 si
3553 1421 3689 1477 nihil

2108 1512 2254 1568 aliud
2311 1514 2641 1569 sacramenti
2701 1512 3000 1584 ﬁguraliter
3047 1513 3398 1569 circumcisio
3449 1522 3687 1580 teneret,

2107 1605 2237 1675 quid
2283 1615 2430 1660 esset
2454 1604 2702 1673 absurdi,
2754 1605 2802 1660 si
2846 1605 2911 1659 ad
2946 1606 3326 1660 discretionem
3363 1615 3688 1660 caeteraruru

2108 1698 2349 1769 gentium
2385 1698 2650 1767 populus,
2700 1697 2796 1768 qui
2841 1696 2944 1753 sub
2991 1696 3108 1767 lege
3150 1697 3244 1752 Dei
3281 1697 3689 1759 instituebatur,

2110 1790 2389 1862 proprium
2425 1790 2644 1861 aliquod
2669 1798 2907 1859 gestaret
2943 1789 3190 1859 insigne?
3218 1795 3273 1845 et
3304 1790 3348 1844 si
3377 1790 3690 1845 necessaria

426 1875 582 1930 vobis
613 1890 776 1944 posse
806 1873 1090 1930 credatis?
1152 1874 1305 1941 Quod
1340 1873 1383 1928 si
1416 1875 1559 1944 apud
1589 1889 1683 1928 vos
1707 1887 1808 1943 pro
1840 1883 1918 1928 tot
1950 1881 2007 1927 et
2037 1868 2079 1929 Β
2109 1879 2224 1934 visa
2261 1887 2347 1936 est
2391 1879 2563 1950 partis
2610 1877 2843 1948 alicujus
2875 1879 3204 1950 amputatio,
3249 1879 3378 1949 quid
3416 1891 3524 1934 tam
3553 1895 3691 1934 con-

429 1969 599 2022 tautis
643 1975 980 2022 secretorum
1027 1974 1332 2020 vestrorqu
1376 1965 1560 2020 causis
1601 1979 1725 2034 qua:
1757 1963 2006 2018 ministra

427 2059 845 2124 circumcisione
887 2067 1255 2128 peraguntur,
1305 2058 1673 2112 necessarium
1705 2057 1808 2111 crit
1838 2057 2004 2112 ratio-

429 2166 553 2207 nem
580 2151 772 2221 quaeri,
809 2161 862 2206 et
896 2150 1057 2206 talem
1091 2165 1211 2221 qua:
1242 2149 1517 2205 contemni
1547 2164 1656 2204 non
1687 2148 1901 2215 debeat,
1941 2162 2008 2203 ne

426 2259 551 2300 cum
599 2259 662 2299 ea
703 2252 914 2300 cuncta:
937 2242 1144 2313 pariter
1184 2242 1337 2298 vobis
1365 2241 1704 2298 caeremoniae
1733 2239 2006 2298 subruun-

427 2348 520 2392 tur
547 2335 684 2406 (5i),
719 2350 819 2390 cur
850 2350 956 2390 non
981 2337 1031 2390 id
1059 2335 1223 2390 etiam
1250 2333 1390 2404 apud
1419 2349 1519 2389 nos
1547 2332 1662 2389 ﬁeri
1694 2347 1855 2402 posse
1881 2347 2006 2402 spe-

428 2428 608 2483 retis?
650 2429 849 2484 Verum
895 2428 940 2482 si
990 2426 1266 2496 replicetis
1304 2427 1561 2482 historias
1588 2434 1828 2491 vestras,
1859 2425 2009 2480 iuve-

431 2521 594 2576 nietis
624 2535 730 2576 non
757 2520 932 2576 solum
959 2517 1345 2590 )Egyptiorum
1394 2518 1706 2573 sacerdotes
1735 2527 1790 2572 et
1821 2517 2007 2572 hiero-

427 2617 664 2686 pltautas
693 2629 820 2670 usos
858 2628 980 2668 esse
1005 2611 1456 2676 circumcisione,
1504 2613 1598 2667 sed
1630 2620 1685 2667 et
1713 2610 1922 2666 Arabas
1953 2619 2008 2666 et

422 2707 754 2777 Etltlopas,
801 2716 857 2762 et
906 2705 1230 2770 Phoenices,
1267 2705 1512 2775 aliosque
1553 2721 1784 2775 quorum
1830 2704 2007 2759 studia

425 2816 556 2870 erga
609 2799 979 2871 hujuscemodi
1029 2798 1442 2869 superstitiones
1503 2799 1739 2854 nobilius
1790 2798 2009 2870 viguere

427 2891 566 2962 (52).
607 2890 734 2946 llaec
762 2890 1093 2946 suilicienter
1121 2889 1261 2944 dicta
1297 2891 1408 2943 sint
1442 2891 1726 2943 adversum
1757 2889 2007 2960 gentiles,

425 2985 627 3057 quibus
656 2985 722 3038 de
767 2983 902 3051 legis
946 2992 1148 3038 nostra:
1179 2982 1454 3054 mysteriis
1492 2982 1821 3052 loquendum
1853 2997 2009 3052 aper-

426 3081 540 3134 tius
566 3093 671 3132 non
696 3088 834 3132 erat.
875 3075 1158 3146 Nuncjam
1191 3075 1347 3130 nobis
1375 3076 1442 3130 ad
1465 3091 1560 3131 eos
1589 3091 1772 3131 sermo
1800 3076 2009 3146 diriga-

428 3184 540 3239 tur,
590 3172 683 3242 qui
721 3173 935 3227 Christo
980 3171 1198 3240 quidem
1242 3171 1469 3226 credunt
1497 3208 1515 3234 ,
1549 3169 1643 3224 sed
1673 3167 1868 3238 Legem
1899 3185 2003 3224 non

426 3263 700 3333 recipiunt
727 3271 782 3317 et
802 3260 1122 3332 Prophetas.
1163 3259 1432 3316 Fatemiui
1471 3261 1591 3316 sine
1619 3260 1786 3315 dubio
1816 3276 2003 3315 verum

416 3369 544 3411 esse
575 3355 719 3425 quod
769 3355 1032 3423 scriptum
1079 3361 1166 3408 est
1211 3353 1263 3408 in
1311 3353 1553 3422 Epistola
1588 3353 1735 3408 Petri
1767 3374 1780 3408 :
1815 3371 1834 3405 ί
1867 3353 2002 3420 Quia

423 3446 693 3515 redempti
727 3465 750 3499 δ
793 3461 982 3502 sumus
1011 3465 1030 3498 ι
1065 3461 1170 3501 non
1206 3445 1552 3516 corruptibili
1589 3447 1763 3515 pretio
1792 3445 2001 3515 argenti

419 3547 476 3594 et
507 3539 666 3605 auri,
710 3537 806 3593 sed
863 3537 1101 3608 pretioso
1149 3538 1410 3608 sanguine
1446 3557 1466 3590 ι
1519 3537 1794 3607 Unigeniti
1825 3538 1890 3590 η.
1945 3537 2003 3592 Si

419 3646 554 3703 ergo
583 3650 602 3684 ι
639 3631 816 3702 pretio
842 3632 1008 3698 empti
1044 3647 1062 3682 ι
1094 3644 1279 3683 smnus
1300 3669 1318 3696 ,
1359 3640 1415 3684 ut
1451 3632 1613 3685 etiam
1641 3630 1841 3685 Paulus
1866 3632 2002 3685 asti—

423 3725 646 3796 pulatur
673 3724 749 3790 ιτ,
787 3724 857 3779 ab
888 3723 1071 3793 aliquo
1096 3723 1214 3778 sine
1246 3724 1411 3780 dubio
1438 3724 1602 3794 empti
1648 3739 1839 3780 smnus
1859 3765 1874 3790 ,
1909 3741 2005 3778 cu-

415 3817 510 3888 jus
536 3832 758 3874 eramus
793 3817 962 3881 servi,
994 3816 1087 3885 qui
1112 3826 1168 3870 et
1195 3817 1427 3885 pretium
1459 3818 1704 3887 poposcit
1734 3817 1876 3885 quod
1905 3831 2001 3869 vo—

422 3909 548 3975 luit,
585 3919 643 3965 ut
677 3910 744 3964 de
786 3917 1054 3979 potestate
1101 3907 1400 3963 dimitteret
1443 3924 1581 3979 quos
1615 3909 1848 3964 tenebat.
1893 3907 2000 3963 Tc-

422 4001 588 4058 nebat
621 4013 804 4056 autem
837 4016 937 4055 nos
967 4001 1250 4066 diabolus,
1287 4003 1372 4056 cui
1429 4003 1676 4057 distracti
1723 4001 2003 4056 fueramus

419 4094 660 4164 peccatis
713 4093 936 4149 nostris.
992 4090 1246 4162 Poposcit
1289 4109 1419 4164 ergo
1471 4095 1704 4162 pretium
1754 4105 2000 4149 nostrum

421 4187 744 4256 sanguinem
779 4185 1002 4239 Christi.
1046 4185 1242 4240 Verum
1287 4189 1458 4240 donec
1495 4185 1622 4242 Iesu
1649 4189 1875 4258 sanguis
1905 4189 2002 4242 da-

420 4285 596 4345 retur,
629 4276 723 4346 qui
750 4284 858 4331 tam
890 4276 1159 4345 pretiosus
1186 4276 1321 4341 fuit,
1357 4289 1413 4332 ut
1446 4280 1594 4334 solus
1634 4295 1732 4349 pro
1757 4280 1998 4334 omnium

417 4369 796 4438 redemptione
825 4367 1118 4436 sufﬁceret,
1150 4374 1514 4425 necessarium
1547 4371 1647 4426 fuit
1676 4388 1771 4427 eos
1803 4374 1891 4442 qui
1919 4373 2001 4428 iu-

418 4461 789 4516 stituebantur
819 4461 872 4514 in
897 4460 1037 4530 lege,
1071 4477 1509 4530 unumquemque
1524 4479 1622 4532 pro
1645 4480 1724 4528 se,
1763 4463 1908 4520 velut
1931 4464 2000 4518 ad

2031 3226 2076 3284 C

2108 1971 2331 2027 veniens
2359 1969 2484 2038 fuit,
2513 1985 2679 2042 quam
2716 1985 2837 2027 eam
2862 1971 3105 2027 invenire
3137 1986 3257 2044 qua:
3285 1972 3570 2027 videbatur
3599 1974 3694 2028 ob-

2107 2075 2308 2130 scena,
2360 2072 2417 2118 et
2458 2062 2554 2118 illa
2602 2063 2819 2117 auferre
2864 2077 3098 2133 quorum
3141 2062 3429 2117 diminutio
3459 2062 3593 2118 nihil
3623 2068 3690 2118 ad

2106 2152 2351 2208 ofﬁcium
2394 2154 2640 2224 corporis
2692 2153 3023 2224 impediret?
3099 2153 3254 2220 Quod
3299 2170 3431 2210 vero
3479 2156 3692 2222 dicunt,

2107 2244 2232 2316 quia
2262 2245 2308 2300 si
2342 2246 2650 2300 necessaria
2697 2261 2804 2301 non
2848 2256 2968 2301 erat
2997 2246 3086 2300 illa
3118 2262 3246 2317 pars
3278 2249 3545 2313 membri,
3572 2249 3690 2304 ﬁeri

2111 2355 2140 2390 a
2169 2336 2430 2392 Creatore
2457 2351 2561 2391 non
2587 2337 2771 2391 debuit
2799 2351 2815 2390 :
2848 2339 2890 2393 si
2925 2339 3238 2394 necessario
3265 2337 3410 2394 facta
3440 2349 3550 2406 est,
3578 2353 3690 2394 non

2108 2427 2268 2482 debet
2295 2423 2498 2481 auferri
2551 2443 2566 2482 :
2601 2426 2998 2496 interrogemus
3041 2443 3137 2484 eos
3167 2439 3221 2484 et
3251 2444 3384 2496 nos,
3421 2430 3467 2486 si
3502 2445 3693 2485 neces-

2106 2518 2309 2574 sariam
2337 2517 2525 2574 dicant
2545 2517 2780 2574 ﬁliorum
2812 2522 3268 2592 procreationem.
3311 2521 3700 2582 Necessarium

2106 2613 2228 2668 sine
2277 2614 2445 2670 dubio
2491 2615 2914 2684 respondebunt.
2981 2615 3153 2670 Erunt
3209 2629 3340 2687 ergo
3392 2616 3692 2686 culpabiles

2107 2705 2220 2772 qui,
2248 2705 2600 2759 continentiae
2634 2717 2689 2759 et
2716 2705 3044 2776 virginitatis
3071 2707 3329 2773 obtentu,
3362 2710 3692 2766 necessariis

2109 2804 2318 2850 naturae
2363 2795 2564 2852 ofﬁciis
2611 2812 2719 2852 non
2764 2798 3082 2854 ministrant
3113 2817 3128 2854 :
3161 2808 3216 2855 et
3259 2809 3418 2854 erunt
3461 2801 3692 2872 Cogendi

2107 2889 2176 2945 ad
2221 2891 2438 2959 nuptias
2479 2906 2670 2947 omnes
2727 2891 2822 2962 qui
2871 2893 3174 2948 secundum
3216 2893 3494 2964 Evangelii
3545 2893 3696 2964 leges

2113 3001 2132 3036 ‹
2166 2983 2490 3052 semetipsos
2533 2993 2917 3040 castraverunt
2962 2994 3185 3054 propter
3215 3000 3446 3058 regnum
3467 2986 3677 3053 Dei",i

2107 3077 2372 3132 habentes
2409 3077 2641 3146 exempli
2672 3077 2834 3147 hujus
2861 3087 3140 3134 auctorem
3170 3093 3295 3134 cum
3326 3078 3524 3134 multos
3553 3077 3692 3134 alios

2109 3177 2447 3233 Sanctorum,
2499 3177 2612 3223 tutn
2660 3169 2824 3224 etiam
2858 3169 3033 3239 ipsum
3063 3169 3349 3225 Dominum
3383 3167 3589 3225 Jesum.
3630 3168 3691 3225 lu

2111 3276 2321 3316 summa
2345 3277 2477 3318 vero
2511 3263 2800 3318 dicendum
2834 3273 2918 3318 est
2948 3263 3092 3332 quod
3125 3261 3269 3317 sicut
3299 3262 3468 3318 multa
3502 3277 3694 3318 neces-

2112 3353 2259 3406 saria
2291 3363 2448 3408 erant
2482 3355 2810 3424 baptismata
2851 3363 2978 3408 ante
3005 3354 3335 3423 baptismum
3357 3352 3600 3418 Christi,
3635 3359 3694 3408 et

2112 3444 2296 3499 multa:
2326 3446 2734 3514 puriﬁcationes
2776 3455 3068 3516 antequam
3097 3445 3408 3517 puriﬁcatio
3436 3460 3533 3516 per
3567 3445 3694 3516 Spi-

2114 3537 2278 3590 ritum
2314 3549 2562 3593 sanctum
2599 3537 2786 3604 ﬁeret,
2838 3545 2894 3593 et
2933 3536 3116 3592 multat
3156 3539 3350 3593 hostiae
3393 3545 3690 3604 antequam

2111 3642 2214 3680 una
2250 3627 2424 3682 hostia
2467 3628 2658 3698 Agnus
2703 3627 3089 3684 immaculatus
3130 3629 3484 3699 semetipsum
3537 3627 3690 3683 Patri

2109 3718 2336 3776 offerret
2381 3719 2614 3774 hostiam
2645 3719 2898 3776 Christus
2925 3719 2969 3751 ²¹
3004 3738 3018 3775 :
3055 3720 3128 3775 ita
3160 3720 3326 3774 etiam
3361 3717 3548 3774 multis
3579 3718 3692 3774 cir-

2111 3813 2538 3869 cumcisionibus
2581 3827 2717 3882 opus
2746 3811 2887 3876 fuit,
2942 3825 3223 3882 usquequo
3254 3825 3363 3865 una
3392 3810 3445 3864 in
3470 3809 3691 3864 Christo

2109 3905 2462 3961 circumcisio
2483 3905 2740 3959 omnibus
2771 3903 3081 3960 traderetur
3109 3921 3124 3958 :
3159 3910 3216 3958 et
3249 3902 3543 3956 multorum
3568 3915 3692 3955 san-

2106 4001 2287 4072 guinis
2331 3996 2524 4053 ell‘usio
2579 3998 2887 4069 przecessit,
2934 4010 3214 4066 usquequo
3243 4009 3344 4066 per
3375 3993 3538 4048 unius
3563 4007 3691 4047 san-

2107 4096 2325 4162 guinem
2351 4094 2592 4146 omnium
2634 4089 2938 4159 redemptio
2969 4089 3144 4142 ﬁeret.
3191 4086 3319 4142 Haec
3346 4085 3562 4156 quidem
3591 4099 3690 4140 no-

2109 4186 2192 4240 bis
2219 4186 2284 4239 ad
2315 4198 2554 4254 prtesens
2579 4195 2872 4237 occurrere
2915 4181 2982 4236 de
3008 4177 3445 4235 circumcisionis
3474 4176 3690 4230 ratione

2107 4285 2401 4348 potuerunt
2432 4294 2446 4332 :
2475 4291 2595 4346 quae
2627 4286 2804 4330 tamen
2853 4289 2918 4329 ea
2958 4273 3079 4344 lege
3123 4273 3266 4327 dicta
3310 4272 3422 4327 sint
3449 4285 3479 4324 a
3505 4270 3688 4335 nobis,

2107 4382 2167 4426 ut
2197 4373 2239 4425 si
2265 4370 2386 4439 quis
2418 4370 2610 4424 melius
2634 4377 2689 4423 et
2713 4367 3088 4422 rationabilius
3119 4363 3353 4429 dixerit,
3392 4362 3482 4418 illa
3514 4362 3689 4432 magis

2105 4478 2268 4534 quam
2301 4462 2420 4517 hzec
2447 4470 2630 4516 nostra
2663 4469 2971 4515 teneantur.
3020 4459 3223 4514 Verum
3255 4465 3373 4525 post
3400 4468 3690 4510 excessum

419 4552 775 4608 imitationem
808 4554 1094 4622 quamdam
1123 4550 1316 4606 futura:
1339 4554 1761 4624 redemptionis,
1787 4557 2001 4626 sangui-
2030 4573 2077 4632 ι)
2100 4558 2250 4628 justo
2297 4555 2524 4609 forsitan
2573 4553 2904 4623 largiorem,
2957 4551 3024 4605 ad
3057 4548 3342 4619 apostolici
3379 4545 3690 4602 conclusio-

415 4658 541 4699 nem
565 4659 721 4700 suum
748 4645 909 4710 dare;
947 4652 1000 4698 et
1025 4653 1308 4714 propterea
1341 4659 1458 4710 nos,
1494 4661 1591 4715 pro
1622 4649 1817 4716 quibus
1846 4664 1998 4704 com-

415 4735 620 4805 pletum
649 4744 734 4791 est
772 4736 1010 4806 pretium
1038 4737 1319 4805 sanguinis
1350 4735 1593 4802 Christi,
1641 4756 1748 4796 non
1779 4757 1998 4796 necesse

417 4829 681 4885 habemus
709 4843 806 4898 pro
831 4829 984 4884 nobis
1010 4828 1142 4899 ipsis
1169 4833 1424 4901 pretium,
1463 4832 1516 4886 id
1545 4845 1649 4897 est,
1680 4835 1998 4906 sanguinem

415 4923 855 4978 circumcisionis
893 4921 1113 4978 oil'erre.
1172 4924 1228 4977 Si
1265 4939 1393 4979 vero
1436 4924 1706 4996 culpabile
1737 4928 1891 4982 vobis
1913 4928 1996 4980 vi-

415 5017 578 5071 detur
616 5016 759 5084 quod
807 5014 952 5070 Deus
984 5014 1120 5086 legis
1149 5015 1337 5070 inferri
1366 5017 1522 5087 jubet
1548 5017 1852 5073 infantibus
1875 5018 1998 5072 vui-

417 5121 582 5174 nera,
633 5115 689 5163 et
729 5107 1049 5177 sanguinem
1098 5107 1249 5162 fundi
1281 5125 1295 5162 :
1333 5111 1436 5165 hoc
1462 5110 1628 5165 etiam
1677 5109 1733 5164 in
1774 5111 1994 5167 Christo

2105 4665 2225 4704 nctn
2255 4645 2480 4716 capituli
2526 4654 2890 4700 revertantur.
2949 4643 3120 4713 Igitur
3146 4639 3402 4709 quoniam
3429 4637 3688 4706 frequens

2105 4751 2189 4797 est
2230 4739 2488 4808 Apostolo
2523 4739 2626 4793 iste
2655 4745 2954 4799 tractatus,
2989 4749 3098 4803 quo
3133 4747 3230 4802 per
3257 4729 3500 4802 singulos
3518 4744 3688 4799 quos.

2105 4846 2213 4902 que
2249 4830 2364 4900 (55)
2417 4829 2578 4884 binos
2629 4827 2876 4882 homines
2921 4840 3044 4880 esse
3097 4823 3342 4893 designat
3386 4839 3401 4878 :
3451 4835 3685 4892 quorum

2105 4924 2336 4979 alterum
2383 4920 2712 4976 exteriorem
2749 4918 3054 4983 nominare,
3101 4917 3334 4970 alterum
3364 4916 3683 4969 interiorem

2105 5015 2243 5072 solet
2290 5033 2305 5070 :
2343 5028 2644 5083 eorumque
2682 5011 2908 5066 alterum
2935 5011 3256 5066 secundum‘
3278 5021 3502 5062 carnem
3539 5019 3682 5069 esse,

2103 5110 2338 5165 alterum
2372 5109 2672 5164 secundum
2725 5104 2978 5176 spiritum
3008 5103 3159 5168 dicit,
3195 5101 3447 5174 (opinor,
3479 5114 3548 5154 ex
3577 5099 3686 5153 illis

489 5271 534 5304 "
563 5270 581 5325 l
613 5270 762 5326 Pctr.
791 5285 851 5341 ι.
875 5268 1082 5341 18,719.
1160 5271 1202 5303 ¹⁷
1234 5269 1255 5324 1
1284 5271 1415 5327 Cor.
1444 5287 1543 5340 vn,
1575 5272 1667 5328 23.
1747 5273 1794 5307 ¹⁸
1814 5273 1950 5331 Luc.
1977 5289 2003 5329 ιι

2115 5275 2162 5330 l.
2239 5273 2284 5306 ¹⁹
2312 5271 2505 5329 Matth.
2537 5287 2589 5337 ι,
2619 5269 2720 5336 39;
2769 5283 2885 5337 xvi,
2917 5262 3010 5321 25.
3085 5264 3132 5296 ὀ
3179 5261 3374 5320 Matth.
3420 5277 3551 5330 ιιι,
3593 5260 3683 5317 12.

412 5341 457 5375 ⁹¹
493 5342 655 5397 llebr.
682 5355 758 5406 ιχ,
795 5340 892 5406 14;
925 5341 946 5395 ι
973 5340 1119 5396 Petr.
1150 5341 1304 5407 ι,19.

485 5496 600 5563 (5i)
644 5495 728 5551 Ne
752 5512 874 5551 cum
915 5513 980 5554 ea
1007 5507 1209 5551 cunctae
1249 5497 1453 5566 pariter
1496 5499 1640 5552 vobis
1667 5500 1994 5555 caeremonits

414 5569 764 5622 subruantur.
808 5569 901 5622 Sic
929 5583 1061 5623 mss.
1095 5567 1236 5622 Editi
1267 5583 1418 5632 vero,
1458 5584 1479 5619 ι
1513 5584 1580 5623 ne
1608 5585 1733 5624 cum
1767 5585 1834 5625 eo
1861 5585 1996 5626 cun-

417 5649 502 5690 t'ln
531 5640 739 5704 pariter
761 5639 1119 5694 subruantnr.
1155 5655 1173 5689 ι

489 5709 604 5782 (53‘)
645 5709 819 5782 Editi,
881 5726 900 5762 ι
937 5710 1109 5778 gratia
1163 5707 1542 5776 hujuscemodi
1591 5711 1997 5782 superstitionis

417 5777 652 5849 nobilius
689 5778 890 5849 vigent.
931 5797 951 5831 ι

492 5847 604 5915 (55)
647 5847 786 5902 Εάίἰὶ
812 5862 1118 5920 perperam,
1153 5868 1171 5902 ι
1206 5863 1484 5908 ascensus.
1521 5868 1547 5902 ο

2159 5495 2285 5622 ἇόὁ)
2323 5496 2406 5550 An
2433 5512 2493 5551 eo
2523 5496 2711 5566 magis.
2736 5495 2812 5550 lta
2836 5495 3040 5550 habent
3067 5495 3195 5552 editi
3222 5505 3278 5552 et
3301 5510 3436 5552 mss.
3471 5500 3682 5558 nostri:

2229 5579 2406 5622 tamen
2438 5567 2726 5622 legendum
2757 5569 2970 5621 videtur
2997 5584 3011 5620 :
3055 5585 3074 5620 ι
3099 5569 3169 5622 Αι
3197 5582 3263 5622 eo
3287 5568 3485 5622 magis.
3515 5586 3537 5622 ι
3561 5585 3682 5622 etc-

2097 5567 2193 5639 sed
2229 5579 2406 5639 tamen
2438 5567 2726 5638 legendum
2747 5569 2970 5639 ividetur
2997 5584 3011 5620 :
3055 5585 3074 5620 ι
3099 5569 3169 5622 At
3197 5582 3263 5623 eo
3287 5568 3485 5638 magis,
3515 5586 3537 5622 ι
3561 5585 3690 5639 cic.,

2100 5637 2210 5701 vel,
2241 5656 2267 5708 γι
2304 5637 2591 5693 Aunon’eo
2617 5638 2810 5708 magis.
2851 5655 2870 5688 ι

2174 5707 2289 5832 ('55)
2323 5708 2570 5781 Singulos
2613 5706 2862 5779 quoique.
2904 5706 3044 5764 Editi
3067 5747 3082 5774 ,
3119 5708 3360 5782 «singula
3389 5723 3676 5779 qumque..-

2174 5796 2262 5832 te.

2102 5795 2262 5836 male.
