4170 6432
542 383 648 442 9l3

1489 377 1846 439 COMMENT.
1885 382 1952 438 lN
1992 381 2209 439 EPIST.
2252 382 2342 436 AD
2382 379 2548 437 ROM.
2590 379 2718 434 LIB.
2758 377 2820 434 ΙΙ.

3698 384 3802 440 9H

544 500 827 555 institutus
854 498 972 571 (56)
994 513 1116 570 qua:
1143 500 1196 556 in
1229 499 1429 556 Genesi
1457 499 1662 569 scripta
1687 511 1835 565 sunt,
1865 501 1953 556 ubi
1983 503 2118 556 alius
2148 511 2191 562 A
2221 496 2384 570 497
2421 500 2562 553 Deus
2597 511 2762 551 verax
2791 536 2808 560 ν
2854 491 3034 547 omnis
3081 501 3264 548 autem
3303 494 3470 552 homo
3513 497 3747 552 menda!
3783 516 3798 552 ε

543 591 610 642 ad
645 589 938 660 imaginem
973 590 1067 643 Dei
1103 590 1312 654 factus,
1349 589 1487 644 alius
1519 589 1586 645 de
1620 590 1747 644 limo
1783 600 1940 646 terra:
1992 593 2115 660 pla-

535 693 739 737 stnatus
759 678 1077 753 refertur")
1102 721 1118 747 ,
1138 692 1190 737 et
1218 684 1316 738 hos
1346 682 1493 751 ipsos
1523 697 1668 738 nunc
1697 683 1860 736 alium
1909 685 1961 738 in
1998 700 2115 738 ma-

532 771 735 825 nifesto
757 812 772 837 ,
824 772 990 828 alium
1024 775 1078 828 iu
1107 774 1322 830 occulto
1349 772 1595 829 Judaeum
1625 786 1784 828 vocat
1811 774 1856 806 ³³
1889 791 1903 828 :
1939 775 2115 831 scien-

534 861 661 916 dum
693 872 776 918 est
815 865 956 933 quod
991 867 1186 920 horum
1217 876 1446 935 uterque
1489 865 1542 920 in
1575 867 1902 936 quibusdam
1940 869 2113 923 disso-

531 953 639 1019 nis,
692 955 750 1009 in
795 957 1072 1014 nonnullis
1104 972 1234 1014 vero
1268 951 1652 1014 communibus
1696 959 1867 1014 utitur
1895 961 2111 1015 institu-

532 1044 627 1100 tis.
665 1044 798 1100 Nam
844 1057 972 1103 sunt
1015 1051 1268 1120 quaedam
1317 1060 1438 1118 quae
1481 1050 1551 1104 ab
1597 1051 1858 1106 interiore
1891 1051 2107 1106 homine

526 1136 742 1192 initium
791 1150 1050 1208 sumunt,
1103 1152 1158 1196 et
1211 1157 1386 1210 usque
1435 1143 1501 1196 ad
1539 1143 1867 1198 exteriorem
1919 1159 2107 1211 perve-

527 1229 686 1284 niunt
717 1247 732 1286 :
763 1230 868 1286 alia
891 1247 1022 1288 vero
1045 1233 1116 1288 ab
1146 1234 1422 1288 exteriore
1459 1233 1677 1289 homine
1702 1237 1953 1289 lnchoata
1983 1253 2106 1306 per-

526 1325 756 1376 veniunt
807 1339 980 1395 usque
1028 1327 1096 1380 ad
1151 1325 1488 1381 interiorem.
1541 1324 1694 1391 Quod
1748 1337 1928 1382 autem
1983 1330 2104 1384 diro

523 1412 632 1468 tale
659 1423 765 1471 est.
806 1416 862 1471 Si
897 1419 1126 1472 castitas
1152 1418 1220 1473 ab
1255 1418 1517 1472 interiore
1557 1419 1776 1474 homine
1801 1433 1972 1474 sumat
2006 1437 2102 1474 ex-

521 1507 737 1560 ordium
759 1547 775 1569 ,
813 1509 1060 1576 pervenit
1089 1509 1209 1564 sine
1237 1509 1402 1565 dubio
1431 1511 1542 1583 (57)
1572 1529 1744 1583 usque
1773 1515 1838 1568 ad
1866 1517 2102 1568 exteriu-

521 1609 662 1650 rem.
705 1595 892 1667 Neque
920 1601 1064 1654 enim
1103 1600 1217 1655 ﬁeri
1253 1611 1464 1670 potest,
1502 1613 1558 1657 ut
1590 1603 1634 1658 si
1666 1615 1792 1658 ante
1821 1608 1944 1675 quis
1994 1623 2097 1660 nou

514 1687 823 1744 uttechetur
873 1689 928 1745 in
980 1693 1183 1760 corde,
1218 1695 1483 1749 utmchari
1533 1698 1703 1765 possit
1742 1699 1795 1752 in
1845 1713 2094 1768 corpore.

515 1777 622 1831 Sed
652 1796 757 1835 non
787 1783 1046 1839 continue
1073 1785 1118 1838 si
1154 1787 1277 1854 quis
1303 1785 1373 1840 ab
1414 1789 1708 1844 exterioris
1741 1789 1976 1844 hominis
2015 1791 2094 1844 in—

2221 591 2367 644 sicut
2401 589 2671 658 scriptum
2716 594 2800 641 est
2832 602 2847 640 :
2888 585 2958 640 Ut
2985 585 3310 655 justiliccrls
3361 586 3412 640 in
3451 589 3801 642 sermonibus

2221 681 2348 744 tuis,
2400 689 2456 734 et
2487 680 2674 734 vincas
2699 695 2823 733 cum
2850 678 3120 748 iudicaris
3153 679 3222 732 ²⁹.
3261 696 3280 730 ι
3327 677 3383 731 In
3414 678 3515 732 hac
3555 678 3796 747 Epistula

2218 771 2418 828 Paulus
2447 774 2596 827 velut
2628 773 2834 826 arbiter
2863 773 3083 842 quidam
3113 772 3256 826 inter
3278 771 3496 827 Judteos
3523 774 3794 836 residens,

2216 872 2274 917 et
2306 861 2547 925 Gnaeos,
2597 861 2651 914 id
2703 871 2788 915 est
2831 876 2926 915 eos
2958 864 3052 930 qui
3103 875 3169 915 ex
3218 862 3470 931 gentibus
3518 862 3792 927 credunt,

2217 963 2476 1024 utrosque
2510 954 2577 1008 ad
2621 953 2778 1007 (idem
2815 953 3022 1008 Christi
3067 954 3141 1008 ita
3168 966 3365 1008 evocat
3394 964 3450 1010 et
3477 955 3697 1022 invitat,
3735 966 3793 1008 ut

2215 1061 2388 1116 neque
2410 1045 2626 1101 Judaeos
2649 1044 2887 1100 oll'eudat
2920 1047 3134 1115 penitus
3162 1047 3497 1102 destruendo
3532 1047 3792 1102 Judaicos

2213 1141 2349 1193 ritus
2377 1179 2392 1202 ,
2425 1153 2600 1208 neque
2630 1139 2882 1208 gentibus
2926 1139 3136 1208 injiciat
3181 1141 3619 1208 desperationem
3653 1154 3792 1194 cou-

2213 1230 2478 1283 lirmando
2499 1229 2901 1284 observantiam
2949 1229 3080 1298 legis
3108 1240 3160 1285 et
3188 1230 3416 1295 litterae;
3461 1239 3518 1284 et
3575 1231 3692 1287 sive
3720 1232 3788 1287 de

2211 1321 2721 1388 repromissionibus
2775 1331 3081 1387 memoret,
3130 1322 3246 1377 sive
3303 1323 3372 1378 de
3437 1323 3614 1393 poenis
3645 1363 3661 1390 ,
3716 1325 3786 1380 ad

2208 1422 2502 1481 utrumque
2534 1413 2786 1482 populum
2824 1413 3018 1468 dividit
3063 1415 3308 1470 verbum.
3337 1411 3428 1475 Ut,
3456 1414 3607 1469 verbi
3653 1429 3785 1485 gra-

2207 1503 2303 1568 tia,
2346 1519 2465 1556 cum
2513 1503 2686 1558 dicit:
2730 1520 2749 1555 ‹
2807 1500 2902 1557 His
2945 1513 3125 1556 autem
3151 1540 3166 1566 ,
3203 1502 3296 1572 qui
3327 1517 3394 1558 ex
3427 1503 3786 1557 contentione

2202 1606 2354 1661 sunt,
2379 1605 2430 1649 et
2465 1595 2554 1664 qui
2605 1595 2855 1650 dillidunt
2885 1595 3102 1664 quidem
3141 1596 3379 1660 veritati,
3422 1595 3652 1650 credunt
3684 1611 3783 1649 au-

2206 1697 2312 1740 tem
2337 1687 2630 1756 iniquitati,
2664 1687 2764 1750 ira,
2795 1697 2847 1741 et
2876 1687 3180 1759 indignatio
3211 1705 3225 1742 :
3262 1687 3564 1756 tribulatio,
3599 1696 3655 1743 et
3680 1703 3781 1740 au-

2201 1778 2378 1846 gustia
2433 1778 2483 1830 in
2521 1793 2736 1832 onmem
2771 1780 3009 1832 animant
3061 1779 3295 1834 hominis
3339 1779 3617 1848 operantis
3664 1794 3780 1832 tua-

514 1871 682 1940 cipiat
708 1875 995 1939 castitate,
1031 1879 1281 1947 pervenit
1304 1882 1469 1935 etiam
1501 1883 1570 1936 ad
1607 1883 1926 1938 interiorem
1960 1900 2075 1938 cou-

2200 1869 2306 1922 lmn
2342 1909 2357 1933 ,
2401 1868 2572 1924 ιιυάευί
2605 1871 2866 1940 primum,
2899 1883 2954 1926 et
2988 1872 3160 1927 Grmci
3194 1872 3261 1927 ³⁸.
3302 1890 3322 1924 ›
3349 1872 3454 1927 Ista
3485 1872 3551 1926 de
3574 1872 3773 1941 pmnis.

512 1959 836 2030 tineutiam;
875 1974 934 2019 ut
961 1967 1005 2021 si
1038 1981 1144 2022 non
1173 1971 1485 2025 mcechatur
1522 1971 1574 2025 in
1605 1986 1836 2042 corpore
1859 2015 1874 2039 ,
1908 1990 2008 2031 nec
2040 1977 2091 2030 in

507 2052 674 2106 corde
719 2055 1028 2111 mmcbetur
1077 2058 1212 2127 (58).
1276 2059 1586 2115 Secundum
1639 2064 1755 2117 tunc
1801 2079 1932 2134 ergo
1985 2066 2093 2119 cir-

506 2145 779 2199 cumcisio
809 2148 1167 2226 interioris'et
1192 2153 1484 2210 exterioris
1513 2156 1753 2211 hominis
1783 2156 2091 2226 allegoricis

503 2229 716 2302 legibus
762 2236 1138 2309 intelligatur,
1186 2257 1310 2297 cum
1341 2245 1454 2313 jam
1503 2261 1681 2316 neque
1727 2248 1957 2304 interior
1998 2251 2090 2307 ille

502 2327 842 2395 concupiscit
873 2331 926 2384 in
957 2335 1156 2400 corde,
1193 2350 1369 2404 neque
1415 2339 1655 2394 exterior
1700 2340 1802 2400 iste
1830 2345 2088 2412 concupi-

503 2417 731 2471 scentia:
767 2421 1044 2476 m'nistrat
1086 2425 1140 2478 in
1189 2441 1418 2495 corpore
1463 2446 1478 2483 :
1527 2439 1586 2484 ut
1614 2431 1972 2490 circumcisus
2003 2437 2086 2490 di-

500 2516 662 2562 catur
709 2510 762 2565 in
797 2527 967 2570 carne
1012 2515 1134 2582 ille,
1187 2534 1350 2589 quem
1401 2522 1689 2590 Apostolus
1736 2525 1871 2580 dicit
1902 2526 2083 2596 u*jam

498 2614 606 2654 non
633 2615 754 2658 esse
785 2605 836 2658 in
863 2620 1052 2670 carne.
1097 2613 1192 2665 sed
1232 2613 1285 2665 iu
1317 2615 1533 2681 θυῖε-ηπ,
1568 2625 1622 2671 et
1646 2619 1737 2687 qui
1775 2629 1930 2676 actus
1960 2637 2081 2676 car-

494 2692 582 2746 nis
607 2707 703 2761 per
734 2697 984 2765 spiritum
1027 2705 1323 2762 mortiﬁcat
1358 2710 1426 2764 ³⁵.
1466 2711 1668 2766 Verum
1699 2715 1955 2779 quoniam
1983 2718 2075 2784 qui

491 2783 854 2844 circumcisus
885 2801 1004 2854 est.
1036 2794 1272 2865 aliquam
1318 2815 1540 2856 carnem
1588 2804 1860 2872 perditum
1903 2783 2076 2873 dedit,

490 2874 730 2944 aliquam
760 2884 1002 2938 servavit
1032 2886 1360 2946 incolumem
1385 2935 1399 2959 ,
1439 2894 1490 2947 in
1521 2909 1587 2948 eo
1616 2899 1759 2964 quod
1802 2899 2072 2967 perditum

488 2968 638 3022 dedit
677 2969 827 3044 (59),
879 2974 1024 3030 illam
1069 2991 1293 3035 carnem
1337 2982 1637 3053 signiﬁcari
1682 2997 1812 3056 puto
1859 2990 1928 3043 de
1967 3005 2070 3059 qua

486 3061 752 3129 scriptum
777 3075 861 3120 est
885 3067 931 3100 “
959 3086 974 3123 :
1009 3087 1029 3122 ‹
1067 3069 1259 3128 Omnis
1280 3065 1416 3130 caro
1444 3075 1650 3145 fenum,
1679 3090 1734 3133 et
1755 3082 1933 3135 omnis
1959 3083 2072 3151 glo-

487 3153 568 3206 ria
603 3153 720 3221 eius
756 3159 914 3226 quasi
937 3158 1038 3216 llos
1067 3161 1234 3219 feni.»
1259 3166 1402 3222 Caro
1426 3180 1608 3224 autem
1642 3187 1763 3241 qua:
1796 3187 2064 3240 servatur,

481 3251 540 3296 et
569 3243 862 3304 incolumis
891 3265 1206 3324 permanet,
1254 3267 1384 3326 puto
1426 3262 1570 3330 quod
1613 3263 1845 3320 formam
1880 3276 2066 3322 teneat

481 3333 634 3391 illius
685 3342 866 3397 carnis
892 3343 959 3398 de
987 3359 1092 3413 qua
1139 3349 1339 3404 dicitur
1368 3351 1446 3417 "’,
1491 3354 1618 3421 quia
1664 3373 1683 3406 t
1721 3357 1900 3412 omnis
1935 3375 2064 3414 caro

479 3425 692 3518 videbit
715 3430 957 3490 salutare
987 3435 1076 3491 Dei
1097 3437 1270 3509 (60).»
1295 3439 1398 3496 Sed
1427 3456 1562 3512 opus
1587 3454 1672 3499 est
1695 3446 1918 3503 auribus
1941 3464 2063 3518 quae

471 3517 675 3574 audire
705 3525 914 3590 possint
939 3541 1061 3598 quae
1087 3531 1159 3584 sit
1189 3547 1322 3587 caro
1353 3547 1473 3602 quae
1503 3545 1728 3605 pereat,
1763 3548 1818 3592 et
1841 3517 2062 3609 quaesit

476 3619 610 3663 caro
637 3625 759 3680 quat
785 3617 992 3672 videbit
1022 3619 1260 3677 salutare
1287 3622 1379 3677 Dei
1413 3641 1426 3676 :
1465 3639 1587 3693 quae
1616 3635 1740 3695 post
1761 3628 2058 3697 depositio-

471 3710 606 3751 vnem
641 3705 828 3759 carnis
857 3711 1107 3778 przeputii
1138 3711 1287 3767 salva
1332 3729 1671 3782 permaneat,
1717 3733 1842 3774 cum
1875 3718 1961 3773 illa
1999 3727 2059 3774 ut

471 3785 575 3844 ﬂos
597 3789 708 3846 leni
737 3796 1026 3853 deciderit.
1091 3801 1246 3869 Quod
1275 3807 1366 3873 qul
1397 3807 1766 3874 intellexerit,
1813 3809 2057 3867 inveniet

470 3879 782 3950 ingentium
823 3892 1215 3960 mysteriorum
1258 3895 1463 3953 formas
1515 3900 1568 3954 in
1615 3901 2053 3958 circumeisionis

469 3976 687 4032 ratione
714 3983 1056 4052 praemissas,
1090 3997 1145 4041 et
1186 3988 1427 4046 inveniet
1467 4008 1591 4047 eum
1621 3994 1713 4064 qui
1749 3995 1802 4049 in
1832 3997 2051 4054 occulto

465 4063 687 4124 Judaeus
716 4079 820 4137 est,
847 4083 902 4130 et
922 4075 1012 4144 qui
1047 4077 1099 4131 in
1125 4078 1386 4138 interiore
1443 4063 1666 4141 homine
1693 4086 2050 4146 circumcisus

463 4169 572 4228 est,
603 4172 814 4220 tantum
845 4179 1126 4237 praestare,
1156 4180 1210 4227 et
1241 4176 1655 4231 eminentiorem
1687 4193 1808 4234 esse
1834 4178 1926 4234 illo
1955 4181 2046 4251 qui

463 4256 766 4312 secundum
805 4273 1026 4316 carnem
1047 4261 1267 4322 Judaeus
1297 4277 1408 4333 est,
1459 4282 1719 4339 quantum
1747 4280 1970 4341 praestat
1991 4281 2048 4327 et

2199 1959 2274 2014 De
2302 1961 2820 2029 repromission’ilms
2868 1979 2994 2019 vero
3041 1965 3320 2034 subjungit
3351 1981 3367 2018 :
3401 1983 3420 2017 ι
3463 1964 3648 2019 Gloria
3677 1981 3774 2018 au-

2196 2063 2327 2117 tem,
2357 2064 2410 2108 et
2444 2055 2640 2119 lmnor,
2668 2065 2718 2110 et
2747 2072 2846 2126 pax
2880 2057 3026 2112 omni
3061 2057 3308 2125 operanti
3338 2057 3561 2122 bonum,
3583 2056 3789 2114 Judteo-

2193 2145 2425 2211 primum
2458 2160 2512 2200 et
2541 2145 2736 2201 Graeco
2771 2147 2838 2202 ³¹.
2876 2167 2895 2200 ι
2936 2149 3170 2202 Rursum
3201 2149 3269 2204 de
3305 2148 3556 2218 gentibus
3587 2151 3783 2208 dicere

2192 2235 2408 2288 videtur
2441 2253 2455 2290 :
2489 2255 2508 2286 ι
2553 2236 2875 2306 Quicunque
2896 2239 3040 2291 enim
3069 2239 3190 2294 sine
3224 2238 3341 2309 lege
3369 2251 3775 2308 peccaverunt.r

2187 2325 2304 2379 sine
2337 2327 2452 2397 lege
2501 2329 2754 2398 peribunt
2786 2331 2865 2384 θ’..
2887 2349 2904 2382 ι
2935 2329 3001 2385 Et
3033 2331 3228 2386 iterum
3261 2331 3327 2388 de
3369 2333 3715 2389 circumcisis
3748 2353 3770 2390 τ

2192 2435 2210 2467 ι
2253 2417 2314 2470 Et
2355 2429 2625 2488 quotquot
2650 2421 2702 2476 in
2734 2422 2853 2491 lege
2881 2433 3270 2490 peccaverunt,
3297 2437 3394 2494 per
3423 2423 3594 2493 legem
3619 2424 3769 2494 judi-

2185 2511 2461 2564 Cabuntur
2498 2512 2562 2566 ³³.
2603 2531 2622 2564 ι
2653 2513 2888 2567 Rursum
2915 2529 3040 2568 vero
3064 2524 3252 2585 gentes
3273 2515 3566 2573 sublevaus
3590 2517 3721 2573 dicit
3745 2536 3760 2574 :

2189 2621 2208 2652 ι
2256 2600 2393 2656 Cum
2423 2603 2567 2658 enim
2611 2615 2818 2673 gentes,
2861 2620 2982 2673 qua:
3015 2606 3190 2676 legem
3215 2624 3319 2663 non
3350 2607 3571 2674 habent,
3605 2621 3762 2666 natu-

2183 2695 2372 2748 raliter
2400 2710 2522 2766 quze
2553 2695 2686 2764 legis
2713 2707 2838 2752 sunt
2866 2697 3091 2766 faciunt,
3127 2699 3178 2752 hi
3209 2699 3380 2768 legem
3409 2716 3514 2756 non
3553 2702 3762 2757 haben-

2181 2797 2299 2849 tes,
2349 2788 2445 2855 ipsi
2491 2789 2593 2844 sibi
2638 2800 2764 2844 sunt
2805 2790 2891 2844 lex
2917 2831 2933 2855 ,
2976 2791 3069 2858 qui
3100 2795 3396 2846 ostendunt
3424 2809 3592 2862 opus.
3624 2794 3760 2865 legis

2177 2881 2443 2947 scriptum
2481 2881 2531 2933 in
2563 2883 2822 2937 cordibus
2863 2884 2978 2938 suis
3009 2881 3077 2949 ",
3115 2903 3134 2934 ›
3166 2895 3274 2940 etc.
3319 2885 3381 2939 Et
3414 2887 3612 2940 iterum
3641 2902 3756 2942 scr-

2177 2989 2392 3026 monent
2431 2974 2699 3028 convertit
2721 2974 2788 3030 ad
2821 2973 3037 3031 Judteos
3070 2977 3256 3032 dicens
3283 2995 3298 3032 :
3341 2995 3363 3029 t
3396 2979 3451 3034 Si
3476 2991 3659 3035 autem
3696 2991 3752 3035 tu

2172 3060 2394 3120 Judaeus
2432 3067 2842 3136 coguominaris
2869 3109 2885 3131 ,
2933 3077 2986 3124 et
3018 3069 3316 3139 requiescis
3343 3072 3396 3125 in
3442 3072 3556 3142 lege
3592 3073 3662 3136 ³³,
3728 3092 3747 3123 ι

2177 3164 2231 3210 et
2265 3157 2470 3226 reliqua
2501 3174 2672 3227 usque
2705 3161 2771 3214 ad
2795 3175 2915 3212 emn
2941 3161 3118 3216 locum
3154 3163 3243 3217 ubi
3275 3163 3443 3218 dicit:
3483 3182 3503 3218 ι
3544 3164 3748 3220 Nomen

2169 3249 2315 3302 enim
2356 3248 2451 3304 Dei
2505 3265 2602 3320 per
2630 3265 2728 3306 vos
2756 3251 3167 3321 blasphematur
3213 3255 3358 3310 inter
3385 3265 3575 3327 gentes
3605 3258 3670 3310 ⁸⁸.
3724 3277 3745 3310 ι

2167 3339 2235 3394 Ει
2271 3356 2339 3397 ne
2367 3342 2645 3397 videretur
2684 3344 2883 3397 nimius
2912 3359 3032 3400 esse
3073 3344 3125 3399 iu
3164 3347 3629 3417 increpationibus
3651 3351 3748 3404 Ju-

2166 3429 2430 3497 dworum,
2460 3431 2592 3487 dicit
2625 3449 2640 3486 :
2673 3449 2693 3484 t
2727 3430 3086 3492 Circumcisio
3115 3436 3334 3506 quidem
3379 3439 3643 3508 prodest,
3697 3441 3743 3495 si

2164 3519 2338 3593 legem
2391 3524 2672 3580 custodias
2695 3525 2763 3578 ⁸⁷.
2818 3544 2837 3578 ι
2887 3527 2994 3582 Sed
3027 3527 3222 3582 iterum
3269 3544 3336 3585 ne
3369 3531 3609 3601 erigeret
3645 3549 3742 3589 eos

2161 3615 2254 3683 qui
2287 3615 2512 3671 nimiam
2541 3617 2594 3672 iu
2627 3619 3046 3675 circumcisione
3077 3621 3306 3692 gloriam
3335 3627 3742 3693 ponunt,addi-

2159 3705 2238 3759 dit
2272 3721 2287 3759 :
2328 3724 2348 3759 ι
2389 3704 2446 3760 Si
2481 3716 2665 3762 autem
2708 3708 3099 3772 praevaricator
3145 3709 3225 3765 sis
3259 3710 3416 3782 legis,
3447 3712 3738 3768 circumci-

2156 3795 2240 3850 sio
2267 3803 2356 3850 tua
2378 3799 2701 3866 praeputium
2731 3796 2875 3855 facta
2911 3810 2996 3855 est
3028 3798 3095 3854 ³⁸.
3129 3817 3150 3855 ι
3197 3800 3264 3856 Ut
3313 3811 3498 3858 autem
3541 3803 3738 3873 paulu-

2155 3885 2270 3941 lum
2303 3896 2359 3943 et
2385 3902 2574 3944 eorum
2605 3890 2698 3960 qui
2727 3903 2797 3946 ex
2827 3891 3077 3962 gentibus
3106 3895 3336 3950 credunt
3359 3897 3575 3954 animos
3600 3898 3734 3954 alle-

2153 3989 2330 4048 varet,
2378 3980 2658 4052 subiungit
2687 3999 2702 4037 :
2734 4001 2755 4037 ε
2810 3983 2870 4040 Si
2921 3992 3104 4040 autem
3134 3989 3458 4058 praeputium
3487 3989 3735 4060 justitias

2151 4071 2288 4140 legis
2322 4074 2616 4138 custodiat,
2647 4090 2828 4132 nonne
2861 4078 3184 4147 praeputium
3217 4080 3363 4136 illius
3403 4081 3459 4136 in
3495 4085 3732 4138 circum-

2149 4164 2413 4220 cisionem
2456 4167 2797 4236 reputabitur
2812 4167 2858 4202 ³⁸
2885 4169 2910 4224 ἳ
2942 4188 2963 4224 ι
2989 4171 3168 4241 Atque
3195 4179 3257 4227 ut
3286 4173 3522 4229 validius
3545 4176 3726 4246 erige-

2149 4268 2235 4314 ret
2268 4259 2484 4314 auiutos
2521 4260 2789 4330 gentium,
2818 4272 2875 4316 et
2899 4263 3106 4319 scirent
3149 4279 3310 4335 posse
3339 4281 3422 4332 se,
3465 4266 3513 4322 si
3549 4268 3723 4339 legem

465 4348 674 4404 eminet
702 4349 871 4410 Judas
901 4355 992 4411 ille
1013 4399 1028 4423 ,
1075 4373 1235 4428 quem
1265 4361 1577 4416 collaudant
1604 4363 1802 4419 fratres
1829 4364 1949 4433 sui,
1987 4373 2044 4420 et

2182 4351 2442 4408 erl'ectius
2467 4354 2844 4424 observarent,
2865 4358 3034 4413 etiam
3053 4360 3306 4416 meliores
3327 4362 3468 4419 efﬁci
3492 4362 3723 4432 ludatis,

460 4440 555 4509 qui
597 4440 854 4500 dormivit
896 4455 957 4501 ut
985 4447 1105 4516 leo,
1133 4460 1269 4505 etut
1296 4453 1507 4508 catulus
1532 4453 1704 4509 leonis
1744 4454 2042 4510 suscitatus

2144 4443 2282 4499 dicit
2363 4443 2410 4476 “
2440 4460 2455 4499 :
2495 4462 2517 4498 ι
2548 4445 2614 4501 Ει
2637 4444 2898 4515 iudicabit
2922 4449 2974 4505 id
2993 4453 3134 4521 quod
3161 4467 3226 4509 ex
3248 4462 3442 4510 natura
3474 4465 3559 4513 est
3583 4473 3724 4529 prae-

454 4543 541 4588 est
564 4535 648 4603 se,
679 4537 754 4594 iiii
787 4537 939 4595 inda
967 4542 1060 4612 qui
1107 4557 1172 4598 ex
1216 4545 1516 4602 [enioribus
1541 4543 1710 4602 Jacob
1735 4545 2037 4603 secundum
2070 4551 2117 4610 Ι)
2144 4538 2378 4606 putium,
2411 4535 2584 4606 legem
2619 4539 2910 4610 perﬁciens
2935 4583 2952 4611 ,
2999 4552 3052 4598 te
3073 4583 3091 4613 ,
3126 4547 3220 4615 qui
3253 4562 3350 4616 per
3381 4547 3616 4606 litteram
3665 4561 3721 4608 et

454 4639 679 4684 carnem
711 4641 869 4689 natus
901 4643 1007 4690 εει.

525 4719 614 4774 14.
642 4739 662 4774 ι
683 4723 820 4790 Quid
838 4740 971 4795 ergo
988 4729 1222 4797 amplius
1243 4741 1326 4786 est
1347 4729 2034 4802 Judaeonutquzeutilitas

449 4811 922 4875 circumcisionis?
938 4819 1165 4877 Multum
1183 4838 1280 4894 per
1297 4840 1511 4880 omnem
1533 4828 1770 4882 modum.
1787 4823 2031 4880 Primum

2141 4627 2617 4687 circumcisiouem
2669 4636 3061 4705 prtevaricator
3113 4652 3175 4694 es
3225 4639 3382 4712 legis.
3437 4659 3456 4696 ι
3510 4640 3716 4700 Verum

2138 4723 2397 4790 quoniam
2425 4723 2634 4780 sciebat
2679 4727 2878 4784 multas
2908 4729 2960 4783 in
2994 4729 3136 4800 Lege
3166 4740 3222 4787 et
3255 4731 3541 4802 Prophetis
3590 4751 3717 4792 esse

2137 4812 2595 4880 repromissiones
2623 4830 2746 4885 qua:
2788 4818 2855 4874 ad
2895 4816 3112 4876 Judaeos
3162 4821 3279 4876 ﬁeri
3329 4824 3611 4892 videntur,
3646 4841 3715 4880 ne

447 4906 835 4979 quidem,quia
853 4914 1057 4970 credita
1076 4926 1202 4970 sunt
1219 4917 1326 4974 illis
1347 4919 1559 4988 eloquia
1573 4920 1687 4975 Dei.
1718 4920 1860 4986 Quid
1880 4919 2026 4976 enim

2180 4913 2360 4958 essent
2389 4902 2502 4977 (6|)
2555 4909 2847 4978 desperare
2899 4921 3090 4979 gentes
3120 4921 3379 4983 tanquam
3408 4931 3530 4986 quae
3574 4917 3714 4973 nihil

447 4999 491 5051 si
517 4999 733 5066 quidam
764 5003 978 5060 illorum
1013 5023 1121 5063 non
1151 5011 1543 5066 crediderunt?
1566 5011 1821 5081 Nunquid
1846 5012 2024 5067 incre-

443 5085 646 5146 dulitas
665 5106 858 5150 eorum
879 5096 1040 5153 [idem
1063 5100 1157 5154 Dei
1171 5103 1678 5158 evacuabit?Absit!
1702 5103 1824 5158 Fiat
1839 5111 2022 5157 autem

515 5205 562 5288 1’
583 5206 720 5263 Gen-
747 5226 824 5274 ικς
851 5213 920 5288 f3;
948 5231 1017 5288 ξι,
1046 5215 1108 5288 7.
1142 5219 1222 5288 κει
1245 5217 1402 5276 Rom.
1439 5235 1501 5286 ιι,
1527 5221 1617 5288 28,
1645 5221 1738 5277 29.

441 5273 489 5357 ξς
513 5274 649 5357 gen.
673 5273 823 5357 ityx,
1071 5287 1116 5319 ”
1139 5273 1410 5357 Romam,
1439 5273 1556 5347 Ῑίιιῖ

439 5343 486 5376 ³·
511 5348 641 5402 ibid.
670 5352 755 5405 l7.
807 5343 905 5385 ’δέ
933 5356 1065 5411 ibid.
1100 5343 1208 5414 at.
1286 5343 1618 5420 "ilum—2'5.

402 5459 409 5468 ‘
507 5458 626 5598 £56)
664 5461 830 5528 Editi,
867 5485 888 5520 ‹
924 5468 1214 5530 institutis.
1245 5494 1266 5530 ›

528 5530 618 5598 57)
657 5531 784 5588 Sine
809 5537 989 5594 dubio.
1033 5543 1192 5598 Deest
1219 5545 1266 5598 in

657 5531 784 5602 Sine
809 5537 989 5594 dubio.
1033 5543 1192 5600 Deest
1219 5545 1270 5600 in
1305 5546 1485 5602 editis.

640 5682 649 5688 Δ
668 5601 733 5656 Ut
761 5607 940 5688 si‘non
963 5614 1258 5688 moechatur
1282 5601 1336 5670 in
1367 5634 1615 5688 corpore,
1651 5637 1742 5676 nec
1770 5622 1826 5677 in
1854 5622 2009 5678 corde

434 5675 742 5748 mosgfetgr.
774 5675 909 5748 illaec
942 5680 1320 5741 desiderantur
1351 5688 1404 5742 iu
1453 5675 1615 5746 libris
1638 5675 1795 5747 antea
1814 5675 2004 5748 editis.

505 5739 616 5836 (59)
633 5743 819 5836 βψς.
839 5765 855 5797 ι
889 5752 1152 5836 perditam
1189 5739 1404 5816 dedit;
1430 5739 1606 5828 ags:
1633 5739 2004 5836 inlini";

433 5808 529 5879 aL,
581 5808 604 5864 ι’
630 5808 902 5884 perditqu
935 5821 1098 5880 dedit.
1134 5844 1156 5886 ο

1715 5362 1761 5396 ⁸⁸
1792 5361 1923 5417 ibid.

1825 5220 1874 5254 “
1904 5219 2060 5274 Rom.
2087 5230 2206 5282 vln,
2231 5211 2284 5268 9.
2360 5211 2406 5243 ”
2438 5211 2572 5266 ibid.
2609 5210 2697 5282 15.

1649 5293 1694 5325 ³ο
1722 5291 1882 5345 Rom.
1908 5304 1968 5356 ll,
1990 5287 2046 5346 8.
2071 5294 2075 5335 τ

2194 5281 2246 5358 in
2281 5284 2412 5358 ibid.
2439 5282 2545 5358 ita
2571 5353 2581 5358 _
2603 5281 2649 5358 ξ’
2673 5281 2803 5358 qua.
2832 5283 2920 5338 ta.
2995 5283 3038 5317 ³³
3060 5287 3197 5343 ibid.
3269 5287 3318 5320 ιδ
3341 5290 3471 5346 una.
3497 5281 3703 5358 νέμω.

2027 5357 2070 5390 ⁸⁸
2100 5356 2230 5416 ibid.
2272 5353 2363 5407 '26.
2441 5351 2488 5383 “
2510 5352 2642 5408 ibid.
2679 5351 2772 5407 27.

2133 4999 2418 5054 societatis
2450 5000 2504 5053 in
2540 5002 2870 5072 conscriptis
2891 5004 3409 5073 repromissiouibus
3445 5009 3707 5077 habeant,

2133 5095 2293 5148 docet
2327 5107 2421 5148 eos
2447 5093 2592 5162 quod
2629 5091 2744 5166 (62)
2788 5095 3087 5150 secundum
3121 5098 3410 5168 mysticam
3440 5103 3706 5157 rationem

2791 5211 3193 5288 “__l‘sai.‘_xt.,6.
3278 5217 3333 5288 7"
3361 5217 3494 5276 Luc.
3538 5237 3620 5288 tu,
3649 5223 3704 5282 6.

2192 5467 2309 5548 (69)
2335 5467 2490 5548 _Editi
2510 5508 2526 5535 ,
2560 5469 2648 5525 hic
2684 5479 2739 5525 et
2779 5470 2939 5544 paulo
2971 5473 3118 5531 infra
3146 5475 3363 5548 legunt,
3391 5497 3412 5533 ι
3444 5477 3700 5536 Salvato-

2115 5555 2232 5596 t'em
2257 5539 2371 5593 Dei.
2400 5557 2421 5592 ι

2189 5609 2305 5694 (61)
2338 5609 2481 5694 Editi
2504 5651 2520 5677 ,
2557 5627 2578 5662 σ
2615 5613 3068 5684 repromissiones
3100 5615 3170 5677 ad
3199 5614 3439 5688 Iudaeos,
3471 5636 3540 5678 ne
3568 5637 3698 5694 pus-

2117 5691 2260 5740 sent,
2303 5699 2322 5731 ι
2357 5689 2464 5735 etc.

2189 5751 2301 5824 (62)
2331 5753 2441 5824 AL,
2478 5772 2500 5807 ‹
2536 5755 2650 5826 qui,
2684 5775 2705 5812 ι
2743 5759 2903 5818 male.
