4170 6388
487 303 593 360 915

1961 324 2282 383 ORIGENlS

3605 338 3736 393 -916

489 424 654 523 etiam
684 424 786 496 ipsi
811 423 980 483 Judaei
1023 429 1154 497 sint,
1190 439 1245 488 et
1287 431 1524 490 habeant
1568 435 2068 501 circumcisionem.
2097 449 2146 507 Α
2173 457 2343 509 ctum,
2374 453 2427 502 et
2461 445 2781 516 prudentem
2813 449 3116 504 auditorem
3151 449 3285 523 (65).
3325 469 3344 503 ι
3379 450 3468 504 llis
3500 465 3627 520 ergo
3658 463 3737 503 ta-

493 510 785 585 Propterea
820 519 953 575 dicit
989 539 1003 576 :
1038 541 1058 573 «
1094 522 1208 579 Νοη
1238 526 1384 581 enim
1417 530 1510 599 qui
1549 530 1603 586 in
1654 533 1946 590 manifesto
1977 535 2069 592 Ju-

490 605 643 662 dteus
669 619 778 674 est,
810 625 987 680 neque
1014 627 1134 683 qua:
1162 615 1214 670 in
1249 619 1540 677 manifesto
1567 623 1620 677 in
1656 639 1823 682 carne
1855 638 1939 684 est
1959 628 2069 682 cir-

492 697 794 765 cumcisio;
844 704 937 757 sed
981 705 1072 773 qui
1099 704 1154 760 in
1207 708 1422 767 occulto
1466 710 1687 771 Iudaeus
1729 726 1835 782 est,
1871 727 1926 772 et
1957 718 2068 773 cir-

491 790 757 846 cumcisio
795 795 977 850 cordis
1007 797 1062 852 in
1093 799 1309 870 spirittt,
1342 816 1447 855 non
1485 802 1704 872 littera;
1753 807 1913 877 cujus
1946 808 2067 866 laus

491 896 600 936 non
633 899 702 938 ex
725 884 1056 954 hominibus,
1088 892 1182 947 sed
1211 905 1280 946 ex
1310 892 1420 949 Deo
1441 905 1523 950 est
1552 896 1618 952 “.
1656 918 1675 952 ι
1708 897 1904 955 Verum
1926 916 2064 967 quo-

494 971 639 1027 niam
675 974 730 1029 in
751 975 839 1032 his
858 980 1113 1036 omnibus
1145 985 1482 1052 superiorem
1509 989 1910 1058 quodammodo
1934 1008 2065 1048 cau-

488 1079 608 1118 sam
638 1069 881 1136 gentium
914 1069 1140 1142 fecerat,
1169 1091 1388 1133 rursum
1420 1079 1571 1136 velut
1607 1084 1845 1152 querelis
1871 1101 2062 1141 eorum

487 1155 579 1224 qui
613 1171 681 1212 ex
716 1161 1131 1221 circumcisione
1156 1179 1284 1225 sunt
1313 1186 1626 1239 occurrens,
1666 1183 1919 1248 proponit
1947 1183 2054 1238 sibi

487 1246 589 1314 ipsi
613 1262 734 1316 quae
775 1249 829 1304 in
863 1257 1114 1322 prmsenti
1146 1260 1382 1330 capitulo
1417 1246 1790 1335 continentur,
1823 1272 2010 1327 dicens
2043 1292 2056 1328 :

489 1355 510 1389 ι
562 1337 706 1406 Quid
752 1357 884 1413 ergo
925 1348 1156 1417 amplius
1189 1362 1270 1407 est
1311 1351 1535 1412 Iudaeo!
1566 1369 1661 1414 aut
1691 1377 1809 1430 quae
1851 1365 2060 1422 utilitas

483 1431 970 1493 circumcisionis?
1020 1439 1245 1497 Multum
1281 1461 1378 1516 per
1415 1463 1630 1507 omnem
1665 1455 1883 1510 modum
1921 1458 1988 1513 δ’.
2034 1480 2052 1513 ι

483 1523 542 1577 Si
580 1539 730 1618 ergo,
759 1527 958 1598 inquit,
991 1531 1037 1586 is
1073 1551 1094 1585 ο
1127 1536 1218 1604 qui
1263 1537 1317 1591 in
1357 1541 1650 1598 manifesto
1683 1544 1904 1605 Judteus
1949 1562 2057 1618 est,

482 1625 684 1685 etquae
709 1617 762 1672 in
792 1621 1080 1679 manifesto
1103 1626 1156 1680 in
1184 1641 1351 1684 carne
1392 1641 1476 1687 est
1507 1635 1857 1695 circumcisio
1893 1660 1912 1694 ι
1946 1617 2054 1700 non

482 1717 788 1779 reputatur,
823 1731 843 1765 ‹
881 1716 975 1770 sed
1005 1721 1100 1789 qui
1147 1721 1200 1775 in
1235 1725 1453 1781 occulto
1477 1727 1698 1786 Judzens
1727 1747 1833 1799 est,
1864 1747 1918 1792 et
1942 1740 2055 1794 cir-

2172 538 2314 594 libus
2368 539 2790 594 existimandum
2831 539 3001 613 498
3030 553 3113 597 est
3143 543 3334 611 primis
3384 541 3593 610 eloquia
3625 542 3738 613 (66)

2170 629 2376 684 credita
2424 644 2547 686 esse
2578 631 2782 695 divina,
2830 641 2886 686 et
2929 634 2983 686 in
3037 634 3121 688 his
3149 633 3423 688 latendum
3452 641 3537 688 est
3572 633 3741 688 luisse

2170 720 2406 791 amplius
2438 721 2667 776 multum
2700 738 2795 793 per
2824 739 3040 780 omnem
3074 727 3328 789 modum;
3360 726 3451 780 sed
3481 734 3535 780 et
3574 726 3616 779 si
3648 725 3738 793 qui

2169 811 2259 864 alii
2293 811 2378 866 his
2408 811 2614 866 similes
2660 812 2900 879 fuerunt,
2949 815 3093 869 sicut
3143 817 3196 869 in
3228 815 3538 884 Regnorum
3582 815 3738 870 libris

2166 901 2430 970 scriptum
2466 901 2756 971 Apostolus
2801 915 3116 960 memorat:
3154 923 3172 956 ι
3215 904 3426 974 Reliqui
3489 906 3617 959 mihi
3650 921 3738 960 se-

2165 1005 2312 1063 ptem
2349 993 2519 1048 millia
2555 994 2796 1048 virorum
2824 1035 2840 1060 ,
2877 997 2968 1064 qui
3018 1012 3125 1051 non
3157 1007 3521 1052 curvaverunt
3560 1012 3734 1062 genua

2163 1100 2261 1140 Sua
2287 1095 2414 1140 ante
2445 1084 2576 1140 Baal
2610 1084 2677 1140 ⁵⁸.
2715 1104 2734 1138 ι
2768 1086 2872 1141 Sed
2913 1098 2968 1143 et
2993 1088 3092 1157 ipsi
3131 1091 3358 1158 apostoli
3392 1090 3633 1154 Christi,
3679 1099 3736 1144 et

2165 1177 2282 1245 ipse
2311 1192 2409 1232 vas
2450 1176 2733 1232 electionis
2768 1177 2812 1210 ἰ’
2839 1175 3043 1233 Paulus
3097 1194 3164 1234 ex
3196 1179 3400 1235 Judaeis
3446 1191 3500 1235 et
3529 1196 3594 1234 ex
3627 1181 3735 1235 cir-

2163 1270 2497 1323 cumcisione
2522 1269 3008 1338 veniens,amplius
3040 1272 3269 1326 habebat
3295 1273 3380 1327 his
3411 1289 3546 1342 quos
3572 1274 3734 1328 doce-

2165 1363 2256 1416 bat
2293 1376 2359 1415 ex
2389 1361 2640 1431 gentibus
2671 1376 2768 1429 per
2789 1375 3003 1415 omnem
3049 1363 3288 1416 modum.
3316 1364 3534 1418 Credita
3581 1380 3733 1418 nam-

2160 1469 2266 1524 que
2297 1463 2426 1509 sunt
2473 1454 2556 1508 eis
2597 1453 2816 1521 eloquia
2851 1453 2968 1508 Dei.
3016 1453 3122 1509 Sed
3154 1467 3209 1509 et
3250 1455 3353 1511 hoc
3383 1458 3558 1526 ipsum
3589 1457 3731 1528 quod

2159 1547 2308 1609 dicit,
2349 1565 2367 1598 ι
2391 1545 2527 1612 Quia
2559 1547 2766 1600 credita
2800 1555 2926 1600 sunt
2955 1546 3061 1601 illis
3090 1548 3304 1616 eloquia
3339 1549 3434 1603 Dei
3456 1550 3524 1614 ⁵ο,
3551 1568 3571 1601 ι
3594 1565 3730 1604 con-

2159 1640 2508 1694 siderandum
2542 1650 2626 1696 est
2652 1642 2781 1711 quia
2831 1656 2937 1705 non
2963 1643 3161 1697 dixerit
3193 1643 3406 1700 litteras
3439 1661 3559 1700 esse
3605 1662 3728 1700 cre-

2159 1731 2320 1794 ditas,
2350 1733 2468 1796 sed,
2517 1750 2537 1784 ε
2590 1732 2804 1801 eloquia
2837 1731 2956 1787 Dei.
2992 1751 3012 1786 ι
3066 1732 3216 1790 Unde
3247 1736 3336 1790 via
3377 1738 3534 1792 nobis
3569 1738 3731 1790 datur

481 1806 745 1863 cumcisio
771 1812 958 1868 cordis
995 1831 1014 1866 ι
1051 1830 1175 1886 qua:
1200 1818 1260 1874 fit
1301 1837 1320 1870 ι
1358 1821 1410 1875 in
1435 1824 1628 1890 spiritu
1654 1825 1724 1894 ",
1759 1848 1777 1880 ο
1823 1831 1937 1899 ipsa
1973 1842 2048 1887 est

2161 1821 2490 1892 intelligendi
2520 1824 2660 1894 quod
2692 1825 2776 1879 his
2808 1824 2902 1894 qui
2949 1824 3130 1894 legunt
3157 1838 3212 1882 et
3246 1843 3352 1882 non
3399 1829 3726 1898 intelligunt,

479 1913 607 1955 vera
641 1901 1008 1971 circumcisio,
1064 1907 1212 1964 dices
1240 1912 1371 1966 mihi
1401 1931 1415 1968 :
1445 1901 1585 1981 Qtiid
1613 1921 1846 1989 amplius
1884 1933 1967 1977 est
1999 1924 2051 1979 in

478 1988 568 2046 his
617 1989 819 2050 Iudaeis
865 1998 958 2065 qtti
1011 1998 1114 2055 hac
1165 2003 1526 2073 appellatione
1570 1988 1916 2067 censentur?
1971 2017 2054 2071 vel

477 2097 601 2151 quae
640 2085 692 2140 in
725 2091 995 2158 corporali
1041 2093 1466 2154 circumcisione
1519 2102 1751 2159 habetur
1799 2107 2054 2164 utilitas?

474 2172 560 2228 Ad
610 2175 727 2232 haec
775 2193 846 2236 ne
882 2181 1139 2238 videatur
1170 2185 1313 2242 inter
1341 2197 1637 2263 utrumque
1662 2195 1916 2265 populum
1954 2201 2055 2254 mi-

477 2276 581 2318 nus
613 2262 798 2359 iustus
827 2270 1032 2326 arbiter
1077 2275 1384 2344 resedisse,
1429 2262 1753 2350 pronuntiat
1779 2287 1893 2357 (65)
1922 2291 2051 2359 quid

475 2356 716 2426 amplius
765 2359 968 2417 habeat
1001 2362 1240 2433 Judzeus,
1275 2376 1332 2423 et
1381 2385 1445 2425 ea
1489 2387 1610 2443 qua:
1661 2375 1716 2431 in
1772 2356 2053 2438 carne-est

475 2448 827 2508 circumcisio
849 2491 867 2520 ,
900 2465 956 2510 et
1001 2457 1134 2513 dicit
1177 2475 1273 2516 eos
1309 2461 1514 2521 habere
1554 2467 1789 2536 amplius
1820 2472 2049 2528 multum

473 2555 816 2634 pet-omnem
847 2548 1086 2604 modum.
1120 2550 1266 2619 Quid
1299 2564 1480 2611 autem
1515 2559 1687 2616 multo
1715 2561 1785 2617 sit
1821 2565 2052 2634 amplius

475 2632 776 2705 subiungit.
809 2655 830 2688 ί
859 2636 1066 2702 Primo,
1095 2642 1294 2714 inquit,
1322 2647 1449 2716 quia
1501 2652 1712 2706 credita
1763 2665 1892 2710 sunt
1912 2632 1925 2634 _
1945 2657 2052 2712 illis

470 2724 686 2795 eloquia
735 2727 828 2784 Dei
857 2729 922 2784 “.
968 2749 988 2783 ι
1033 2732 1294 2801 Quamvis
1331 2739 1478 2793 enim
1524 2751 1580 2796 et
1615 2745 1867 2813 gentibus
1907 2763 2050 2804 nunc

470 2817 773 2873 credantur
817 2820 1033 2893 eloquia
1078 2826 1211 2895 Dei,
1247 2829 1343 2884 sed
1390 2829 1513 2898 illis,
1557 2835 1657 2902 ait,
1704 2838 1880 2906 primo
1923 2851 2052 2896 sunt

469 2909 702 2965 credita.
739 2910 980 2984 Requiro
1015 2924 1198 2974 tamen
1235 2923 1364 2990 quid
1401 2935 1484 2979 est
1515 2928 1658 2996 quod
1705 2929 1906 2984 dicitur
1933 2933 2048 3000 pri-

471 3002 578 3058 mis
604 3004 684 3060 eis
702 3009 911 3064 credita
936 3025 1059 3068 esse
1097 3013 1313 3084 eloquia
1358 3019 1450 3074 Dei
1483 3038 1498 3075 :
1525 3029 1782 3079 utrumne
1808 3025 1873 3080 de
1897 3026 2050 3081 litte-

2158 1925 2212 1969 et
2243 1915 2332 1985 qui
2383 1915 2571 1983 legunt
2608 1925 2799 1971 etnon
2835 1921 3095 1985 credunt,
3136 1919 3318 1973 littera
3348 1920 3462 1974 sola
3508 1923 3576 1975 sit
3607 1935 3728 1975 cre-

2155 2005 2293 2069 dita,
2328 2005 2415 2059 illa
2447 2007 2514 2060 de
2537 2021 2644 2076 qua
2677 2009 2808 2062 dicit
2837 2010 3150 2078 Apostolus,
3199 2009 3324 2079 quia
3359 2027 3378 2060 ‹
3415 2010 3594 2064 littera
3634 2025 3728 2064 oc-

2155 2100 2284 2153 cidit
2309 2098 2350 2128 '"
2384 2115 2396 2150 :
2441 2116 2462 2150 »
2500 2097 2712 2166 eloquia
2747 2109 2926 2153 autem
2965 2099 3056 2153 Dei
3092 2101 3200 2156 illis
3233 2101 3597 2163 sintcredita,
3633 2101 3726 2169 qui

2155 2189 2541 2258 intelligentes.
2578 2200 2633 2244 et
2661 2189 2945 2244 credentes
2968 2190 3052 2245 his
3091 2206 3211 2259 qua:
3247 2190 3456 2262 Moyses
3485 2191 3727 2260 scripsit,

2154 2281 2390 2335 credunt
2436 2290 2493 2335 et
2536 2278 2800 2347 Christo,
2853 2283 2996 2337 sicut
3045 2291 3100 2337 et
3148 2284 3414 2338 Dominus
3455 2284 3587 2337 dicit
3631 2283 3724 2337 ":

2160 2391 2178 2424 ι
2231 2371 2384 2438 Quod
2431 2372 2476 2427 si
2527 2373 2900 2428 credidissetis
2935 2383 2991 2429 et
3036 2374 3136 2445 ipsi
3179 2374 3388 2446 Moysi,
3422 2375 3729 2430 crederetis

2155 2463 2346 2534 utique
2391 2475 2446 2518 et
2502 2466 2631 2520 milti
2661 2485 2675 2520 :
2706 2468 2770 2522 de
2814 2482 2901 2522 me
2945 2467 3090 2520 enim
3140 2467 3228 2520 ille
3273 2466 3520 2535 scripsit.
3563 2485 3581 2517 ι
3618 2466 3724 2520 Sed

2151 2566 2268 2610 esto
2299 2555 2436 2629 (67),
2467 2557 2666 2612 habeat
2690 2557 3167 2629 ampliusJudaeus
3195 2559 3248 2612 in
3281 2558 3500 2624 litteris,
3526 2558 3723 2613 habeat

2154 2645 2356 2715 aliquid
2385 2658 2440 2702 et
2469 2649 2522 2702 in
2551 2648 2782 2718 eloquiis
2819 2650 2914 2704 Dei
2949 2668 2964 2706 :
2993 2650 3236 2719 nunquid
3274 2651 3492 2720 penitus
3545 2651 3720 2706 relicti

2152 2749 2279 2794 sunt
2319 2741 2371 2794 hi
2407 2742 2501 2810 qui
2537 2756 2603 2796 ex
2634 2743 2892 2813 gentibus
2925 2743 3156 2797 veniunt
3195 2744 3260 2798 ad
3293 2743 3618 2797 Christum?
3653 2759 3723 2797 an

2150 2841 2205 2886 et
2241 2833 2373 2900 ipsis
2403 2842 2488 2888 est
2513 2833 2604 2888 ubi
2645 2835 2882 2889 habeant
2911 2835 3112 2902 aliquid
3139 2833 3416 2903 amplius?
3448 2835 3585 2888 Audi
3618 2834 3728 2888 Do-

2153 2925 2359 2978 minum
2392 2926 2662 2982 dicentem
2704 2927 2771 2982 ad
2799 2929 3180 2984 centurionem
3213 2943 3280 2982 ex
3320 2928 3571 2997 gentibus
3601 2943 3724 2984 crc-

2151 3015 2371 3071 dentem
2410 3037 2425 3073 :
2470 3035 2490 3070 t
2522 3018 2694 3074 Amen
2725 3020 2849 3075 dico
2881 3021 3059 3086 vobis,
3090 3035 3192 3075 nec
3238 3021 3292 3076 in
3324 3020 3486 3076 Israel
3519 3030 3723 3074 tantam

471 3092 552 3191 ris
587 3092 692 3150 hoc
719 3096 868 3153 dicat
896 3109 950 3154 et
988 3101 1165 3170 libris,
1199 3121 1269 3162 an
1303 3109 1370 3164 de
1403 3125 1565 3165 sensu
1597 3121 1653 3167 et
1696 3115 2046 3187 intelligentia
2074 3132 2119 3191 α
2141 3110 2313 3168 ﬁdem
2365 3113 2546 3169 inveni
2568 3114 2636 3169 ⁸³.
2673 3132 2692 3165 ι
2737 3115 2873 3170 Vide
2915 3129 3047 3185 ergo
3076 3115 3164 3168 ubi
3193 3115 3410 3169 venitur
3435 3115 3500 3167 ad
3534 3114 3722 3177 ﬁdem,

472 3182 631 3254 legis.
651 3186 911 3247 Videmus
932 3195 1082 3248 enim
1112 3195 1377 3266 plurimos
1402 3200 1714 3259 .ludaaorum
1760 3209 1829 3263 ab
1864 3182 2046 3264 infan-

470 3277 547 3332 tia
577 3293 754 3352 usque
784 3282 849 3338 ad
877 3295 1210 3342 senectutem
1255 3305 1471 3360 semper
1497 3294 1794 3362 discentes,
1822 3309 1877 3356 et
1901 3318 2043 3358 nun-

467 3386 634 3441 quam
673 3374 741 3429 ad
786 3376 1088 3449 scientiam;
1122 3383 1370 3441 veritatis
1397 3389 1811 3456 pervenientes:
1837 3403 1892 3449 et
1919 3411 2046 3466 quo-

470 3463 634 3521 modo
659 3465 934 3524 videbitur
973 3486 1164 3529 verum
1199 3490 1322 3532 esse
1352 3482 1498 3551 quod
1525 3483 1746 3550 dicitur,
1777 3487 1903 3557 quia
1929 3463 2044 3544 am-

466 3557 613 3628 plius
643 3559 852 3631 aliquid
883 3565 1122 3622 habeant
1150 3569 1290 3652 ineo
1323 3574 1466 3642 quod
1498 3576 1695 3646 primis
1721 3579 1801 3635 eis
1827 3581 2041 3652 eloquia

469 3651 568 3708 Dei
595 3655 804 3710 credita
842 3665 993 3724 sunt,
1020 3659 1072 3715 in
1098 3648 1296 3731 quibus
1322 3679 1428 3720 non
1470 3667 1775 3740 intelligunt
1807 3690 1825 3722 ι
1867 3648 2042 3744 neque

471 3761 593 3814 quae
618 3746 945 3818 loquuntur,
971 3766 1147 3822 neque
1172 3753 1239 3810 de
1262 3756 1460 3826 quibus
1500 3757 1774 3816 allirmant
1801 3763 1892 3818 ⁸⁸2
1926 3784 1946 3818 ι
1981 3765 2039 3821 Si

467 3851 602 3894 vero
631 3840 851 3909 sapiens
874 3841 966 3897 ille
996 3843 1198 3900 dicitur
1221 3849 1518 3904 secundum
1548 3849 1919 3921 Salomonem,
1949 3858 2040 3926 qui

471 3947 494 3981 ι
535 3931 788 4002 intelligit
824 3949 947 4006 quae
971 3948 1040 3990 ex
1084 3937 1303 4008 proprio
1324 3955 1420 3997 ore
1447 3950 1594 4008 sunt,
1640 3953 1694 4000 et
1720 3963 1740 3997 ι
1773 3946 1866 4016 qui
1908 3965 1928 3999 ι
1982 3948 2040 4001 in

468 4025 637 4083 labiis
684 4036 867 4099 portat
900 4028 1232 4087 intellectum
1266 4032 1311 4065 “
1348 4053 1363 4088 :
1419 4052 1440 4086 ι
1483 4036 1551 4091 de
1589 4035 1774 4108 Moyse
1815 4051 1870 4096 et
1913 4055 2040 4111 pro-

462 4119 668 4190 phetis,
698 4121 1022 4192 ueterisque
1049 4122 1240 4179 horum
1261 4125 1532 4183 similibus
1557 4129 1673 4184 htec
1697 4131 2040 4202 intelligenda

464 4222 599 4266 sunt
637 4213 770 4280 dici,
799 4214 1000 4284 quibus
1031 4217 1235 4272 credita
1264 4228 1390 4274 sunt
1423 4220 1642 4292 eloquia
1667 4221 1785 4290 Dei,
1829 4227 1956 4296 quia
1987 4236 2044 4283 et.

461 4303 618 4372 ipsos
648 4302 867 4362 Judteos
910 4305 1102 4376 fuisse,
1143 4315 1200 4363 et
1242 4309 1497 4368 habuisse
1527 4315 1999 4374 circumcisionem
2022 4358 2038 4385 ,

464 4412 577 4453 non
609 4405 792 4469 potest
817 4399 1051 4454 dubitari
1088 4417 1104 4456 :
1135 4405 1231 4458 sed
1282 4413 1336 4460 et
1381 4405 1428 4461 si
1472 4407 1596 4477 quis
1637 4410 1779 4478 apud
1812 4425 1906 4466 eos
1948 4425 2039 4465 sa-

2153 3221 2419 3283 quantum
2472 3210 2704 3279 amplius
2755 3209 2993 3264 habeant
3038 3218 3268 3280 gentes;
3320 3208 3388 3262 de
3418 3207 3618 3276 quibus
3665 3207 3721 3260 in

2149 3305 2256 3359 alio
2297 3302 2417 3356 loco
2468 3300 2732 3354 Dominus
2785 3299 2920 3354 dicit
2955 3298 3004 3331 "'
3069 3316 3085 3353 :
3128 3317 3148 3349 ‹
3207 3299 3344 3363 Quia
3391 3298 3608 3350 venient
3655 3298 3722 3348 ah

2150 3397 2363 3452 oriente
2383 3402 2439 3449 et
2462 3395 2768 3458 occidente,
2823 3403 2878 3448 et
2913 3407 2943 3446 a
2992 3399 3227 3460 quatuor
3256 3390 3432 3444 ventis
3458 3399 3636 3450 terraa,
3667 3397 3724 3443 et

2149 3487 2468 3542 recumbcnt
2492 3499 2615 3539 cum
2645 3483 2945 3548 Abraham,
2988 3491 3043 3536 et
3073 3481 3244 3548 Isaac,
3273 3490 3328 3535 et
3356 3481 3520 3535 .lacob
3554 3482 3608 3534 in
3633 3496 3723 3534 re-

2145 3593 2252 3649 gno
2284 3579 2378 3633 Dei
2413 3592 2429 3631 :
2463 3577 2558 3631 lilii
2604 3587 2790 3630 autem
2833 3575 2984 3644 regni
3022 3574 3313 3644 ejicientur
3364 3573 3418 3626 in
3469 3573 3722 3626 tenebras

2145 3672 2464 3728 exteriores.
2499 3689 2519 3722 υ
2556 3669 2656 3724 Ubi
2686 3683 2819 3738 ergo
2850 3667 2917 3722 ad
2964 3667 3109 3736 leges
3149 3666 3369 3720 venitur
3394 3675 3448 3719 et
3483 3665 3716 3730 litteras,

2146 3763 2348 3819 habent
2377 3759 2547 3818 Judaei
2587 3760 2819 3830 amplius
2857 3777 2877 3810 ι
2919 3760 3153 3814 multum
3204 3773 3300 3827 per
3325 3771 3541 3812 omnem
3599 3771 3718 3808 mo-

2143 3857 2272 3911 dum
2297 3856 2379 3922 ";
2414 3872 2433 3907 ι
2470 3853 2561 3910 ubi
2593 3867 2727 3908 vero
2765 3853 2983 3908 venitur
3007 3851 3074 3905 ad
3101 3851 3281 3914 tidem,
3303 3859 3362 3904 ut
3391 3866 3457 3904 ex
3497 3864 3719 3914 compa-

2143 3949 2359 4004 ratione
2384 3947 2640 4010 dixerim,
2680 3943 3133 4013 habentamplius
3171 3950 3365 4012 gentes
3413 3958 3433 3991 ι
3486 3940 3716 3993 multum

2145 4056 2243 4110 per
2287 4054 2502 4094 omnem
2549 4037 2791 4093 modum.
2842 4055 2860 4089 ι
2898 4035 3306 4105 Requirendutn
3354 4047 3487 4086 sane
3536 4039 3618 4084 est
3669 4031 3715 4084 si

2144 4134 2312 4188 etiam
2346 4129 2638 4186 Samaritis
2683 4129 2978 4184 dicendum
3007 4137 3092 4181 cst
3119 4126 3314 4196 primis
3353 4126 3560 4179 credita
3592 4138 3716 4177 esse

2143 4224 2363 4294 eloquia
2394 4223 2518 4288 Dei,
2555 4222 2809 4290 quoniam
2845 4220 3063 4288 quidem
3094 4221 3260 4273 etiam
3293 4217 3432 4286 apud
3466 4218 3609 4285 ipsos
3631 4216 3717 4268 lex

2145 4315 2318 4385 Moysi
2347 4314 2554 4370 servari
2586 4314 2815 4367 videtur.
2845 4311 2951 4366 Sed
3003 4311 3108 4365 illis
3149 4325 3249 4380 ego
3284 4323 3352 4363 ne
3384 4309 3556 4378 ipsam
3599 4308 3719 4376 qui-

2145 4411 2269 4466 dem
2297 4410 2536 4462 litteram
2580 4421 2703 4476 quae
2728 4405 2982 4459 occidere
3017 4404 3244 4468 dicitur,
3272 4403 3537 4456 creditam
3574 4401 3721 4454 dixe-

463 4490 647 4562 piens,
676 4499 736 4545 et
767 4491 1074 4560 intelligens
1102 4493 1339 4564 auditor,
1388 4508 1444 4554 et
1482 4499 1749 4557 mirabilis
1777 4503 2038 4558 consilia-
2071 4479 2119 4537 Ῑ)
2146 4503 2273 4558 rim.
2331 4499 2474 4555 Dicit
2518 4500 2664 4553 enim
2718 4497 2784 4550 de
2831 4499 2912 4550 eis
2957 4495 3221 4564 propheta
3261 4513 3274 4548 :
3311 4511 3330 4544 ι
3375 4492 3462 4546 Vae
3499 4493 3582 4546 his
3623 4492 3718 4560 qui

464 4584 584 4640 rius
613 4582 743 4650 fuit,
774 4600 913 4656 quos
964 4586 1184 4644 auferre
1233 4589 1435 4646 dicitur
1474 4592 1733 4650 Dominus
1757 4609 1788 4649 a
1817 4593 2041 4652 Jerusa-

462 4675 574 4730 lem
612 4674 856 4732 oll‘ensus
896 4677 1268 4748 impietatibus
1317 4682 1525 4753 populi.
1575 4684 1669 4739 Sic
1727 4687 1873 4741 enim
1910 4689 2041 4745 dicit

463 4763 678 4823 Isaias:
715 4787 736 4819 ι
772 4768 915 4824 Ecce
965 4770 1277 4827 dominator
1307 4771 1573 4829 Dominus
1606 4773 1846 4832 Sabaoth
1886 4777 2040 4832 aufe-

461 4868 548 4913 ret
572 4857 641 4912 ah
657 4856 956 4914 Jerusalem
983 4869 1039 4914 ct
1061 4874 1092 4914 a
1123 4860 1259 4917 Juda
1279 4863 1514 4918 validum
1545 4875 1599 4920 et
1624 4866 1820 4923 fortem
1844 4868 1980 4938 (64);
2015 4889 2034 4922 ι

458 4961 519 5007 et
568 4961 691 5020 post
737 4952 1065 5023 aliquanta:
1104 4972 1124 5006 ι
1186 4956 1250 5011 Et
1300 4959 1668 5027 prophetam,
1727 4962 1938 5033 inquit,
1981 4974 2036 5020 et

459 5045 878 5112 aestimatorem,
911 5054 966 5101 et
996 5047 1268 5104 seniorem
1299 5049 1366 5118 ",
1401 5063 1455 5107 et
1480 5053 2031 5126 quinquagenarium,

457 5146 513 5190 et
563 5135 871 5192 mirabilem
923 5138 1299 5195 consiliarium
1329 5184 1346 5211 ,
1375 5153 1432 5198 et
1465 5147 1765 5216 sapientem
1798 5150 2037 5206 archite-

527 5228 570 5261 “
603 5227 762 5284 Rom.
794 5243 854 5289 ll.
888 5229 982 5295 28,
1007 5229 1099 5289 29.

451 5312 565 5366 xvt,
592 5299 683 5353 25.

453 5385 534 5435 ιιι,
567 5368 620 5424 6.

450 5454 619 5503 Lxxtt,
645 5438 700 5495 8.

531 5535 820 5611 (65)_Editi
851 5574 869 5603 ,
917 5551 946 5611 c_
971 5536 1050 5611 Ad
1080 5537 1196 5592 haec
1225 5537 1444 5611 videtur
1474 5539 1527 5592 in
1561 5548 1791 5608 utroque
1836 5540 2043 5611 populo'

452 5606 634 5726 minus
652 5605 835 5677 justus
869 5607 1077 5662 arbiter
1108 5607 1376 5665 resedisse
1408 5605 1794 5679 pronuntians,
1831 5605 1853 5666 ἰ
1895 5605 2031 5679 etc.,

453 5692 540 5727 tua
566 5690 618 5727 e-

524 5743 640 5818 (6t)
682 5745 938 5811 Validam
988 5757 1037 5806 et
1088 5747 1294 5818 fortem.
1347 5747 1680 5826 llazcverba
1730 5752 1930 5811 desunt
1974 5754 2030 5810 in

718 5371 764 5402 ⁸⁸
789 5365 949 5424 Joan.
983 5385 1036 5436 v,
1067 5365 1158 5429 46.
1247 5375 1294 5408 ⁸³
1319 5376 1511 5432 Matth.
1543 5365 1658 5446 vui,
1691 5381 1780 5436 10.

947 5231 982 5311 l,
1007 5231 1099 5289 29.
1127 5303 1140 5311 _
1180 5231 1226 5311 ξ’
1254 5233 1413 5311 Rom.
1433 5239 1606 5311 _t_tt,_l,
1641 5240 1697 5294 2.
1771 5240 1817 5273 ⁸³
1846 5239 2006 5296 Rom.
2042 5259 2099 5307 ll,
2125 5243 2216 5307 28,
2245 5239 2334 5296 29.
2412 5237 2460 5311 ff
2492 5234 2648 5311 30""
2680 5231 2850 5311 ἐικὲ-

787 5297 831 5329 ⁴⁷
859 5298 983 5354 lsai.
1012 5317 1089 5366 nt,
1120 5302 1234 5358 l-5.
1268 5307 1371 5362 at“
1432 5297 1663 5380 lll'Reg.
1691 5327 1805 5376 ιιι,
1831 5313 1935 5376 l8;
1990 5297 2142 5366 Rom.
2172 5297 2228 5377 ι’,
2257 5312 2312 5365 4.

789 5365 949 5424 Joan.
983 5385 1036 5436 v,
1067 5373 1158 5429 46.
1247 5375 1294 5408 ⁸³
1319 5376 1511 5432 Matth.
1543 5395 1658 5438 vut.
1691 5381 1780 5436 10.
1879 5381 1928 5413 ⁸⁸
1957 5383 2085 5438 ibid.
2119 5384 2205 5438 11.
2306 5381 2312 5411 ³

2145 4601 2414 4663 spernunt
2447 4601 2684 4646 montem
2713 4590 2868 4654 Sion,
2900 4597 2954 4641 et
2983 4589 3266 4643 conlidunt
3297 4587 3348 4640 in
3394 4597 3580 4641 monte
3611 4586 3718 4638 Sa-

2145 4682 2435 4750 maritae";
2501 4700 2520 4733 ι
2555 4680 2659 4749 ipsi
2709 4679 2910 4748 quippe
2957 4693 3016 4733 se
3065 4679 3272 4733 alienos
3310 4692 3340 4730 a
3380 4678 3578 4731 litteris
3623 4677 3716 4730 Dei

2142 4775 2374 4838 faciunt,
2407 4771 2761 4844 repudiantes
2811 4770 3128 4840 prophetas.
3177 4770 3285 4824 Sed
3338 4777 3394 4822 et
3448 4769 3720 4822 han'eticis

2145 4869 2239 4937 qui
2273 4865 2618 4935 iniquitatem
2671 4863 2969 4932 loquuntur
3018 4864 3070 4916 in
3115 4863 3404 4916 Excelsum
3432 4863 3502 4928 ⁵⁷,
3537 4872 3591 4916 et
3623 4862 3717 4930 qui

2145 4962 2424 5031 impietate
2456 4973 2554 5014 sua
2602 4957 2854 5012 dividunt
2899 4955 3162 5009 unitatem
3205 4955 3434 5009 Deitatis
3465 4993 3482 5019 ,
3543 4963 3718 5030 etqui

2143 5057 2318 5123 legem
2353 5052 2424 5108 ab
2463 5049 2776 5117 Evangeliis
2811 5059 3112 5117 separant,
3162 5064 3267 5102 non
3314 5049 3544 5102 dixerim
3592 5065 3718 5104 cre—

2143 5150 2258 5204 dita
2289 5161 2414 5203 esse
2437 5142 2651 5212 eloquia
2682 5139 2801 5205 Dei,
2829 5153 2926 5208 pro
2955 5153 3021 5191 eo
3061 5138 3204 5206 quod
3231 5135 3414 5190 divina
3452 5139 3592 5206 apud
3624 5155 3718 5194 eos

2938 5229 2984 5259 ⁸⁸
3017 5229 3030 5280 I
3062 5227 3203 5281 Tim.
3248 5245 3284 5290 t,
3329 5228 3380 5280 7.
3471 5229 3516 5259 ⁸⁸
3554 5229 3714 5286 Prov.

2951 5301 2994 5329 °
3032 5299 3271 5362 RoutJtt,
3297 5300 3354 5351 2.
3448 5299 3493 5329 ⁸¹
3525 5298 3564 5350 ΙΙ
3592 5303 3698 5352 (Σηι-

2874 5370 2920 5402 ⁵⁶
2960 5367 3126 5423 Amos
3203 5385 3276 5438 vn,
3314 5374 3364 5423 l.
3463 5370 3510 5402 ⁸⁷
3573 5371 3750 5450 Ριςυι,Δ

2421 5308 2465 5340 ἰθ
2501 5308 2622 5359 Act.
2657 5317 2732 5363 Ix,
2767 5299 2853 5354 15.

2306 5381 2352 5411 ⁵⁸
2382 5379 2542 5433 Rom.
2595 5390 2677 5439 Ill,
2719 5371 2773 5425 2.

2141 5540 2323 5598 Θιίὶτίε.

2213 5613 2326 5680 (ϋῦ)
2367 5610 2475 5675 AL,
2507 5627 2525 5661 ι
2569 5619 2895 5666 senatorem.
2926 5627 2944 5660 ι

2212 5678 2324 5750 (66)
2360 5681 2608 5750 Eloquia.
2646 5680 2809 5734 Deest
2836 5681 2888 5732 iu
2927 5686 3082 5731 antea
3105 5678 3288 5750 editis.

2208 5749 2326 5822 (ϋῖ)
2354 5749 2528 5820 Alias,
2568 5770 2586 5804 ε
2627 5752 2728 5808 isto
2758 5750 2938 5806 modo.
2979 5769 2998 5801 ι
3042 5749 3202 5814 Editi,
3241 5768 3259 5801 ‹
3301 5749 3467 5804 istud.
3504 5767 3528 5803 ο
