4170 6360
451 307 554 362 917

1402 289 1758 349 COMMENT.
1799 287 1864 342 IN
1907 285 2125 342 EPIST.
2163 285 2252 339 AD
2285 283 2451 338 “OM.
2490 281 2616 336 LIB.
2657 281 2719 333 ll.

3602 277 3707 328 9l8

456 425 729 482 volumina
762 423 926 492 relegi
954 421 1242 486 videntur;
1274 420 1368 473 sed
1398 417 1520 486 quia
1556 415 1688 468 nihil
1712 415 1764 467 iu
1790 413 1874 467 his
1906 425 2029 467 sen-
2060 413 2101 468 Α
2139 426 2156 457 ι
2184 403 2448 459 Animalis
2470 403 2631 457 homo
2651 414 2755 454 non
2781 393 3013 466 percipit
3034 407 3153 464 quae
3170 390 3554 462 suntSpii-itus
3575 389 3699 448 Dei:

458 519 600 571 tiunt
626 515 891 585 spiritale,
941 514 1071 567 nihil
1105 514 1215 568 Deo
1259 514 1502 582 dignum,
1547 513 1718 564 solam
1753 506 1894 574 apud
1932 519 2052 580 eos

460 610 634 662 locum
671 622 792 676 quae
841 606 1046 661 occidit
1100 605 1300 659 habere
1352 603 1588 655 litteram
1623 599 1734 672 (68)
1773 598 2024 652 dixerim.

461 699 658 754 Verum
689 699 733 752 si
766 697 904 751 forte
934 696 1102 751 Judaei
1138 695 1310 750 nolint
1355 694 1600 760 recipere
1637 691 1878 759 Apostoli
1929 704 2026 742 uo-

462 788 555 844 sui
585 788 932 854 sententiam,
957 801 1075 855 quae
1103 785 1234 839 dicit
1260 784 1384 854 quia
1409 802 1427 835 ι
1448 784 1627 838 littera
1655 801 1673 835 ι
1695 781 1828 851 legis
1846 799 1865 831 ι
1889 780 2030 835 occi-

465 878 610 931 dit"8
645 897 659 933 :
701 897 720 929 ι
747 887 802 931 et
830 877 1084 947 iniuriam
1116 887 1304 946 putent
1337 874 1437 944 legi
1478 874 1618 939 ﬁeri,
1658 873 1704 927 si
1733 873 2028 927 secundum

466 969 701 1024 litteram
746 969 928 1038 sperni
980 967 1233 1021 videatur
1283 983 1299 1021 :
1349 975 1688 1020 revertamur
1738 964 1806 1017 ad
1857 964 2030 1032 ipsum

468 1054 713 1126 Moysen,
737 1067 792 1110 et
824 1056 1105 1110 videamus
1133 1055 1248 1125 ipse
1280 1069 1444 1124 quam
1473 1054 1652 1122 magni
1695 1053 1888 1108 fecerit
1919 1052 2031 1122 (69)

467 1150 703 1204 litteram
742 1149 915 1219 legis;
946 1149 1038 1218 qui
1070 1164 1192 1202 cum
1219 1149 1524 1216 accepisset
1558 1146 1770 1202 tabulas
1795 1145 2034 1213 lapideas

469 1245 754 1313 inscriptas
785 1243 957 1312 digito
991 1242 1106 1305 Dei,
1132 1250 1337 1294 tantum
1368 1240 1591 1293 honoris
1628 1239 1814 1294 detulit
1841 1239 2036 1293 litterte

469 1337 597 1408 legis
630 1377 646 1401 ,
679 1346 738 1391 ut
767 1336 1063 1406 proiiceret
1107 1335 1172 1388 de
1224 1335 1474 1388 manibus
1521 1333 1636 1387 suis
1692 1334 1928 1398 tabulas,
1983 1342 2038 1388 et

470 1431 860 1484 comminueret
891 1427 1110 1496 quidem
1147 1426 1315 1495 digito
1346 1425 1437 1478 Dei
1469 1427 1700 1492 scriptas
1720 1424 1788 1489 '9,
1819 1438 1917 1478 nec
1953 1433 2037 1477 ta-

469 1537 587 1576 men
617 1535 717 1589 pro
768 1521 871 1574 hoc
925 1517 1219 1588 impietatis
1270 1516 1427 1586 culpa
1475 1527 1693 1572 notatus
1749 1517 1839 1573 sit.
1880 1517 2040 1570 Vides

469 1627 597 1679 ergo
639 1612 765 1678 quia
821 1626 926 1664 non
955 1612 1103 1665 solus
1134 1609 1334 1665 Paulus
1359 1610 1569 1680 spernit
1613 1609 1850 1662 litteram
1884 1607 2037 1674 legis,

468 1704 557 1756 sed
596 1702 766 1756 multo
809 1711 935 1756 ante
971 1718 1094 1756 eum
1139 1702 1352 1772 Moyses
1384 1710 1442 1755 et
1481 1702 1707 1770 sprevit,
1743 1709 1793 1755 et
1820 1700 2036 1768 abiecit.

2127 496 2356 552 stultitia
2372 505 2453 550 est
2477 495 2620 548 enim
2641 492 2714 545 illi
2734 492 2799 542 δ”.
2817 509 2835 541 ι
2859 488 2965 543 Sed
2995 488 3187 541 horum
3209 483 3565 538 incredulitas
3593 497 3698 534 nou

2127 589 2294 662 499
2311 599 2533 641 evacuat
2554 585 2711 639 ﬁdem
2739 583 2831 636 Dei
2850 581 2915 635 ⁸⁸.
2937 579 3122 634 Fidem
3148 577 3239 632 Dei
3260 575 3341 630 vel
3361 590 3482 630 eam
3501 573 3704 628 intelli-

2128 684 2328 753 gimus,
2353 695 2512 749 quam
2533 677 2690 731 ﬁdem
2718 672 2878 727 habet
2907 669 3048 723 Deus
3079 669 3165 722 his
3182 667 3378 736 quibus
3398 664 3572 720 credit
3596 662 3706 716 elo-

2131 774 2254 843 quia
2291 787 2409 837 sua,
2441 769 2523 824 vel
2565 780 2682 822 eam
2712 765 2868 818 Iidem
2902 775 3009 830 qua
3041 759 3268 814 credunt
3302 756 3414 812 Deo
3454 756 3487 809 ii
3515 754 3606 824 qui
3636 753 3706 806 ab

2131 881 2199 920 eo
2242 862 2458 932 eloquia
2505 858 2684 913 divina
2744 856 3070 926 suscipiunt.
3111 851 3535 905 Commonemur
3573 859 3708 914 ergo

2135 967 2196 1012 ut
2227 955 2516 1010 inﬁdelitas
2545 951 2657 1023 (73)
2701 964 2888 1005 eorum
2934 945 3025 1017 qui
3061 942 3142 999 vel
3187 957 3293 996 non
3330 939 3598 996 accedunt
3641 937 3706 991 ad

2138 1050 2318 1113 ﬁdem,
2370 1048 2452 1102 vel
2508 1046 2763 1102 decidunt
2810 1058 2876 1098 ex
2915 1056 3000 1105 ea,
3045 1037 3088 1094 si
3138 1036 3276 1091 forte
3318 1033 3582 1089 irrideant
3609 1044 3712 1084 nos

2137 1157 2302 1209 opera
2340 1139 2460 1193 ﬁdei
2501 1146 2754 1206 agentes,
2799 1135 2882 1188 vel
2922 1147 3043 1186 cum
3082 1129 3414 1198 ieiunamus,
3462 1123 3543 1178 vel
3588 1138 3711 1178 cum

2140 1232 2550 1288 misericordias
2587 1228 2836 1292 facimus,
2867 1226 2952 1280 vel
2979 1240 3099 1280 cum
3132 1220 3336 1277 studiis
3367 1216 3503 1287 (74),
3532 1225 3586 1270 et
3608 1214 3713 1285 legi

2141 1326 2234 1380 Dei
2268 1339 2488 1394 Operam
2532 1324 2743 1386 damus,
2801 1320 2883 1375 vel
2927 1320 3092 1374 etiam
3140 1330 3262 1371 cum
3307 1326 3406 1382 pro
3447 1307 3716 1379 martyrio

2139 1416 2338 1470 Christi
2371 1421 2640 1469 tormenta
2674 1410 3021 1473 sulferimus,
3059 1405 3468 1461 meminerimus
3499 1412 3717 1468 semper

2143 1507 2269 1576 quia
2305 1505 2594 1560 inﬁdelitas
2631 1517 2820 1559 eorum
2855 1501 3015 1556 ﬁdem
3056 1498 3149 1553 Dei
3187 1511 3308 1566 qua:
3348 1496 3401 1550 in
3439 1491 3598 1548 nobis
3630 1499 3717 1547 est

2143 1615 2250 1654 non
2273 1606 2523 1652 evacuat.
2561 1595 2693 1650 Post
2734 1595 2849 1648 haec
2879 1592 3020 1662 quod
3066 1588 3334 1660 sequitur,
3372 1586 3557 1641 minus
3592 1582 3719 1652 qui-

2145 1693 2262 1746 detn
2314 1687 2613 1766 composite
2662 1687 2877 1741 videtur
2928 1682 3280 1753 adiunctum;
3337 1679 3469 1734 dicit
3521 1675 3714 1731 enim:

467 1803 518 1846 et
549 1794 802 1847 contrivit
834 1793 1046 1849 litteras
1076 1793 1237 1864 legis,
1288 1793 1393 1848 hoc
1422 1792 1542 1846 sine
1567 1792 1730 1846 dubio
1762 1759 2037 1858 iam'tunc
2071 1759 2113 1814 Β
2147 1804 2164 1836 i
2204 1782 2323 1837 Fiat
2349 1763 2530 1836 autem
2565 1780 2705 1834 Deus
2737 1793 2925 1840 verax,
2963 1775 3140 1830 omnis
3168 1779 3347 1827 autem
3374 1769 3536 1824 homo
3565 1780 3718 1821 men-

466 1885 775 1954 designans,
813 1886 957 1955 quod
989 1886 1184 1951 honor,
1219 1893 1276 1940 et
1303 1886 1472 1939 virtus
1506 1885 1642 1954 legis
1677 1899 1782 1938 non
1813 1892 1955 1936 esset
1983 1882 2033 1935 in

465 1976 687 2043 litteris,
715 1978 808 2032 sed
841 1978 891 2030 iu
923 1978 1138 2047 spiritu.
1167 1977 1277 2031 Sed
1300 1987 1353 2030 et
1387 1977 1642 2031 Dominus
1677 1976 1728 2028 in
1784 1975 2034 2044 Evange-

466 2071 540 2124 lio
565 2087 688 2126 cum
716 2071 850 2126 dicit
874 2072 941 2136 σο,
975 2071 1041 2124 ad
1069 2069 1283 2125 Judeeos
1311 2070 1539 2139 loquens
1564 2088 1578 2123 :
1622 2087 1641 2120 ε
1678 2067 1974 2122 Aul‘eretur
2007 2082 2039 2121 a

466 2166 621 2220 vobis
675 2180 902 2233 regnum
952 2164 1086 2231 Dei,
1138 2175 1191 2219 et
1226 2164 1447 2218 dabitur
1487 2165 1632 2233 genti
1663 2162 1883 2218 facienti
1925 2163 2042 2217 fru-

465 2264 614 2306 ctum
665 2252 780 2320 ejus
828 2271 841 2304 :
899 2270 920 2305 ι
975 2262 1105 2322 puto
1150 2253 1296 2322 quod
1350 2269 1569 2307 sensum
1625 2251 1758 2322 legis
1811 2268 2034 2322 regnum

468 2345 566 2401 Dei
600 2346 712 2418 (70)
744 2346 966 2410 dixerit,
1001 2347 1093 2416 qui
1131 2347 1344 2402 ablatus
1378 2356 1460 2402 est
1500 2361 1528 2399 a
1559 2344 1780 2409 Iudaeis,
1813 2361 2038 2400 manen-

471 2441 614 2493 tibus
646 2441 784 2511 apud
813 2440 931 2492 illos
959 2439 1090 2493 solis
1115 2437 1310 2493 litteris
1341 2439 1500 2506 legis,
1534 2449 1588 2494 et
1621 2441 1780 2492 datus
1804 2449 1884 2492 est
1906 2455 2043 2510 gen-

470 2533 614 2586 tibus
643 2546 762 2603 quze
789 2532 1000 2601 possint
1023 2548 1118 2602 per
1137 2535 1293 2587 ﬁdem
1326 2533 1559 2586 fructum
1589 2533 1814 2602 spiritus
1839 2533 2040 2588 facere.

469 2622 601 2688 Quae
635 2636 756 2676 cum
787 2623 858 2676 ita
890 2623 1017 2688 sint,
1043 2639 1138 2676 cur
1168 2633 1274 2676 tam
1309 2625 1486 2694 ignavi
1514 2633 1568 2679 et
1593 2627 1808 2681 desides
1834 2641 2041 2689 sumus,

471 2726 529 2767 ut
566 2730 672 2768 non
700 2716 913 2769 tandem
943 2714 1149 2782 abiecta
1182 2716 1329 2769 omni
1373 2716 1599 2781 malitia,
1633 2732 1756 2772 cum
1782 2718 2046 2788 simplici-

469 2815 583 2859 tate
626 2815 680 2859 et
714 2806 955 2874 puritate
987 2807 1168 2861 cordis
1202 2807 1269 2860 ad
1321 2809 1676 2878 suscipienda
1705 2807 1800 2863 Dei
1828 2809 2043 2878 eloquia

467 2911 848 2966 properemus,
881 2905 939 2952 et
960 2899 1026 2952 ad
1055 2900 1376 2968 capiendum
1423 2903 1490 2954 de
1520 2901 1600 2954 eis
1643 2916 1862 2956 sensum
1890 2902 2048 2956 Chri-

469 2989 562 3054 Sli,
587 2991 783 3058 quippe
811 3003 935 3043 cutn
969 2991 1254 3045 audiamus
1291 2993 1342 3045 in
1381 2992 1474 3046 his
1505 3005 1626 3047 esse
1653 3007 1875 3061 regnum
1902 2993 1992 3047 Dei
2022 2993 2047 3047 Τ

2140 1876 2266 1936 dax,
2299 1873 2441 1927 sicut
2476 1871 2735 1939 scriptum
2765 1877 2851 1923 est
2887 1884 2902 1920 :
2937 1865 3005 1920 Ut
3036 1862 3349 1931 iustiﬁceris
3373 1861 3429 1914 in
3458 1856 3720 1915 sermoni-

2142 1967 2242 2021 bus
2279 1966 2417 2031 tuis,
2454 1974 2510 2019 et
2538 1964 2724 2019 vincas
2762 1977 2884 2016 cum
2930 1952 3193 2030 iudicaris
3224 1955 3291 2008 σθ.
3322 1972 3340 2005 ι
3365 1952 3568 2006 Tamen
3626 1948 3718 2003 tali
3747 1975 3756 1997 κ

2142 2057 2376 2130 quadam
2405 2054 2844 2110 circumﬁexioue
2869 2047 3245 2120 superioribus
3277 2045 3328 2100 id
3373 2052 3560 2113 aptare
3601 2049 3735 2094 ten--

2146 2152 2399 2206 labimus.
2431 2148 2602 2213 Licet,
2634 2145 2832 2214 inquit,
2869 2159 2974 2198 non
3012 2139 3345 2196 crediderint
3373 2134 3592 2205 quidam
3619 2131 3719 2187 Ju-

2143 2244 2406 2304 daeorum,
2443 2241 2510 2295 de
2543 2237 2861 2293 inﬁdelitate
2889 2245 3068 2288 tamen
3091 2246 3278 2288 eorum
3306 2227 3591 2285 dicendum
3613 2232 3719 2290 est,

2146 2340 2288 2412 quod
2349 2339 2489 2392 Deus
2529 2335 2747 2405 quidem
2787 2332 2935 2388 solus
2973 2331 3046 2386 sit
3092 2343 3292 2392 verax,
3327 2323 3507 2382 omnis
3536 2330 3720 2377 autem

2147 2434 2310 2487 homo
2333 2430 2403 2484 sit
2436 2429 2662 2482 mendax
2695 2443 2716 2479 :.
2735 2424 2860 2494 quia
2889 2423 3052 2476 etiam
3077 2419 3262 2490 siquis
3281 2415 3462 2486 iustus
3485 2411 3720 2483 est(75),

2147 2539 2373 2580 necesse
2396 2531 2480 2576 est
2512 2530 2690 2574 tamen
2723 2526 2782 2572 ut
2811 2517 2864 2570 in
2907 2515 3091 2584 aliquo
3133 2526 3162 2565 a
3196 2509 3429 2566 veritate
3480 2506 3721 2569 decidat,

2148 2633 2310 2687 quam
2337 2616 2390 2670 in
2413 2613 2667 2670 omnibus
2705 2624 2926 2666 servare
2958 2609 3207 2662 humanae
3234 2611 3442 2658 naturae
3463 2599 3723 2670 peneim-

2148 2709 2403 2782 possibile
2447 2717 2553 2762 est.
2595 2706 2730 2773 Quia
2771 2711 2902 2775 ergo
2930 2699 3108 2755 omnis
3141 2698 3302 2752 homo
3344 2694 3576 2750 mendax
3614 2699 3721 2756 est,
3767 2758 3775 2769 _

2147 2814 2431 2874 propterea
2455 2800 2767 2856 Iudaeorum
2797 2797 3013 2867 quidam
3044 2805 3103 2850 ut
3144 2792 3394 2849 homines
3434 2785 3725 2844 mendaces

2149 2911 2254 2950 non
2307 2893 2673 2949 crediderunt.
2708 2888 2844 2942 Nam
2882 2887 3012 2956 quia
3051 2884 3230 2941 omnis
3275 2881 3439 2936 homo
3490 2875 3726 2934 mendax

2149 2997 2252 3053 εει,
2280 2987 2590 3042 necessario
2617 2985 2672 3040 in
2703 2984 2791 3040 die
2821 2983 2933 3045 illa,
2967 2994 3090 3034 cum
3118 2977 3183 3032 ad
3213 2975 3482 3047 judicium
3511 2968 3726 3025 venerit

469 3082 632 3137 Certe
671 3083 1044 3153 unusquisque
1077 3098 1175 3152 pro
1203 3084 1412 3139 viribus
1458 3085 1642 3153 capiat
1689 3057 1904 3155 eloquia
1944 3085 2039 3141 Dei
2069 3095 2110 3150 ε
2152 3078 2408 3132 Dominus
2437 3090 2560 3130 cum
2595 3072 2926 3135 hominibus,
2951 3067 3098 3124 solus
3124 3066 3243 3137 ipse
3265 3057 3726 3134 iustiﬁcabiturin

469 3191 590 3242 qum
622 3186 822 3244 potest,
851 3187 907 3230 et
956 3176 1001 3230 si
1055 3175 1282 3230 idoneus
1326 3185 1410 3230 est
1442 3178 1508 3230 ad
1541 3176 1773 3231 solidum
1816 3177 1995 3232 cibum
2027 3221 2042 3245 ,

472 3268 562 3322 illa
618 3267 886 3336 suscipiat
919 3267 1133 3336 eloquia
1170 3268 1260 3322 Dei
1312 3266 1424 3338 (Ἠ)
1471 3283 1591 3336 quae
1621 3277 1749 3322 sunt
1777 3269 2044 3336 sapientia

470 3374 634 3428 quam
685 3359 978 3429 Apostolus
1023 3359 1266 3429 loquitur
1297 3359 1443 3412 inter
1495 3360 1768 3429 perfectos
1817 3360 1885 3414 δι.
1942 3361 2046 3427 Qui

469 3468 601 3507 vero
630 3453 694 3506 ad
725 3452 866 3506 hanc
898 3452 1124 3507 idoneus
1153 3451 1386 3505 nondum
1417 3461 1520 3512 est,
1551 3451 2045 3523 suscipiateloquia

470 3544 567 3600 Dei
609 3547 662 3600 in
695 3547 892 3613 quibus
918 3556 1177 3616 agnoscat
1217 3545 1353 3599 nihil
1411 3543 1644 3614 amplius
1687 3561 1853 3615 quam
1882 3547 2047 3602 Chri-

473 3645 620 3689 stum
675 3635 859 3690 Jesum
885 3679 900 3704 ,
936 3645 990 3693 et
1037 3639 1179 3690 hunc
1230 3637 1555 3688 cruxilixum
1582 3635 1648 3689 ".
1678 3636 1780 3702 Qui
1812 3651 1912 3690 nec
1946 3635 2047 3691 hoc

471 3733 670 3795 potest,
709 3727 762 3780 in
797 3742 863 3782 eo
898 3727 1160 3796 suscipiat
1184 3726 1399 3798 eloquia
1429 3727 1546 3793 Dei,
1585 3736 1645 3781 ut
1675 3727 1819 3782 lacte
1845 3736 2046 3792 utatur,

471 3827 528 3872 et
568 3835 675 3873 non
726 3820 850 3874 cibo
901 3820 1026 3875 forti
1060 3821 1124 3875 ⁸³.
1161 3822 1216 3877 Si
1250 3838 1376 3877 vero
1407 3823 1585 3877 adhuc
1634 3823 1942 3878 inﬁrmatur
1991 3827 2044 3878 in

473 3908 601 3973 ﬁde,
630 3909 847 3978 eloquia
881 3909 975 3964 Dei
1009 3911 1062 3964 in
1095 3911 1334 3966 oleribus
1379 3923 1556 3967 sumat
1581 3912 1646 3966 ⁸⁸.
1697 3913 1927 3968 Tantum
1965 3923 2050 3969 est

471 4012 532 4056 ut
584 4017 775 4057 omnes
822 4005 1188 4059 communiter
1236 4005 1550 4059 noverimus
1584 4024 1602 4056 ι
1655 4005 1867 4074 eloquia
1898 4004 1990 4060 Dei
2021 4023 2042 4057 ι

471 4108 593 4147 esse
618 4113 638 4145 ι
672 4093 883 4162 eloquia
914 4107 1086 4158 casta,
1129 4112 1148 4147 ι
1179 4103 1233 4148 et
1263 4113 1282 4146 ι
1314 4107 1596 4165 argentum
1620 4097 1742 4168 igne
1765 4097 2046 4150 examina-

473 4196 610 4250 tum,
640 4188 921 4254 prohatum
951 4186 1064 4258 ('72)
1093 4197 1268 4252 terrae,
1295 4198 1586 4256 purgatum
1610 4189 1919 4258 septuplum
1941 4188 2042 4240 “2)

471 4280 524 4332 id
555 4286 662 4344 est,
696 4288 755 4332 ut
789 4279 841 4332 in
867 4279 1141 4346 castitate,
1191 4287 1246 4332 et
1291 4281 1589 4336 sanctitate
1632 4283 1816 4337 cordis
1841 4291 1896 4336 et
1927 4296 2050 4336 cor-

472 4369 624 4442 poris
669 4369 851 4424 divina
883 4383 1165 4424 servemus
1210 4369 1450 4440 eloquia.
1499 4372 1721 4427 Credita
1765 4382 1891 4428 sunt
1919 4386 2049 4442 ergo

2152 3169 2332 3224 verbis
2377 3168 2516 3224 suis.
2550 3166 2723 3234 Ipsius
2772 3163 2917 3218 enim
2966 3159 3131 3215 verba
3180 3158 3234 3212 in
3266 3153 3518 3211 omnibus
3562 3164 3726 3214 vera,

2151 3262 2280 3332 quia
2305 3261 2466 3315 verba
2496 3267 2622 3312 sunt
2661 3253 2932 3310 veritatis.
2968 3251 3124 3320 Quod
3149 3257 3328 3305 autem
3361 3245 3622 3302 Dominus
3657 3244 3727 3297 ad

2146 3354 2409 3422 judicium
2464 3350 2648 3405 veniat
2692 3363 2814 3402 cum
2862 3343 3213 3410 hominibus,
3243 3339 3505 3412 propheta
3553 3335 3725 3390 dicit:

2155 3469 2175 3501 ι
2203 3447 2410 3510 Venite,
2433 3442 2879 3514 etdijudicemur,
2893 3437 3022 3494 dicit
3040 3433 3299 3491 Dominus
3321 3430 3432 3497 ⁷⁰;ι
3455 3435 3542 3483 et:
3571 3447 3589 3480 ‹
3614 3425 3732 3496 Ipse

2150 3542 2410 3596 Dominus
2441 3539 2506 3592 ad
2546 3535 2812 3606 judicium
2863 3531 3045 3586 veniet
3095 3542 3219 3582 cum
3273 3521 3581 3580 senioribus
3629 3533 3731 3590 po-

2148 3634 2344 3703 puli“;
2373 3651 2392 3683 ι
2415 3632 2677 3686 etiterum
2706 3645 2719 3681 :
2745 3645 2764 3678 ‹
2786 3624 3055 3680 Memento
3076 3617 3566 3688 tu,etiudicemur,
3597 3611 3734 3668 dicit

2153 3729 2414 3785 Dominus
2439 3725 2504 3778 ⁷³.
2541 3742 2560 3775 ι
2600 3722 2726 3776 llaec
2765 3727 2947 3774 autem
2979 3712 3279 3770 introduxit
3303 3707 3594 3779 Apostolus
3625 3705 3728 3762 ob-

2149 3833 2375 3878 servans
2410 3814 2554 3871 illam
2601 3811 2960 3882 objeclionem
3004 3821 3166 3878 quam
3200 3803 3300 3860 sibi
3340 3803 3394 3858 in
3443 3801 3552 3856 alio
3603 3798 3733 3854 loco

2141 3911 2423 3983 preponit,
2462 3907 2549 3962 ubi
2594 3905 2707 3976 (76)
2741 3905 2874 3960 dicit
2905 3917 2921 3956 :
2959 3920 2977 3954 c
3025 3901 3083 3956 Si
3112 3909 3290 3954 autem
3323 3893 3586 3966 iniustitia
3623 3905 3724 3946 no-

2149 4014 2264 4061 stra
2297 3999 2567 4071 justitiam
2619 3995 2716 4050 Dei
2757 3991 3101 4049 commendat
3146 3989 3214 4043 ⁷³.
3253 4007 3272 4041 ι
3309 3986 3386 4042 De
3428 3999 3569 4055 qua,
3601 3998 3725 4038 cum

2149 4097 2219 4151 ad
2273 4094 2452 4149 locum
2491 4089 2612 4160 eius
2663 4095 2884 4140 ventum
2919 4081 3120 4146 fuerit,
3161 4079 3522 4149 requiremus.
3573 4073 3728 4130 Nunc

2149 4202 2282 4257 ergo
2308 4185 2588 4240 videamus
2616 4178 2748 4249 quid
2789 4183 2874 4232 est
2914 4173 3057 4245 quod
3099 4171 3278 4228 dicit:
3316 4187 3336 4222 ι
3385 4167 3509 4224 Fiat
3544 4173 3730 4220 autem

2152 4255 2295 4334 Deus
2341 4289 2530 4338 verax,
2572 4270 2749 4336 omnis
2793 4277 2974 4322 autem
3014 4265 3178 4320 homo
3230 4261 3465 4318 mendax
3497 4257 3564 4312 ⁷⁸.
3593 4277 3614 4312 ι
3652 4255 3734 4312 lta

2153 4370 2297 4427 enim
2340 4369 2394 4422 in
2421 4363 2626 4421 Graecis
2655 4357 3057 4429 exemplaribus
3087 4356 3338 4412 habetur.
3381 4352 3517 4410 Nam
3547 4351 3732 4408 Latini

472 4461 663 4531 primis
695 4461 798 4517 illis
831 4462 896 4517 de
914 4462 1109 4531 quibus
1132 4479 1295 4532 supra
1350 4463 1586 4520 diximus
1651 4465 1864 4536 eloquia
1913 4466 2048 4532 Dei;
2084 4458 2130 4516 D
2156 4461 2223 4515 sit
2264 4473 2365 4529 pro
2411 4456 2506 4525 ﬁat
2557 4454 2759 4523 legunt.
2789 4450 2974 4506 Primo
3007 4460 3139 4518 ergo
3170 4446 3274 4502 hoc
3300 4445 3580 4502 sciendum
3615 4454 3729 4509 est,

473 4557 570 4610 sed
599 4557 846 4624 quidam,
879 4566 940 4610 ut
980 4555 1111 4610 dicit
1140 4555 1204 4621 ⁸³,
1240 4573 1346 4611 non
1381 4558 1731 4613 crediderunt
1770 4561 1886 4614 sive
1913 4560 2042 4623 Deo,

473 4649 592 4703 sive
621 4648 852 4718 eloquiis
889 4649 1006 4702 Dei.
1043 4649 1206 4704 Vides
1239 4651 1366 4719 quia
1400 4651 1492 4718 qui
1526 4667 1630 4704 non
1667 4653 1919 4717 credunt,
1942 4653 2043 4722 ipsi

474 4751 605 4794 euut
654 4741 960 4795 secundum
1016 4756 1261 4808 carnem,
1304 4743 1372 4797 de
1408 4741 1604 4812 quibus
1631 4753 1686 4798 et
1713 4744 1841 4800 alibi
1873 4745 2041 4802 dicit:

545 4917 590 4950 ⁸⁸
623 4920 663 4974 ll
701 4915 827 4972 Cor.
868 4932 926 4970 III
952 4956 966 4979 ,
1004 4915 1058 4971 6.

1156 4916 1202 4949 δ’
1232 4916 1397 4972 Exod.
1436 4935 1587 4979 xxxi.
1621 4921 1721 4986 18;
1773 4937 1946 4979 xxxn.
1985 4927 2074 4982 l9.

2154 4555 2280 4624 quia
2312 4552 2456 4622 quod
2493 4549 2651 4614 dixit,
2699 4545 2816 4614 ﬁat,
2863 4559 2971 4598 non
3006 4541 3326 4612 imperativo
3371 4537 3536 4594 modo
3570 4537 3730 4594 dicit.

2154 4647 2393 4702 Stultum
2424 4651 2509 4698 est
2541 4639 2687 4694 enim
2715 4637 2759 4693 si
2797 4644 3013 4706 putetur
3045 4633 3418 4703 imperandum
3457 4644 3580 4686 esse
3619 4628 3732 4685 Deo

2155 4750 2213 4796 ut
2241 4753 2406 4792 verax
2446 4735 2560 4789 ﬁat.
2593 4731 2700 4787 Sed
2732 4739 2790 4783 ut
2816 4727 3050 4784 dicimus
3081 4744 3095 4780 :
3134 4743 3153 4777 ι
3185 4723 3311 4778 Fiat
3337 4721 3583 4777 voluntas
3615 4730 3727 4786 tua,

2844 4909 2886 4940 ⁸⁸
2917 4906 2935 4960 l
2965 4904 3093 4961 Cor.
3147 4919 3217 4969 ιι,
3262 4903 3318 4959 6.
3423 4903 3624 4958 "'ihid.
3671 4904 3728 4958 2.

2174 4924 2219 4955 ⁶⁰
2249 4917 2438 4975 Matth.
2487 4928 2574 4968 xxI
2601 4953 2617 4978 ,
2655 4910 2748 4965 45.

473 4990 520 5022 ⁸³
535 4989 767 5053 Hebr.v,
798 4987 884 5042 η.
955 4973 1008 5018 ’⁸⁵
1036 4987 1189 5040 Rom.
1218 5004 1327 5047 xlv.
1358 4989 1412 5041 2.
1478 4990 1523 5020 “5
1555 4973 1946 5051 Dsalxxiri"
1981 4973 2040 5028 ἐξ

2144 5011 2217 5049 m.
2240 4973 2320 5056 iu,
2351 4988 2406 5042 5.
2483 4986 2527 5056 97
2559 4973 2815 5056 lCo_r._u,
2847 4978 2938 5056 id.
3013 4975 3058 5007 ⁸³
3094 4975 3252 5032 Rom.
3279 4989 3358 5041 ut,
3391 4973 3471 5031 5.,
3523 4974 3568 5008 ⁸³
3597 4975 3734 5029 ibid.

473 5056 520 5093 ὀ
545 5061 710 5114 Mich.
744 5050 821 5122 vi,
848 5060 900 5113 2.
977 5058 1022 5088 '”
1057 5059 1183 5113 lsai.
1217 5060 1412 5121 "1,14.
1489 5061 1534 5092 τ’
1568 5061 1693 5116 lsai.
1732 5050 1890 5130 thtI,
1921 5067 2012 5121 26.

2165 5050 2321 5118 “om.
2350 5072 2433 5120 ιιι,
2465 5055 2518 5110 5.
2593 5053 2641 5088 ⁷⁵
2671 5051 2804 5107 ibid.
2834 5050 2889 5103 4.

495 5291 503 5300 _
541 5217 659 5300 (68)
689 5216 868 5300 Editi,
897 5234 917 5269 ι
950 5217 1120 5272 solam
1168 5219 1307 5287 apud
1335 5232 1429 5273 eos
1458 5235 1580 5290 quae
1622 5221 1823 5277 occidit
1855 5224 2041 5292 haberi

472 5289 730 5347 litteram,
773 5306 791 5338 ι
821 5297 929 5344 etc.

505 5359 656 5441 .(69)
703 5357 889 5441 Editi,
945 5376 965 5411 ‹
1015 5367 1070 5413 et
1117 5357 1402 5414 videamus
1455 5375 1617 5428 quam
1659 5362 2044 5432 magniﬁcave-

477 5440 567 5490 rit,
613 5447 630 5479 1
662 5440 768 5486 εις.

547 5498 659 5570 ('76)
693 5500 926 5570 Regnum
965 5499 1079 5552 Dei.
1105 5500 1162 5570 in
1188 5497 1351 5570 editis
1379 5500 1674 5554 omittitur.

543 5569 594 5634 (7
609 5568 657 5637 ι)
683 5568 813 5634 Quae
833 5581 1032 5639 potest,
1057 5569 1159 5639 etsi
1183 5568 1402 5639 idoneus
1419 5581 1492 5623 est
1520 5572 1587 5624 ad
1605 5571 1833 5626 solidum
1849 5572 2042 5638 cibum,

473 5636 844 5762 gtllutsuscipial
876 5641 1081 5710 eloquia
1114 5637 1228 5694 Dei.
1257 5636 1379 5694 llaec
1400 5642 1779 5698 desiderantur
1804 5645 1856 5699 in
1886 5636 2044 5699 antea

545 5727 556 5762 l
591 5723 654 5762 IS.

471 5719 654 5763 edllls.

2225 5217 2340 5288 (7%)
2372 5213 2667 5288 grabatum
2698 5207 2970 5288 omittitur
2997 5207 3050 5262 in
3079 5206 3267 5263 editis.

2250 5279 2337 5347 75$
2380 5285 2543 5347 Editi,
2573 5302 2593 5336 ε
2632 5279 3005 5336 incredulitas.
3038 5298 3058 5331 ι
3238 5333 3242 5336 ,

2250 5288 2316 5342 ’13
2380 5287 2543 5347 Editi,
2573 5302 2593 5336 ε
2632 5287 3005 5336 incredulitas.
3038 5298 3058 5331 ι
3238 5333 3242 5336 ,

2247 5287 2337 5423 ui
2367 5353 2789 5423 Genebrardus,
2817 5369 2834 5401 ‹
2869 5347 3155 5423 custodiis,
3199 5366 3217 5401 ι
3253 5347 3415 5402 male.

2219 5415 2334 5496 (‘75)
2369 5424 2531 5488 Editi,
2558 5443 2578 5474 ‹
2613 5421 2888 5496 quietiam
2905 5420 2951 5473 si
2972 5419 3459 5496 quidjustumest.
3494 5433 3514 5468 ι
3548 5415 3732 5496 Codex.

2149 5487 2523 5561 Eb‘roi'censis,
2556 5513 2574 5545 ι
2621 5487 2712 5562 qui
2753 5493 2916 5544 etiam
2960 5487 3164 5562 siquid
3212 5488 3357 5558 quod
3388 5487 3596 5556 justum
3645 5494 3731 5562 est

2151 5571 2283 5639 agit.
2333 5586 2353 5620 ι
2387 5559 2512 5639 δούς
2539 5559 2734 5639 melior
2760 5562 2993 5639 videt_ur_
3012 5560 3172 5613 lectio
3209 5569 3530 5614 cancrorum
3581 5559 3732 5611 codi-

2153 5629 2299 5699 cum,
2348 5654 2366 5688 ι
2410 5635 2534 5703 quia
2562 5635 2730 5687 etiam
2752 5632 2794 5685 si
2828 5631 2949 5699 quis
2975 5629 3154 5699 justus
3176 5637 3279 5686 est.
3318 5647 3356 5682 ι,

2225 5709 2339 5782 (76)
2374 5706 2485 5775 AL,
2524 5722 2543 5758 ι
2575 5704 2796 5760 ibidem.
2835 5721 2857 5754 1
