4170 6402
3633 289 3736 346 9‘20

483 291 587 347 9l9
1924 295 2247 356 ()RIGENIS

480 418 625 464 sicut
655 409 708 465 in
736 411 896 482 rmlo,
924 423 978 470 et
1003 415 1055 470 in
1088 424 1233 472 terra
1268 417 1316 451 "
1343 435 1358 483 ;
1395 437 1416 473 ι
1459 421 1563 485 vel,
1603 431 1660 476 ut
1707 422 1898 478 iterum
1929 425 2061 478 dici-
2091 426 2136 481 Α
2170 419 2266 475 sed
2304 438 2322 471 ι
2362 432 2557 474 nomen
2580 417 2791 475 Domini
2811 417 3072 474 invocab'o
3100 416 3166 470 ⁶’.
3194 435 3213 470 ι
3233 415 3472 471 Pretiosa
3492 415 3732 470 estcnim

478 517 601 600 “‘“f
631 519 648 558 ³
674 521 696 556 ⁸
723 503 843 559 Fiat
863 521 969 576 Pa!
995 508 1048 562 Ῐη
1078 509 1277 566 Virtute
1297 519 1390 566 tua
1411 512 1480 578 ⁷⁸,
1515 531 1533 565 ι
1568 528 1671 568 non
1702 514 2052 584 imperantes,
2083 563 2106 600 ν
2156 513 2297 583 apud
2327 521 2380 568 te
2409 527 2578 575 mors,
2607 527 2726 583 qua:
2753 526 2852 581 pro
2879 511 3079 579 pietate
3103 509 3214 581 (8|)
3241 509 3544 564 etveritate
3559 507 3732 560 susci-

476 593 574 649 scd
607 602 880 663 optantes,
913 598 1022 653 imo
1056 603 1236 670 potius
1277 606 1712 674 pronuntiantes,
1754 618 1896 674 etc.,
1926 609 2052 678 quia

476 697 584 738 non
617 694 793 754 potest
831 702 937 756 pax
983 688 1100 745 lieri
1131 691 1234 746 nisi
1283 693 1335 747 in
1365 693 1562 750 virtute
1594 696 1686 751 Dei
1721 713 1738 752 :
1771 697 1842 750 ita
1876 707 1931 752 et
1965 698 2052 752 hic

475 774 622 830 velut
663 779 1064 846 pronuntiantis
1101 797 1280 840 sermo
1309 787 1662 855 accipiemlus
1710 797 1791 842 est
1824 806 1839 844 :
1872 807 1891 840 ι
1931 788 2052 844 Fiat

473 877 655 922 autem
691 869 804 942 (77)
846 872 986 928 Deus
1028 888 1214 942 verax,
1258 877 1437 933 omnis
1475 888 1657 934 autem
1687 879 1852 934 homo
1892 896 2048 934 men-

473 957 603 1010 dax.
637 975 659 1013 ι
708 957 815 1014 Sed
859 969 915 1016 et
961 965 1063 1019 hoc
1094 966 1374 1021 sciendum
1399 977 1507 1033 est,
1543 970 1686 1038 quod
1715 983 1896 1025 sermo
1924 972 2045 1038 iste,

471 1047 529 1103 id
553 1058 659 1115 est,
693 1069 714 1104 ι
738 1051 926 1110 Omnis
957 1057 1120 1112 homo
1153 1061 1417 1123 mendax,
1466 1078 1485 1112 ι
1522 1061 1589 1114 de
1623 1062 1832 1130 psalmo
1860 1073 2046 1118 cente-

469 1138 611 1194 simo
632 1139 842 1197 decimo
856 1145 1102 1215 quinto"
1127 1159 1436 1220 assumptus
1462 1161 1568 1216 est,
1597 1153 1864 1210 ubidicit:
1891 1173 1909 1204 ι
1937 1155 2047 1225 Ego

469 1229 581 1285 dixi
622 1231 677 1286 in
724 1248 950 1290 excessu
992 1254 1152 1294 meo:
1182 1238 1373 1296 Omnis
1405 1243 1565 1297 homo
1606 1245 1857 1300 mendax.
1896 1265 1916 1299 ι
1948 1247 2046 1302 llic

466 1335 598 1377 vero
639 1325 706 1380 ad
743 1328 1047 1386 evidentius
1091 1332 1502 1389 illuminamlnm
1533 1336 1779 1405 Apostoli
1822 1355 2042 1394 sensum

465 1429 574 1468 non
622 1417 872 1474 videatur
911 1421 1025 1494 (78)
1074 1424 1377 1494 legentibus
1426 1443 1719 1484 onerosum
1768 1431 1812 1485 si
1850 1432 2041 1501 psalmi

434 1502 637 1571 .ipsius
690 1511 1116 1582 continentiam,
1175 1518 1316 1574 unde
1365 1521 1594 1575 assumit
1645 1522 2039 1589 testimonium,

472 1596 718 1654 breviter
738 1614 1088 1671 exponamus.
1117 1604 1346 1664 Videtur
1359 1625 1488 1681 ergo
1515 1611 1645 1667 mihi
1672 1612 1831 1668 talem
1853 1629 2042 1684 quem-

463 1688 588 1742 dam
640 1689 909 1761 Propheta
955 1697 1206 1755 nuntiare
1239 1713 1479 1756 sensum.
1521 1702 1653 1758 Cum
1701 1705 1865 1761 multa
1908 1708 2039 1773 sint,

2155 606 2322 673 pitur.
2352 603 2660 660 Secundum
2701 604 2802 657 hoc
2830 602 2998 673 igitur
3025 603 3190 657 etiam
3227 601 3278 654 in
3306 597 3622 669 apostolicis
3645 599 3731 650 di-

2153 695 2254 750 etis
2275 694 2642 764 accipiendum
2675 703 2758 751 est
2787 711 2804 746 ι
2829 694 3018 750 Omnis
3078 691 3243 747 homo
3280 692 3538 755 mendax,
3576 708 3594 741 ι
3617 689 3729 745 sive

2154 786 2199 841 is
2229 787 2320 857 qui
2345 787 2398 841 in
2422 787 2554 856 legis
2585 787 2762 842 littera
2797 787 2914 841 sine
2941 786 3044 841 lide
3071 785 3316 846 conlidit,
3343 784 3460 839 sive
3485 785 3532 838 is
3561 783 3648 852 qui
3671 783 3724 836 in

2150 878 2482 947 quibuslibet
2504 878 2846 946 dogmatibus
2863 887 2916 932 et
2939 877 3138 932 litteris
3156 877 3440 948 gloriatur.
3460 875 3564 930 Sed
3590 873 3724 942 obji-

2152 971 2294 1024 citur
2319 969 2477 1023 nobis
2511 985 2526 1021 :
2565 967 2621 1023 Si
2648 969 2827 1023 omnis
2858 969 3019 1021 homo
3053 969 3283 1021 tuendax
3308 975 3414 1030 est,
3442 965 3556 1035 ipse
3584 961 3725 1017 Pau~

2151 1059 2350 1127 lusf,”,
2379 1059 2507 1129 quia
2535 1057 2822 1125 homoest,
2872 1059 2974 1112 erit
3025 1073 3155 1128 ergo
3216 1057 3469 1111 mendax.
3521 1053 3620 1110 Sed
3668 1062 3724 1110 et

2152 1149 2319 1204 David
2347 1149 2436 1218 qui
2476 1149 2592 1203 hazc
2617 1149 2775 1214 dixit,
2811 1149 2937 1218 quia
2965 1148 3129 1204 homo
3149 1146 3272 1212 fuit,
3303 1149 3541 1201 siomnis
3567 1147 3720 1201 homo

2149 1244 2384 1298 mendax
2411 1253 2518 1308 est,
2540 1243 2720 1298 eritet
2759 1243 2876 1312 ipse
2913 1243 3170 1306 mendax,
3211 1250 3265 1294 et
3297 1242 3399 1295 hoc
3423 1241 3592 1309 ipsum
3627 1239 3723 1292 l'al-

2147 1352 2268 1392 sum
2318 1337 2460 1406 quod
2505 1336 2678 1391 dicit:
2717 1354 2734 1386 t
2767 1333 2956 1390 Omnis
3015 1335 3174 1388 homo
3219 1335 3484 1398 mendax,
3523 1353 3542 1385 ι
3589 1336 3708 1403 quia

2147 1430 2462 1485 mendaeem
2508 1443 2568 1484 se
2616 1427 2928 1484 necessario
2977 1441 3100 1482 cum
3147 1427 3360 1482 caeteris
3411 1427 3720 1482 hominibus

2148 1521 2263 1591 ipse
2297 1523 2648 1593 pronuntiat;
2685 1529 2742 1574 et
2779 1520 2824 1574 si
2855 1518 3088 1574 mendax
3119 1528 3225 1584 est,
3261 1521 3446 1589 utique
3477 1536 3582 1574 non
3611 1522 3717 1574 erit

2143 1628 2331 1667 verum
2369 1613 2512 1681 quod
2547 1627 2575 1664 a
2605 1609 3105 1674 mendacedicitur,
3136 1609 3265 1677 quia
3300 1628 3319 1662 ι
3354 1611 3534 1664 omnis
3563 1609 3720 1664 homo

2145 1703 2217 1758 sit
2241 1703 2495 1757 mendax.
2535 1720 2555 1755 ι
2588 1699 2812 1754 Videtur
2837 1704 2966 1770 ergo
2987 1715 3169 1756 sermo
3195 1701 3311 1770 ejus
3345 1699 3643 1754 incurrisse
3665 1704 3718 1754 in

463 1779 666 1852 inquit,
688 1783 830 1854 apud
859 1786 1105 1845 homines
1159 1791 1432 1863 dogmata,
1465 1802 1522 1849 et
1547 1795 1699 1850 multi
1743 1795 1808 1853 de
1843 1767 2042 1852 verita;
2074 1767 2116 1824 Β
2144 1794 2516 1865 syllogismum
2549 1793 2641 1862 qni
2675 1793 2872 1848 dicitur
2901 1767 3135 1860 aporus,
3171 1767 3238 1846 id-
3262 1801 3370 1859 est,
3404 1793 3724 1848 insubstan-

465 1871 538 1926 tis
575 1872 926 1944 inquisitione
961 1881 1434 1953 philosophentur,
1453 1903 1686 1958 cumque
1713 1900 1963 1959 oporteat
1985 1892 2038 1946 in

463 1963 550 2021 his
582 1967 840 2025 omnibus
882 1974 1272 2042 quaestionibus
1300 1979 1608 2047 praecedere
1656 1977 1853 2036 Filium
1898 1985 1988 2038 Dei
2023 2001 2037 2038 :

462 2054 553 2110 alii
576 2057 792 2126 quidem
823 2063 914 2132 qui
935 2079 1040 2118 non
1062 2065 1212 2135 prius
1242 2069 1526 2126 credentes
1551 2073 1905 2140 quaesierunt,
1929 2092 2039 2132 non

458 2147 786 2207 invenerunt
838 2171 854 2209 :
896 2170 996 2226 ego
1061 2169 1241 2214 autem
1289 2161 1418 2231 quia
1470 2165 1676 2219 credidi
1746 2177 2037 2238 antequam

455 2255 790 2310 quaererem,
831 2245 1037 2303 idcirco
1075 2252 1217 2319 quod
1257 2254 1566 2322 quaerebam
1613 2256 1814 2323 inveni,
1847 2268 2035 2314 etnon

455 2331 632 2386 solum
667 2333 873 2401 inveni,
907 2339 1002 2393 sed
1023 2349 1077 2394 et
1106 2339 1319 2397 locutus
1345 2359 1486 2410 sum,
1512 2355 1567 2400 et
1592 2348 1908 2401 annuntiavi
1939 2364 2038 2418 po-

455 2424 597 2493 pulis
615 2441 779 2495 quam
808 2429 1123 2489 inveneram
1145 2437 1452 2493 veritatem.
1477 2437 1587 2494 Nec
1608 2449 1786 2494 tamen
1815 2441 2033 2497 inventa

453 2515 686 2574 veritate
719 2520 894 2578 elatus
926 2538 1047 2580 sum
1086 2526 1140 2581 in
1172 2529 1435 2598 sapientia
1459 2571 1474 2596 ,
1509 2546 1683 2600 neque
1721 2531 1939 2587 inﬂatus
1978 2536 2031 2590 in

454 2605 687 2664 scientia
731 2627 882 2679 mea;
923 2617 1015 2671 sed
1061 2633 1128 2673 eo
1171 2622 1342 2688 magis
1377 2623 1697 2682 humiliatus
1725 2642 1867 2698 sum,
1906 2644 2029 2686 cum

454 2700 651 2766 agnovi
685 2710 740 2756 et
767 2705 1005 2763 intellexi
1045 2708 1327 2766 Dominum
1360 2729 1479 2770 esse
1511 2719 1602 2786 qni
1635 2719 1791 2776 docet
1811 2737 2028 2779 omnem

452 2791 739 2850 scientiam
784 2796 853 2855 ⁷⁸.
889 2799 1090 2857 Deinde
1122 2806 1476 2862 considerans
1517 2824 1636 2879 qua:
1688 2813 1936 2870 homines
1973 2827 2030 2872 et

453 2894 660 2950 quanta
687 2887 772 2943 vel
804 2889 948 2946 inter
973 2894 1342 2969 philosophos,
1379 2900 1458 2956 vel
1482 2901 1625 2958 inter
1645 2916 1872 2962 czeteros
1900 2907 2029 2963 bar-

452 2973 616 3032 baros
661 2978 730 3036 de
757 2981 990 3040 veritate
1021 2985 1188 3042 locuti
1236 2999 1384 3060 sunt,
1427 3001 1484 3048 et
1519 2993 1647 3063 quia
1693 3009 1818 3050 cum
1856 2997 2028 3056 multo

2144 1886 2289 1940 tivus
2320 1885 2456 1956 (82),
2485 1885 2574 1954 qui
2597 1894 2654 1938 et
2677 1883 2846 1938 falsus
2879 1884 3200 1953 appellatur.
3234 1884 3340 1939 Sed
3366 1885 3411 1939 si
3433 1886 3720 1940 redeamus

2142 1978 2207 2032 ad
2257 1977 2571 2031 interiorem
2619 1975 2924 2043 Scriptura:
2985 1974 3340 2039 intellectum,
3384 1975 3723 2034 inveniemus

2138 2070 2281 2138 quod
2318 2082 2507 2122 omnes
2553 2068 2831 2136 prophetae
2870 2067 2955 2121 vel
3001 2066 3228 2136 apostoli
3263 2081 3329 2120 ex
3371 2067 3477 2121 illis
3508 2057 3618 2122 sint
3653 2069 3720 2122 ad

2138 2177 2275 2231 quos
2310 2175 2492 2216 sermo
2530 2159 2624 2214 Dei
2659 2159 2772 2231 (δὸ)
2806 2158 2886 2225 lit,
2925 2159 3067 2213 sicut
3103 2159 3367 2228 scriptum
3414 2167 3497 2213 est
3539 2177 3552 2212 :
3596 2178 3615 2212 ι
3654 2160 3722 2214 Ει

2139 2255 2339 2310 factum
2385 2266 2470 2312 est
2513 2255 2740 2308 verbum
2781 2252 2996 2306 Domini
3042 2269 3063 2304 ›
3118 2252 3186 2304 ad
3229 2250 3402 2316 illum,
3447 2251 3532 2306 vel
3565 2253 3715 2317 illum

2143 2349 2494 2418 prophetam.
2521 2347 2631 2403 llos
2660 2361 2794 2417 ergo
2830 2345 2896 2399 ad
2920 2359 3056 2414 quos
3084 2358 3266 2399 sermo
3293 2344 3388 2399 Dei
3420 2344 3500 2411 lit,
3538 2345 3719 2400 Domi-

2137 2455 2238 2496 nus
2279 2442 2331 2496 in
2370 2440 2667 2510 Evangelio
2695 2454 2801 2494 non
2835 2438 3084 2493 homines
3105 2439 3428 2506 pronuntiat
3454 2454 3597 2504 esse,
3623 2439 3719 2493 sed

2133 2535 2288 2590 deos.
2327 2532 2419 2588 Sic
2449 2533 2597 2588 enim
2630 2530 2763 2586 dicit
2796 2547 2810 2585 :
2851 2548 2869 2582 ι
2900 2527 3055 2595 Quod
3083 2529 3129 2583 si
3167 2529 3288 2584 illos
3325 2529 3456 2584 dicit
3485 2531 3618 2586 deos
3648 2532 3716 2585 ad
3753 2577 3767 2589 .

2129 2640 2268 2696 quos
2289 2638 2471 2679 sermo
2497 2620 2591 2676 Dei
2613 2620 2692 2685 lit,
2710 2629 2767 2675 et
2796 2634 2899 2674 non
2919 2629 3098 2689 potest
3114 2619 3251 2673 solvi
3283 2618 3570 2686 Scriptura
3587 2620 3656 2674 “.
3691 2639 3712 2674 ι

2131 2716 2266 2786 Quia
2283 2728 2416 2784 ergo
2438 2723 2491 2768 et
2506 2711 2758 2782 adDavid
2783 2719 3039 2779 tanquam
3059 2709 3398 2778 prophetam,
3421 2719 3478 2765 et
3496 2711 3562 2764 ad
3586 2709 3722 2766 Pau-

2128 2807 2240 2861 lum
2262 2816 2519 2875 tanquam
2541 2802 2844 2873 apostolum
2858 2813 3047 2874 sermo
3058 2799 3148 2853 Dei
3176 2799 3350 2854 lactus
3365 2810 3469 2864 est,
3486 2800 3604 2854 sine
3624 2803 3722 2856 du-

2128 2903 2219 2958 bio
2236 2917 2340 2956 non
2355 2908 2511 2955 erant
2529 2897 2800 2963 homines,
2820 2894 2915 2949 sed
2935 2893 3028 2960 dii,
3050 2895 3115 2946 ad
3134 2907 3271 2961 quos
3287 2909 3469 2948 sermo
3485 2892 3578 2946 Dei
3639 2894 3719 2964 la-_

2117 3010 2239 3055 etus
2254 2989 2526 3060 est.lgitur
2543 2987 2792 3058 quianon
2813 2995 2972 3041 erant
3002 2984 3273 3052 homines,
3293 2985 3388 3039 sed
3407 2985 3500 3049 dii,
3523 2999 3715 3038 verum

449 3063 642 3180 labqre
688 3070 854 3152 multa
895 3073 1164 3144 dicentes,
1205 3080 1341 3136 nihil
1379 3082 1722 3154 invenerunt,
1757 3087 1883 3158 quia
1915 3104 2024 3145 non
2056 3115 2103 3180 ρ
2132 3095 2217 3140 est
2247 3085 2393 3154 quod
2428 3083 2496 3142 de
2524 3081 2836 3137 hominibus
2863 3081 3077 3135 cazteris
3106 3077 3460 3148 pronuntiant
3485 3077 3552 3131 ad
3579 3091 3718 3146 quos

447 3159 803 3218 crediderunt
827 3174 1121 3238 antequam
1144 3183 1447 3240 quaererent
1480 3193 1496 3231 :
1529 3177 1884 3235 considerans
1907 3195 2028 3237 om-

451 3248 541 3303 nia
571 3265 761 3308 eorum
783 3257 870 3312 vel
895 3259 1060 3328 dicta,
1095 3263 1178 3318 vel
1203 3266 1429 3335 scripta,
1455 3277 1511 3324 et
1535 3270 1588 3324 in
1622 3285 1851 3329 excessu
1872 3289 2027 3329 men-

451 3339 521 3397 tis
563 3341 812 3414 ell'ectus,
852 3349 906 3404 id
943 3361 1048 3416 est,
1081 3365 1304 3426 stupore
1343 3360 1527 3415 cordis
1560 3366 1845 3429 attonitus,
1883 3366 2028 3434 quod

449 3434 633 3490 omnia
671 3437 758 3493 illa
787 3439 1233 3512 philosophorum
1257 3449 1553 3520 volumina,
1593 3467 1714 3523 quae
1745 3456 2027 3525 splendida

447 3535 505 3580 et
529 3528 847 3600 prtel'ulgida
885 3533 1216 3592 videbantur
1242 3542 1492 3598 oratione
1535 3545 1866 3613 composita,
1900 3562 2027 3615 pro~

446 3620 536 3674 cnl
560 3635 592 3674 a
627 3623 864 3680 veritate
887 3627 1275 3697 consisterent,
1301 3631 1354 3685 in
1383 3647 1610 3688 excessu
1641 3645 1696 3690 et
1721 3635 1773 3690 in
1805 3646 2028 3706 stupore

447 3711 646 3766 mentis
674 3712 898 3770 ell'ectus
923 3715 1033 3771 dixi
1060 3736 1074 3772 :
1111 3736 1131 3770 ι
1157 3718 1348 3778 Omnis
1369 3719 1877 3784 homomendax'h
1911 3725 2025 3797 Ego

445 3817 579 3858 vero
605 3803 692 3860 cui
721 3806 835 3861 haec
864 3809 1181 3866 ostenderat
1205 3810 1366 3880 Deus,
1397 3814 1641 3885 ingratus
1664 3829 1770 3869 non
1797 3815 1896 3880 l'ui,
1928 3817 2023 3872 sed

443 3889 681 3960 cogitavi
720 3903 777 3950 et
797 3898 1022 3966 quaesivi
1046 3901 1188 3970 apud
1219 3905 1618 3974 memetipsnm,
1640 3906 1770 3976 quid
1800 3923 1897 3977 pro
1921 3908 2023 3963 hoc

444 3985 593 4052 quod
637 3985 770 4043 mihi
824 3988 1089 4048 Dominus
1135 3995 1388 4062 prmstitit
1434 3997 1714 4053 scientiam
1750 3999 2021 4064 veritatis,

442 4075 674 4133 Domino
697 4079 1053 4147 rependerem
1084 4086 1328 4142 muneris
1355 4103 1370 4142 :
1399 4087 1636 4144 intellexi
1669 4099 1848 4145 tamen
1877 4093 2024 4162 quod

440 4175 636 4222 natura
672 4169 767 4226 illa
785 4182 1014 4239 aatcrna,
1037 4183 1090 4230 et
1117 4178 1360 4233 omnium
1382 4180 1624 4249 domina,
1655 4183 1856 4241 nullius
1884 4185 2024 4238 indi-

439 4265 555 4326 get.
586 4256 764 4315 Unum
799 4277 931 4333 ergo
959 4263 1138 4322 inveni
1163 4268 1335 4323 solum
1367 4273 1515 4341 quod
1545 4287 1630 4328 me
1646 4273 1843 4330 oll'erre
1865 4291 2024 4345 opor-

441 4357 585 4405 teret
611 4351 746 4419 Deo,
771 4353 824 4408 id
852 4365 936 4411 est
966 4367 1025 4412 ut
1051 4359 1334 4414 crederem
1375 4361 1444 4416 de
1471 4376 1538 4418 eo
1575 4365 1719 4434 quod
1745 4381 2022 4436 nunquam

2131 3192 2311 3234 sermo
2327 3173 2546 3230 Deinon
2562 3172 2738 3228 laetus
2751 3182 2856 3238 est,
2871 3171 2994 3241 quia
3015 3188 3032 3222 ι
3059 3171 3236 3226 omnis
3251 3171 3414 3226 homo
3435 3169 3664 3224 mendax
3686 3188 3711 3224 ι

2127 3270 2219 3323 sit.
2237 3269 2344 3324 Sed
2365 3277 2421 3324 et
2440 3267 2584 3336 quod
2597 3265 2844 3336 sequitur
2874 3265 3228 3321 nihilominus
3245 3264 3312 3318 de
3329 3262 3537 3334 psalmo
3554 3263 3719 3332 quin-

2127 3360 2447 3431 quagesimo
2464 3369 2802 3428 assumptum
2822 3367 2930 3423 est,
2951 3359 3003 3412 id
3033 3368 3151 3412 est:
3179 3376 3197 3408 ι
3221 3354 3630 3428 Utjustiliccris
3654 3353 3710 3408 it.

2127 3451 2475 3509 sermonibus
2499 3450 2626 3517 tuis,
2641 3458 2694 3505 et
2711 3449 2897 3504 vincas
2919 3447 3339 3519 cumjudicarls.
3367 3465 3386 3499 ›
3406 3445 3502 3500 Est
3528 3455 3711 3499 autem

2129 3543 2181 3599 in
2199 3543 2409 3614 psalmo
2426 3543 2641 3611 integer
2653 3554 2846 3594 sensus
2863 3539 2967 3595 hoc
2981 3539 3142 3593 modo
3157 3538 3364 3608 positus
3385 3555 3400 3592 :
3422 3556 3441 3588 ι
3465 3535 3586 3590 Tibi
3610 3536 3712 3591 sol.

2127 3634 2376 3706 peccavi,
2407 3643 2464 3690 et
2492 3632 2695 3688 malum
2721 3646 2907 3688 coram
2937 3642 2989 3686 te
3027 3630 3129 3686 feci
3150 3671 3167 3694 ,
3201 3639 3260 3684 ιιι
3285 3628 3609 3696 justillceris
3650 3629 3709 3683 in

2127 3726 2474 3784 sermonibus
2504 3726 2632 3787 tuis.
2663 3733 2717 3781 et
2737 3725 2927 3779 vincas
2958 3737 3080 3779 cum
3099 3721 3385 3794 judicaris.
3425 3739 3444 3774 ι
3478 3721 3542 3775 Ει
3577 3737 3713 3791 quo-

2127 3819 2272 3875 niam
2307 3820 2528 3890 grandis
2558 3833 2819 3874 excessns
2847 3825 2933 3872 est
2959 3825 3020 3872 ut
3048 3817 3118 3872 ah
3141 3816 3298 3870 initio
3323 3815 3516 3884 psalmi
3552 3830 3713 3884 repe-

2130 3921 2329 3974 tamus,
2365 3911 2650 3967 brevitatis
2686 3923 2854 3965 cansa
2891 3909 3046 3963 hunc
3088 3908 3507 3972 tantummodo,
3543 3921 3710 3978 quem

2128 4001 2181 4057 in
2214 4001 2389 4056 medio
2420 4001 2722 4069 posuimus,
2750 3999 3107 4054 discutiamus
3136 4012 3483 4064 sermonem;
3517 3998 3570 4051 in
3601 4013 3714 4066 quo

2125 4087 2316 4142 statim
2341 4089 2393 4142 in
2424 4091 2599 4155 primo
2626 4088 2741 4142 haec
2774 4087 3007 4143 difﬁcilis
3029 4090 3248 4142 videtur
3282 4087 3622 4157 explanatio.
3649 4088 3712 4140 Si

2125 4180 2271 4235 enim
2309 4181 2596 4235 historiam
2651 4195 2948 4249 sequamur
2995 4195 3116 4249 quae
3170 4180 3222 4233 in
3285 4178 3711 4249 praetitulatione

2128 4273 2318 4342 psalmi
2348 4273 2548 4341 scripta
2582 4282 2689 4337 est,
2719 4273 2791 4327 ibi
2812 4273 3048 4327 refertur
3074 4283 3358 4340 perempto
3381 4271 3509 4326 Uria
3534 4271 3709 4325 Etheo

2129 4379 2356 4418 uxorem
2389 4362 2506 4430 ejus
2529 4365 2804 4433 accepisse
2833 4363 3000 4418 David
3039 4363 3110 4416 ⁸⁵.
3151 4361 3436 4429 Quomodo
3466 4379 3597 4432 ergo
3620 4364 3710 4417 di-

439 4442 614 4511 possit
666 4443 737 4498 ab
790 4443 1012 4502 homine
1060 4448 1265 4518 aliquid
1326 4453 1599 4527 accipere,
1661 4454 1757 4511 sed
1808 4472 2025 4528 semper
2053 4457 2102 4515 Ι)
2128 4456 2240 4511 cit:
2288 4476 2306 4508 ι
2346 4455 2466 4510 Tibi
2485 4456 2586 4512 soli
2618 4456 2874 4524 peccavi;
2915 4473 2933 4507 ι
2970 4470 3093 4509 cum
3133 4457 3320 4523 utique
3361 4465 3416 4510 et
3444 4456 3496 4510 in
3534 4457 3709 4524 ipsum

437 4533 605 4601 dare;
631 4543 688 4590 et
707 4535 832 4591 ideo
846 4536 958 4593 dixi
985 4556 1001 4594 :
1025 4557 1045 4593 ι
1079 4539 1315 4598 Calicem
1333 4544 1590 4599 salutaris
1611 4547 1876 4616 accipiam
1891 4553 1968 4613 8°;
1996 4568 2016 4601 ›

437 4626 590 4681 velut
622 4628 669 4684 si
694 4630 1081 4700 responderem
1114 4633 1230 4706 (79)
1269 4635 1471 4693 dicenti
1498 4655 1512 4693 :
1536 4636 1703 4694 Potes
1729 4658 1750 4693 ι
1789 4641 2019 4698 calicem

434 4716 646 4787 bibere,
693 4735 857 4791 quem
912 4735 1014 4795 ego
1052 4725 1326 4784 bibiturus
1387 4745 1508 4785 sum
1555 4727 1653 4786 0‘?
1691 4751 1710 4784 ο
1763 4740 1819 4786 et
1867 4735 2017 4790 dice-

434 4827 553 4866 rem
579 4812 692 4882 (80)
719 4833 734 4870 :
758 4813 1007 4883 Possum,
1042 4818 1292 4876 Domine.
1327 4819 1420 4876 Sic
1446 4836 1578 4893 ergo
1610 4823 1740 4879 aio:
1778 4823 2016 4882 Calicem

436 4907 707 4973 passionis
731 4918 837 4964 tua!
868 4910 1124 4976 libenter,
1156 4924 1212 4968 et
1236 4923 1346 4970 tota
1370 4915 1650 4971 voluntate
1686 4919 2015 4988 suscipiam;

432 5010 493 5054 ct
514 5009 574 5056 ut
610 5003 800 5060 calicis
833 5005 937 5072 tui,
965 5006 1018 5062 id
1046 5016 1134 5064 est
1162 5009 1462 5079 passionis,
1489 5013 1722 5083 gratiam
1755 5015 1824 5070 ad
1852 5015 2013 5071 linem

434 5108 610 5150 usque
654 5110 1000 5168 conservem,
1046 5114 1155 5157 non
1199 5101 1364 5172 500
1401 5105 1540 5161 meis
1578 5107 1792 5163 viribus
1833 5122 2016 5180 agam.

539 5235 587 5268 ⁷⁵
616 5233 804 5290 Matth.
830 5249 907 5297 vt,
935 5233 1024 5290 {0.
1121 5233 1169 5266 ⁷⁸
1196 5233 1338 5288 Psal.
1367 5248 1510 5297 cxxt,
1542 5233 1598 5288 7.
1697 5233 1744 5266 ’τ’
1767 5247 1910 5289 vers.
1944 5234 2003 5287 ll
2020 5274 2032 5287 .

1121 5233 1169 5266 ⁷⁸
1196 5231 1338 5288 Psal.
1367 5248 1510 5300 cxxt,
1542 5233 1598 5288 7.

2131 4546 2318 4603 Uriam
2352 4547 2694 4612 peccaverit,
2734 4558 2790 4602 et
2833 4549 2884 4601 in
2935 4547 3270 4616 propinquos
3319 4547 3472 4618 ejus,
3510 4548 3605 4603 sed
3654 4560 3710 4601 et

2129 4642 2183 4697 in
2220 4642 2390 4711 ipsam
2431 4640 2705 4696 Bersabee
2740 4653 2904 4710 atque
2944 4654 3164 4694 omnem
3198 4641 3416 4694 domum
3450 4642 3590 4712 ejus,
3621 4644 3708 4696 cui

2127 4733 2380 4789 intulisse
2407 4734 2676 4788 maculam
2715 4733 2932 4788 videtur
2964 4732 3244 4789 adulterii.
3289 4733 3394 4789 Sed
3423 4736 3708 4789 sciendum

2125 4827 2269 4897 quod
2302 4843 2410 4882 non
2442 4840 2662 4893 semper
2698 4826 3142 4894 pra‘titnlationis
3182 4826 3469 4880 historiam
3515 4826 3708 4896 psalmi

2122 4921 2459 4977 continentia
2507 4918 2780 4986 sequitur,
2834 4927 2892 4971 ut
2942 4919 2995 4971 in
3041 4919 3294 4989 plurimis
3336 4917 3562 4988 psalmis
3614 4920 3706 4988 qui

2120 5014 2438 5069 observabit
2481 5011 2745 5066 inveniet.
2791 5011 2858 5064 Et
2883 5021 2940 5065 ut
2965 5012 3200 5082 exetnpli
3239 5027 3404 5068 causa
3434 5013 3706 5079 dixerim,

2121 5106 2314 5176 psalmi
2344 5104 2538 5162 decimi
2562 5104 2778 5174 septimi
2803 5104 3154 5173 praetitulatio
3188 5115 3274 5161 est
3311 5122 3326 5159 :
3361 5125 3380 5158 ι
3424 5105 3482 5159 In
3520 5105 3707 5170 liuent,

2128 5236 2185 5298 τε
2205 5233 2344 5289 Psal.
2376 5249 2540 5298 XCIII,
2578 5235 2664 5289 10.
2760 5233 2806 5265 ⁷³
2837 5232 2977 5288 Psal.
3009 5249 3108 5288 cxv
3129 5271 3143 5292 ,
3176 5233 3261 5286 ll.
3361 5234 3409 5266 ⁸ο
3440 5234 3571 5290 ibid.
3609 5237 3693 5289 l3.

442 5307 486 5339 ιι
520 5280 1066 5372 Μείίῖ.’ἶέ,’ἑέ.“”ιι
1095 5280 1510 5369 Ρεειὶἶέἱνῗῖἓῖ
1552 5280 1626 5342 ”ὖ³
1655 5280 1926 5370 Βοιιίῖὶῖῖ,
1951 5280 2031 5360 ιζ·

2147 5280 2540 5370 asseras:
2583 5280 2715 5358 ὶῖἰι
2750 5280 2982 5375 Regii},
3007 5280 3098 5366 ea;
3129 5280 3220 5358 '27'.

534 5417 626 5501 ΓΙ)
654 5418 763 5486 Al.,
799 5436 821 5472 ι
857 5419 989 5477 Erat
1010 5427 1220 5486 autem,
1253 5436 1274 5472 ι
1303 5420 1399 5475 sed
1431 5433 1564 5476 mss.
1594 5420 1769 5477 nostri
1799 5421 2020 5492 ubique,

441 5506 468 5548 ζ
503 5499 824 5628 ἓὲῒέάἰιί,
847 5576 866 5611 ι
902 5556 1102 5614 Verum
1125 5559 1214 5615 'ad
1265 5559 1569 5616 evidentius
1604 5560 2021 5620 illuminandnm

442 5628 684 5696 Apostoli
721 5644 964 5695 sensum,
1003 5644 1071 5684 ne
1097 5631 1364 5685 videatur.
1407 5649 1428 5683 ι

515 5698 632 5768 (⁸19)
659 5698 820 5767 Editi,
858 5718 878 5752 ι
911 5702 1284 5772 responderet,
1315 5721 1333 5756 ι
1380 5701 1542 5762 male.

2205 5417 2319 5490 (80)
2337 5415 2447 5490 A_l_.,
2464 5433 2484 5467 ι
2505 5416 2740 5490 diceret;
2773 5433 2794 5466 ι
2827 5413 3022 5469 deinde
3051 5431 3068 5465 ι
3090 5414 3165 5468 ait
3184 5433 3205 5468 ι
3225 5431 3324 5484 pro
3346 5434 3365 5469 ι
3390 5419 3498 5484 aio,
3518 5435 3539 5472 ι
3561 5421 3716 5475 male.

2226 5489 2318 5554 81)
2354 5487 2466 5552 AL,
2499 5506 2518 5537 ‹
2551 5487 2781 5541 deitate.
2817 5503 2837 5537 ›

2225 5559 2318 5628 82)
2347 5557 2796 5612 Iusubstantivns.
2853 5555 2962 5610 Sic.
3010 5572 3144 5613 mss.
3189 5557 3326 5610 Editi
3363 5562 3520 5628 vero,
3564 5578 3582 5611 t
3618 5561 3686 5614 du

2059 5673 2068 5681 .
2133 5633 2272 5688 hius.
2310 5646 2334 5680 ι

2202 5699 2317 5768 (85.
2352 5695 2491 5772 Dei._
2521 5695 2578 5753 ln
2607 5695 2771 5755 editis
2801 5696 3053 5754 omnibus
3085 5699 3377 5758 omittitur.
