4170 6378
525 289 630 348 923

1968 298 2291 356 ORIGENIS

3684 304 3796 358 92b

523 425 653 465 cere
681 408 796 465 vult
818 424 942 480 qua:
974 410 1140 466 fuerit
1161 412 1245 467 vel
1281 423 1407 467 ante
1443 418 1737 471 adventum
1786 418 1986 490 Chrisﬁ
2011 435 2101 473 sa-
2134 424 2176 479 Α
2208 433 2325 487 qua!
2359 418 2594 472 diximus
2626 419 2938 476 convenire.
2971 417 3283 473 Secundum
3324 420 3426 474 hoc
3485 435 3611 475 vero
3649 427 3790 490 quod

521 500 605 555 lns
660 504 958 557 secundum
991 503 1165 570 legem
1200 505 1513 561 viventibus
1547 547 1562 571 ,
1593 508 1673 562 vel
1708 512 1979 577 quomodo
2011 527 2107 579 per

528 591 831 647 Salvator-is
857 594 1172 662 adventum,
1194 611 1252 649 ru
1264 612 1410 650 rsum
1437 611 1505 651 ex
1536 599 1920 654 incredulitate
1944 600 2105 653 Israel

524 682 678 738 salus
710 687 962 754 gentibus
993 687 1351 753 conferatur;
1391 699 1447 744 et
1493 707 1708 745 rursum
1750 694 1893 760 quod
1933 708 2106 762 neque

522 787 591 827 ex
630 772 845 845 integro
875 787 1089 846 gentes,
1121 778 1223 833 nisi
1258 794 1381 848 qua:
1399 782 1753 847 crediderint,
1782 784 2005 837 veniant
2038 786 2105 837 ad

516 864 790 933 Salutem;
822 883 1000 938 neque
1021 886 1090 924 ex
1119 871 1334 942 integro
1387 874 1684 944 abiiciatur
1742 875 1905 931 lsracl
1941 918 1957 941 ,
2009 878 2103 932 sed

525 973 544 1006 ¢
578 956 822 1027 reliquias
852 977 872 1011 ι
902 962 1243 1017 credentium
1308 982 1325 1017 ι
1367 966 1529 1020 salva:
1565 986 1584 1019 ι
1620 966 1845 1021 fiant".
1879 967 1945 1022 Et
1981 970 2104 1024 ideo

518 1048 802 1114 confusus,
839 1063 899 1106 ut
929 1053 1066 1118 dixi,
1096 1056 1313 1111 videtur
1336 1060 1470 1112 ordo
1502 1059 1737 1125 dicendi,
1775 1061 1901 1114 dum
1925 1062 2103 1116 diver-

517 1137 714 1193 sitates
745 1143 1081 1198 credentium
1106 1156 1163 1200 et
1191 1162 1299 1202 non
1328 1149 1672 1203 credentium
1707 1151 1879 1219 partis
1902 1154 2103 1208 utrius-

517 1246 625 1301 que
648 1239 1021 1305 prosequitur.
1072 1239 1130 1296 ln
1179 1242 1381 1305 quibus
1420 1247 1735 1298 necessario
1787 1260 2099 1301 sermonem

517 1327 793 1380 convertit
816 1337 871 1384 et
893 1332 959 1387 ad
980 1329 1146 1387 Deum
1170 1332 1305 1387 utin
1333 1334 1417 1388 his
1467 1336 1724 1390 omnibus
1768 1339 2101 1407 assumptio-

518 1431 645 1470 num
692 1420 1173 1490 repulsionumque
1219 1423 1565 1493 differentiis,
1623 1445 1751 1484 vera
1785 1432 2006 1500 quidem
2044 1443 2099 1487 et

509 1503 659 1570 iusta
688 1507 780 1562 Dei
815 1509 1010 1564 doceat
1033 1512 1402 1582 esseiudicia,
1439 1519 1670 1573 multum
1700 1530 1881 1574 autem
1916 1522 1968 1575 in
2000 1522 2101 1576 lio-

515 1589 760 1646 minibus
782 1595 1063 1652 abundare
1092 1602 1355 1657 mendacii
1390 1591 1498 1670 ';ct
1540 1610 1663 1661 ideo
1702 1610 1875 1663 dicit:
1928 1631 1945 1662 ι
1980 1612 2099 1666 Fiat

515 1689 696 1737 autem
724 1685 863 1739 Deus
897 1701 1064 1744 verax
1092 1729 1110 1757 ,
1171 1692 1353 1747 omnis
1386 1706 1566 1751 autem
1614 1700 1774 1754 homo
1805 1704 2029 1756 mendax
2074 1721 2088 1768 ;

513 1775 656 1827 sicut
712 1777 976 1847 scriptum
1013 1792 1140 1839 est:
1174 1782 1247 1839 Ut
1289 1785 1613 1854 iustiﬁceris
1648 1792 1699 1845 in
1748 1796 2093 1850 sermonibus

513 1867 641 1930 tnis,
671 1877 727 1922 et
760 1870 947 1927 vincas
982 1888 1103 1928 cum
1146 1875 1413 1943 iudicaris
1437 1881 1478 1947 ί,
1515 1900 1534 1932 ι
1586 1882 1653 1937 de
1685 1886 1886 1953 quibus
1932 1899 2094 1957 prout

510 1958 786 2024 potuimus
820 1961 875 2015 in
916 1968 1292 2035 superioribus
1347 1972 1605 2029 diximus.
1655 1978 1737 2031 Ad
1794 1979 1910 2034 hcce
1960 1998 2093 2051 ergo

510 2061 655 2104 nunc
686 2050 876 2107 videns
907 2070 1066 2124 posse
1093 2059 1198 2115 sibi
1229 2077 1260 2117 e
1305 2067 1584 2121 contrario
1605 2070 1901 2125 verisimile
1926 2050 2092 2142 obiici

508 2140 634 2206 quia
664 2141 709 2195 si
737 2152 794 2197 ut
828 2144 970 2203 Deus
1021 2164 1188 2207 verax
1214 2153 1309 2217 sit,
1344 2158 1658 2215 mendacem
1703 2176 1828 2218 esse
1868 2179 2088 2220 omnem

507 2230 781 2288 hominem
810 2252 1035 2293 necesse
1059 2252 1170 2310 est,
1220 2254 1274 2299 et
1308 2246 1354 2300 si
1402 2247 1616 2318 iustitia
1645 2253 1743 2308 Dei
1780 2270 1878 2324 per
1910 2255 2089 2311 homi-

507 2328 638 2411 nntn
674 2324 994 2392 iniustitiam
1020 2338 1473 2408 commendatur,
1532 2341 1767 2411 iniustus
1819 2346 2090 2403 videbitur

504 2410 670 2480 Deus,
707 2416 799 2484 qui
824 2418 962 2473 iram
992 2422 1311 2481 hominibus
1340 2427 1560 2495 inferat,
1590 2410 1714 2487 cum
1767 2450 1867 2505 per
1918 2437 2091 2493 homi-

504 2516 636 2556 num
672 2505 989 2576 iniustitiam
1024 2529 1178 2569 suam
1203 2516 1476 2586 justitiam
1527 2523 1707 2579 videat
1743 2532 2083 2598 approbari:

504 2590 551 2644 si
594 2595 740 2649 enim
769 2609 976 2666 nostra,
1009 2606 1113 2660 hoc
1140 2618 1253 2672 est;
1282 2609 1557 2667 hominum
1588 2615 1849 2686 iniustitia
1881 2622 1975 2677 Dei
1997 2622 2087 2690 ju-

501 2685 706 2741 SIitiam
742 2697 1108 2767 commendat,
1145 2715 1248 2753 non
1282 2704 1470 2772 utique
1501 2685 1660 2773 pretia
1710 2711 1856 2779 digiti
1908 2685 2085 2771 homi-

501 2794 600 2870 ncs
626 2781 956 2842 videbuntur
985 2806 1081 2860 per
1109 2808 1245 2861 quos
1264 2795 1479 2864 justitia
1512 2800 1604 2855 Dei
1626 2803 1962 2870 probabilior
1982 2809 2084 2864 ha-

500 2868 660 2922 betur
684 2881 739 2925 et
770 2873 971 2931 clarior
1000 2895 1015 2931 :
1048 2883 1153 2937 Sed
1185 2885 1350 2951 absit,
1390 2888 1587 2958 inquit,
1617 2868 1676 2946 ut
1702 2893 1804 2950 hoc
1834 2896 1909 2951 ita
1942 2901 2081 2955 reci-

498 2963 731 3030 piamus,
764 2966 1008 3039 iniquum
1039 2972 1211 3029 videri
1247 2977 1414 3033 Deuin
1441 2984 1532 3050 qui
1566 2984 1788 3041 inducat
1820 2986 1957 3042 iram
1986 2991 2085 3045 ad-

500 3063 715 3106 versum
750 3055 1022 3115 homines.
1043 3060 1328 3129 Quomodo
1353 3071 1499 3125 enim
1529 3072 1770 3143 iniustus
1801 3078 2083 3146 putabitur

495 3142 590 3212 qui
616 3142 826 3243 iudicat
856 3153 1138 3243 mundum,
1168 3152 1295 3213 cum
1338 3159 1455 3229 ipso
1485 3164 1709 3221 nomine
1731 3142 1934 3238 iudicis
1966 3173 2078 3243 (9i)

494 3236 819 3334 ostendatur
846 3239 979 3295 nihil
1012 3243 1132 3300 sine
1154 3246 1360 3315 judicio
1384 3252 1606 3309 facere?
1660 3236 1763 3313 Ubi
1788 3236 1982 3317 autem.
1999 3236 2082 3334 itt-

493 3323 695 3380 dicium
727 3340 833 3393 est,
859 3344 1078 3391 constat
1106 3353 1229 3394 esse
1261 3341 1558 3411 justitiam.
1597 3346 1642 3403 A
1670 3349 1883 3419 iustitia
1913 3323 2075 3410 nam-

493 3430 602 3510 que
626 3426 681 3471 et
703 3418 872 3487 index
907 3425 1240 3496 etiudicium
1277 3434 1615 3492 nominatur.
1644 3438 1701 3494 Si
1731 3454 1882 3510 ergo,
1913 3454 1970 3498 ut
1995 3444 2081 3500 in-

487 3504 620 3576 iusti
647 3508 1018 3606 (92),Ainquit,
1055 3517 1215 3591 502
1256 3539 1359 3579 nos
1384 3524 1666 3585 ailirmare
1716 3504 2032 3606 confingunt
2059 3577 2076 3602 ,

494 3614 516 3648 ι
548 3601 753 3658 veritas
786 3604 881 3661 Dei
917 3608 968 3661 in
996 3625 1117 3665 meo
1156 3615 1442 3672 mendacio
1471 3619 1791 3690 abundavit,
1829 3644 1850 3677 ι
1880 3601 2074 3697 super.

489 3687 600 3745 ilno
644 3710 664 3744 ι
706 3708 806 3764 ego
856 3708 1115 3771 tanquam
1174 3718 1438 3776 peccator
1462 3711 1708 3782 iudicor.
1737 3687 1908 3774 i—Sed
1944 3687 2075 3777 illud

488 3783 666 3852 magis
694 3786 967 3845 videbitur
994 3793 1047 3847 in
1079 3809 1187 3866 quo
1218 3797 1598 3871 blasphemant
1649 3821 1749 3862 nos
1777 3849 1794 3876 ,
1853 3809 2072 3882 inquit,

486 3873 648 3940 quasi
676 3875 780 3931 hoc
810 3878 1095 3938 videamur
1123 3886 1307 3945 dicere
1333 3931 1350 3958 ,
1382 3900 1440 3946 ut
1461 3909 1507 3948 Si
1537 3896 1738 3953 veritas
1772 3873 1949 3957 Dei
1983 3873 2078 3960 ho:

490 3963 704 4020 minum
736 3973 1026 4029 mendacio
1053 3981 1226 4049 magis
1275 3985 1612 4051 ostenditur,
1638 3997 1690 4044 et
1716 3989 1930 4061 iustitia
1958 3995 2074 4061 eius

485 4069 585 4122 per
606 4058 886 4117 hominum
934 4065 1255 4137 iniustitiam
1272 4080 1683 4145 comprobatur,
1706 4058 1729 4133 ἑ
1749 4058 2068 4144 Faciamus»

487 4160 621 4218 ergo
647 4166 745 4208 nos
779 4172 800 4206 ‹
830 4156 993 4224 mala,
1024 4169 1084 4215 ut
1120 4180 1141 4215 ι
1173 4179 1239 4219 ex
1284 4167 1446 4223 malis
1484 4188 1503 4222 ι
1546 4173 1804 4227 eveniant
1833 4177 2015 4243 bona;
2047 4198 2067 4232 ι

485 4253 543 4295 et
566 4245 897 4301 mentiamur
918 4264 1039 4315 nos,
1072 4262 1134 4306 ut
1154 4267 1222 4308 ex
1250 4267 1442 4311 nostro
1471 4262 1757 4318 mendacio
1790 4264 1885 4319 Dei
1930 4269 2071 4323 veri-

486 4348 570 4389 tas
602 4335 886 4393 clarescat.
916 4339 1022 4397 Sed
1064 4344 1178 4400 hare
1209 4348 1428 4416 quidem
1462 4352 1530 4405 de
1562 4352 1722 4408 nobis
1755 4355 2073 4429 confingunt

2211 508 2264 560 in
2304 507 2513 563 Latinis
2566 509 2994 575 exemplaribus,
3036 519 3093 563 et
3149 511 3429 565 nonnullis
3477 510 3792 567 Griecorttm

2208 599 2556 655 invenimus:
2598 617 2619 652 ι
2650 599 2906 670 Nunquid
2966 601 3184 669 iniquus
3243 602 3384 657 Deus
3412 643 3428 667 ,
3474 603 3569 672 qui
3628 602 3793 657 infert

2207 691 2379 744 iram?
2415 690 2728 746 Secundum
2761 692 3037 746 hominem
3062 692 3171 747 dic.
3234 694 3425 759 Absit;
3471 712 3491 746 ι
3525 695 3600 748 ita
3631 693 3791 747 intel-

2206 780 2481 852 ligendum
2524 783 2760 837 videtur.
2790 781 2904 837 Hoc
2937 784 3081 852 quod
3115 783 3314 837 dicitur
3348 802 3366 835 ι
3404 784 3623 853 iniquus
3648 783 3794 837 Deus

2203 877 2295 944 qui
2326 874 2494 930 infert
2547 877 2707 940 iram,
2759 895 2779 928 ι
2832 891 2930 946 pro
2960 892 3028 931 eo
3057 878 3201 946 quod
3232 895 3251 929 ι
3290 877 3562 948 iniustitia
3601 889 3790 933 nostra

2196 964 2464 1033 justitiam
2493 958 2588 1022 Dei
2628 970 3003 1031 commendat,
3043 987 3063 1021 ι
3100 984 3205 1023 non
3244 971 3544 1024 secundum
3574 969 3742 1026 Deum
3770 1010 3788 1037 ,

2203 1069 2379 1123 neque
2411 1057 2713 1110 secundum
2758 1059 3088 1126 sapientiam
3122 1059 3215 1113 Dei
3251 1060 3479 1127 dicitur,
3512 1062 3607 1115 sed
3646 1080 3664 1112 ι
3699 1078 3791 1116 se-

2201 1146 2435 1200 cundum
2466 1146 2767 1216 hominem,
2789 1167 2807 1201 ι
2840 1158 2894 1204 et
2918 1150 3222 1204 secundum
3260 1150 3365 1206 hoc
3411 1152 3555 1220 quod
3589 1154 3792 1207 dicitur

2205 1254 2225 1287 ι
2253 1239 2431 1293 omnis
2480 1238 2645 1294 homo
2676 1240 2933 1294 ~mendax
2976 1243 3019 1294 ³.
3053 1260 3072 1294 ι
3133 1240 3260 1297 llaec
3311 1252 3491 1297 autem
3552 1245 3789 1300 diximus

2200 1327 2375 1397 ipsum
2417 1330 2596 1385 adhuc
2621 1330 2870 1386 ordinem
2907 1347 3222 1386 sermonum
3258 1344 3313 1389 et
3341 1335 3618 1389 diciorum
3653 1353 3792 1391 con-

2198 1423 2543 1489 sequentiam
2575 1432 3009 1492 pertractantes,
3035 1436 3097 1478 ut
3128 1426 3324 1481 divisio
3350 1427 3462 1495 ipsa
3491 1428 3785 1482 verborum

2197 1513 2524 1579 apertiorem
2561 1515 2721 1570 nobis
2773 1514 2977 1569 faceret
3045 1517 3382 1587 intelligendi
3428 1519 3592 1573 riam.
3627 1520 3785 1575 Nunc

2196 1616 2330 1657 vero
2364 1604 2476 1673 jam
2501 1606 2682 1675 qualis
2726 1606 2779 1661 in
2802 1607 2891 1662 his
2930 1608 3277 1663 sermonibus
3301 1610 3566 1663 habeatur
3587 1627 3784 1667 sensus

2197 1697 2498 1750 secundum
2561 1698 2935 1768 dignationem
2999 1702 3354 1770 apostolicam
3415 1706 3779 1773 requiramus.

2128 1782 2169 1835 Β
2200 1783 2392 1839 Omnis
2421 1787 2711 1858 disciplina
2756 1806 2823 1844 ex
2873 1793 3175 1861 prosperis,
3204 1802 3257 1847 et
3302 1810 3367 1848 ex
3399 1798 3667 1861 adversis,
3699 1798 3779 1851 vel

2196 1878 2488 1932 contrariis
2506 1889 2745 1935 constat.
2766 1878 2928 1936 Verbi
2957 1883 3129 1951 gratia
3150 1899 3164 1935 :
3205 1885 3473 1939 medicina
3491 1888 3780 1942 scientiam

2196 1981 2304 2022 non
2335 1968 2511 2022 solum
2569 1973 2849 2039 sanitatis,
2896 1974 2992 2028 sed
3019 1982 3075 2029 et
3130 1974 3409 2045 languoris
3449 1979 3780 2046 profitetur:

2193 2068 2246 2113 et
2274 2061 2523 2127 quamvis
2557 2063 2812 2118 sanitatis
2851 2064 3091 2119 studium
3121 2077 3315 2137 gerat,
3361 2084 3465 2122 nou
3507 2081 3685 2137 potest
3705 2084 3784 2126 ta-

2197 2166 2317 2205 men
2355 2157 2567 2208 nescire
2600 2170 2719 2223 quae
2762 2155 3037 2226 languoris
3063 2169 3211 2217 sunt.
3266 2160 3535 2217 Similiter
3563 2175 3618 2217 et
3649 2181 3781 2234 pru-

2192 2243 2372 2297 dentia
2407 2260 2503 2314 per
2529 2245 2657 2301 boui
2694 2256 2750 2301 et
2775 2248 2902 2301 mali
2929 2249 3213 2303 scientiam
3249 2264 3466 2309 constat
3501 2275 3514 2310 :
3549 2267 3605 2311 et
3634 2266 3779 2312 tem-

2191 2336 2441 2402 perantia
2469 2351 2591 2408 quae
2624 2338 2872 2409 eligenda
2906 2347 2962 2393 et
2988 2354 3109 2408 quae
3136 2346 3375 2396 cavenda
3413 2349 3544 2413 sint,
3580 2350 3732 2403 novit
3759 2368 3778 2404 :

2190 2434 2247 2479 et
2282 2426 2549 2484 fortitudo
2577 2445 2684 2484 non
2719 2432 2934 2501 ignorat
2977 2446 3100 2501 quae
3156 2433 3224 2489 ad
3257 2435 3600 2493 formidinem
3655 2456 3782 2510 spe-

2190 2520 2363 2569 ctant.
2387 2512 2462 2570 Ita
2481 2519 2777 2589 etjustitia.
2802 2520 2859 2575 Si
2884 2520 3029 2575 scire
3062 2523 3314 2578 volumus
3344 2528 3470 2596 quid
3504 2539 3589 2583 est
3616 2528 3777 2597 iusti—

2190 2606 2283 2672 tia,
2311 2622 2531 2664 necesse
2556 2619 2639 2664 est
2662 2606 2774 2682 (94)
2794 2626 2893 2666 nos
2915 2613 3197 2684 scirequid
3221 2628 3303 2670 est
3323 2618 3586 2686 iniustitia
3610 2640 3623 2674 :
3651 2637 3774 2676 cum

2186 2706 2365 2751 autem
2401 2699 2614 2765 plenam
2645 2702 2929 2755 scientiam
2981 2704 3262 2773 iniustitiae
3301 2712 3636 2779 ceperimus,
3702 2731 3770 2769 ex

2188 2787 2303 2857 ipsa
2336 2803 2456 2859 qua:
2480 2792 2554 2846 sit
2579 2793 2743 2845 etiam
2772 2792 2984 2862 iustitia
3015 2812 3445 2867 cognoscemus:
3474 2818 3596 2856 cum
3623 2805 3773 2858 enim

2184 2881 2443 2937 claruerit
2506 2885 2637 2954 quid
2696 2886 2769 2941 sit
2815 2890 3124 2960 iniustum,
3183 2907 3589 2961 consequenter
3642 2897 3773 2965 quid

2183 2975 2350 3027 etiam
2378 2973 2587 3042 justum
2620 2977 2691 3033 sit
2728 2983 3031 3051 apparebit.
3064 2985 3130 3039 Et
3173 2985 3431 3053 quoniam
3461 2985 3675 3053 justitia
3715 2989 3773 3043 in

2187 3065 2296 3121 Deo
2326 3077 2431 3132 est,
2466 3069 2624 3137 cuius
2648 3082 2840 3127 natura
2875 3074 3117 3131 humano
3135 3078 3318 3132 sensui
3347 3077 3625 3135 inaccessa
3651 3091 3768 3137 est:

2186 3158 2454 3227 iniustitia
2485 3174 2617 3218 vero
2664 3164 2719 3218 in
2773 3166 2933 3222 nobis
2965 3168 3279 3224 hominibus
3307 3209 3325 3236 ,
3369 3168 3457 3225 vel
3487 3173 3652 3225 etiam
3710 3174 3769 3228 in

2182 3264 2508 3318 unaquaque
2539 3252 2849 3309 rationabili
2871 3266 3124 3311 creatura
3149 3258 3413 3324 habetur;
3444 3274 3513 3315 ex
3544 3261 3647 3317 hac
3669 3277 3769 3318 no—

2183 3350 2300 3396 stra
2342 3340 2610 3411 iniustitia
2636 3359 2759 3414 qua:
2795 3347 2956 3402 nobis
3005 3357 3133 3404 nota
3185 3359 3290 3416 est,
3327 3350 3418 3404 illa
3456 3366 3580 3422 qua:
3611 3354 3768 3409 nobis

2182 3432 2330 3488 velut
2358 3433 2640 3490 inaccessa
2674 3445 2779 3501 est,
2813 3446 2870 3493 et
2896 3439 3466 3510 incomprehensibilis
3491 3482 3508 3510 ,
3554 3442 3649 3499 Dei
3675 3445 3766 3515 ju-

2179 3524 2329 3579 stitia
2356 3524 2471 3597 (95)
2500 3529 2870 3598 cognoscitur,
2903 3543 2959 3585 et
2981 3533 3417 3598 commendatur,
3445 3544 3500 3590 et
3531 3536 3675 3591 velut
3695 3554 3766 3593 ex

2178 3618 2461 3672 contrario
2487 3620 2828 3675 contrarium
2874 3622 3146 3691 proditur.
3201 3623 3368 3680 Notat
3400 3626 3571 3698 igitur
3628 3644 3761 3700 apo-

2179 3707 2355 3764 stolus
2388 3707 2590 3767 Paulus
2612 3711 2941 3783 imperitiam
2975 3714 3087 3783 (96)
3122 3730 3344 3783 eorum,
3377 3719 3470 3788 qui
3508 3721 3763 3776 inconse-

2177 3810 2436 3871 quentem
2465 3801 2731 3870 objiciunt
2777 3798 3137 3874 quaestionem
3167 3847 3185 3872 ,
3225 3817 3482 3878 putantes
3513 3811 3762 3881 iniquum

2175 3906 2297 3949 esse
2331 3893 2497 3948 Deum
2533 3895 2624 3963 qui
2656 3895 2793 3949 iram
2819 3897 2874 3950 in
2915 3898 3227 3953 hominibus
3253 3901 3475 3956 inducat
3501 3941 3518 3967 ,
3550 3917 3649 3975 pro
3694 3918 3761 3959 eo

2175 3985 2319 4055 quod
2346 3983 2559 4056 iustitia
2591 3986 2711 4057 ejus
2733 4001 2800 4042 ex
2842 3998 3033 4044 nostra
3059 3990 3271 4061 justitia
3303 3996 3758 4052 commendetur:

2176 4077 2491 4146 ignorantes
2520 4089 2703 4134 autem
2734 4094 2840 4135 non
2862 4092 3211 4151 peccatorum
3248 4093 3560 4139 nostrorum
3595 4087 3762 4142 bene-

2176 4168 2321 4235 ficio,
2351 4172 2446 4225 sed
2478 4170 2647 4241 ipsius
2678 4171 2909 4226 rationis
2945 4172 3061 4227 ﬁeri
3092 4174 3515 4244 consequentia,
3539 4185 3598 4230 ut
3622 4192 3758 4231 con-

2172 4260 2347 4315 traria
2382 4276 2447 4316 ex
2485 4260 2777 4317 centrariis
2816 4264 3212 4333 approbantur.
3249 4264 3375 4320 ldeo
3408 4282 3538 4336 ergo
3568 4268 3647 4322 sic
3674 4269 3759 4321 di-

2174 4352 2249 4407 cit
2273 4351 2565 4422 Apostolus
2596 4371 2609 4407 :
2639 4370 2661 4406 ‹
2696 4353 2753 4409 Si
2782 4365 2966 4410 autem
3011 4354 3274 4424 iniustitia
3304 4368 3488 4413 nostra
3539 4359 3629 4413 Dei
3659 4360 3755 4430 ju-

480 4425 927 4495 blasphemantes
957 4450 1077 4501 nos,
1103 4440 1246 4506 quod
1270 4443 1426 4509 quasi
1450 4458 1519 4497 ex
1550 4445 1718 4514 ipsius
1741 4425 2066 4507 assertiimis
2098 4474 2142 4529 ι)
2177 4443 2388 4498 stitiam
2425 4446 2814 4508 commendat,
2857 4447 2988 4515 quid
3036 4448 3322 4504 dicemus?
3359 4448 3614 4521 Nunquid
3652 4452 3758 4506 ini-

481 4528 687 4573 nostra:
723 4521 843 4595 (95)
877 4531 1268 4596 consequentia
1296 4537 1410 4588 haec
1446 4534 1551 4590 dici
1587 4537 1671 4591 vel
1701 4543 1960 4611 consequi
1987 4545 2064 4597 vi-

480 4608 733 4667 deantur.
779 4614 932 4682 Quod
974 4620 1114 4675 ratio
1165 4623 1441 4692 dogmatis
1489 4628 1662 4683 nostri
1692 4608 1918 4687 omnino
1951 4649 2058 4689 non

478 4700 694 4771 recipit,
722 4704 815 4772 qui
852 4705 1062 4775 justum
1088 4718 1141 4764 et
1189 4726 1378 4767 verum
1417 4714 1772 4784 intelligimus
1815 4718 2059 4789 judicent

477 4790 670 4846 Deum.
713 4794 1010 4852 Sciendum
1061 4814 1194 4858 sane
1233 4813 1318 4857 est
1352 4841 1368 4865 ,
1426 4807 1571 4874 quod
1624 4808 1677 4862 in
1726 4810 2057 4879 quibusdam

2172 4551 2312 4606 quus
2350 4536 2512 4601 Deus,
2547 4537 2641 4607 qui
2692 4536 2861 4593 infert
2909 4538 3085 4593 iram?
3130 4540 3439 4596 Secundum
3475 4545 3755 4600 hominem

2169 4629 2312 4685 dico.
2345 4629 2522 4684 Absit.
2557 4630 2810 4701 Alioquin
2832 4632 3108 4700 quomodo
3130 4632 3397 4703 iudicabit
3423 4635 3563 4691 Dens
3591 4653 3753 4691 mun-

2167 4720 2295 4774 dum
2321 4721 2341 4752 ³
2362 4722 2386 4775 ?
2410 4740 2429 4772 ι
2463 4720 2583 4777 Non
2615 4724 2812 4794 ergoiin
2844 4723 3183 4794 hociniquus
3203 4726 3537 4796 approbatur
3562 4728 3702 4785 Deus
3731 4769 3751 4797 ,

2164 4811 2213 4866 si
2246 4812 2548 4882 disciplina:
2580 4815 2719 4869 ratio
2747 4814 2860 4886 (97)
2888 4816 3167 4871 contraria
3213 4832 3281 4873 ex
3310 4822 3605 4875 contrariis
3652 4838 3749 4890 ap-

388 4918 395 4965 ;
472 4882 638 4939 etiam
668 4883 876 4944 Grazcis
907 4892 1313 4961 exemplaribus
1334 4894 1416 4951 sic
1443 4896 1722 4953 invenitur
1752 4919 1767 4954 :
1826 4920 1846 4954 ι
1908 4900 2059 4957 Νιιη-
2163 4904 2380 4972 probat,
2410 4914 2467 4959 et
2496 4919 2560 4960 ex
2590 4882 2859 4975 iniustitia
2901 4906 3173 4978 justitiam
3227 4912 3572 4965 caminendat
3601 4929 3614 4966 :
3651 4912 3750 4967 sed

388 4976 394 5023 ἱ
468 4976 598 5046 quid
634 4977 852 5049 iniquus
885 4981 1046 5048 Deus,
1073 4984 1162 5053 qui
1198 4984 1365 5040 infert
1394 4987 1530 5042 iram
1575 4990 1862 5046 adversum
1888 4993 2063 5047 homi-

469 5083 568 5123 nes
590 5068 645 5122 ἲ»
679 5071 747 5127 Et
777 5074 952 5145 magis
973 5078 1272 5133 secundum
1292 5080 1455 5150 .hunc
1484 5098 1703 5138 sensum
1739 5084 2064 5141 videbuntur

2166 5010 2289 5049 cum
2339 4996 2487 5050 omni
2548 4999 2942 5069 consequentia
3001 5000 3162 5069 digne
3192 5004 3494 5073 meritoque
3527 5005 3747 5059 inimica

2167 5097 2254 5143 est
2276 5097 2333 5142 et
2366 5090 2695 5146 adversatur
2724 5091 2840 5164 (98)
2870 5091 3152 5164 iniustitia:
3179 5094 3413 5165 justitia,
3451 5097 3595 5153 sicut
3644 5100 3748 5154 iiii-

540 5231 587 5267 ”
614 5231 779 5289 Rom.
816 5249 897 5303 ix,
923 5235 1021 5291 27.
1100 5238 1117 5269 ¹
1142 5239 1301 5296 Rom.
1323 5255 1409 5308 ιιι,
1443 5242 1511 5303 ις
1538 5242 1685 5299 Psal.
1717 5259 1772 5312 ι,
1810 5244 1864 5301 ϐ.
1940 5247 1963 5279 ¹¹
1990 5244 2084 5302 Psa

2186 5264 2288 5316 :xv,
2321 5249 2409 5304 li.
2486 5251 2508 5281 ³
2542 5250 2700 5307 Rom.
2733 5267 2819 5322 ιιι,
2857 5252 2915 5320 5,
2940 5250 2991 5309 6.

540 5373 655 5455 (91)
681 5376 771 5455 Al.
794 5416 809 5440 .
843 5393 865 5428 ο
899 5393 1023 5455 cum
1057 5379 1111 5434 in
1145 5380 1262 5455 ipso
1284 5385 1515 5455 nomine
1536 5386 1748 5455 indicii.
1792 5407 1811 5440 ι

562 5445 657 5525 9g)
678 5445 812 5525 Mss.
840 5450 1061 5525 quidam
1084 5445 1293 5525 et_editi
1326 5445 1607 5525 perperam
1643 5459 2050 5525 liabent,tisti.i

563 5519 654 5581 95)
689 5519 923 5573 Nostrae.
955 5521 1115 5578 Deest
1149 5522 1202 5577 in
1227 5519 1390 5578 antea
1424 5519 1605 5580 editis.

541 5586 654 5657 (94)
681 5589 768 5641 Al.
792 5631 809 5656 ,
845 5607 866 5640 ι
900 5590 975 5645 Ita
1007 5603 1062 5648 et
1086 5593 1133 5649 si
1176 5593 1446 5664 iustitiam
1479 5599 1623 5652 scire
1650 5599 1922 5666 volumus,
1957 5617 2055 5659 ne-

470 5670 623 5708 cesse
656 5666 759 5721 est,
796 5679 814 5710 ι
860 5673 966 5715 etc.

541 5726 655 5799 (95)
686 5726 864 5785 Editi:
904 5749 923 5784 ι
962 5733 1117 5792 nobis
1150 5734 1236 5792 vel
1282 5737 1564 5796 inaccessa
1590 5748 1697 5812 est,
1724 5741 1809 5799 vel
1843 5742 2049 5801 incom-

2160 5395 2553 5469 prehensibilis
2579 5394 2673 5451 Dei
2707 5398 2947 5469 iustitia,
2973 5419 2996 5454 ›
3026 5409 3134 5457 etc.

2493 5505 2511 5530 ,
2545 5484 2564 5518 ι
2593 5463 2873 5539 iniuriam.
2906 5488 2927 5521 ι

2253 5537 2342 5602 97)
2368 5536 2543 5600 Alias,
2569 5556 2589 5589 ι
2626 5536 2858 5596 ratione.
2900 5558 2919 5592 ι

2255 5605 2345 5677 98)
2380 5606 2521 5662 Editi
2550 5647 2565 5671 ,
2604 5625 2625 5658 ι
2655 5609 2816 5683 digne
2843 5611 3058 5681 merito,
3090 5612 3218 5683 quia
3256 5610 3478 5670 inimica
3504 5622 3589 5671 est
3615 5628 3740 5687 qua

2158 5676 2498 5746 adversatur,
2532 5696 2552 5732 ι
2589 5688 2697 5736 etc.
