4170 6428
409 364 516 422 9'25

1372 370 1729 430 COMMENT.
1770 374 1839 429 ιΝ
1880 371 2097 429 EPIST.
2139 375 2231 430 AD
2270 375 2437 433 ROM.
2479 375 2610 432 LIB.
2651 373 2740 431 ill.

3575 382 3681 440 9°26

413 487 555 542 mica
588 495 644 543 et
682 487 911 543 adversa
941 496 1027 545 est
1056 487 1164 543 vita
1194 490 1379 557 morti,
1420 501 1474 545 et
1510 491 1598 545 lux
1637 493 1897 547 tenebris.
1936 493 1999 547 Et
2028 494 2072 549 A
2105 507 2223 562 post
2262 496 2377 549 lure
2410 493 2590 548 facere
2617 508 2741 547 eum
2792 491 2950 546 deum
2987 500 3115 548 tunc
3156 509 3278 549 cum
3330 498 3433 549 erit
3469 514 3487 547 ι
3539 498 3677 552 Dens

411 579 533 635 ideo
573 580 774 636 dicitur
810 580 951 635 Deus
1003 581 1057 634 in
1107 597 1219 652 quo
1249 591 1334 637 est
1359 582 1594 652 justitia,
1621 584 1823 637 inferre
1854 587 1991 638 iram

411 670 726 726 hominibus
752 672 804 725 itt
846 672 1046 741 quibus
1097 673 1309 728 habitat
1358 674 1647 744 injustitia.
1684 676 1803 731 Istae
1843 679 1989 732 enim

410 765 516 819 sibi
548 765 878 821 naturaliter
905 768 1286 822 adversantur.
1318 767 1384 823 Et
1421 771 1696 836 quomodo
1728 772 1893 824 etiam
1923 786 1990 826 ex

409 856 515 912 hoc
540 858 659 928 ipso
680 858 919 928 injustus
947 859 1216 914 videbitur
1250 859 1413 925 Deus,
1440 862 1532 930 qtti
1565 862 1883 917 adversatur
1906 865 1990 917 in-

404 949 678 1019 justitite?
709 950 775 1004 Et
806 950 1013 1005 idcirco
1050 950 1303 1007 fortassis
1335 967 1441 1005 non
1469 953 1609 1007 dixit
1656 954 1946 1020 Apostolus
1972 995 1988 1020 ,

407 1044 534 1113 quia
568 1059 665 1099 nos
690 1042 940 1099 homines
1003 1042 1187 1114 injusti
1246 1046 1693 1101 commendamus
1716 1047 1987 1116 justitiam

408 1135 503 1191 Dei
536 1153 552 1203 ;
585 1135 679 1191 sed
728 1135 842 1190 ait;
876 1152 894 1186 ι
935 1133 994 1191 Si
1053 1134 1321 1205 iujustitia
1354 1148 1539 1190 nostra
1591 1136 1685 1192 Dei
1714 1138 1987 1206 justitiam

406 1226 794 1281 commendat:
828 1243 847 1276 ι
886 1236 944 1280 ιιι
968 1226 1281 1280 ostenderet
1317 1241 1422 1279 non
1449 1227 1613 1281 Deum
1650 1229 1986 1297 hominibus,

404 1316 504 1372 sed
538 1316 802 1386 justitiam
842 1317 1122 1387 injusdtiac
1145 1332 1266 1372 esse
1290 1320 1656 1375 contrariam:
1691 1321 1871 1375 induci
1898 1337 1991 1377 au-

407 1415 515 1461 tem
560 1408 874 1464 hominibus
914 1411 1051 1463 iram
1081 1425 1179 1477 pro
1209 1425 1274 1463 eo
1302 1412 1447 1480 quod
1479 1411 1532 1466 in
1565 1416 1874 1483 semetipsis
1907 1415 1985 1471 lo-

403 1513 528 1553 cum
557 1501 838 1571 injttstitize
862 1502 1125 1557 dederint.
1158 1502 1272 1557 Non
1304 1519 1431 1575 ergo
1459 1506 1691 1575 injustus
1719 1508 1989 1564 videbitur

403 1590 548 1646 Deus
577 1593 666 1661 qui
704 1604 785 1647 εει
809 1592 1045 1662 justitia.
1073 1609 1197 1649 cum
1246 1595 1503 1649 irascitur
1542 1598 1807 1654 adversus
1842 1599 1986 1669 inju-

406 1680 619 1735 Stiliam
658 1721 674 1746 ,
717 1683 803 1737 cui
857 1698 982 1737 eum
1018 1699 1125 1737 non
1163 1684 1319 1739 decet
1347 1700 1464 1740 esse
1486 1688 1782 1756 propitium
1818 1706 1830 1742 :
1890 1690 1986 1745 sed

405 1777 657 1844 pervenit
689 1781 769 1830 ira
821 1777 937 1831 haec
966 1779 1130 1831 etiam
1178 1778 1229 1831 in
1266 1780 1539 1846 homines,
1588 1784 1680 1852 qui
1715 1798 1774 1837 se
1819 1784 1982 1837 mini-

399 1877 545 1921 stros
608 1867 916 1938 injustititc,
946 1870 1034 1924 cui
1087 1870 1230 1923 Deus
1287 1871 1576 1939 irascitur,
1610 1876 1978 1941 prtcbuerunt.

400 1956 590 2030 Neque
633 1960 780 2015 enim
817 1962 869 2016 in
907 1962 1016 2016 ullo
1050 1972 1228 2032 potest
1257 1966 1559 2020 subsistere
1606 1967 1868 2036 injustitia
1900 1967 1981 2021 vel

399 2049 514 2125 (99)
553 2054 765 2124 justitia
801 2073 815 2109 :
871 2057 968 2112 sed
1002 2059 1143 2112 sicut
1183 2058 1397 2130 justitia
1445 2058 1673 2114 ell'ectus
1722 2071 1803 2115 est
1846 2060 1980 2131 justi

399 2147 644 2212 rectique
678 2148 880 2216 operis,
913 2149 1003 2216 qui
1034 2149 1210 2218 primo
1240 2151 1295 2204 in
1327 2150 1457 2219 Deo,
1479 2161 1591 2207 tutlt
1620 2154 1785 2209 etiam
1818 2157 1870 2209 itt
1898 2157 1983 2211 his

397 2238 494 2304 qui
526 2237 810 2293 imitantur
840 2254 989 2306 eum,
1021 2240 1296 2295 invenitur
1325 2259 1340 2296 :
1394 2243 1470 2297 ita
1503 2253 1559 2299 et
1589 2244 1853 2316 injustitia
1895 2248 1979 2301 ef—

394 2326 573 2384 fectus
598 2339 691 2407 est
725 2331 858 2400 justi
894 2333 1160 2402 pravique
1205 2335 1410 2406 operis,
1444 2335 1536 2406 qui
1567 2338 1746 2406 primo
1778 2339 1828 2393 in
1858 2340 1978 2393 dia-

395 2421 545 2487 bolo,
578 2431 690 2476 tum
723 2423 890 2477 etiam
946 2425 1000 2478 in
1034 2426 1120 2480 his
1138 2427 1229 2494 qui
1263 2440 1388 2482 eum
1413 2426 1597 2483 volunt
1634 2429 1858 2497 imitari,
1889 2432 1982 2487 de-

393 2512 778 2579 prehenditur.
820 2514 888 2569 Et
917 2515 1039 2570 ideo
1083 2515 1245 2585 digne
1285 2517 1368 2572 eis
1400 2514 1480 2571 ira
1536 2530 1872 2574 memoratur
1901 2522 1983 2575 in-

394 2604 555 2670 ferri,
597 2608 849 2676 quamvis
873 2623 941 2662 ex
967 2608 1234 2679 iujustitia
1263 2622 1453 2665 eorum
1498 2613 1642 2666 velut
1670 2625 1735 2666 ex
1764 2622 1982 2667 contra-

393 2699 479 2753 rio
501 2697 752 2753 videatur
774 2697 867 2754 Dei
902 2698 1170 2756 claruisse
1199 2700 1434 2770 justitia.
1461 2699 1722 2756 Poterant
1745 2718 1982 2772 namque

391 2790 535 2845 sicut
566 2801 890 2859 receperunt
932 2793 984 2846 in
1038 2807 1099 2848 se
1152 2791 1407 2848 affectum
1442 2794 1522 2865 (1)
1571 2794 1758 2865 injusti
1803 2795 1983 2865 pravi-

389 2897 499 2952 que
549 2884 733 2953 operis
766 2925 782 2947 ,
826 2883 998 2938 multo
1050 2885 1227 2955 magis
1266 2884 1400 2956 justi
1432 2886 1680 2955 rectique
1712 2886 1977 2958 recipere.

390 2972 551 3029 Juste
609 2974 777 3045 igitur
834 2990 865 3029 a
942 2977 1056 3030 Deo
1094 2976 1194 3034 ,ira
1267 2992 1433 3047 super
1483 2992 1677 3033 omnes
1731 2979 1980 3036 homines

393 3064 576 3122 induci
604 3066 825 3123 dicitur.
877 3066 957 3121 illi
1020 3067 1169 3122 enim
1219 3068 1273 3122 in
1317 3070 1516 3139 quibus
1573 3070 1657 3125 ira
1715 3085 1824 3126 non
1881 3071 1981 3126 ha-

2094 589 2273 642 omnia
2326 588 2379 640 in
2420 585 2674 640 omnibus
2724 584 2769 637 ’.
2816 603 2834 636 »
2887 584 2968 639 Ad
3020 587 3167 641 hunc
3213 598 3394 641 autem
3453 604 3674 643 sensum

2093 681 2258 734 etiam
2294 678 2424 732 illud
2453 674 2714 745 applicari
2742 685 2944 745 potest,
2967 677 3186 744 quodin
3213 677 3411 732 Genesi
3441 679 3672 733 dicitur:

2101 790 2119 822 ι
2140 770 2374 839 Tempus
2386 770 2565 825 omnis
2588 767 2827 823 hominis
2846 767 2996 821 venit
3015 769 3066 820 itt
3088 779 3380 838 conspectu
3402 785 3525 823 meo
3542 770 3617 823 ‘°:
3646 790 3666 823 ι

2094 871 2153 918 ttt
2196 880 2300 917 non
2330 862 2502 916 solum
2550 862 2616 915 de
2649 859 2741 916 illo
2776 868 2904 914 tunc
2937 858 3128 914 diluvii
3171 870 3416 930 tempore
3461 862 3667 917 dictum

2094 965 2331 1024 putetur,
2364 957 2461 1008 sed
2500 963 2555 1008 et
2594 954 2660 1007 de
2697 953 2958 1023 mysterio
2993 952 3285 1021 baptismi;
3315 957 3670 1023 quemadmo-

2092 1049 2220 1102 dum
2257 1047 2389 1101 dicit
2420 1044 2702 1114 apostolus
2733 1043 2928 1099 Petrtts
2976 1044 3040 1109 “,
3079 1044 3206 1112 quia
3242 1044 3383 1098 sicut
3425 1055 3549 1100 tunc
3602 1063 3669 1101 ex

2091 1140 2301 1194 diluvio
2348 1137 2529 1192 salvus
2580 1135 2759 1190 factus
2792 1147 2875 1190 est
2916 1135 3047 1202 Noe,
3100 1136 3172 1190 ita
3211 1146 3267 1190 et
3312 1152 3454 1191 nunc
3505 1137 3671 1192 simili

2092 1228 2268 1282 forma
2310 1242 2410 1296 per
2441 1226 2767 1297 baptismum
2794 1224 2928 1279 salvi
2961 1224 3096 1278 [iant
3122 1226 3433 1280 credentes.
3484 1226 3550 1280 Et
3595 1229 3667 1280 ita

2088 1330 2269 1390 potest
2320 1321 2426 1375 hoc
2454 1319 2596 1388 quod
2633 1319 2792 1381 dicit,
2841 1337 2860 1371 ι
2902 1328 3118 1389 tempus
3157 1319 3337 1374 omnis
3379 1319 3615 1373 hominis
3647 1339 3664 1369 ι

2090 1415 2403 1479 advenisse,
2431 1415 2659 1485 intelligi
2702 1416 2768 1468 ad
2799 1416 3055 1479 salutem,
3099 1426 3155 1470 ut
3180 1431 3276 1487 per
3311 1416 3539 1484 gratiam
3570 1414 3666 1468 ba—

2090 1505 2275 1576 ptismi
2307 1508 2597 1562 credentes
2631 1507 3005 1578 intelligantur
3042 1524 3110 1563 ex
3146 1509 3465 1563 hominibus
3498 1507 3552 1561 in
3577 1523 3670 1560 su-

2088 1599 2359 1668 periorem
2412 1601 2660 1654 ordinem
2706 1602 3099 1667 commutandi,
3148 1618 3271 1657 cum
3313 1602 3430 1656 dies
3481 1616 3670 1657 resur-

2091 1692 2351 1745 rectionis
2390 1694 2695 1757 advenerit,
2738 1696 2826 1747 ubi
2858 1696 3032 1748 sancti
3065 1696 3266 1764 quique
3301 1712 3319 1746 ι
3353 1704 3518 1747 erunt
3558 1694 3667 1748 sic-

2090 1791 2149 1835 ut
2196 1782 2370 1851 angeli
2422 1783 2513 1836 Dei
2557 1784 2620 1840 ¹².
2655 1803 2672 1836 ι
2706 1784 2829 1839 llaec
2847 1788 2913 1839 de
2956 1801 3021 1841 eo
3052 1788 3196 1855 quod
3231 1786 3432 1841 dictum
3469 1795 3553 1839 est
3582 1784 3665 1839 ηε

2092 1896 2110 1927 ‹
2146 1875 2397 1945 Nunquid
2428 1876 2645 1946 iniquus
2680 1876 2819 1930 Deus
2850 1877 2940 1946 qui
2975 1876 3138 1931 infert
3165 1876 3324 1941 iram,
3358 1895 3376 1927 ι
3409 1877 3489 1931 vel
3519 1894 3537 1927 ι
3565 1880 3664 1929 atl—

2084 1983 2299 2022 versum
2335 1969 2603 2033 homines,
2638 1987 2659 2020 ι
2702 1978 2759 2022 ιιι
2806 1970 2858 2023 in
2901 1969 3223 2038 quihusdam
3260 1968 3667 2037 exemplaribus

2084 2060 2188 2123 legi
2236 2061 2492 2126 diximus,
2548 2061 2656 2126 vel,
2713 2071 2772 2116 ut
2824 2077 2926 2116 nos
2975 2061 3260 2125 habemus,
3300 2078 3318 2111 ι
3365 2060 3662 2115 secundum

2084 2150 2364 2204 hominem
2413 2150 2553 2205 dico.
2595 2152 2781 2216 Absit,
2817 2170 2836 2204 ι
2882 2161 3040 2221 prout
3072 2166 3365 2207 occurrere
3393 2151 3549 2204 nobis
3572 2166 3666 2219 po-

2084 2239 2210 2306 tuit,
2256 2240 2402 2295 dicta
2451 2240 2581 2295 sint.
2636 2240 2792 2307 Quod
2825 2243 3008 2295 autem
3041 2240 3118 2295 ait
3147 2263 3159 2295 :
3191 2258 3210 2291 ι
3243 2240 3495 2307 Alioquin
3521 2255 3661 2308 quo-

2082 2334 2244 2389 modo
2285 2333 2556 2401 judicabit
2604 2336 2748 2389 Deus
2796 2335 3059 2389 mundum
3109 2334 3173 2401 ",
3229 2351 3248 2384 ›
3294 2333 3348 2389 in
3393 2334 3494 2388 hoc
3543 2333 3665 2387 loco

2088 2446 2107 2479 ι
2136 2427 2395 2481 mundum
2424 2446 2443 2479 ι
2471 2428 2723 2481 homines
2757 2428 2849 2496 qui
2906 2427 2958 2480 iu
3001 2429 3101 2482 hoc
3132 2427 3330 2481 mundo
3353 2436 3480 2480 sunt
3508 2426 3663 2492 dicit,

2082 2518 2224 2574 sicut
2260 2526 2316 2572 et
2353 2517 2480 2573 alibi
2515 2518 2766 2585 legimus,
2816 2536 2835 2567 ι
2866 2516 2991 2586 quia
3020 2516 3195 2570 omnis
3226 2514 3528 2569 mundusin
3549 2530 3665 2568 ma-

2083 2609 2230 2678 ligno
2263 2609 2472 2677 positus
2495 2620 2582 2662 est
2605 2608 2647 2640 ¹³
2674 2625 2690 2674 ;
2721 2609 2913 2676 »ψιοά
2962 2607 3149 2677 utique
3183 2606 3433 2660 homines
3474 2606 3564 2675 qui
3605 2606 3660 2659 in

2083 2701 2186 2756 hoc
2218 2699 2419 2754 tnundo
2459 2700 2734 2764 habitant,
2766 2700 2819 2752 in
2847 2680 3056 2751 malitia
3087 2713 3209 2751 esse
3241 2698 3446 2766 positos
3469 2707 3663 2750 osten-

2082 2792 2180 2847 dit.
2213 2791 2345 2846 Post
2382 2794 2483 2846 hoc
2498 2791 2612 2862 jam
2647 2791 2932 2845 videamus
2978 2788 3250 2859 quomodo
3306 2788 3512 2841 dictum
3547 2787 3658 2843 sit:

2087 2903 2108 2937 ι
2140 2885 2197 2942 Si
2233 2889 2379 2939 enim
2409 2886 2616 2939 veritas
2648 2882 2741 2938 Dei
2776 2884 2826 2936 in
2864 2898 2985 2937 meo
3030 2881 3317 2936 mendacio
3364 2880 3663 2936 abundavit

2080 2972 2137 3027 in
2166 2971 2396 3042 gloriam
2429 2971 2621 3041 ipsius.
2658 2989 2677 3023 ι
2708 2969 2888 3024 Multa:
2920 2980 3051 3026 sunt
3090 2972 3145 3025 in
3178 2972 3282 3025 hoc
3312 2971 3512 3025 mundo
3537 2970 3665 3025 reli-

2080 3064 2300 3134 gionum
2325 3065 2560 3134 species,
2588 3064 2774 3120 multa:
2800 3066 3249 3135 philosophorum
3278 3073 3463 3129 secta},
3490 3063 3660 3118 multa

390 3159 483 3216 bet
534 3160 758 3221 locum.
808 3160 924 3231 jam
982 3177 1089 3216 non
1142 3162 1396 3217 homines
1426 3202 1442 3226 ,
1515 3162 1611 3218 sed
1672 3178 1839 3233 supra
1886 3164 1978 3218 ho-
2003 3174 2047 3233 ο
2082 3157 2336 3227 dogmata
2378 3155 2532 3211 falsis
2562 3156 2964 3211 assertionibus
3000 3157 3219 3221 tradita,
3244 3157 3661 3226 etargumeutis

391 3254 571 3310 mines
601 3253 766 3325 503
798 3253 1105 3324 appeilandi
1139 3264 1286 3309 sunt.
1314 3254 1380 3308 Et
1409 3264 1700 3327 propterea
1723 3255 1974 3311 fortassis

389 3345 535 3402 idem
567 3346 842 3417 apostolus
875 3344 1076 3400 Paulus
1119 3345 1186 3400 de
1216 3346 1472 3402 omnibus
1504 3346 1819 3404 hominibus
1847 3364 1975 3420 pro-

386 3438 606 3494 nuntiat
643 3438 855 3504 dicens,
884 3439 1011 3508 quia
1045 3456 1066 3490 ι
1096 3453 1320 3494 eramus
1364 3448 1560 3493 natura
1593 3439 1687 3494 lilii
1714 3440 1830 3507 irae,
1866 3441 1975 3496 sic-

388 3537 453 3582 ut
489 3537 545 3584 et
585 3530 769 3585 caeteri
806 3529 850 3582 ’⁵.
885 3548 906 3582 ι
941 3529 1063 3584 Non
1114 3530 1262 3584 enim
1308 3529 1468 3595 dixit,
1521 3547 1541 3584 ι
1602 3530 1835 3586 Eramus
1880 3532 1970 3586 lilii

388 3620 509 3684 irae,
540 3640 561 3674 ι
600 3623 697 3677 sed
722 3623 969 3677 addidit:
1002 3641 1022 3674 ι
1053 3622 1288 3678 Eramus
1321 3634 1516 3678 natura
1551 3623 1646 3678 filii
1682 3624 1802 3689 iraa,
1830 3625 1975 3679 sicut

385 3722 442 3766 et
469 3713 677 3767 caeteri.
711 3732 731 3765 ι
761 3713 964 3769 Omnes
1007 3714 1153 3769 enim
1199 3715 1453 3770 homines
1492 3724 1688 3771 natura
1735 3717 1831 3771 lilii
1879 3719 1975 3774 ira:

386 3801 571 3858 eﬂ‘ecti
607 3814 759 3869 sunt,
804 3820 871 3861 ex
920 3819 988 3859 eo
1028 3806 1172 3876 quod
1218 3807 1479 3862 erantdii
1513 3815 1571 3861 et
1614 3807 1970 3878 liliiExcelsi,

387 3903 446 3950 et
475 3911 572 3964 per
603 3896 708 3951 hoc
742 3896 996 3951 homines
1047 3896 1304 3965 appellati
1349 3908 1494 3952 sunt.
1550 3900 1787 3956 Attende
1823 3903 1971 3957 enim

385 3984 703 4056 diligentius
726 3988 999 4057 quomodo
1017 3988 1150 4043 dicit
1168 3983 1189 4021 ⁸
1214 4008 1227 4043 :
1257 4007 1277 4041 ι
1307 3989 1420 4061 Ego
1443 3990 1552 4045 dixi
1579 4010 1595 4047 :
1626 3992 1710 4047 Dii
1736 3994 1891 4058 estis,
1917 4005 1974 4049 et

384 4077 479 4132 ﬁlii
527 4077 776 4147 Excelsi;
818 4098 839 4132 ι
883 4088 939 4135 et
1002 4081 1231 4147 addidit,
1286 4098 1305 4133 ι
1353 4098 1547 4139 omnes
1602 4100 1720 4140 vos.
1769 4104 1790 4138 ι
1843 4084 1974 4152 Qua:

384 4169 623 4239 adjectio
653 4187 818 4229 omne
846 4174 1009 4229 simul
1053 4174 1157 4228 sub
1202 4173 1305 4230 hoc
1342 4177 1501 4232 titulo
1549 4178 1854 4233 humanum
1897 4179 1974 4233 si-

383 4262 612 4331 gniﬁcat
657 4280 832 4335 genus
879 4280 1189 4322 connexum
1241 4269 1344 4342 (2).
1393 4269 1641 4341 Denique
1680 4273 1734 4325 in
1779 4285 1972 4326 conse-

381 4355 681 4421 ‘htentibus
709 4357 882 4413 dicit:
923 4376 943 4411 ί
998 4359 1103 4416 Vos
1138 4374 1321 4418 autem
1367 4373 1429 4418 ut
1478 4363 1733 4418 homines
1766 4363 1969 4418 morie-

382 4447 516 4503 mini
545 4448 587 4504 ⁶.
615 4468 635 4503 ι
661 4449 815 4507 Unde
838 4461 891 4507 et
925 4452 1056 4509 illud
1081 4455 1227 4524 quod
1252 4456 1515 4526 scriptum
1543 4456 1671 4510 est"
1699 4473 1714 4510 :
1738 4473 1758 4506 ι
1790 4456 1855 4509 Et
1883 4470 1969 4510 re-

383 4542 644 4612 cogitavit
686 4543 834 4601 Deus
867 4546 993 4616 quia
1040 4546 1170 4603 fecit
1209 4547 1485 4603 hominem
1514 4562 1679 4618 super
1717 4559 1962 4612 terram;

380 4641 436 4687 et
465 4635 723 4703 ptenituit
756 4636 810 4691 in
845 4639 1008 4694 corde
1045 4654 1166 4707 suo,
1213 4650 1269 4696 et
1323 4640 1462 4695 dixit
1507 4639 1658 4696 Deus
1700 4657 1716 4693 :
1765 4638 1966 4694 Delebo

379 4724 655 4781 hominem
699 4743 860 4798 quem
907 4730 1009 4786 feci
1054 4746 1087 4786 a
1134 4732 1277 4788 facie
1331 4742 1532 4788 terrae:
1574 4751 1594 4783 ι
1649 4748 1756 4786 non
1792 4730 1963 4786 solum

378 4831 482 4887 pro
509 4818 728 4875 excidio
756 4820 944 4877 diluvii
970 4823 1182 4879 dictum
1221 4836 1376 4894 puto,
1403 4825 1501 4880 sed
1529 4824 1732 4894 aliquid
1765 4840 1832 4879 ex
1860 4824 1964 4879 hoc

375 4911 542 4965 etiam
579 4913 683 4967 sub
729 4915 992 4984 mysterio
1038 4918 1107 4972 de
1140 4917 1348 4974 futuris
1401 4919 1765 4989 praedictum:
1810 4927 1869 4972 ut
1897 4932 1962 4973 eo

376 5005 541 5060 modo
583 5005 855 5062 sentiatur
901 5011 1046 5078 quod
1097 5011 1302 5065 dictum
1339 5021 1441 5076 est,
1478 5029 1499 5062 ι
1548 5010 1747 5066 Delebo
1787 5010 1962 5066 homi-

376 5113 526 5166 nem,
557 5117 578 5151 ι
611 5114 721 5170 quo
753 5112 810 5156 et
853 5117 951 5172 per
976 5105 1300 5174 prophetam
1344 5106 1478 5161 dicit
1517 5108 1660 5162 Deus
1703 5124 1718 5161 :
1765 5124 1785 5159 ι
1822 5107 1963 5162 Ecce

374 5191 524 5247 enim
559 5191 714 5248 deleo
738 5192 881 5248 sicut
909 5195 1110 5251 nubem
1136 5197 1451 5266 iniquitates
1481 5206 1601 5252 tuas
1622 5198 1645 5229 ⁸
1671 5214 1687 5262 ;
1718 5217 1739 5250 ι
1781 5210 1842 5253 ιιι
1878 5200 1960 5254 γία

374 5285 570 5338 deatur
597 5284 784 5340 delens
823 5301 948 5342 eum
977 5293 1281 5345 secundum
1336 5291 1440 5346 hoc
1482 5292 1627 5362 quod
1662 5293 1824 5346 homo
1855 5304 1960 5355 est,

372 5481 452 5534 vt,

372 5551 528 5605 xxrv,
544 5537 637 5593 ‘21-.

375 5632 687 5759 ωξὲᾟξέῗ
731 5649 889 5758 ιηςεη
946 5635 1212 5695 [tabanus
1262 5646 1319 5696 et
1368 5641 1716 5700 Salodianus.
1751 5643 1950 5706 Cum

447 5774 526 5854 11)
557 5773 635 5857 [lg
670 5790 830 5857 mss:
870 5775 1132 5836 Rabanus
1157 5823 1173 5851 ,
1228 5780 1555 5842 Salo-limus
1582 5792 1637 5841 et
1674 5782 1960 5846 Met-unus.

372 5842 482 5899 Alii
504 5845 657 5915 editi,
692 5864 713 5899 ι
745 5845 1020 5905 eﬂectum.
1050 5869 1070 5903 ι

644 5468 686 5500 ¹¹
709 5467 729 5522 1
752 5470 899 5527 Petr.
926 5488 1010 5540 ιιι,
1033 5474 1126 5541 20,
1148 5477 1238 5530 21.
1318 5478 1361 5509 ¹²
1411 5476 1603 5534 Matth.
1640 5498 1775 5548 χιιι,
1805 5467 1897 5541 ὂύ.

1998 4513 2045 4568 D

2075 3246 2388 3317 conscripta
2421 3247 2796 3312 mendacibus,
2836 3261 3068 3315 thOrum
3099 3257 3349 3300 auctores
3379 3246 3512 3299 falso
3538 3246 3663 3300 licet

2076 3339 2358 3408 sapientiae
2386 3339 2624 3404 nomine,
2667 3353 2775 3392 nou
2819 3346 2999 3392 tamen
3029 3338 3239 3408 exiguae
3278 3351 3373 3393 aut
3417 3348 3659 3393 conteru-

2074 3440 2183 3502 ptze
2214 3429 2563 3484 auctoritatis
2582 3429 2687 3483 viri
2715 3429 2982 3483 habentur
3006 3446 3020 3482 :
3046 3443 3111 3482 ex
3139 3443 3364 3498 quorum
3385 3444 3660 3498 praeroga-

2076 3523 2186 3578 tiva
2215 3521 2352 3577 falsa
2381 3536 2482 3592 pro
2502 3522 2647 3577 veris
2670 3530 2890 3590 recepta
2917 3529 3065 3584 sunt,
3096 3530 3156 3574 ut
3182 3521 3492 3574 universum
3519 3534 3660 3589 pene

2075 3614 2337 3669 mundum
2375 3613 2729 3668 mendacibus
2756 3628 2884 3682 erga
2915 3610 2992 3684 (5)
3024 3611 3341 3682 religionem
3376 3613 3657 3680 opinioni-

2077 3708 2178 3761 bus
2206 3704 2552 3776 occuparint,
2586 3705 2659 3758 ita
2698 3714 2757 3757 ut
2788 3706 2842 3757 in
2873 3717 3116 3758 CI'I'OI‘CID
3154 3704 3564 3769 inducerentur,
3609 3706 3657 3760 si

2076 3797 2180 3851 dici
2216 3806 2411 3866 potest,
2444 3798 2607 3849 etiam
2633 3795 2795 3850 electi
2827 3795 2891 3847 ίθ.
2925 3796 3061 3860 Quia
3106 3809 3239 3863 ergo
3288 3798 3491 3850 veritas
3525 3797 3643 3861 Dei,

2077 3896 2135 3940 et
2167 3886 2435 3955 sapientia
2465 3884 2605 3952 ejus,
2637 3893 2695 3939 et
2731 3881 2965 3939 Verbum
2997 3883 3117 3952 ejus
3150 3883 3447 3939 adveniens
3475 3885 3657 3951 arguit

2074 3986 2131 4031 et
2167 3976 2474 4032 confutavit
2494 3990 2658 4030 omne
2692 3976 3063 4041 mendacium,
3087 3984 3253 4044 atque
3280 3990 3471 4030 omnes
3493 3975 3656 4028 falso-

2077 4087 2198 4126 rum
2228 4072 2544 4140 dogmatum
2570 4068 2909 4123 assertiones
2949 4068 3057 4122 fide
3100 4068 3344 4121 veritatis
3389 4069 3654 4133 exsecuit,

2074 4179 2172 4234 per
2198 4163 2624 4233 unumquodque
2652 4160 3019 4228 mendacium,
3087 4161 3238 4230 quod
3267 4162 3418 4230 prius
3454 4163 3523 4214 ab
3554 4162 3656 4214 ho-

2075 4255 2319 4311 minibus
2378 4256 2559 4310 fuerat
2615 4264 2909 4320 assertum,
2953 4253 3245 4308 abundavit
3300 4254 3499 4308 veritas
3558 4251 3655 4307 Dei

2074 4350 2437 4420 subreptitias
2467 4349 2977 4405 verisimilitudiues
3007 4347 3311 4419 arguendo,
3349 4358 3405 4403 et
3443 4348 3496 4400 in
3536 4349 3653 4403 sin-

2074 4443 2217 4513 gulis
2271 4444 2578 4514 quibusque
2626 4445 2975 4516 dogmatibus
3044 4443 3309 4497 tradendo
3351 4442 3650 4511 simplicem

2074 4533 2198 4588 ﬁdei
2229 4533 2524 4589 veritatem
2547 4552 2560 4589 :
2587 4543 2642 4589 et
2665 4536 2766 4590 hoc
2793 4535 2957 4589 modo
2986 4534 3275 4604 Apostolus
3297 4534 3430 4587 dicit
3459 4534 3655 4587 verita-

2073 4635 2181 4680 tem
2219 4624 2314 4680 Dei
2348 4626 2402 4680 in
2433 4626 2716 4681 hominum
2750 4626 3038 4682 mendacio
3063 4626 3389 4681 abundasse.
3429 4626 3651 4691 Verum,

2073 4728 2133 4772 ιιι
2191 4719 2371 4773 adhuc
2423 4717 2769 4774 manifestius
2813 4719 2909 4772 fiat
2964 4719 3108 4787 quod
3157 4718 3411 4781 dicimus,
3471 4715 3649 4783 aliqua

2070 4812 2307 4881 exempli
2336 4827 2502 4866 causa
2543 4811 2907 4881 proferamus.
2941 4810 3071 4865 Erat
3115 4811 3168 4865 in
3214 4812 3521 4866 hominibus
3562 4812 3653 4865 do-
3701 4856 3706 4863 .

2069 4921 2218 4977 gnta,
2253 4909 2397 4975 quod
2427 4919 2702 4960 sumntum
2737 4906 2937 4959 bonum
2971 4906 3357 4972 pronuntiaret
3390 4919 3513 4959 esse
3558 4919 3652 4959 vo-

2068 5001 2367 5069 luptatem;
2395 5001 2448 5053 in
2487 5013 2596 5069 quo
2632 5010 2688 5052 et
2739 4999 2869 5053 illud
2912 5006 3312 5066 consequenter
3363 5000 3649 5064 asseritur,

2072 5112 2182 5151 non
2224 5109 2346 5149 esse
2381 5092 2816 5157 Providentiam,
2856 5090 3055 5161 quippe
3085 5093 3130 5146 si
3168 5106 3272 5145 non
3316 5105 3383 5145 ex
3413 5089 3649 5162 legibus,

2069 5194 2167 5249 sed
2195 5203 2264 5244 ex
2301 5188 2586 5256 voluptate
2616 5185 2907 5241 vivendum
2938 5203 2952 5239 :
2983 5194 3038 5240 et
3068 5185 3185 5239 htec
3216 5183 3365 5238 lauto
3392 5184 3470 5255 (4)
3512 5184 3651 5239 satis
3712 5256 3725 5261 μ

2068 5293 2378 5353 ornatoque
2405 5294 2682 5345 sermone,
2716 5286 2773 5334 et
2801 5277 3141 5349 argumentis
3169 5277 3528 5333 validissimis
3554 5293 3653 5347 per

445 5396 469 5429 ⁵
494 5396 692 5522 [εέξώθε.
716 5402 852 5461 11,5.
928 5402 951 5433 ⁸
975 5403 1116 5457 Psal.
1146 5420 1329 5465 Lxxxt.
1358 5405 1412 5461 6.
1488 5409 1510 5441 ⁸
1534 5411 1664 5465 ibid.
1688 5412 1744 5466 7.
1791 5414 1812 5444 ⁷
1834 5415 1976 5470 Gene

445 5467 505 5532 ,1
550 5507 573 5542 ί
595 5537 611 5542 _
644 5468 686 5500 “
709 5467 729 5522 Ι
752 5470 899 5527 Petr.
926 5488 1010 5540 ιιι,
1033 5474 1126 5541 20,
1148 5477 1238 5530 21.
1318 5478 1361 5509 ¹²
1411 5476 1603 5534 Matth.
1640 5498 1775 5542 χιιι,
1805 5485 1897 5541 '50.

2081 5430 2142 5477 tu,
2166 5411 2221 5473 6,
2246 5406 2298 5462 7.
2377 5407 2400 5438 "
2424 5403 2548 5459 lsai.
2570 5418 2720 5470 κων,
2740 5402 2837 5457 2‘2.
2910 5402 2931 5434 ⁰
2959 5400 2982 5455 Ι
3010 5401 3136 5457 Cor.
3158 5416 3249 5463 xv,
3274 5398 3368 5458 28.
3445 5399 3489 5432 "
3507 5397 3648 5455 Gen.

2081 5494 2203 5541 Lom.
2228 5491 2311 5542 nt,
2347 5473 2402 5529 6.
2482 5475 2525 5506 “
2549 5475 2681 5530 ibid.
2781 5473 2823 5504 "
2860 5473 2879 5529 Ι
2914 5471 3074 5528 Joan.
3109 5488 3162 5540 v,
3194 5471 3283 5527 19.
3380 5469 3427 5501 ’⁸
3451 5469 3647 5527 Matth.

2482 5475 2525 5506 “
2549 5469 2710 5530 ibid.’
2781 5473 2823 5504 ³⁸
2860 5473 2879 5529 Ι
2914 5471 3074 5528 Joan.
3109 5488 3162 5540 v,
3194 5471 3283 5527 19.
3380 5469 3427 5501 ¹⁶
3451 5469 3647 5527 Matth.

2143 5642 2220 5715 (9)
2253 5641 2381 5699 Mss.
2412 5641 2633 5715 quidam
2672 5639 2874 5696 habent
2910 5657 2925 5697 :
2968 5657 2989 5693 ι
3031 5639 3333 5698 humanum
3369 5638 3647 5695 contexuit

2071 5712 2165 5783 (al.
2201 5712 2517 5780 eonnexuit)
2546 5725 2738 5779 genus.
2770 5729 2789 5762 ι

2143 5785 2224 5855 t5)
2253 5784 2365 5847 AL,
2400 5800 2419 5833 ι
2460 5792 2671 5834 contra.
2706 5799 2724 5832 ι

2140 5856 2216 5931 (ι)
2250 5855 2359 5924 AL,
2396 5873 2412 5904 ι
2449 5858 2573 5908 lato.
2601 5868 2620 5903 ι
