4170 6378
535 308 642 362 ⁸127

2034 295 2190 354 ORIG
2201 294 2353 351 ENIS

3695 290 3800 348 928

537 433 823 488 innumera
870 431 1146 490 volumina
1196 431 1542 500 digerunlur.
1573 430 1679 486 Sed
1718 430 1930 484 intuere
1969 441 2110 482 nunc
2151 431 2194 484 Α
2229 415 2582 482 intellexerit,
2612 431 2717 470 non
2747 415 2938 486 utique
2969 413 3100 470 dicit
3131 412 3260 467 1111111
3301 413 3443 483 (111011
3498 411 3552 465 in
3602 427 3800 468 (ξουςο-

536 524 807 591 quomodo
835 524 879 579 is
907 519 999 593 qui
1027 523 1312 577 veritatem
1355 522 1446 575 Dei
1485 522 1752 584 defendit,
1797 529 1852 576 et
1895 521 1988 588 qtti
2026 535 2114 574 se-

533 614 771 667 cundum
806 614 1109 680 Christum,
1153 614 1247 683 qui
1288 625 1372 668 est
1415 615 1508 667 Di-i
1558 616 1764 669 veritas
1801 623 1857 667 et
1900 612 1993 666 Dei
2030 627 2117 668 sa-

537 705 747 773 pientia
784 707 850 770 ιτ,
894 705 1257 774 ριιίΙιιεοιιΙιιιε
1303 716 1407 769 est,
1462 707 1620 758 docet
1669 705 1915 759 homines
1962 721 2113 758 sum-

535 809 680 848 mum
717 795 918 849 bonum
949 812 1072 852 esse
1097 797 1264 850 vitam
1291 807 1583 850 aeternam:
1609 797 1750 850 hanc
1778 805 1962 848 autem
1991 807 2116 850 esse

533 893 792 940 arternam
830 889 1021 955 vitam,
1063 900 1121 942 ut
1149 898 1485 958 cognoscant
1516 890 1766 943 homines
1808 901 1974 940 unum
2020 902 2114 942 so-

535 975 642 1029 lum
663 994 851 1033 verum
874 981 1066 1045 Deum,
1087 990 1141 1036 et
1158 980 1357 1034 Filium
1381 979 1497 1048 ejus
1518 979 1701 1034 Jesum
1734 978 2014 1034 Christum
2036 977 2112 1034 “'2

531 1075 588 1119 et
620 1072 892 1136 quomodo
920 1086 1042 1124 cum
1073 1070 1222 1124 omni
1259 1070 1458 1126 ﬁducia
1491 1069 1886 1139 providentiam
1916 1068 2007 1123 Dei
2028 1082 2114 1123 as-

531 1169 700 1225 serat,
735 1176 857 1228 qua:
893 1163 1064 1217 dicit:
1116 1181 1136 1214 ι
1169 1161 1360 1216 Nonne
1403 1162 1509 1215 duo
1559 1174 1809 1229 passeres
1862 1175 1984 1214 asse
2015 1175 2113 1214 ve-

531 1264 721 1317 neunt,
763 1259 815 1304 et
844 1267 982 1306 unus
1029 1268 1095 1306 ex
1145 1252 1277 1322 ipsis
1331 1267 1438 1306 non
1486 1253 1631 1305 cadit
1666 1250 1718 1303 in
1754 1259 1954 1304 terram
1995 1250 2113 1305 sine

528 1338 708 1395 Patris
734 1343 1018 1398 voluntate
1056 1344 1144 1399 "‘3
1189 1363 1209 1397 ι
1262 1354 1317 1399 et
1356 1343 1485 1414 quia
1530 1343 1645 1412 ipse
1679 1361 1697 1394 r
1734 1343 1906 1396 solem
1952 1356 2109 1396 suum

527 1433 663 1487 oriri
687 1431 843 1500 jubet
876 1450 1042 1505 super
1068 1437 1242 1490 bonos
1272 1444 1326 1489 et
1356 1433 1547 1497 malos,
1573 1443 1629 1488 et
1656 1431 1791 1502 pluit
1821 1446 1984 1500 super
2021 1432 2110 1501 ju-

529 1535 646 1579 stos
677 1533 731 1579 et
759 1525 991 1595 injuslos
1035 1526 1103 1583 ὀ.
1145 1544 1164 1578 ι
1202 1525 1306 1580 Per
1345 1527 1459 1579 hinc
1505 1535 1687 1578 autem
1727 1525 1941 1592 singula
1979 1525 2107 1578 dum

529 1615 622 1670 ill'a
661 1615 812 1672 falsa:
836 1618 1081 1672 scientia:
1117 1618 1372 1688 dogmata
1420 1619 1802 1682 confutantur,
1845 1617 1896 1670 in
1933 1617 2110 1671 homi-

527 1723 657 1761 num
693 1709 975 1763 mendacio
1004 1710 1246 1763 abundat
1275 1708 1484 1763 veritas
1513 1708 1630 1762 Dei.
1667 1706 1810 1761 Sunt
1840 1709 1969 1762 item
2015 1706 2105 1761 alii

524 1799 618 1867 qui
647 1799 833 1854 dicant
865 1809 974 1855 tres
1003 1814 1130 1854 esse
1159 1801 1368 1870 species
1399 1800 1521 1854 boni
1555 1817 1568 1853 :
1617 1816 1780 1853 unam
1813 1813 1945 1868 erga
1986 1799 2108 1852 ani-

525 1906 692 1959 mam,
745 1891 910 1944 aliam
970 1906 1100 1962 erga
1149 1907 1404 1960 corpora,
1463 1893 1682 1944 tertiam
1743 1894 2108 1946 extrinsecus.

524 1983 656 2048 Quae
680 1983 895 2052 singula
933 1999 1056 2038 cum
1094 1983 1516 2038 conducibiliter
1551 1983 1627 2054 (5)
1671 1983 2000 2048 habeantur,
2039 1997 2107 2037 ex

524 2072 662 2141 ipsis
707 2088 983 2128 summum
1049 2075 1246 2128 bonum
1297 2084 1556 2128 constare
1619 2073 1962 2128 conﬁrmant.
2015 2074 2108 2128 Isti

520 2165 686 2218 etiam
729 2166 825 2219 Dei
861 2167 1256 2235 providentiam
1291 2177 1625 2230 resecantes,
1663 2182 1832 2236 usque
1863 2167 1929 2220 ad
1968 2167 2108 2221 luna:

520 2265 642 2310 eam
676 2254 894 2324 globum
931 2257 1288 2324 supervenire
1325 2259 1665 2311 contendunt
1704 2275 1717 2310 :
1769 2257 1907 2310 inl'ra
1948 2272 2104 2324 vero,

521 2342 630 2398 hoc
698 2357 783 2399 est
845 2347 910 2399 ad
960 2348 1228 2411 homines,
1275 2364 1394 2402 eam
1465 2349 1688 2401 minime
1742 2350 2100 2404 descendere.

500 2439 663 2493 Sunt
697 2440 823 2493 item
856 2441 946 2494 alii
983 2442 1072 2510 qui
1115 2443 1388 2496 invisibile
1438 2450 1493 2495 et
1536 2442 1917 2509 incorporeum
1969 2443 2103 2496 nihil

518 2527 705 2581 dicant
738 2544 878 2594 esse,
912 2532 1005 2585 sed
1041 2532 1222 2585 omnia
1255 2547 1374 2601 qua:
1417 2540 1545 2585 Sunt
1586 2533 1909 2601 corporibus
1961 2535 2104 2587 assi-

519 2628 709 2686 gnant,
743 2623 884 2676 unde
910 2632 964 2676 et
993 2622 1212 2676 Patrem
1241 2625 1485 2676 Otttttillm
1519 2627 1686 2680 Deum
1723 2639 1924 2693 corpus
1973 2639 2100 2680 esse

515 2711 800 2766 dixerunt.
861 2713 1058 2768 Verum
1103 2717 1229 2783 quia
1280 2719 1510 2784 urgebat
1562 2733 1656 2772 eos
1698 2718 1928 2773 rationis
1987 2733 2100 2773 sua:

515 2805 930 2872 consequentia,
964 2821 1068 2874 qua
1100 2817 1314 2860 constat
1345 2823 1506 2862 omne
1535 2823 1733 2876 corpus
1760 2824 1884 2864 esse
1914 2825 2100 2865 corru-

520 2893 735 2961 ptibile,
771 2906 824 2948 ut
857 2896 900 2949 si
933 2899 1098 2950 etiam
1128 2898 1293 2951 Demu
1325 2914 1524 2967 corpus
1541 2914 1663 2954 esse
1679 2910 1947 2968 asserant,
1980 2903 2098 2958 sine

514 2985 682 3037 dubio
711 2997 765 3040 et
809 2989 1222 3057 eorruptibilem
1270 2989 1566 3054 fateantur,
1609 2991 1774 3064 5(MI
1813 3003 2097 3050 verterunt

517 3078 796 3145 Stropham
829 3081 1002 3142 verbi,
1037 3087 1090 3134 ct
1138 3081 1393 3135 dixerunt
1453 3093 1664 3137 naturae
1711 3085 1930 3152 quidem
1970 3101 2092 3139 eum
2126 3118 2169 3176 α

515 3181 638 3221 esse
663 3170 1058 3239 corruptibilis,
1090 3187 1188 3226 nec
1217 3181 1394 3226 tamen
1423 3174 1720 3240 corrumpi,
1741 3189 1840 3242 pro
1862 3190 1928 3230 eo
1953 3177 2097 3245 quod

513 3274 622 3315 non
661 3264 739 3317 sit
766 3263 972 3331 aliquid
1007 3265 1126 3333 ipso
1153 3266 1427 3334 superius,
1459 3282 1488 3320 a
1521 3281 1629 3336 quo
1659 3269 1938 3338 corrumpi
1970 3283 2096 3338 pos-

514 3354 586 3407 sit
640 3363 734 3410 aut
790 3357 950 3410 solvi.
1021 3358 1159 3412 Sunt
1209 3369 1264 3414 et
1307 3360 1413 3415 alia
1465 3360 1750 3416 innumera
1812 3362 2094 3418 hominum

512 3444 766 3514 ﬁgmenta
791 3447 1090 3504 dialecticis
1122 3451 1349 3520 argutiis
1376 3460 1432 3506 et
1460 3454 1854 3523 sopbismatum
1909 3454 2099 3513 fraude

510 3541 833 3608 composita.
869 3541 1001 3608 Quae
1039 3559 1161 3598 cum
1200 3546 1408 3616 singula
1441 3563 1540 3616 per
1575 3548 1980 3604 ecclesiasticos
2017 3552 2098 3604 vi-

508 3643 603 3685 ros
639 3641 695 3685 et
723 3633 902 3690 divina
945 3635 1208 3704 sapientia
1244 3637 1488 3693 eruditos
1513 3640 1717 3695 veritas
1741 3641 1834 3695 Dei
1872 3644 2099 3696 convin-

509 3720 610 3787 cit,
635 3733 691 3777 et
719 3737 1165 3794 argumentorum
1197 3729 1476 3800 decipulas
1506 3731 1804 3802 redarguit,
1835 3733 1889 3787 in
1914 3733 2095 3789 homi-

511 3826 642 3866 num
694 3818 982 3872 mendacio
1024 3820 1118 3874 Dei
1163 3822 1370 3877 veritas
1428 3823 1628 3877 dicitur
1685 3824 1986 3889 abundare,
2040 3834 2096 3879 et

512 3922 620 3962 non
665 3912 840 3966 solmn
899 3913 1205 3980 abundare,
1266 3918 1361 3972 sed
1412 3918 1692 3974 abundare
1746 3919 1814 3974 ad
1865 3920 2093 3990 gloriam

509 3998 630 4068 ejus
660 4003 726 4058 ".
762 4005 914 4070 Quod
948 4007 1050 4061 huc
1084 4010 1243 4063 modo
1276 4009 1690 4079 intelligendum
1727 4021 1888 4080 puto:
1920 4013 1963 4064 si
1997 4013 2093 4065 do-

510 4102 633 4148 etor
659 4093 916 4150 Ecclesiae
949 4099 1225 4167 simplices
1257 4114 1502 4170 quosque
1545 4100 1828 4155 auditores
1876 4100 2091 4168 doceat,

507 4193 566 4238 et
594 4186 832 4240 nondum
866 4188 1017 4243 falsis
1044 4190 1392 4259 dogmatibus
1426 4202 1747 4259 occupatos,
1797 4201 1965 4260 atque
2008 4193 2094 4247 bis

511 4276 581 4331 de
606 4275 836 4346 singulis
857 4279 1167 4350 quibusque
1187 4284 1453 4335 rationem
1480 4281 1674 4335 divinw
1695 4281 1946 4336 veritatis
1975 4298 2094 4350 ape-

509 4367 639 4430 riat,
665 4371 718 4422 in
757 4369 1134 4436 hujuscemodi
1172 4374 1420 4427 doctrina
1449 4373 1542 4428 Dei
1576 4372 1782 4429 veritas
1813 4375 2092 4429 videbitur

2219 511 2515 579 quentibus
2537 511 2700 564 stulta
2730 509 3038 577 obiectione
3068 509 3344 579 profertur
3372 526 3385 562 :
3414 526 3432 558 ι
3457 507 3596 575 Quid
3618 511 3800 563 adhuc

2218 612 2272 656 et
2300 616 2401 670 ego
2434 611 2690 670 tanquam
2725 611 2984 670 peccator
3007 598 3224 667 judicor
3247 600 3292 630 ¹²
3321 598 3346 652 1
3375 617 3393 649 ι
3435 600 3528 652 sed
3562 599 3801 654 advertit

2218 693 2414 745 merito
2443 705 2504 746 se
2537 690 2914 759 iudicandum,
2963 691 3007 742 si
3056 696 3376 758 permaneat
3417 689 3469 742 in
3509 689 3797 743 mendacio

2219 783 2498 838 hominum
2525 800 2538 836 :
2566 791 2620 837 et
2653 782 2746 852 qui
2775 783 3068 836 secundum
3099 795 3161 835 ea
3195 797 3317 850 quze
3347 795 3510 849 supra
3538 781 3806 849 exposui-

2217 889 2337 929 mus
2365 889 2429 928 ει
2465 873 2556 928 Dei
2585 874 2818 928 veritate
2847 874 3130 926 convictus
3163 886 3379 926 errasse
3412 885 3472 926 se
3497 871 3683 932 sentit,
3727 871 3796 925 ab

2216 980 2403 1020 errore
2429 978 2730 1022 conversus
2756 963 2924 1018 Deum
2955 977 3144 1019 verum
3178 964 3361 1033 agnita
3397 965 3628 1018 veritate
3677 963 3800 1032 glo-

2216 1057 2416 1124 riﬁcat,
2450 1070 2550 1110 nec
2579 1055 2921 1124 blasphemat
2948 1054 3092 1108 ultra
3130 1067 3226 1109 eos
3258 1053 3349 1122 qui
3389 1054 3690 1122 praedicant
3717 1052 3796 1123 (7)

2213 1151 2522 1214 veritatem,
2550 1157 2807 1218 tanquam
2836 1149 3081 1202 dicentes
3110 1164 3124 1201 :
3161 1165 3180 1198 ι
3226 1145 3517 1200 Faciamus
3549 1146 3686 1198 mala
3737 1154 3798 1199 ut

2215 1243 2440 1296 veniant
2479 1241 2622 1296 bona
2645 1239 2714 1306 ",
2751 1258 2770 1292 ι
2813 1240 2993 1295 sciens
3022 1242 3076 1295 in
3104 1240 3209 1294 hoc
3244 1239 3411 1293 verbo
3441 1239 3640 1308 justam
3665 1253 3792 1292 esse

2213 1333 2644 1402 blasphemantis
2677 1331 3105 1387 damnationem.
3140 1330 3551 1387 Observandum
3580 1344 3797 1398 quoque

2211 1435 2320 1488 est,
2364 1423 2510 1493 quod
2569 1439 2664 1480 eos
2709 1424 2801 1493 qui
2850 1423 3136 1479 veritatem
3187 1424 3510 1492 pradicant,
3541 1436 3649 1476 non
3685 1431 3795 1475 tam

2212 1513 2488 1578 maledici,
2511 1515 2656 1583 quod
2688 1515 2754 1568 ad
2791 1513 3068 1581 homines,
3105 1517 3198 1571 sed
3228 1513 3623 1584 blaspbeiuari,
3651 1516 3796 1584 quod

2211 1606 2277 1660 ad
2312 1593 2477 1659 Deum
2507 1605 2764 1674 pertinet,
2801 1605 3007 1675 posuit.

2280 1696 2338 1753 2.
2369 1717 2386 1750 ι
2419 1697 2559 1764 Quid
2582 1712 2713 1768 ergo
2733 1706 2981 1751 tenemus
3003 1695 3238 1765 amplius
3258 1695 3377 1767 (8)?
3396 1695 3616 1752 Causati
3644 1711 3712 1752 en
3739 1712 3796 1752 ιιι

2211 1807 2400 1845 smnus
2430 1790 2644 1846 .ludzeos
2673 1800 2728 1844 et
2757 1788 2981 1844 Graecos
3008 1804 3201 1843 omnes
3250 1789 3352 1842 sub
3393 1799 3615 1858 peccato
3648 1805 3793 1844 esse.

2213 1881 2357 1937 sicut
2386 1881 2650 1950 scriptum
2681 1891 2767 1936 est
2798 1898 2813 1934 :
2843 1880 2978 1947 Quia
3010 1895 3116 1932 non
3145 1895 3229 1933 est
3260 1880 3445 1947 justus
3474 1883 3791 1952 quisquam,

2213 1990 2324 2029 non
2365 1984 2450 2028 est
2489 1972 2822 2039 intelligens,
2852 1987 2959 2026 non
2995 1979 3078 2026 est
3109 1972 3395 2037 requirens
3437 1973 3626 2027 Demn.
3656 1973 3792 2030 Om-

2212 2081 2308 2120 nes
2335 2065 2768 2130 declinaverunt,
2821 2065 2983 2120 simul
3035 2064 3256 2118 inutiles
3306 2065 3433 2119 facti
3493 2075 3638 2131 sunt,
3685 2084 3792 2122 non

2211 2168 2295 2211 est
2322 2159 2411 2224 qui
2445 2158 2610 2211 faciat
2643 2157 2963 2220 bonitatem,
3002 2172 3108 2208 non
3156 2165 3241 2208 est
3286 2170 3461 2226 usque
3505 2160 3570 2210 ad
3601 2175 3792 2213 unmn.

2213 2248 2534 2316 Sepulcrum
2578 2261 2774 2318 patens
2813 2258 2896 2303 est
2939 2258 3128 2319 guttur
3166 2264 3394 2312 eorum,
3445 2251 3645 2321 linguis
3677 2253 3796 2307 suis

2209 2343 2394 2396 dolose
2413 2345 2668 2411 agebant,
2692 2357 2958 2396 venenum
2987 2344 3240 2411 aspidum
3262 2343 3363 2396 sub
3390 2343 3548 2398 labiis
3574 2359 3790 2400 eorum.

2208 2434 2450 2499 Quorum
2503 2451 2566 2489 os
2613 2435 2996 2490 maledictione
3043 2446 3098 2490 et
3146 2438 3513 2491 amaritudine
3570 2439 3789 2508 plenum

2206 2537 2288 2581 est
2331 2545 2344 2580 :
2384 2527 2597 2581 veloces
2633 2529 2798 2596 pedes
2836 2545 3025 2582 eorum
3054 2530 3121 2585 ad
3161 2530 3542 2585 eli‘undendum
3573 2533 3792 2601 sangui-

2206 2634 2352 2673 nem.
2379 2620 2651 2674 Coutritio
2685 2630 2737 2674 et
2767 2620 3055 2676 infelicitas
3085 2624 3137 2677 in
3168 2624 3270 2677 viis
3299 2639 3511 2690 eorum,
3553 2635 3608 2678 et
3641 2627 3785 2679 viam

2204 2712 2354 2781 pacis
2393 2727 2495 2766 non
2531 2722 2902 2781 cognoverunt
2951 2731 2964 2768 :
3010 2730 3117 2768 non
3171 2724 3254 2768 est
3307 2715 3471 2768 timor
3516 2715 3610 2769 Dei
3657 2724 3788 2770 ante

2203 2805 2396 2860 oculos
2424 2820 2614 2859 eorum
2660 2805 2728 2859 ".
2769 2824 2786 2856 ι
2835 2805 3194 2862 Prmdiximus
3241 2807 3352 2876 jam
3389 2807 3534 2876 quod
3573 2808 3625 2861 in
3675 2807 3787 2863 hac

2203 2895 2448 2966 Epistula
2486 2894 2705 2961 Paulus,
2735 2896 2885 2950 velut
2914 2897 3122 2951 arbiter
3145 2900 3364 2969 quidam
3393 2899 3537 2953 inter
3567 2913 3662 2953 eos
3694 2903 3786 2968 qui

2205 3003 2271 3042 ex
2317 2987 2734 3043 circumcisione
2769 2987 3145 3054 crediderunt,
3176 2999 3232 3044 et
3257 3006 3351 3045 eos
3389 2992 3479 3060 qui
3507 3009 3573 3046 ex
3604 2994 3788 3063 genti-

2202 3081 2327 3146 bus,
2366 3089 2633 3148 temperet
2659 3096 2968 3136 sermonem
3003 3097 3223 3150 semper
3253 3093 3308 3137 et
3334 3085 3520 3146 libret,
3549 3096 3608 3138 ut
3640 3102 3788 3139 nunc

2203 3171 2324 3237 bos,
2358 3187 2503 3226 nunc
2531 3171 2655 3226 illos
2697 3173 2750 3226 in
2785 3173 3115 3242 quibusdam
3147 3178 3396 3229 videatur
3435 3189 3684 3244 arguere,
3729 3183 3788 3230 et

2200 3279 2420 3319 rursum
2448 3264 2693 3332 singulas
2720 3279 2907 3333 partes
2937 3275 3084 3321 certa
3111 3281 3208 3336 spe
3236 3267 3618 3336 promissionis
3655 3269 3784 3321 ani»

2205 3371 2358 3411 mare
2383 3356 2483 3428 (9).
2516 3357 2655 3424 Quia
2693 3371 2824 3426 ergo
2871 3359 3022 3413 visus
3069 3358 3248 3414 fuerat
3301 3360 3354 3413 in
3407 3360 3785 3429 superioribus

2201 3449 2406 3512 dicere,
2446 3450 2704 3519 quoniam
2739 3451 2784 3505 si
2815 3451 3136 3518 praeputium
3163 3449 3414 3519 justitias
3444 3451 3577 3522 legis
3600 3462 3786 3506 custo~

2203 3544 2337 3609 tliat,
2369 3544 2643 3614 judicabit
2672 3559 2794 3599 eum
2831 3547 2922 3614 qui
2963 3546 3017 3600 in
3053 3546 3475 3602 circumcisione
3519 3547 3784 3615 praevari-

2200 3647 2354 3691 cator
2383 3647 2468 3691 est
2494 3636 2626 3705 legis
2645 3637 2728 3692 “z
2759 3652 2972 3691 rursum
3003 3648 3062 3692 ut
3093 3653 3188 3692 eos
3226 3653 3365 3707 quos
3401 3637 3786 3691 humiliaverat

2199 3731 2484 3798 allevaret,
2523 3731 2766 3786 addidit;
2798 3750 2816 3783 ι
2849 3730 2988 3796 Quid
3017 3745 3148 3801 ergo
3181 3731 3412 3798 amplius
3444 3741 3528 3784 est
3551 3728 3784 3785 Judaeo't

2201 3833 2295 3877 aut
2334 3839 2455 3893 qua}
2486 3825 2692 3878 utilitas
2728 3824 3210 3879 circumcisionis?
3241 3823 3468 3877 Multum
3513 3839 3610 3893 per
3656 3837 3780 3878 om-

2201 3931 2323 3969 nem
2357 3915 2596 3968 modum.
2634 3915 2817 3969 Primo
2843 3916 3088 3984 quidem,
3121 3914 3246 3984 quia
3279 3912 3485 3966 credita
3517 3924 3640 3967 sunt
3671 3912 3780 3966 illis

2199 4007 2412 4076 eloquia
2447 4007 2539 4061 Dei
2579 4007 2646 4058 ".
2698 4026 2716 4059 ι
2772 4006 2898 4061 Post
2930 4008 3064 4070 hazc,
3097 4022 3221 4058 cum
3258 4006 3343 4059 his
3379 4015 3782 4074 consequenter

2197 4099 2350 4166 quasi
2387 4098 2634 4168 qumdam
2685 4098 2878 4152 fuisset
2931 4109 3276 4168 prosecutus,
3327 4098 3476 4150 addit
3520 4111 3685 4160 nunc,
3724 4103 3781 4149 et

2196 4189 2334 4243 dicit
2362 4207 2375 4243 :
2410 4209 2427 4240 ι
2455 4189 2593 4256 Quid
2629 4204 2760 4259 ergo
2796 4199 3045 4244 tenemus
3074 4187 3354 4256 amplius?
3379 4187 3601 4241 Causati
3628 4187 3775 4241 enim

2200 4295 2388 4334 sumus
2404 4279 2618 4334 Judaros
2639 4293 2689 4334 et
2707 4280 2927 4335 Graecos
2943 4295 3132 4334 omnes
3155 4281 3255 4334 sub
3275 4290 3501 4349 peccato
3525 4295 3644 4334 esse
3658 4280 3724 4333 ’⁷,
3749 4297 3772 4333 ι

2198 4369 2350 4436 Quod
2393 4373 2437 4424 si
2469 4386 2661 4425 onmes
2691 4372 2793 4425 sub
2823 4383 3048 4439 peccato
3079 4379 3228 4434 sunt,
3255 4385 3385 4438 ergo
3415 4386 3520 4424 non
3549 4371 3652 4425 erit
3671 4370 3779 4424 ela-

509 4457 807 4512 abundare.
851 4457 908 4512 Si
949 4475 1079 4514 vero
1113 4461 1178 4514 ad
1204 4477 1298 4515 eos
1347 4477 1530 4517 sermo
1567 4465 1639 4520 sit
1680 4464 1770 4535 qui
1816 4464 2089 4518 obsistant
2122 4457 2166 4510 D
2200 4461 2362 4516 tionis
2399 4475 2561 4514 causa
2592 4461 2682 4514 uni
2713 4460 3003 4515 adversum
3037 4461 3225 4526 alium,
3258 4477 3377 4514 cum
3411 4469 3642 4530 uterque
3669 4477 3779 4517 non

509 4549 752 4614 veritati,
784 4551 873 4620 qui
919 4567 1067 4605 sana:
1111 4553 1375 4608 doctrina:
1425 4557 1773 4611 sermonibus
1808 4557 2086 4611 contradi-

508 4652 637 4696 cant
663 4640 766 4714 (6),
798 4649 853 4697 et
882 4646 1322 4701 contradicentes
1365 4649 1722 4704 confutentur
1769 4660 1822 4706 et
1860 4652 2088 4705 convin-

508 4743 725 4799 cantur,
760 4735 833 4789 ita
864 4747 923 4790 ut
947 4752 1195 4792 errorum
1227 4743 1464 4799 tenebris
1499 4745 1780 4801 derelictis
1807 4745 1874 4800 ad
1907 4745 2082 4800 lucem

507 4826 757 4882 Veritatis
783 4830 1046 4884 accedant
1073 4848 1088 4898 ;
1117 4842 1246 4887 tunc
1274 4850 1379 4888 non
1411 4835 1587 4889 solum
1619 4837 1914 4891 abundabit
1937 4837 2084 4892 veri-

506 4923 592 4972 tas
623 4919 740 4986 Dei,
769 4922 862 4976 sed
894 4931 950 4976 et
991 4923 1057 4977 ad
1087 4926 1314 4994 gloriam
1348 4918 1466 4996 ejus
1502 4929 1831 4984 abundabit.
1861 4927 2082 4984 Glorifi-

505 5019 661 5062 catur
692 5013 835 5066 enim
871 5014 1012 5070 Deus
1044 5032 1143 5086 per
1177 5013 1299 5072 eum
1331 5020 1423 5089 qui
1467 5023 1533 5076 de
1573 5035 1766 5076 errore
1814 5020 2083 5075 mendacii

504 5112 726 5172 ereptus
772 5103 955 5163 lumen
988 5110 1236 5165 veritatis
1282 5113 1518 5182 aspexit.
1551 5113 1676 5169 llaec
1705 5128 1835 5184 ergo
1870 5115 1960 5184 qui
2008 5113 2080 5167 ita

579 5241 811 5315 ξτιιςιπ.
835 5259 874 5311 ι,
899 5245 990 5300 24.
1066 5249 1110 5281 ³⁸
1130 5247 1289 5305 Joan.
1322 5267 1459 5311 xvii.
1479 5253 1530 5305 ’5.
1609 5253 1653 5285 ¹⁹
1680 5251 1868 5306 Matth.
1894 5267 1950 5315 χ,
1970 5251 2062 5306 29.

502 5310 700 5370 “ibid.
727 5314 760 5368 9
785 5310 903 5386 seq.
983 5317 1027 5349 ³⁸
1058 5318 1216 5374 Rom.
1247 5337 1310 5388 tt,
1347 5310 1559 5389 26,727.

502 5424 808 5548 bilﬁigr-A’l"
837 5446 856 5480 ι
887 5443 1009 5484 cum
1039 5431 1388 5502 docibiliter;
1420 5452 1438 5486 ι
1473 5435 1625 5499 editi,
1677 5453 1697 5486 ι
1747 5434 1792 5490 si
1820 5433 2084 5490 conduci-

541 5513 702 5552 llllel'.
731 5517 750 5550 ι

537 5636 548 5646 ⁸
576 5569 654 5635 (ti)
688 5568 852 5635 Editi,
886 5588 906 5621 ι
936 5567 991 5624 Si
1023 5585 1157 5646 vero
1205 5574 1272 5626 ad
1321 5588 1510 5628 omnes
1554 5589 1737 5630 sermo
1769 5573 1841 5629 sit
1866 5577 1956 5645 qui
1983 5576 2081 5631 ob-

505 5642 850 5693 sistunt......
875 5642 1280 5703 contradicunt,
1325 5662 1342 5693 ι
1375 5654 1482 5698 etc.

575 5707 652 5777 (7)
678 5707 847 5776 Alias,
909 5727 930 5762 ι
981 5726 1080 5767 nec
1128 5712 1468 5783 blasphcinat
1511 5715 1650 5771 ultra
1707 5731 1799 5773 eos
1842 5716 1931 5782 qui
1971 5729 2075 5770 non

2142 5249 2188 5280 ²⁰
2210 5245 2398 5300 Matth.
2426 5260 2481 5308 v,
2515 5243 2605 5296 45.

1636 5323 1682 5354 ³⁸
1709 5324 1868 5378 Rom.
1906 5338 1990 5391 ιιι,
2016 5324 2066 5386 1,
2090 5321 2146 5374 2.
2217 5318 2263 5350 ’⁷
2295 5316 2428 5372 ibid.
2466 5316 2520 5372 9.

2194 4570 2260 4609 ex
2307 4570 2401 4608 sua
2437 4554 2674 4623 justitia,
2705 4553 2800 4608 sed
2823 4567 2891 4608 ex
2931 4553 3028 4607 Dei
3063 4555 3441 4611 misericordia
3489 4558 3672 4611 veniat
3708 4557 3780 4613 ad

2197 4644 2451 4699 salutem.
2481 4644 2740 4699 Probavit
2769 4659 2904 4714 ergo
2923 4643 3148 4700 Graecos
3177 4647 3417 4715 quidem,
3452 4649 3502 4701 id
3535 4661 3618 4702 est
3648 4664 3779 4716 gen-

2198 4737 2342 4800 tiles,
2371 4752 2491 4792 esse
2519 4737 2619 4791 sub
2651 4745 2897 4805 peccato,
2929 4750 3054 4788 cum
3083 4737 3160 4789 ait
3183 4736 3265 4791 ’δε
3302 4755 3320 4788 ι
3348 4737 3600 4794 [licentes
3629 4741 3774 4793 enim

2192 4844 2252 4882 se
2290 4844 2407 4882 esse
2431 4829 2729 4897 sapientes,
2763 4827 2913 4882 stulti
2958 4827 3084 4882 facti
3119 4838 3243 4883 sunt
3276 4848 3289 4884 :
3336 4841 3389 4884 et
3425 4839 3778 4885 mutaverunt

2193 4921 2422 4992 gloriam
2455 4919 2885 4988 incorruptibilis
2919 4920 3014 4975 Dei
3059 4921 3112 4976 in
3167 4922 3579 4976 similitudinem
3623 4923 3774 4977 ima-

2196 5013 2339 5082 ginis
2370 5011 2750 5080 corruptibilis
2795 5010 3055 5076 hominis,
3107 5021 3163 5066 et
3207 5011 3519 5077 volucrum,
3551 5021 3605 5066 et
3633 5026 3772 5080 qua-

2192 5105 2517 5174 drupedum,
2561 5111 2618 5157 et
2645 5105 2979 5172 serpentium
3033 5121 3049 5160 :
3091 5112 3314 5174 prepter
3351 5103 3496 5173 quod
3547 5103 3774 5156 tradidit

2680 5243 2723 5273 ’ί
2748 5241 2908 5295 Rom.
2948 5255 3030 5302 nt,
3055 5238 3109 5292 7.
3184 5239 3231 5272 ³’
3255 5236 3386 5292 ibid.
3474 5235 3522 5269 ⁸³
3559 5236 3691 5294 ibid.
3714 5237 3772 5294 8.

2596 5315 2640 5346 ιε
2679 5314 2840 5368 Rom.
2875 5327 2914 5378 I,
2943 5309 3137 5364 22-24.

2190 5426 2516 5498 prteriicant.
2548 5444 2568 5478 ι

2264 5497 2341 5566 (8)
2377 5495 2518 5560 Quid
2549 5511 2668 5564 ergo
2707 5504 2939 5548 tenemus
2968 5493 3192 5566 amplius
3221 5481 3363 5547 .7!le
3401 5507 3531 5566 mss.
3550 5489 3764 5566 _nostri.

2189 5561 2331 5622 Editi
2363 5582 2512 5631 vero,
2553 5586 2572 5618 ι
2606 5561 2752 5632 Quid
2779 5566 2946 5634 ergo?
2977 5565 3344 5619 l’rtccellimus
3375 5563 3507 5620 eos?
3547 5561 3763 5631 Nequa-

2187 5652 2372 5708 quam.
2401 5654 2418 5688 ι
2453 5707 2456 5708 ν
2702 5706 2710 5708 Α
3021 5703 3032 5708 _
3656 5660 3664 5676 ι

2257 5703 2334 5778 (9)
2371 5707 2529 5772 ΕιΙίιῙ,
2568 5723 2586 5760 ι
2625 5706 2894 5771 animat,»
2929 5703 3086 5761 male.
