4170 6408
404 379 510 437 929

1364 380 1725 439 COMMENT.
1764 381 1835 441 ΙΝ
1874 380 2095 439 EPIST.
2131 381 2224 437 AD
2256 381 2424 439 ROM.
2468 379 2598 437 LIB.
2641 381 2730 438 111.

3565 388 3675 445 950

407 513 503 551 eos
530 496 674 551 Deus
709 495 765 550 in
805 494 1097 566 reprobum
1130 507 1376 563 sensum,
1424 515 1444 550 ι
1492 505 1549 552 et
1592 497 1797 566 reliqua
1832 516 1845 553 :
1889 497 1985 552 Ju-
2019 503 2064 558 Α
2093 498 2253 553 labiis
2285 513 2474 553 eorum
2506 499 2573 564 ³⁸,
2606 517 2626 551 ι
2656 499 2801 569 quod
2826 507 2882 554 et
2905 498 3083 568 ipsum
3113 514 3183 556 ex
3203 501 3440 573 quodam
3465 505 3677 573 psalmo

408 589 556 643 tia-os
588 601 742 652 vero,
777 603 900 643 cum
940 589 1108 643 dicit:
1156 605 1177 639 ι
1225 588 1283 643 Si
1316 599 1500 644 autem
1537 599 1594 644 tu
1634 591 1857 647 Judaeus
1894 609 1989 648 co-

412 679 777 747 gnominaris,
813 691 868 735 et
899 681 1203 750 requiescis
1245 682 1298 735 in
1331 681 1448 752 lege
1484 683 1553 748 ",
1595 702 1615 736 ι
1658 693 1714 738 et
1754 685 1989 755 reliqua.

411 767 620 833 Quibus
647 770 855 824 addidit
883 770 965 826 ao:
1008 788 1027 822 ι
1060 769 1161 837 Qui
1185 770 1316 841 ergo
1342 772 1505 828 doces
1539 774 1725 841 alium,
1759 776 1991 845 teipsum

416 878 521 915 non
563 864 766 919 doces:
797 863 890 934 qui
921 865 1191 934 pradicas
1218 880 1325 919 non
1355 863 1672 931 furandum,
1703 867 1928 934 furaris,
1967 888 1987 924 ι

414 965 522 1010 etc.
560 954 689 1010 Post
718 957 836 1011 haec
873 973 1003 1027 ergo
1042 958 1198 1022 dicit,
1234 958 1360 1027 quia
1395 976 1414 1011 ι
1447 960 1656 1015 causati
1690 974 1878 1016 sumus
1904 962 1995 1018 Ju-

417 1047 564 1102 dzeos
589 1058 645 1101 et
673 1047 895 1103 Graecos
922 1064 1115 1103 omnes
1151 1050 1252 1105 sub
1278 1059 1504 1120 peccato
1533 1067 1656 1107 esse
1697 1053 1762 1108 “.
1801 1073 1820 1107 ι
1865 1055 1997 1109 Post

419 1134 533 1189 haec
566 1150 720 1202 vero,
771 1144 832 1190 ut
879 1138 928 1192 ei
980 1141 1150 1194 moris
1185 1147 1288 1203 est,
1336 1141 1404 1196 de
1456 1144 1757 1212 Scripturis
1787 1148 1995 1201 sanctis

417 1226 536 1280 vult
580 1226 855 1283 aliirmare
899 1232 1045 1299 quod
1091 1232 1352 1300 dixerat;
1406 1234 1571 1289 simul
1600 1247 1653 1292 et
1683 1238 1997 1297 doctoribus

418 1319 678 1377 Ecclesiae
711 1324 920 1391 praebet
950 1324 1288 1394 exemplum,
1321 1337 1382 1381 ut
1428 1342 1493 1383 ea
1526 1344 1649 1398 quae
1695 1330 1998 1401 loquuntur

416 1414 485 1465 ad
527 1413 808 1483 populum,
858 1431 967 1472 non
1018 1419 1256 1487 propriis
1308 1431 1637 1491 praesumpta
1685 1426 1994 1492 sententiis,

419 1506 516 1556 sed
559 1503 758 1559 divinis
787 1506 996 1560 munita
1032 1508 1362 1563 testimoniis
1406 1513 1708 1582 proferant.
1750 1514 1807 1570 Si
1851 1516 1996 1570 enim

423 1595 541 1663 ipse
568 1604 751 1653 tantus
789 1613 853 1653 ac
899 1600 1023 1655 talis
1066 1601 1364 1670 Apostolus
1398 1606 1781 1662 auctoritatem
1824 1609 1998 1663 dicto-

418 1701 539 1742 rum
566 1703 788 1747 suorum
818 1693 1064 1750 suﬁicere
1096 1709 1256 1763 posse
1285 1712 1392 1751 non
1430 1699 1631 1765 credit,
1667 1701 1770 1755 nisi
1804 1701 2001 1758 doceat

419 1782 473 1836 in
538 1780 683 1851 Lege
740 1793 797 1839 et
854 1783 1148 1855 Prophetis
1210 1789 1418 1858 scripta
1478 1805 1603 1846 esse
1662 1806 1787 1861 qua:
1844 1794 1996 1858 dicit,

415 1882 624 1940 quanto
659 1873 831 1943 magis
861 1890 960 1929 nos
994 1875 1203 1931 minimi
1236 1877 1341 1932 hoc
1366 1880 1666 1936 observare
1706 1884 1992 1949 debemus,

421 1972 616 2017 utnon
648 1971 867 2019 nostras
915 1981 1037 2020 cum
1081 1968 1364 2035 docemus,
1409 1974 1505 2029 sed
1550 1976 1724 2029 sancti
1758 1976 1998 2045 Spiritus

419 2056 722 2110 sententias
746 2057 1133 2128 proferamus?
1168 2058 1307 2117 lllud
1341 2065 1508 2119 etiam
1540 2071 1852 2125 necessario
1896 2073 1988 2126 du-

419 2149 596 2205 cimus
620 2152 1043 2217 admouendum,
1077 2154 1222 2222 quod
1259 2157 1316 2210 in
1350 2159 1633 2216 nonnullis
1676 2161 1998 2218 Latinorum

419 2253 485 2295 ea
522 2256 643 2310 qua:
670 2245 1079 2316 subsequuntur
1123 2251 1434 2307 testimonia
1477 2254 1532 2308 in
1579 2256 1740 2310 tertio
1786 2256 2001 2311 decimo

426 2334 638 2400 psalmo
677 2350 1075 2408 consequenter
1110 2359 1179 2399 ex
1230 2346 1448 2415 integro
1483 2347 1657 2416 posita
1706 2348 2001 2402 inveniun-

423 2434 549 2493 tur;
582 2426 635 2481 in
672 2428 879 2486 Graecis
916 2443 1097 2489 autem
1143 2454 1282 2507 pene
1326 2438 1580 2494 omnibus
1628 2455 1736 2494 non
1771 2441 2004 2508 amplius

426 2517 479 2569 in
504 2517 717 2573 decimo
743 2521 904 2576 tertio
925 2525 1158 2592 psalmo,
1184 2542 1344 2597 quam
1363 2544 1535 2599 usque
1564 2530 1629 2583 ad
1659 2530 1810 2584 illum
1840 2532 2005 2586 versi-

422 2609 627 2676 culum,
683 2613 771 2667 ubi
815 2612 929 2685 (10)
956 2618 1220 2688 scriptum
1243 2633 1323 2676 est
1353 2640 1366 2676 :
1406 2639 1425 2674 ι
1460 2621 1576 2676 Non
1606 2634 1690 2679 est
1714 2625 1806 2695 qui
1839 2625 2004 2681 faciat

421 2699 646 2766 bonum,
677 2719 783 2760 non
808 2715 893 2761 est
920 2723 1090 2778 usque
1111 2712 1384 2769 adunum.
1422 2732 1441 2764 ι
1477 2714 1583 2768 Sed
1615 2724 1669 2768 et
1702 2718 1846 2785 quod
1865 2718 2005 2772 dixit

419 2792 715 2860 Apostolus
762 2816 775 2851 :
829 2817 848 2850 ‹
901 2798 1056 2854 Sicut
1096 2803 1365 2871 scriptum
1414 2814 1496 2859 est
1540 2825 1554 2861 :
1590 2805 1725 2871 Quia
1770 2823 1875 2861 non
1918 2819 2003 2864 est

417 2882 601 2954 justus
623 2885 910 2958 quisquam
950 2909 962 2944 :
990 2908 1096 2945 non
1112 2894 1542 2964 estintclligens,
1566 2912 1671 2950 non
1704 2911 1790 2952 est
1818 2900 2003 2968 requi-

422 2991 551 3030 rens
584 2977 743 3049 505
786 2980 976 3046 Deum,
1007 3002 1026 3033 1
1069 2999 1173 3037 non
1200 2985 1404 3040 eisdem
1452 2989 1800 3043 sermonibus
1853 2991 2006 3046 inve-

422 3068 572 3124 nitur
606 3073 659 3125 in
706 3073 946 3142 psalmo,
991 3075 1084 3128 sed
1126 3075 1216 3128 alii
1268 3091 1671 3144 permutantur,
1723 3081 1814 3135 alii
1848 3097 2005 3136 assu-

423 3170 671 3253 anuutur,
706 3164 798 3217 alii
848 3164 1251 3233 relinquuntur.
1289 3166 1442 3232 Quod
1487 3170 1556 3222 ab
1589 3171 1851 3225 studiosis
1881 3172 2004 3241 qni-
2030 3195 2074 3253 ο

421 3249 636 3320 busque
662 3253 719 3307 si-
744 3256 1070 3308 observetur
1101 3252 1441 3325 diligentius,
1480 3268 1609 3326 pulo
1648 3260 1763 3313 dari
1814 3262 1864 3313 in
1904 3263 2004 3316 hoc

422 3341 780 3409 apostolicam
823 3343 1234 3409 auctoritatem,
1278 3356 1335 3399 ut
1365 3363 1490 3399 cum
1521 3347 1820 3415 Scriptum:
1856 3353 2006 3408 lustio

421 3433 626 3488 inoniis
661 3438 921 3488 utendqu
953 3435 1136 3501 fuerit,
1163 3452 1384 3491 sensum
1417 3441 1588 3510 magis
1615 3456 1680 3493 ex
1712 3457 1797 3507 ea,
1839 3459 2002 3511 quam

418 3527 588 3579 verba
618 3528 919 3595 capiamus.
954 3527 1069 3582 Hoc
1103 3530 1248 3583 enim
1282 3540 1335 3584 et
1363 3531 1416 3585 in
1452 3531 1764 3602 EVangeliiS
1795 3534 2003 3588 factum

419 3612 743 3684 Irequenter
768 3618 1036 3673 invenies.
1062 3620 1116 3673 In
1156 3622 1314 3674 tertio
1356 3623 1566 3678 decimo
1602 3625 1769 3695 igitur
1797 3628 2006 3694 psalmo

420 3702 497 3758 ita
526 3707 790 3776 scriptum
829 3717 954 3762 est:
1004 3728 1024 3761 ι
1058 3708 1323 3766 Dominus
1355 3712 1421 3767 de
1451 3714 1590 3769 cmlo
1633 3718 1874 3786 respexit
1909 3733 2006 3772 su-

420 3812 521 3867 per
552 3798 694 3853 ﬁlios
736 3800 1045 3869 hominum,
1077 3811 1135 3857 ut
1165 3804 1375 3859 videret
1423 3806 1468 3859 si
1512 3816 1598 3860 est
1649 3807 1961 3879 intelligens
1987 3851 2003 3877 ,

419 3898 518 3943 aut
544 3890 830 3960 requirens
865 3891 1055 3952 Deum.
1086 3912 1106 3947 ι
1160 3896 1267 3951 Sed
1314 3899 1364 3951 iu
1406 3898 1864 3970 quinquagesimo
1916 3916 2007 3957 se-

421 3981 605 4033 cundo
650 3980 861 4050 psalmo
895 3982 972 4037 ita
1009 3984 1143 4040 dicit
1175 4002 1190 4040 :
1229 4004 1250 4039 ι
1286 3989 1426 4043 Deus
1464 3991 1531 4043 de
1582 3992 1723 4049 coelo
1766 3994 2007 4060 reSpcxit

421 4087 589 4142 super
617 4072 757 4128 ﬁlios
786 4074 1093 4141 hominum,
1128 4088 1187 4133 ut
1221 4080 1436 4136 videret
1470 4083 1516 4138 si
1547 4093 1632 4138 est
1675 4083 2005 4153 intelligens,

420 4173 517 4218 aut
547 4167 835 4234 requirens
867 4168 1054 4224 Deum.
1077 4190 1096 4223 ι
1135 4170 1203 4226 Et
1232 4172 1450 4228 videtur
1474 4175 1614 4229 idem
1643 4177 1854 4231 serVari
1879 4191 2008 4231 seu—

420 4275 515 4315 sus
536 4260 705 4315 etiam
746 4261 800 4315 in
839 4277 906 4316 eo
948 4265 1093 4333 quod
1138 4265 1436 4335 Apostolus
1463 4267 1679 4337 posuit:
1716 4283 1736 4318 ι
1771 4264 1892 4320 Νοιι
1925 4274 2009 4321 est

422 4351 757 4425 intelligens,
782 4370 887 4411 non
922 4362 1008 4411 est
1032 4359 1318 4428 requirens
1342 4359 1512 4415 Deum
1543 4359 1644 4414 ⁸².›
1664 4358 1732 4414 Et
1760 4360 1905 4429 quod
1927 4358 2011 4414 di-

420 4448 538 4502 xit:
571 4467 591 4500 ι
625 4448 744 4505 Non
783 4451 1072 4521 estjustus
1108 4454 1397 4524 quisquam
1426 4452 1498 4518 ³³,
1522 4471 1543 4505 ι
1588 4462 1719 4523 puto
1747 4451 1893 4523 quod
1938 4465 2007 4506 ex

2093 601 2453 661 assumptum,
2480 592 2810 658 immutatis,
2837 602 2896 647 ut
2919 608 3083 664 supra
3117 594 3379 660 diximus,
3407 600 3678 654 scrmoni-

2088 685 2216 749 bus,
2251 695 2404 753 puto.
2437 681 2592 751 Quod
2625 695 2808 740 autem
2837 686 3119 753 sequitur:
3151 706 3172 740 ι
3207 687 3448 755 Quorum
3475 704 3538 745 os
3560 706 3681 746 ma-

2093 775 2402 843 ledictione,
2441 786 2497 832 et
2524 776 2893 832 amaritudine
2922 777 3141 845 plenum
3177 789 3262 835 est
3285 780 3352 847 ³⁷,
3381 800 3401 835 ι
3436 797 3501 837 ex
3532 798 3679 841 nono

2093 868 2305 937 psalmo
2329 868 2544 923 videtur
2582 877 2889 935 acceptum.
2921 867 3059 923 Tum
3108 869 3347 926 deinde:
3387 890 3406 924 ι
3451 871 3681 931 Veloces

2091 959 2260 1028 pedes
2295 975 2485 1014 eorum
2540 960 2607 1013 ad
2643 957 3028 1015 effundendum
3059 961 3401 1031 sanguinem,
3437 982 3457 1015 ι
3508 963 3594 1019 vel
3622 965 3679 1019 in

2094 1050 2233 1106 Isaia
2264 1053 2531 1117 invenies,
2562 1052 2648 1107 vel
2677 1053 2729 1107 in
2764 1051 3078 1109 Proverbiis
3110 1053 3177 1107 ⁸³.
3221 1052 3330 1109 Sed
3370 1062 3446 1121 et,
3481 1073 3503 1107 ι
3531 1054 3677 1112 Con:

2100 1146 2248 1200 tritio
2273 1155 2326 1198 et
2361 1144 2654 1199 infelicitas
2677 1145 2729 1197 in
2755 1144 2860 1199 viis
2881 1158 3093 1209 eorum,
3123 1153 3177 1199 et
3206 1144 3352 1199 viam
3377 1145 3529 1214 pacis
3569 1161 3680 1203 non

2096 1246 2468 1308 cognoverunt
2497 1237 2565 1300 δ’,
2601 1257 2621 1289 ι
2658 1252 2763 1290 non
2789 1235 3007 1304 quidem
3057 1237 3125 1291 ad
3163 1236 3437 1305 integrum
3490 1253 3680 1294 recor-

2098 1329 2198 1384 dor
2226 1329 2315 1384 ubi
2347 1328 2608 1397 scriptum
2639 1328 2712 1382 sit
2741 1343 2756 1380 :
2793 1328 3039 1395 suspicor
3071 1335 3248 1383 tamen
3294 1329 3348 1383 in
3391 1344 3502 1384 uno
3548 1324 3682 1398 pro-

2099 1404 2385 1488 phetarum
2410 1417 2638 1474 inveniri
2667 1433 2848 1487 posse.
2871 1419 2927 1474 lu
2950 1418 3186 1473 Psalmis
3207 1427 3387 1473 autem
3417 1418 3679 1489 scriptum

2098 1524 2182 1568 est
2212 1514 2299 1568 ‘°:
2338 1533 2357 1565 ι
2389 1513 2504 1569 Non
2535 1523 2620 1569 est
2651 1515 2815 1570 timor
2860 1514 2955 1570 Dei
3005 1524 3133 1569 ante
3176 1513 3362 1570 oculos
3408 1529 3620 1569 eorum.
3654 1531 3677 1566 ι

2101 1603 2227 1658 Haec
2262 1614 2445 1659 autem
2494 1606 2679 1661 omnia
2733 1605 3044 1660 testimonia
3092 1605 3311 1660 videtur
3342 1619 3684 1677 congregare

2100 1697 2337 1752 voluisse
2365 1699 2434 1751 ob
2470 1697 2594 1762 hoc,
2633 1706 2692 1752 ut
2721 1696 3066 1762 ostenderet,
3094 1697 3220 1767 quia
3258 1697 3402 1766 quod
3426 1707 3684 1753 causatur

2108 1807 2127 1841 ι
2167 1789 2382 1845 Judaros
2407 1799 2458 1844 et
2494 1780 2945 1844 Graecos’omnes
2991 1788 3096 1843 sub
3144 1799 3369 1856 peccato
3399 1802 3521 1845 esse
3548 1787 3617 1857 δι,
3656 1809 3677 1844 ι

2103 1897 2212 1937 non
2250 1890 2357 1936 tam
2382 1896 2563 1946 suam,
2590 1894 2753 1950 quam
2785 1891 2993 1935 sancta:
3025 1878 3325 1950 Scripturae
3353 1882 3684 1936 sententiam

2105 1970 2442 2040 pronuntiat.
2465 1968 2570 2024 Sed
2594 1970 2940 2040 requiramus
2969 1970 3096 2039 quid
3127 1982 3213 2026 est
3246 1971 3348 2026 hoc
3371 1971 3547 2041 ipsum
3568 1974 3686 2045 (15)

2103 2063 2205 2115 sub
2243 2068 2470 2130 peccato
2492 2074 2616 2114 esse
2647 2081 2658 2114 :
2694 2060 2811 2115 sine
2828 2061 3155 2130 exceptione
3183 2062 3327 2116 enim
3360 2076 3543 2119 sermo
3569 2063 3687 2132 ejus

2103 2167 2316 2215 omnes,
2347 2151 2464 2206 sive
2504 2149 2674 2205 Judaei
2722 2150 2854 2216 sint,
2887 2151 3003 2206 sive
3032 2151 3286 2221 gentiles,
3337 2153 3557 2208 videtur
3605 2156 3690 2209 in-

2104 2244 2344 2299 volvere.
2382 2241 2489 2297 Sed
2520 2241 2767 2297 occurrit
2800 2243 2958 2299 nobis
3011 2244 3117 2298 alia
3165 2244 3337 2314 ipsius
3388 2247 3686 2315 sententia,

2105 2350 2213 2407 qua
2244 2337 2412 2389 dicit:
2455 2353 2475 2386 ι
2509 2332 2614 2389 Ubi
2642 2343 2823 2389 autem
2860 2350 2968 2389 non
3000 2344 3083 2389 est
3114 2335 3224 2401 lex,
3272 2350 3375 2391 nec
3424 2340 3691 2405 prmvari-

2105 2428 2254 2483 catio
2278 2427 2347 2482 δ’.
2381 2447 2401 2481 ι
2434 2429 2590 2497 Apud
2615 2425 2832 2482 Iudaeos
2861 2427 3083 2496 quidem
3132 2427 3307 2498 legem
3359 2427 3530 2500 Moysi
3566 2444 3690 2485 esse

2106 2518 2455 2574 manifestum
2484 2527 2607 2573 est:
2642 2518 2785 2587 apud
2812 2518 3049 2588 gentiles
3092 2534 3222 2574 vero
3271 2519 3445 2589 legem
3479 2532 3690 2575 natura:

2104 2624 2228 2666 esse
2255 2609 2544 2665 conﬁrmat
2599 2607 2736 2681 (14),
2797 2624 2920 2678 quae
2974 2610 3289 2666 testimonio
3336 2611 3689 2667 conscientia:

2106 2711 2302 2774 arguat
2333 2701 2759 2770 delinquentem.
2796 2700 2897 2756 Ubi
2932 2717 3064 2773 ergo
3094 2704 3391 2773 qumrimus
3412 2705 3689 2759 hominem

2106 2793 2160 2847 iu
2196 2808 2302 2861 quo
2329 2808 2439 2848 non
2480 2793 2553 2848 sit
2580 2793 2685 2857 lex,
2718 2802 2774 2848 et
2803 2793 2894 2862 qui
2917 2806 3015 2862 per
3040 2795 3139 2849 hoc
3175 2809 3280 2848 non
3305 2793 3555 2849 videatur
3570 2810 3692 2850 esse

2106 2884 2161 2939 in
2194 2870 2646 2955 praevaricatione
2681 2884 2915 2954 peccati,
2957 2885 3087 2953 quia
3118 2894 3172 2939 et
3209 2886 3325 2955 ipse
3372 2885 3574 2940 Paulus
3622 2889 3691 2940 de

2108 2975 2407 3045 semetipso
2438 2975 2615 3030 dicit:
2674 2995 2693 3027 ι
2730 2974 2843 3043 Ego
2878 2986 3057 3028 autem
3104 2975 3360 3030 vivebam
3409 2975 3528 3030 sine
3574 2975 3690 3044 lege

2106 3064 2531 3138 aliquandoWh
2556 3067 2787 3133 Quando
2814 3065 3016 3120 Paulus
3064 3066 3180 3120 sine
3231 3066 3544 3135 legevixit,
3593 3068 3689 3136 qui

2110 3175 2327 3213 rursum
2363 3159 2430 3213 de
2456 3159 2750 3228 semetipso
2797 3159 2969 3214 dicit:
3008 3176 3027 3208 ι
3074 3158 3446 3214 Circumcisus
3493 3169 3688 3214 octava

2108 3252 2195 3306 die
2225 3252 2339 3323 (l5)
2378 3249 2641 3306 Hebraeus
2669 3264 2735 3302 ex
2766 3248 3005 3303 Hebraeis
3027 3249 3112 3302 “‘1
3142 3268 3160 3301 ι
3219 3248 3503 3315 Quomodo
3553 3266 3686 3320 ergo

2106 3359 2296 3398 verum
2321 3344 2426 3398 erit
2454 3359 2576 3398 eum
2617 3343 2907 3412 aliquando
2933 3342 3050 3396 sine
3080 3342 3196 3413 lege
3225 3343 3451 3410 vixisse,
3475 3343 3566 3412 qui
3597 3359 3691 3398 oc-

2110 3447 2229 3490 tava
2261 3436 2348 3490 die
2377 3434 2489 3507 (16)
2516 3435 2816 3488 nativitatis
2841 3449 2951 3489 sum
2982 3434 3193 3505 signum
3249 3434 3689 3489 circumcisionis

2105 3542 2173 3583 ex
2204 3528 2318 3597 lege
2347 3526 2623 3598 suscepit?
2657 3525 2809 3583 Unde
2834 3535 3051 3582 constat
3085 3535 3212 3582 tunc
3244 3526 3362 3581 ﬁeri
3412 3526 3690 3582 hominem

2106 3621 2207 3676 sub
2245 3620 2387 3690 lege,
2420 3621 2638 3690 quando
2670 3621 2738 3675 ad
2769 3621 2822 3675 id
2866 3620 3045 3674 aetatis
3090 3621 3325 3685 venerit,
3378 3630 3438 3673 ut
3484 3619 3690 3690 eligere

2105 3711 2300 3780 possit,
2335 3722 2390 3766 et
2418 3712 2730 3767 discernere
2757 3709 2886 3779 quid
2909 3711 2981 3763 sit
3027 3708 3110 3763 lex
3140 3725 3155 3762 :
3204 3726 3304 3765 nec
3347 3711 3499 3780 prius
3555 3710 3694 3780 legis

2108 3802 2252 3857 illius
2279 3803 2624 3858 extrinsecus
2645 3803 2837 3874 jugum
2876 3801 3179 3871 suscipere,
3224 3817 3388 3872 quam
3437 3802 3688 3868 internae,

2107 3904 2162 3948 et
2191 3893 2460 3948 naturalis
2508 3892 2646 3965 legis
2692 3894 2894 3948 habere
2944 3892 3172 3961 incipiat
3199 3892 3314 3962 (17)
3346 3891 3688 3946 ﬁrmitatem.

2107 3985 2352 4053 Denique
2387 3985 2441 4039 in
2473 3999 2539 4039 eo
2570 3984 2689 4040 loco
2715 3985 2807 4040 ubi
2832 3985 3008 4041 dixit:
3048 4003 3066 4037 ι
3091 3984 3203 4055 Ego
3227 3993 3405 4039 autem
3444 3984 3689 4039 vivebam

2106 4078 2229 4131 sine
2278 4076 2396 4146 lnge
2447 4076 2766 4143 aliquando,
2797 4095 2818 4129 ι
2864 4076 3115 4130 addidit:
3181 4092 3201 4127 ι
3235 4076 3340 4130 Sed
3399 4076 3487 4129 ubi
3542 4076 3694 4131 venit

2107 4169 2447 4231 inandatum,
2477 4175 2764 4237 peccatum
2789 4166 2986 4221 revixit
3008 4166 3079 4220 ".
3102 4185 3123 4218 ι
3171 4165 3226 4219 In
3261 4180 3370 4236 quo
3418 4165 3524 4220 hoc
3571 4165 3694 4235 qui-

2108 4260 2234 4315 dem
2267 4259 2530 4324 ostendit,
2565 4258 2690 4328 quia
2730 4258 2786 4313 in
2821 4258 3054 4329 pueritia
3090 4259 3244 4327 prius
3272 4271 3433 4327 quam
3489 4257 3696 4311 discre-

2110 4352 2314 4407 tionem
2340 4351 2466 4422 quis
2492 4351 2695 4406 habeat
2724 4350 2855 4406 boni
2883 4361 2937 4405 et
2977 4350 3126 4415 mali,
3159 4350 3277 4404 sine
3306 4348 3424 4419 lege
3455 4363 3577 4403 esse
3605 4349 3693 4403 div

2107 4444 2289 4509 citur;
2324 4458 2448 4498 cum
2483 4442 2649 4497 etiam
2682 4441 2727 4497 si
2759 4451 2978 4510 peccat,
3009 4442 3135 4511 quia
3162 4440 3249 4496 lex
3285 4441 3339 4496 in
3359 4456 3426 4495 eo
3451 4457 3557 4496 non
3584 4449 3690 4505 est,

420 4550 488 4593 eo
534 4544 832 4609 sumpserit
859 4544 1006 4611 quod
1050 4544 1320 4615 scriptum
1359 4555 1445 4599 est
1471 4543 1552 4598 ’δι
1591 4562 1611 4596 ι
1640 4543 1757 4598 Non
1792 4552 1877 4599 est
1910 4543 2005 4613 qui
2034 4540 2080 4596 D
2110 4543 2395 4605 peccatum
2437 4534 2486 4588 ei
2522 4549 2628 4588 non
2677 4533 2980 4603 imputatur
3005 4531 3073 4587 “.
3110 4532 3259 4595 Cum
3309 4546 3442 4587 vero
3484 4531 3693 4587 discre-

422 4629 590 4686 l'aciat
623 4633 947 4700 bonitatem,
980 4652 1088 4691 non
1122 4646 1206 4692 est
1233 4651 1408 4706 usque
1433 4638 1501 4692 ad
1531 4653 1701 4692 unum
1731 4635 1876 4708 (ll):
1905 4655 1924 4689 ι
1952 4635 2006 4690 iu

421 4734 532 4791 quo
565 4725 734 4779 etiam
767 4726 812 4781 si
836 4741 1021 4783 sermo
1052 4730 1300 4783 converti
1335 4729 1572 4795 videtur,
1601 4742 1794 4783 sensus
1826 4737 2007 4783 tamen

422 4829 566 4870 unus
594 4816 848 4888 idemque
880 4828 1154 4875 servatur.
1196 4820 1352 4888 Quod
1386 4834 1516 4876 vero
1547 4820 1603 4874 in
1660 4835 2009 4890 consequen—

422 4906 571 4961 tibus
620 4908 856 4966 dicitur:
901 4928 921 4962 ι
960 4910 1286 4981 Sepulcrum:
1330 4922 1527 4983 patens
1555 4922 1642 4968 est
1676 4923 1865 4984 guttur
1907 4927 2007 4969 eoa

422 5014 567 5066 rum,
599 5001 797 5072 linguis
827 5004 941 5059 suis
972 5006 1162 5061 dolose
1188 5007 1431 5077 agebant
1461 5005 1628 5070 ⁸⁵,ιίιι
1667 5005 1860 5075 quinto
1889 5004 2005 5079 (12)

418 5093 631 5159 psalmo
662 5097 917 5165 reperies.
947 5096 1080 5153 Post
1104 5099 1205 5154 hoc
1232 5122 1244 5156 :
1275 5117 1295 5151 ι
1326 5097 1605 5154 Venenum
1630 5098 1879 5168 aspidum
1904 5098 2005 5153 sub

493 5233 542 5267 ³³
563 5234 724 5289 Rom.
759 5250 822 5300 ιι,
848 5235 934 5290 17.
1014 5235 1062 5269 ⁸ο
1087 5235 1215 5291 ibid.
1241 5236 1334 5291 21.
1418 5236 1462 5268 ³¹
1492 5234 1652 5290 Rom.
1680 5250 1764 5302 ιιι,
1794 5234 1848 5291 9.

1932 5232 1982 5264 ³¹
2012 5231 2171 5285 Rom.
2205 5244 2297 5294 ιιι,
2329 5226 2422 5282 11.

425 5306 642 5380 I_n,_l3;
668 5293 820 5360 Psal:
841 5305 1045 5380 ν,11.ῂ
1077 5307 1126 5380 ξ’
1153 5306 1280 5361 ibid.
1306 5315 1362 5361 et
1381 5293 1771 5380 p_sal._cx_xxlx,
1806 5306 1860 5380 ξ.
1909 5303 1982 5380 *⁸⁷

2104 5316 2177 5380 ip.
2206 5293 2290 5380 ut,
2320 5297 2419 5362 l4;
2455 5295 2713 5380 PfalLlX,
2749 5293 2842 5380 ’1.υ
2879 5293 3216 5380 ’ξ’-,ιὶοιιιεέιιιζ

420 5372 457 5425 ἰ
477 5360 676 5440 ;ἰ>νδῆ.
730 5392 805 5437 Vl.
842 5360 929 5431 is.
970 5360 1050 5410 5'
1077 5360 1246 5431 Rom.
1281 5360 1361 5441 ιιι,
1382 5360 1498 5443 ἰδς
1529 5360 1653 5431 Isai.
1683 5360 1795 5435 le.
1821 5375 1878 5436 7.
1904 5374 1960 5430 ε.

2110 5360 2453 5443 Ρξιιιζξιέν,
2486 5367 2549 5434 2;
2585 5366 2745 5443 R_o_m.
2783 5363 2984 5432 111,17.
3055 5360 3101 5394 δι
3128 5361 3264 5416 ihi'd.
3303 5360 3358 5416 9.

2117 4629 2319 4684 tionem
2358 4626 2483 4680 boni
2518 4625 2757 4694 malique
2789 4623 3087 4693 acceperit,
3125 4622 3343 4678 venisse
3386 4623 3437 4678 ei
3491 4622 3692 4678 dicitur

2112 4719 2228 4785 lex,
2267 4728 2323 4774 et
2349 4717 2565 4773 dedisse
2592 4717 2869 4771 mandata.
2910 4713 3012 4770 Ubi
3041 4723 3220 4769 autem
3250 4715 3394 4768 inest
3420 4712 3501 4767 vis
3539 4727 3693 4766 man—

2113 4811 2260 4874 dati,
2290 4810 2398 4865 hoc
2435 4818 2553 4875 est,
2603 4805 2942 4864 conscientia
2979 4809 3335 4875 redarguens,
3380 4813 3688 4874 peccatmu,

2114 4904 2257 4973 quod
2308 4903 2460 4974 prius
2489 4902 2544 4956 in
2572 4915 2639 4956 eo
2672 4910 2945 4956 mortuum
2983 4908 3124 4963 erat,
3167 4896 3371 4952 dicitur
3403 4896 3688 4953 revixisse.

2114 4994 2196 5050 Ex
2244 4995 2348 5051 hoc
2393 5007 2524 5065 ergo
2552 4991 2668 5063 jam
2719 5001 2964 5062 tempore
2992 4991 3037 5045 si
3070 4991 3191 5059 quis
3236 4989 3436 5044 subdat
3473 5001 3535 5043 se
3583 4987 3689 5056 legi

2112 5089 2309 5160 Moysi,
2329 5097 2392 5143 ut
2415 5100 2537 5141 eam
2560 5083 2856 5142 secundum
2887 5083 3125 5139 litteram
3155 5081 3428 5144 observet,
3460 5077 3689 5137 edicitur

2497 5224 2546 5259 ³³
2590 5222 2721 5281 ibid.
2752 5221 2842 5277 10.
2918 5220 2968 5255 ⁸⁸
2993 5219 3137 5277 Psal.
3161 5234 3284 5283 xm,
3314 5218 3370 5272 2.
3450 5216 3495 5250 ³⁸
3528 5215 3688 5275 ROm.

2879 5292 2927 5324 ³⁸
2950 5292 3111 5347 Rom.
3146 5306 3229 5353 ιιι,
3279 5288 3380 5356 l5;
3418 5286 3539 5343 lsai.
3574 5302 3690 5352 ιιι,

2892 5363 2984 5412 17.
3055 5360 3101 5394 δι
3128 5361 3264 5412 ibi'd.
3303 5360 3358 5412 9.
3449 5358 3496 5390 “
3526 5357 3688 5412 Rom.

3575 5375 3688 5413 0111.

423 5436 499 5513 tv,
528 5445 616 5501 15.
694 5445 740 5478 ⁸³
768 5446 927 5502 Rom.
953 5463 1051 5514 vn,
1077 5447 1133 5503 9.
1208 5446 1256 5480 “
1283 5436 1496 5517 Philip;
1510 5461 1597 5514 ιιι,
1630 5447 1687 5503 5.
1761 5446 1808 5480 ⁴⁸
1833 5446 1992 5501 ιὶυιιι.

2104 5482 2121 5511 ,
2148 5440 2203 5496 9.
2278 5439 2324 5471 “
2351 5439 2512 5494 Rom.
2535 5451 2593 5503 v,
2617 5436 2706 5491 15.

500 5556 610 5628 (1ο)
647 5559 768 5614 Ubi.
801 5560 859 5616 in
888 5560 1050 5617 editis
1075 5562 1367 5618 omittitur.

526 5628 610 5705 11)
642 5631 834 5705 Ειιίιῐμ
866 5646 971 5685 non
999 5644 1085 5705 est
1110 5648 1286 5705 usque
1311 5635 1380 5688 ad
1423 5647 1593 5688 unum
1623 5633 1718 5704 qui
1756 5630 1944 5688 faciat.
1981 5648 2001 5683 ι

523 5700 612 5762 12)
639 5702 752 5763 AL,
794 5721 813 5755 ι
851 5704 1105 5757 secundo.
1135 5721 1154 5753 ι

531 5770 613 5846 lo)
653 5773 818 5846 ltditi,
850 5791 877 5846 5
913 5772 1287 5846 relinquamus
1313 5773 1531 5842 quidem
1564 5773 1669 5831 hoc
1693 5775 1926 5846 ipsum.»

500 5841 615 5913 (14)
647 5843 757 5910 AL,
791 5864 809 5895 ι
840 5843 1021 5898 ﬁrmat
1052 5844 1146 5915 (αι.
1182 5841 1437 5914 aliirmat)
1461 5859 1591 5914 quo.
1623 5864 1642 5897 ι

2185 5556 2299 5629 (15)
2317 5557 2425 5630 Sic
2453 5568 2587 5630 mss2
2621 5552 2735 5608 fere
2763 5564 2976 5630 omnes,
3010 5547 3397 5630 Qtiidam_vero
3425 5560 3549 5630 cum
3572 5542 3690 5600 edi-

2116 5618 2206 5693 tis,
2237 5646 2256 5679 ι
2281 5624 2751 5681 circumcisionem
2787 5621 2970 5689 accepi
3010 5619 3190 5693 octavi
3229 5618 3361 5686 diei,
3394 5635 3415 5669 ι
3440 5627 3545 5673 etc.

2186 5691 2300 5767 (16)
2327 5697 2442 5751 Die.
2472 5695 2635 5767 Deest
2670 5695 2722 5747 in
2753 5703 2909 5747 antea
2937 5691 3118 5748 editis.

2188 5764 2303 5840 (l7)
2334 5768 2443 5834 AL,
2474 5783 2495 5818 ι
2531 5764 2813 5834 inciperet.
2844 5779 2866 5815 1
