4170 6412
456 341 553 397 931

1921 342 2081 399 ORIG
2092 341 2247 397 ENlS

3628 340 3736 399 93?.

459 457 513 509 in
551 456 843 514 manifesto
870 457 1091 516 Judacus
1119 459 1185 517 ⁸⁷.
1213 459 1271 516 Si
1302 475 1433 517 vero
1461 461 1761 517 secundum
1795 461 2047 530 spiritum
2080 465 2121 519 Α
2155 458 2301 510 niam
2338 464 2391 510 ιιι
2422 454 2629 512 scelera
2657 453 2825 510 multa
2856 455 3174 522 committis,
3206 463 3264 510 et
3290 452 3418 509 talia
3463 466 3590 511 sunt
3616 471 3740 527 qua:

456 563 579 602 eam
605 557 888 617 sequatur,
919 550 1160 606 efﬁcitur
1194 552 1247 606 in
1280 552 1502 608 occulto
1523 549 1761 607 Judazus.
1792 551 1919 607 llaec
1944 567 2045 621 pro

456 654 522 692 eo
539 640 681 709 quod
708 639 916 695 dictum
938 649 1058 696 est:
1080 661 1098 694 ‹
1121 642 1344 697 Causati
1365 641 1510 696 enim
1544 657 1730 697 sumus
1751 641 1968 697 Iudaeos
1992 653 2044 699 et

456 728 678 785 Graecos
708 747 899 788 omnes
934 734 1037 789 sub
1070 742 1297 803 peccato
1327 749 1449 790 esse
1470 733 1537 787 ⁸⁸.
1564 753 1583 786 ι
1622 734 1847 789 Scilicet
1885 752 1905 786 ‹
1928 749 2047 789 om-

456 830 553 873 nes
586 839 604 870 ι
643 821 985 892 intelligatur
1016 826 1087 879 de
1119 824 1229 880 illis
1258 825 1489 891 dictum,
1520 839 1658 894 quos
1691 824 1776 880 vel
1810 825 2042 879 naturali

454 912 538 965 vel
567 913 770 981 scripta
802 914 920 984 lege
944 931 1010 970 ne
1034 926 1265 985 peccent
1287 927 1502 971 constat
1532 918 1773 972 edoceri.
1823 916 1963 972 Nam
1991 930 2049 974 et

454 1007 521 1057 de
545 1006 795 1075 gentibus
821 1009 922 1062 sub
955 1020 1181 1079 peccato
1216 1010 1376 1065 lactis
1406 1011 1597 1065 eodem
1627 1012 1793 1066 modo
1836 1011 2044 1066 intelli-

454 1097 632 1164 gimus
663 1112 770 1166 quo
805 1114 973 1168 supra
1002 1101 1272 1156 diximus:
1307 1117 1432 1157 cum
1460 1103 1733 1173 cmperint
1777 1104 2046 1159 naturali-

457 1198 541 1243 ter
564 1205 686 1259 qua-
716 1191 852 1262 legis
875 1202 1002 1247 sunt
1031 1194 1216 1251 facere
1236 1196 1305 1262 δ’,
1327 1208 1383 1250 et
1409 1197 1507 1266 ipsi
1531 1196 1633 1252 sibi
1655 1211 1775 1251 esse
1795 1195 1905 1262 lex,
1932 1205 2044 1252 tum

455 1277 866 1347 redarguuntur
910 1296 940 1334 a
978 1284 1311 1339 conscientia
1354 1285 1408 1339 in
1439 1286 1524 1341 his
1570 1301 1694 1355 qua:
1742 1299 1934 1341 contra
1970 1286 2048 1342 le-

455 1381 576 1435 gem
612 1366 793 1423 lacere
825 1370 1097 1426 videntur.
1137 1373 1365 1444 Propter
1386 1378 1530 1445 quod
1562 1386 1616 1431 et
1640 1387 2047 1448 consequenter

456 1460 590 1515 mihi
625 1462 883 1518 videntur
913 1480 1043 1520 vere
1081 1468 1322 1524 sensisse
1355 1469 1433 1534 hi,
1478 1470 1568 1539 qui
1612 1469 1786 1540 legem
1837 1480 2047 1527 natura:

451 1548 627 1619 legem
664 1551 757 1606 Dei
783 1554 999 1620 dicunt,
1033 1554 1205 1624 legem
1256 1567 1439 1613 autem
1496 1558 1666 1630 Moysi
1704 1560 1876 1632 legem
1907 1563 2047 1617 scri—

450 1650 600 1710 ptam
636 1645 912 1715 appellant
936 1645 1075 1717 (l8).
1114 1647 1170 1703 Si
1203 1663 1334 1719 ergo
1358 1649 1562 1704 Paulus
1579 1651 1647 1706 de
1666 1651 1785 1723 lege
1812 1653 2045 1724 scripta,

455 1734 557 1789 hoc
584 1745 668 1789 est
702 1737 768 1792 de
790 1737 927 1808 ,lcge
948 1737 1143 1810 Moysi,
1178 1739 1429 1795 diceret:
1470 1760 1490 1793 ι
1531 1742 1825 1798 Peccatum
1858 1754 2041 1800 autem

452 1841 559 1879 non
586 1826 909 1897 imputatur,
944 1846 1068 1887 cum
1102 1832 1191 1888 lex
1221 1849 1328 1888 non
1360 1845 1444 1889 est
1466 1835 1538 1899 5°,
1573 1855 1592 1888 ›
1641 1837 1917 1893 videbitur
1939 1853 2040 1893 nec

452 1917 584 1972 Cain
618 1929 932 1988 reputatum
985 1938 1107 1980 esse
1135 1933 1422 1994 peccatum
1467 1926 1610 1997 (19),
1644 1943 1745 1983 nec
1789 1929 1897 1984 illis
1946 1931 2040 2000 qui

453 2008 657 2064 diluvio
681 2008 983 2081 perierunt,
1020 2030 1123 2070 nec
1154 2017 1263 2071 illis
1304 2033 1444 2088 quos
1496 2020 1550 2073 in
1599 2018 1854 2076 Sodomis
1902 2021 2041 2092 ignis

451 2102 778 2173 absumpsit.
831 2103 938 2160 Sed
986 2108 1246 2177 quoniam
1289 2111 1541 2166 videmus
1585 2110 1691 2166 illis
1721 2126 1826 2166 non
1867 2113 2041 2168 solum

452 2202 703 2261 reputala
727 2209 847 2251 esse
863 2207 1109 2265 peccata,
1142 2200 1235 2254 sed
1267 2208 1322 2254 et
1351 2199 1615 2255 ultionem
1642 2201 1694 2255 in
1714 2215 1808 2256 eos
1830 2203 2040 2268 datam,

449 2285 763 2339 Ostenditur
791 2303 858 2340 ex
890 2288 975 2342 his
1005 2289 1072 2343 de
1102 2289 1333 2344 naturali
1382 2289 1502 2361 lege
1545 2290 1772 2346 Paulum
1831 2293 2040 2361 dicere,

450 2389 597 2443 quire,
624 2387 851 2446 excepta
880 2378 1055 2448 prima
1082 2389 1247 2434 aetate
1271 2383 1543 2450 pueritiae,
1570 2381 1624 2436 in
1653 2384 1908 2440 omnibus
1939 2387 2042 2441 ho-

452 2465 690 2521 minibus
719 2469 893 2522 inest:
928 2480 981 2523 et
1009 2486 1108 2539 per
1143 2472 1244 2526 hoc
1273 2474 1578 2529 rectissime
1609 2475 1740 2530 dicit
1770 2492 1785 2528 :
1836 2493 1856 2528 t
1896 2475 2040 2534 Cau-

451 2558 556 2611 Sati
593 2558 737 2612 enim
768 2574 957 2613 sumus
992 2559 1209 2615 Juda‘os
1234 2574 1288 2615 et
1321 2562 1542 2618 Graecos
1571 2579 1763 2620 omnes
1792 2564 1893 2620 sub
1914 2580 2043 2636 pec-

453 2658 579 2702 cato
603 2663 746 2704 esse.
784 2669 803 2702 ›
843 2650 1005 2722 506
1040 2653 1193 2708 Unde
1237 2669 1344 2708 non
1388 2656 1519 2717 mihi
1559 2657 1773 2712 videtur
1812 2658 2039 2729 quidam

452 2740 569 2810 (20)
591 2756 655 2796 ex
691 2742 1033 2812 sapientibus
1059 2753 1250 2799 contra
1288 2746 1552 2802 rationem
1597 2748 1875 2814 deﬁnisse,
1898 2750 2041 2820 quod

451 2837 507 2891 in
538 2839 682 2890 omni
725 2839 1038 2893 mortalium
1074 2856 1293 2910 genere,
1344 2856 1468 2897 cum
1505 2843 1574 2896 ad
1621 2842 1673 2896 id
1704 2843 1883 2898 astatis
1909 2857 2040 2898 ven-

453 2936 568 2981 tum
605 2927 769 2983 fuerit
794 2928 882 2983 ubi
910 2930 1293 2986 discretionem
1324 2933 1454 2985 recti
1493 2933 1756 3002 pravique
1790 2932 2038 3004 ingressu

452 3020 723 3075 naturalis
750 3020 884 3091 legis
906 3023 1028 3091 quis
1065 3025 1326 3093 excipiat,
1366 3025 1545 3093 primo
1589 3024 1837 3078 omnium
1883 3024 2042 3080 mali-

451 3111 583 3164 tiam
609 3113 883 3177 suscitari,
915 3124 1036 3181 post
1066 3115 1181 3169 haec
1207 3114 1321 3183 iam
1354 3115 1778 3181 eruditionibus,
1818 3115 2039 3172 institu-

2148 549 2285 618 agis,
2315 559 2374 603 ut
2406 563 2598 603 omnes
2621 549 3059 619 supergrediaris
3087 551 3140 603 in
3173 546 3553 617 magnitudine
3602 562 3734 617 pec-

2146 650 2415 703 catorum,
2446 640 2511 693 ad
2542 641 3007 709 comparationem
3042 639 3317 694 scelerum
3364 649 3580 693 tuorum
3616 637 3733 707 iam

2147 727 2382 783 Sodoma
2415 728 2711 798 iustiﬁcata
2764 739 2870 785 est.
2908 729 2996 785 -Ει
3039 729 3129 784 hic
3179 744 3312 801 ergo
3371 730 3515 799 quod
3554 729 3733 784 dixit:

2150 840 2170 873 ‹
2202 819 2316 875 Νοιι
2345 821 2738 891 iustiﬁcabitur
2769 820 2823 874 in
2853 830 3147 890 conspectu
3174 830 3271 901 tuo
3289 820 3469 874 omnis
3486 820 3731 883 vivens,»

2147 928 2253 967 non
2282 912 2389 967 hoc
2417 911 2610 967 sentiri
2633 911 2805 967 voluit
2832 912 2975 982 quod
3001 927 3111 966 non
3135 911 3529 982 iustiﬁcabitur
3557 912 3736 966 onmis

2144 1007 2354 1072 vivens,
2385 1006 2479 1060 sed
2519 1022 2539 1055 ι
2578 1004 2630 1058 in
2659 1014 2953 1075 conSpectu
2987 1014 3101 1067 tuo,
3124 1021 3143 1055 ι
3179 1003 3280 1058 hoc
3310 1012 3394 1058 est
3470 1003 3587 1069 Dei,
3628 1018 3737 1058 non

2140 1095 2551 1165 iuSIilicabitur.
2585 1095 2951 1162 Quantumvis
2980 1096 3126 1150 enim
3163 1095 3287 1164 quis
3307 1094 3509 1162 justus,
3553 1110 3734 1165 quan-

2145 1190 2344 1244 tumvis
2366 1198 2592 1243 sanctus
2615 1188 2705 1253 sit,
2754 1202 2859 1241 non
2909 1187 3087 1242 solum
3141 1186 3287 1240 inter
3320 1187 3598 1253 homines,
3635 1186 3732 1242 sed

2144 1291 2198 1335 et
2234 1281 2287 1335 in
2317 1282 2571 1352 supernis
2598 1292 2763 1351 atque
2795 1282 3255 1336 eminentioribus
3303 1280 3596 1347 creaturis,
3660 1279 3730 1334 ad
3786 1344 3794 1351 ε

2144 1374 2614 1441 comparationem
2647 1372 2741 1429 Dei
2777 1382 2988 1428 certum
3018 1384 3101 1428 cst
3133 1388 3256 1430 eum
3290 1372 3582 1443 iustiﬁcari
3624 1387 3733 1427 non

2146 1479 2328 1533 posse.
2373 1465 2620 1534 Denique
2654 1474 2708 1519 et
2743 1465 2795 1518 in
2829 1464 3153 1536 Apocalypsi
3190 1463 3419 1520 Joannis
3436 1464 3510 1529 ",
3541 1464 3636 1519 ubi
3666 1463 3736 1518 li-

2146 1559 2245 1614 ber
2277 1559 2530 1627 signatus
2563 1557 2789 1611 oll‘ertur
2829 1557 2882 1611 in
2913 1568 3209 1626 conspectu
3255 1557 3452 1612 vetusti
3491 1556 3730 1620 dierum,

2144 1661 2199 1703 et
2238 1650 2501 1718 quaeritur
2525 1664 2592 1704 ex
2629 1649 2778 1704 omni
2818 1649 2991 1714 tribu,
3018 1649 3225 1720 lingua,
3260 1658 3315 1705 et
3350 1648 3586 1720 populis,
3636 1648 3730 1718 qui

2144 1756 2270 1796 eum
2296 1742 2467 1811 possit
2509 1742 2745 1810 aperire,
2782 1740 2971 1795 nullus
3021 1741 3274 1795 inventus
3307 1749 3391 1794 est
3422 1739 3530 1793 nisi
3580 1738 3730 1793 solus

2072 1822 2113 1877 Β
2144 1834 2332 1904 Agnus
2378 1836 2445 1889 de
2484 1833 2625 1888 tribu
2673 1831 2832 1897 Juda,
2870 1832 2964 1902 qui
3005 1832 3337 1902 iustiﬁcatus
3389 1840 3473 1887 est
3505 1831 3557 1885 in
3601 1845 3736 1886 con-

2157 1936 2345 1996 spectu
2378 1925 2473 1980 Dei
2514 1940 2529 1978 :
2576 1935 2632 1979 et
2684 1926 2797 1993 ipse
2834 1925 2981 1979 solus
3018 1924 3216 1978 librum
3252 1923 3455 1977 meruit
3494 1923 3734 1993 aperire,

2143 2020 2233 2087 qui
2282 2020 2432 2074 solus
2472 2019 2588 2089 ipse
2627 2027 2713 2073 est
2750 2036 2769 2068 ε
2803 2017 2894 2086 qui
2940 2018 3138 2086 aperit,
3181 2025 3236 2070 et
3274 2030 3435 2071 nemo
3487 2014 3731 2083 claudit;

2143 2106 2348 2161 claudit
2380 2116 2435 2160 et
2483 2121 2645 2161 nemo
2702 2107 2880 2175 aperit
2910 2105 2978 2159 '°.
3020 2125 3038 2155 ι
3075 2105 3236 2160 Solus
3290 2119 3423 2176 ergo
3477 2104 3734 2160 Salvator

2143 2209 2329 2255 noster
2373 2200 2638 2254 Dominus
2669 2197 2834 2253 Iesus
2867 2198 3119 2254 Christus
3143 2197 3476 2266 iustiﬁcatur
3507 2199 3561 2255 in
3594 2212 3734 2253 con-
3772 2238 3773 2241 η

2143 2298 2329 2359 spectu
2364 2288 2565 2355 Patris,
2599 2290 2725 2359 quia
2759 2306 2779 2341 ι
2814 2304 3157 2359 quaecunque
3208 2288 3340 2343 facit
3386 2288 3571 2355 Pater,
3616 2288 3734 2343 haec

2141 2390 2198 2436 et
2231 2380 2406 2437 Filius
2442 2381 2576 2436 facit
2614 2381 2875 2437 similiter
2904 2382 3004 2435 ⁸⁷.»
3042 2381 3236 2437 Omnis
3268 2390 3448 2435 autem
3476 2389 3731 2435 creatura

2142 2489 2207 2530 ex
2230 2473 2978 2544 comparationeinferiorum
2997 2474 3348 2543 iustiﬁcatur.
3378 2470 3448 2527 Ut
3474 2472 3542 2540 si,
3579 2470 3733 2527 verbi

2141 2581 2335 2631 causa,
2379 2565 2632 2620 dicamus
2670 2581 2684 2618 :
2717 2564 2783 2618 ad
2828 2564 3285 2633 comparationem
3319 2564 3517 2634 reliqui
3545 2563 3732 2633 populi

2136 2655 2286 2729 iusta
2315 2656 2418 2712 fuit
2449 2655 2618 2711 Maria
2654 2670 2813 2711 soror
2838 2655 3043 2726 Moysi:
3071 2666 3126 2711 et
3156 2672 3375 2712 rursum
3405 2657 3473 2711 ad
3508 2671 3733 2723 compa-

2141 2747 2410 2803 rationem
2461 2746 2647 2803 Mariaa
2676 2750 2858 2817 iustus
2886 2758 3010 2801 erat
3049 2752 3270 2801 Aaron:
3319 2755 3373 2802 et
3414 2747 3614 2801 iterum
3660 2746 3731 2801 ad

2140 2839 2607 2910 comparationem
2637 2839 2848 2903 Aaron,
2871 2837 3055 2906 iustus
3088 2847 3205 2893 erat
3240 2836 3477 2909 Moyses.
3528 2835 3731 2892 Beatus

2143 2940 2323 2985 tamen
2357 2914 2441 2984 est
2471 2930 2561 2999 qui
2584 2944 2650 2985 ex
2676 2930 3089 3000 comparatione
3117 2929 3403 2986 meliorum
3424 2929 3609 2999 iustus
3628 2944 3728 2996 ap-

2141 3020 2396 3090 pellatur,
2425 3027 2479 3073 et
2507 3035 2611 3073 non
2642 3035 2708 3075 ex
2740 3021 3146 3091 comparatione
3168 3020 3556 3089 pessimorum,
3585 3019 3731 3075 sicut

2144 3110 2406 3178 Sodoma,
2443 3126 2567 3180 qua:
2601 3126 2669 3166 ex
2715 3112 3130 3182 comparatione
3175 3110 3483 3167 Jerusalem
3526 3110 3729 3180 justiﬁ-

450 3202 545 3267 tis,
576 3202 797 3257 monitis
846 3203 1110 3273 paulatim
1145 3220 1267 3260 eam
1303 3205 1522 3276 depelli,
1569 3214 1626 3260 et
1673 3206 1741 3261 ad
1772 3206 2035 3262 virtutem
2068 3178 2108 3235 Ο
2144 3214 2268 3259 cata
2300 3213 2654 3259 memoratur.
2703 3204 2857 3260 Unde
2902 3213 2957 3258 et
2987 3218 3088 3274 ego
3124 3217 3320 3258 vereor
3362 3217 3527 3284 nepex
3570 3203 3729 3259 nobis

452 3293 706 3347 transiri.
746 3293 998 3350 Consona
1035 3311 1274 3365 namque
1316 3296 1403 3352 his
1432 3298 1599 3352 etiam
1641 3295 1849 3354 Paulus
1896 3300 2034 3354 mihi

448 3387 691 3441 sensisse
723 3387 943 3442 videtur
974 3388 1026 3442 in
1050 3402 1115 3443 eo
1146 3390 1289 3458 quod
1317 3389 1489 3445 dicit:
1542 3407 1563 3442 ι
1603 3389 1711 3445 Sed
1753 3392 1842 3446 ubi
1886 3393 2038 3446 venit

448 3479 791 3547 mandatum,
822 3491 1108 3550 peccatum
1137 3481 1359 3536 revixit.
1384 3500 1406 3535 ι
1429 3481 1535 3538 Sed
1560 3491 1617 3538 et
1645 3481 2034 3539 Salvatorcum

450 3568 583 3624 dicit
608 3570 661 3624 in
689 3569 1032 3640 Evangeliis:
1069 3589 1089 3622 ε
1127 3568 1241 3626 Nisi
1273 3572 1568 3639 venissem,
1614 3581 1672 3627 et
1704 3571 1919 3629 locutus
1954 3573 2037 3630 eis

450 3660 698 3723 fuissem,
737 3673 1024 3732 peccatum
1050 3677 1157 3717 non
1193 3662 1503 3719 haberent:
1541 3678 1689 3718 nunc
1715 3671 1902 3719 autem
1932 3681 2035 3720 ex-

449 3752 788 3808 cusationem
820 3770 926 3809 non
956 3754 1161 3809 habent
1186 3756 1254 3809 de
1280 3764 1506 3825 peccato
1536 3770 1635 3810 suo
1656 3755 1725 3821 δι,
1757 3776 1776 3808 ι
1822 3757 2036 3812 videbi-

448 3854 538 3896 tur
564 3845 866 3899 secundum
898 3846 1039 3900 hanc
1065 3847 1271 3901 dixisse
1318 3847 1608 3913 rationem,
1641 3848 1786 3916 quod
1837 3847 2036 3909 virtute

450 3952 514 3990 ea
544 3952 649 4006 qua
679 3936 889 4005 replere
927 3936 1040 4010 (9.1)
1064 3939 1263 3993 dicitur
1280 3940 1566 4006 mundum,
1589 3938 1657 3992 ad
1681 3953 2036 4009 unumquem-

446 4045 554 4098 que
586 4031 859 4085 hominem
888 4031 1094 4098 veniat,
1127 4042 1181 4085 et
1209 4031 1462 4101 loquatur
1493 4032 1546 4086 in
1584 4032 1750 4086 corde
1790 4031 1929 4102 ejus,
1969 4048 2035 4089 ac

448 4125 575 4177 hnni
626 4125 862 4195 malique
897 4124 1164 4192 judicium
1217 4126 1437 4180 doceat.
1482 4125 1607 4180 Ideo
1651 4140 1785 4196 ergo
1829 4126 2033 4183 Paulus

447 4216 711 4285 scriptum
737 4230 858 4271 esse
875 4217 1043 4272 dicit:
1074 4236 1093 4268 ι
1119 4216 1257 4284 Quia
1275 4232 1383 4272 non
1406 4219 1681 4286 estiustus
1706 4218 2030 4289 quisquam;

450 4322 557 4359 non
586 4315 670 4360 est
707 4307 1037 4378 intelligens,
1073 4322 1178 4361 non
1218 4317 1303 4362 est
1350 4309 1634 4377 requirens
1667 4307 1874 4364 Deum:
1910 4324 2032 4364 om-

448 4413 546 4452 nes
563 4398 998 4464 declinaverunt,
1028 4398 1188 4454 simul
1210 4398 1428 4455 inutiles
1453 4398 1582 4456 facti
1611 4400 1838 4468 sunt";
1865 4421 1884 4454 ι
1919 4402 2031 4458 sic-

448 4500 509 4544 ut
541 4498 596 4545 et
628 4487 758 4545 alibi
790 4488 1059 4560 Propheta
1093 4492 1225 4545 dicit
1257 4509 1273 4547 :
1316 4510 1335 4543 ι
1363 4490 1501 4557 Quia
1553 4508 1661 4546 non
1702 4495 2031 4561 iustiﬁcabi-

450 4594 536 4636 tur
564 4582 618 4637 in
642 4592 938 4653 conspectu
975 4592 1066 4637 tuo
1088 4583 1270 4639 omnis
1301 4584 1490 4639 vivens
1515 4584 1615 4642 ⁸³.»
1651 4585 1808 4654 Quod
1837 4588 2033 4644 fortas-

447 4672 524 4726 sis
554 4671 886 4724 contrarium
920 4670 1174 4726 videatur
1211 4671 1332 4727 aliis
1372 4672 1694 4742 Scripturis,
1728 4691 1849 4745 qua)
1898 4692 2035 4729 non-

448 4763 612 4817 nullis
640 4763 1010 4818 testimonium
1040 4763 1328 4832 perhibent
1349 4767 1500 4835 quasi
1520 4764 1711 4834 iustis;
1741 4767 1792 4820 in
1820 4778 2030 4823 tantum

447 4864 508 4909 ut
538 4857 704 4909 etiam
738 4855 805 4907 ad
854 4851 1159 4909 Jerusalem
1211 4855 1278 4910 de
1319 4854 1573 4911 Sodomis
1621 4857 1857 4927 dicatur,
1904 4861 2031 4928 quia

449 4966 472 4998 ι
502 4945 799 5015 iustiﬁcata
824 4954 907 5000 est
938 4944 1172 4999 Sodoma
1197 4959 1263 4999 ex
1298 4955 1350 5002 te
1377 4945 1443 5000 ⁵⁸.
1470 4966 1490 4999 ι
1544 4946 1651 5002 Sed
1697 4949 1913 5006 intuere
1949 4952 2033 5006 di-

446 5036 701 5108 ligentius
725 5037 998 5091 cautelam
1031 5035 1332 5107 Scriptura:
1353 5037 1572 5103 divinae,
1614 5040 1887 5107 quomodo
1922 5057 2028 5097 non

449 5129 621 5185 dixit:
649 5147 670 5182 ι
699 5127 1005 5184 iustiﬁcata
1030 5140 1114 5184 est
1140 5128 1412 5195 Sodoma;
1439 5150 1457 5183 ι
1490 5130 1585 5186 sed
1607 5132 1683 5186 ait
1706 5131 1819 5203 (2'2)
1848 5153 1861 5188 :
1890 5133 2035 5201 Quo-

2142 3298 2236 3367 qui
2273 3297 2521 3351 videmur
2550 3311 2674 3352 esse
2714 3298 2767 3351 in
2799 3295 3046 3365 Ecclesia
3080 3293 3177 3350 Dei
3209 3305 3265 3351 et
3305 3295 3409 3366 legi
3442 3296 3562 3366 eius
3589 3309 3728 3369 ope-

2145 3405 2260 3443 ram
2311 3392 2461 3453 dare,
2513 3403 2577 3444 ac
2608 3390 2894 3459 praeceptis
2923 3389 3256 3457 evangelicis
3293 3389 3593 3453 deservire.
3643 3392 3730 3446 in-

2141 3480 2434 3535 veniantur
2483 3479 2650 3549 aliqui
2709 3479 3014 3535 inﬁdelium
3060 3478 3422 3547 iustiﬁcandi.
3472 3479 3546 3535 Ut
3577 3481 3728 3537 verbi

2142 3585 2310 3625 causa
2335 3569 2537 3633 dicam,
2581 3569 2626 3623 si
2683 3585 2782 3625 nos
2814 3569 3029 3624 libidini
3053 3579 3108 3625 et
3136 3570 3492 3638 impudicitiae
3514 3572 3728 3627 servia-

2142 3675 2285 3725 mus,
2311 3669 2367 3714 et
2394 3659 2613 3730 gentilis
2645 3661 2738 3731 qui
2763 3659 2970 3715 alienus
2990 3668 3074 3715 est
3101 3674 3130 3713 a
3164 3659 3268 3715 ﬁde
3284 3658 3516 3728 Christi,
3539 3670 3725 3715 custo-

2141 3763 2257 3817 diat
2286 3764 2620 3829 castitatem,
2659 3763 2750 3817 ille
2796 3772 3017 3832 gentilis
3043 3761 3375 3830 iustiﬁcatur
3424 3776 3491 3816 ex
3547 3761 3724 3817 nobis.

2143 3851 2415 3908 Similiter
2447 3862 2503 3908 et
2548 3855 2592 3909 si
2628 3849 2727 3909 nos
2758 3853 3018 3921 avaritia,
3065 3851 3398 3923 rapacitate,
3445 3851 3725 3922 superbia,

2141 3954 2195 3999 et
2226 3946 2445 4001 caeteris
2474 3944 2787 4015 huiusmodi
2821 3945 2984 4001 malis
3027 3945 3398 4009 involvamur',
3453 3942 3729 3998 abstineat

2142 4046 2320 4090 autem
2360 4034 2429 4090 ab
2459 4035 2546 4090 bis
2576 4037 2835 4091 omnibus
2867 4035 3108 4104 gentilis,
3147 4044 3203 4090 et
3233 4034 3287 4089 hi
3313 4033 3405 4104 qui
3428 4030 3599 4103 legem
3628 4030 3727 4086 Dei

2142 4129 2420 4195 nesciunt,
2451 4128 2529 4183 illi
2564 4128 3018 4198 instiﬁcabuntur
3045 4143 3111 4183 ex
3136 4128 3315 4193 nobis,
3342 4136 3397 4182 et
3431 4142 3532 4181 nos
3562 4141 3627 4181 ex
3656 4123 3725 4179 ilo

2141 4223 2316 4277 lorum
2350 4221 2767 4291 comparatione
2792 4221 3197 4276 damnabimur.
3220 4218 3362 4286 Quin
3395 4219 3576 4289 potius
3597 4233 3726 4287 0pc-

2141 4328 2257 4367 ram
2286 4313 2494 4378 demus,
2532 4321 2592 4366 ut
2636 4312 2780 4366 sicut
2831 4311 2935 4364 ﬁde
2968 4308 3330 4380 praecedimus
3378 4315 3596 4378 gentes,
3648 4304 3721 4359 ita

2141 4404 2354 4459 actibus
2386 4411 2445 4458 et
2481 4400 3187 4473 operibuspraacellamus,
3237 4414 3308 4453 ne
3353 4397 3493 4450 mala
3538 4406 3724 4451 nostra

2145 4494 2281 4549 [iant
2309 4492 2483 4547 aliena
2511 4493 2677 4558 bona,
2709 4500 2765 4545 et
2811 4490 3029 4544 illorum
3082 4489 3441 4559 temperantia
3476 4496 3722 4542 nostram

2142 4586 2439 4655 redarguat
2489 4583 2994 4653 intemperantiam.
3041 4582 3228 4635 Potest
3284 4579 3464 4634 adhuc
3515 4586 3572 4632 et
3617 4577 3725 4632 alio

2137 4678 2299 4732 modo
2333 4677 2620 4747 explanari
2651 4675 2796 4744 quod
2826 4673 3005 4729 dixit:
3044 4692 3062 4724 ι
3097 4671 3214 4725 Non
3247 4681 3330 4726 est
3352 4670 3538 4741 iustus
3574 4670 3726 4738 quis-

2134 4786 2297 4840 quam
2328 4770 2410 4838 ";
2452 4788 2472 4823 ι
2529 4768 2616 4824 vel
2656 4767 2799 4837 quod
2835 4767 2952 4820 ait:
3008 4783 3028 4817 ι
3062 4764 3176 4819 Non
3215 4762 3612 4833 iustilicabitur
3665 4761 3723 4815 in

2135 4874 2434 4936 conspectu
2469 4873 2562 4918 tuo
2590 4861 2771 4917 omnis
2802 4861 2995 4916 vivens
3015 4859 3100 4921 ⁸⁹;
3139 4877 3160 4911 ι
3217 4857 3350 4927 quia
3374 4857 3565 4920 fdonec
3597 4853 3723 4925 quis

2135 4956 2273 5011 vivit
2305 4957 2359 5010 in
2388 4970 2645 5024 corpore,
2670 4950 2962 5021 iustiﬁcari
2995 4965 3102 5005 non
3136 4958 3317 5019 potest
3348 4962 3448 5003 nec
3481 4959 3726 5015 pronun-

2142 5048 2264 5102 tiari
2289 5047 2495 5119 iustus,
2521 5049 2616 5102 sed
2653 5060 2776 5101 cum
2807 5045 3004 5100 exierit
3031 5045 3096 5098 de
3123 5055 3377 5112 corpore,
3410 5047 3467 5092 et
3490 5039 3558 5093 de
3598 5038 3723 5091 vitat

2144 5138 2306 5206 huius
2336 5154 2511 5211 agone
2544 5137 2885 5203 discesserit,
2931 5136 3076 5191 sicut
3113 5143 3170 5189 et
3220 5132 3505 5202 Scriptura
3545 5129 3719 5184 dicit:

518 5226 566 5299 ἰτ
586 5225 742 5279 Rom.
777 5225 956 5299 {1.28.
1019 5224 1097 5299 fi
1112 5223 1270 5299 Rom.
1305 5241 1391 5289 ιιι,
1421 5226 1502 5299 9.Δ
1551 5226 1779 5299 "BQ":
1810 5245 1873 5294 "s
1913 5232 1999 5287 “-

2144 5234 2299 5289 Rom.
2330 5251 2384 5299 v,
2412 5236 2500 5290 i3.
2575 5234 2621 5267 ⁶¹
2651 5232 2807 5289 Joan.
2838 5248 2929 5289 xv.
2958 5231 3050 5285 22.
3125 5230 3171 5262 ⁸³
3204 5229 3479 5299 Rom._m,
3508 5225 3719 5299 10-12;

446 5297 591 5352 Psal.
626 5312 748 5359 xm,
781 5296 904 5350 1-5.

443 5368 491 5400 ⁸⁸
522 5368 683 5422 Rom.
710 5383 790 5431 Ill,
828 5367 918 5421 10.
993 5365 1039 5398 ⁸⁸
1070 5366 1215 5421 Psal.
1240 5381 1407 5431 CXLII,
1433 5367 1491 5421 2.

513 5458 626 5541 (l8)
656 5457 747 5541 Sic
772 5470 919 5541 recte
950 5473 1050 5541 ms.
1078 5474 1239 5514 unus.
1265 5459 1405 5541 Εᾱίιί
1429 5472 1562 5539 vero
1592 5467 1648 5541 et
1668 5457 1862 5538 caeteri
1875 5471 2016 5541 ‘mss.

446 5529 618 5582 nostri
656 5531 880 5594 habent,
935 5547 954 5580 ι
988 5530 1157 5598 legem
1203 5540 1385 5581 autem
1439 5529 1699 5597 scriptam
1746 5529 2019 5596 positione

446 5599 880 5672 (aLHpositionis,
922 5599 998 5652 αι.
1028 5600 1285 5672 positam)
1317 5598 1489 5667 legem
1517 5599 1966 5672 esseappellant.
1989 5618 2009 5650 ι

517 5669 628 5737 (l9)
661 5669 826 5731 Edlli,
863 5687 882 5720 α
926 5685 1031 5722 non
1060 5669 1459 5735 impntahatur,
1486 5683 1609 5720 cum
1642 5669 1728 5722 lex
1757 5685 1862 5721 non
1905 5684 2027 5725 esse

448 5735 753 5804 videbatur,
791 5756 888 5793 nec
916 5738 1052 5793 Cain
1078 5747 1384 5806 rcputatum
1418 5748 1557 5795 esset
1589 5749 1869 5808 peccatum
1904 5754 1923 5788 ι

989 5295 1038 5376 If:
1066 5295 1212 5376 Psal.
1269 5295 1531 5376 CXLII,A2.
1606 5296 1654 5328 “
1682 5297 1885 5357 Ezeeh.
1920 5318 2038 5371 xw,

2144 5346 2157 5370 ,
2191 5306 2278 5361 52.
2354 5295 2399 5338 ⁵³
2428 5314 2595 5376 Apoc.
2630 5319 2682 5360 v.
2756 5304 2804 5336 ⁸⁸
2826 5305 3002 5372 Apoc.
3033 5316 3116 5369 Ill,
3147 5301 3204 5354 7.
3278 5301 3321 5331 ⁵⁷
3351 5296 3512 5352 Joan.
3543 5311 3597 5361 v,
3631 5297 3719 5352 19.

2199 5462 2313 5532 (20)
2339 5462 2514 5528 Alias,
2541 5480 2561 5514 ι
2591 5461 2809 5518 videtur
2850 5457 3176 5529 quemdam;
3213 5475 3233 5511 ι
3272 5456 3369 5525 al.,
3412 5478 3431 5511 α
3469 5456 3721 5514 videntur

2127 5536 2371 5602 quidam.
2400 5552 2418 5583 ι

2201 5584 2456 5671 (2|)7'Al.,
2492 5622 2511 5654 c
2550 5601 2694 5669 quod
2727 5600 2905 5655 virtus
2939 5616 3003 5657 ea
3033 5584 3161 5672 qua:
3188 5597 3422 5669 replere,
3458 5617 3476 5651 ι
3505 5610 3611 5655 etc.

2208 5674 2321 5744 (‘32)
2353 5674 2513 5739 {tl-diti,
2548 5691 2565 5723 t
2603 5685 2679 5738 ut,
2715 5691 2733 5724 ι
2776 5673 2935 5726 male.
