4170 6350
457 351 526 403 7.5
1372 342 1728 401 COMMENT.
1766 310 2092 399 tN'Eptsr.
2134 342 2434 417 Annon.
2467 342 2593 401 LIB.
2628 342 2717 399 ιιι.

3573 343 3678 400 951

425 489 442 521 ι
478 469 553 523 Ne
596 466 996 523 beatiﬁcaveris
1052 464 1325 519 hominem
1373 474 1503 520 ante
1558 474 1814 530 mortem,
1864 464 1991 533 quia
2023 473 2070 529 Α
2101 465 2211 521 tilis
2256 481 2469 534 servus,
2501 467 2595 522 sed
2623 478 2812 522 servus
2846 465 3023 521 bonus
3056 471 3111 519 et
3151 460 3324 518 fidelis
3370 459 3675 515 vocabitur.

421 559 596 614 nescis
622 573 741 628 quae
767 567 928 611 erunt
956 556 1072 624 ejus
1108 556 1406 611 novissima
1436 555 1512 622 ⁶⁰;
1545 575 1563 608 ι
1592 567 1648 610 et
1680 556 1872 611 iterum
1906 555 1991 611 di-

421 653 495 705 cit
529 649 884 704 Ecclesiastes
914 650 994 703 ":
1032 667 1051 700 ι
1089 648 1151 702 Ει
1179 647 1390 702 laudavi
1426 646 1675 703 homines
1706 647 1995 703 defunctos

421 744 510 811 qui
534 743 641 810 jam
674 744 867 794 mortui
905 749 1053 804 sunt,
1094 740 1266 811 magis
1301 753 1467 809 quam
1507 739 1660 794 vivos
1682 739 1772 808 qui
1808 740 1994 795 adhuc

418 834 641 887 vivunt:
678 834 770 887 sed
798 833 987 888 melior
1013 847 1178 900 super
1211 841 1473 901 utrosque
1498 832 1591 902 qui
1624 831 1861 886 nondum
1890 847 1992 886 na-

420 935 509 979 tus
543 935 647 979 est.
684 943 702 976 ι
743 923 921 978 [hbes
947 925 1125 978 adhuc
1155 933 1209 979 et
1239 922 1403 977 aliam
1439 921 1739 993 Scriptura:
1776 934 1996 978 senten-

422 1017 549 1071 tiam
580 1031 699 1085 qua:
732 1015 888 1079 dicit,
920 1017 1047 1085 quia
1081 1014 1393 1084 quicunque
1420 1016 1680 1070 minimus
1708 1023 1793 1069 est
1835 1015 1888 1069 in
1914 1031 1997 1071 re-

418 1123 525 1177 gno
558 1108 674 1172 Dei,
707 1107 879 1176 major
922 1109 992 1161 sit
1016 1122 1081 1162 eo
1113 1108 1208 1176 qui
1266 1107 1319 1161 in
1380 1122 1607 1176 corpore
1638 1118 1741 1173 est,
1783 1108 1995 1162 etiamsi

417 1196 657 1252 Joannes
686 1197 773 1250 ille
800 1201 894 1260 sit,
941 1212 1051 1267 quo
1106 1197 1280 1265 major
1332 1197 1476 1251 inter
1512 1208 1671 1252 natos
1704 1200 1996 1251 mulierum

332 1336 337 1341 .
420 1305 529 1343 non
572 1289 672 1343 fuit
707 1290 786 1342 “.
840 1308 859 1341 ι
889 1288 1005 1343 Non
1038 1299 1120 1343 est
1153 1307 1172 1341 ι
1208 1305 1339 1359 ergo
1376 1308 1396 1341 ι
1421 1288 1596 1358 justus
1624 1290 1932 1359 quisquam.
1971 1306 1989 1341 ι

418 1380 485 1434 Ει
519 1380 769 1434 addidit:
830 1397 849 1430 ι
889 1378 1005 1433 Νοιι
1053 1389 1136 1434 est
1187 1379 1499 1449 intelligens
1529 1378 1596 1432 “.
1632 1397 1650 1430 ι
1699 1378 1764 1432 Et
1807 1393 1995 1433 revera

419 1486 543 1525 cum
575 1471 867 1540 Apostolus
898 1470 1016 1540 ipse
1048 1486 1116 1525 ex
1145 1481 1299 1540 parte
1325 1486 1383 1526 se
1418 1470 1562 1524 dicat
1596 1484 1915 1537 agnoscere,
1940 1480 1997 1523 et

418 1578 487 1616 ex
525 1571 677 1631 parte
717 1561 1017 1632 intelligere
1050 1562 1118 1628 “,
1151 1564 1270 1632 quis
1296 1561 1402 1618 erit
1439 1562 1530 1630 qui
1573 1562 1788 1615 dicatur
1826 1559 1989 1614 intel-

419 1653 596 1723 ligens
617 1654 640 1707 ?
664 1654 1161 1724 Quantumcunque
1192 1654 1337 1708 enim
1378 1654 1503 1722 quis
1554 1652 1904 1716 intellexerit,
1939 1651 1994 1705 in

419 1746 639 1816 speculo
659 1757 715 1801 et
745 1747 798 1800 in
842 1746 1127 1816 aenigmate
1168 1744 1441 1799 videbitur
1465 1746 1765 1816 intelligere
1788 1745 1987 1814 ":quia

2097 556 2166 612 Et
2189 556 2383 612 iterum
2420 569 2749 627 przeceptum
2777 564 2881 620 est,
2906 565 2968 609 ut
2996 556 3052 610 hi
3081 554 3171 624 qui
3194 553 3550 624 Evangelium
3579 569 3678 606 an-

2098 649 2384 714 nuntiant,
2416 650 2482 701 de
2503 646 2801 715 Evangelio
2831 645 3019 699 vivant
3040 644 3106 698 ⁷⁸.
3134 643 3332 698 Paulus
3368 654 3545 698 tamen
3592 643 3676 696 di-

2097 738 2193 804 cit,
2235 739 2360 807 quia
2394 757 2412 789 ι
2440 739 2588 793 ιιιιΙΙο
2642 738 2839 792 horum
2892 750 3022 791 usus
3068 750 3226 805 sum;
3259 754 3277 787 ι
3310 744 3365 791 et
3413 735 3537 789 ideo
3569 751 3674 787 non

2096 829 2305 886 inutilis
2322 838 2440 884 erat
2459 844 2671 895 servus,
2692 829 2786 885 sed
2818 827 2994 881 ﬁdelis
3011 835 3065 880 et
3093 827 3346 895 prudens.
3383 844 3402 877 ι
3428 826 3630 881 Omnes
3648 842 3672 876 ι

2098 938 2228 991 ergo
2282 923 2758 987 «declinaverunt,
2802 921 2962 976 simul
3022 919 3242 974 inutiles
3296 919 3422 972 facti
3477 927 3669 974 sunt.»

2097 1015 2303 1080 Quibus
2335 1015 2539 1069 addidit
2565 1034 2578 1069 :
2612 1032 2632 1066 ι
2655 1012 2771 1067 Non
2793 1022 2878 1067 est
2901 1013 2993 1080 qui
3024 1011 3190 1067 faciat
3214 1010 3533 1076 bonitatem,
3568 1026 3674 1065 non

2095 1116 2377 1174 estusque
2415 1106 2482 1159 ad
2538 1103 2792 1159 unum".
2820 1122 2841 1156 ι
2877 1102 3076 1159 Gravis
3128 1102 3420 1165 sententia,
3458 1110 3513 1154 et
3555 1115 3677 1170 qua:

2097 1197 2311 1253 difﬁcile
2345 1197 2518 1253 astrui
2552 1197 2743 1268 possit.
2793 1196 3080 1264 Quomodo
3127 1195 3274 1250 enim
3307 1194 3519 1247 videtur
3554 1191 3673 1247 fieri

2094 1301 2276 1358 posse,
2308 1287 2514 1341 nullum
2545 1287 2793 1351 omnino,
2825 1285 3032 1341 nullum
3069 1299 3240 1353 usque
3278 1284 3345 1338 ad
3370 1299 3559 1347 unum,
3591 1281 3675 1338 vel

2096 1380 2150 1435 in
2173 1378 2397 1445 Iudaeis,
2425 1378 2511 1433 vel
2542 1379 2598 1432 in
2627 1377 2834 1435 Graecis
2861 1376 3097 1433 inveniri
3129 1378 3370 1446 potuisse
3399 1375 3489 1445 qui
3526 1375 3675 1430 face-

2098 1484 2183 1527 ret
2231 1470 2575 1527 bonitatem?
2603 1468 2821 1524 Siccine
2866 1469 3143 1525 credimus
3171 1465 3284 1540 (9.6)
3315 1468 3458 1538 quod
3496 1467 3676 1523 nullus

2112 1561 2277 1616 fuerit
2300 1561 2391 1630 qui
2415 1561 2495 1617 vel
2526 1562 2794 1631 lmSpitem
2823 1560 3115 1631 aliquando
3141 1562 3522 1631 receperit,vel
3545 1576 3674 1615 esu-

2106 1653 2267 1707 rienti
2298 1666 2491 1722 panem
2521 1651 2753 1716 dederit,
2780 1652 2866 1705 vel
2900 1653 3103 1707 nudum
3149 1653 3367 1715 texerit,
3397 1653 3478 1707 vel
3513 1652 3674 1708 iuno.

2099 1753 2311 1798 centem
2366 1744 2434 1798 de
2491 1742 2743 1799 manibus
2799 1745 3035 1813 potentis
3078 1746 3363 1814 eripuerit,
3422 1744 3507 1799 vel
3568 1745 3680 1827 tale

420 1847 542 1907 post
572 1837 965 1907 depositiunem
1001 1836 1201 1890 terreni
1233 1837 1481 1904 corporis
1517 1834 1750 1890 refertur
1771 1835 1884 1906 (2'5)
1914 1835 1992 1889 fa-
2024 1833 2066 1888 Β
2097 1835 2299 1905 aliquid
2332 1836 2456 1891 boni
2507 1836 2690 1906 operis
2718 1835 2935 1906 egerit?
2962 1834 3082 1890 Non
3127 1837 3260 1891 mihi
3310 1837 3523 1891 videtur
3561 1848 3671 1892 tam

420 1932 505 1985 cie
537 1931 602 1984 ad
645 1930 837 1983 faciem
875 1929 1179 1998 intelligere
1208 1946 1222 1983 :
1261 1943 1408 1982 nunc
1432 1942 1585 1993 vero,
1634 1939 1694 1981 ut
1729 1928 1806 1981 ait
1841 1927 1995 1983 Scri-

420 2031 576 2088 ptura
596 2020 641 2052 ⁶⁸
668 2038 683 2076 :
708 2039 726 2071 ι
747 2020 1112 2088 Corruptibile
1144 2034 1341 2089 corpus
1372 2029 1630 2090 aggravat
1657 2021 1913 2086 animam,
1942 2030 1998 2074 et

420 2111 689 2180 demergit
722 2120 937 2166 terrena
975 2111 1239 2164 habitatio
1269 2125 1492 2165 sensum
1534 2111 1703 2164 multa
1751 2114 1997 2182 cogitan-

421 2207 597 2254 tem.»
656 2201 805 2256 Unde
850 2203 908 2256 fit
951 2212 1009 2256 ut
1049 2218 1154 2257 non
1201 2202 1273 2257 sit
1337 2221 1356 2255 ι
1413 2202 1720 2271 intelligens
1774 2221 1793 2254 ι
1847 2204 1996 2273 quis,

418 2308 521 2346 nec
555 2311 574 2343 ι
611 2294 892 2361 requirens
918 2294 1081 2348 Deum
1106 2294 1173 2348 ".
1215 2315 1234 2347 ι
1279 2295 1410 2347 Dum
1442 2295 1585 2348 enim
1611 2297 1856 2363 corporis
1884 2298 1995 2352 sol-

420 2385 795 2439 licitudinibus
834 2402 1190 2455 occupamur,
1253 2398 1309 2442 et
1359 2402 1481 2457 qua:
1539 2389 1819 2444 hominum
1870 2400 2001 2445 sunt

419 2476 714 2545 qttteritntts
742 2476 808 2545 ⁸⁸,
845 2478 1008 2531 Deum
1040 2493 1305 2547 quaerere,
1340 2481 1422 2533 vel
1455 2462 1575 2553 qua:
1621 2482 1714 2537 Dei
1753 2493 1878 2537 sunt
1906 2498 1997 2539 co-

421 2568 597 2639 gitare
630 2583 737 2622 non
772 2585 1082 2638 possumus.

481 2662 528 2713 3.
546 2662 776 2716 «Omnes
789 2662 1378 2730 declinaverunt,simttl
1395 2665 1608 2719 inutiles
1622 2665 1748 2720 facti
1763 2667 1958 2722 sunt”.
1974 2686 1994 2721 ι

421 2749 582 2822 507
614 2753 741 2805 Mihi
773 2752 983 2806 videtur
1003 2755 1147 2822 quod
1179 2771 1283 2809 non
1314 2756 1514 2810 dicitur
1536 2756 1862 2824 declinasse,
1896 2759 1996 2813 nisi

417 2845 468 2899 is
514 2847 603 2914 qui
665 2846 954 2913 aliquando
984 2847 1149 2901 invia
1190 2856 1337 2903 recta
1364 2849 1536 2902 stetit.
1582 2845 1737 2906 Unde
1777 2860 2002 2920 apparet

421 2937 656 3005 prinmm
687 2937 815 2992 illud
850 2948 1057 2992 naturae
1088 2939 1433 2995 rationabilis
1462 2956 1621 3009 opus,
1648 2941 1794 3011 quod
1828 2955 1857 2994 a
1890 2941 1999 2996 Deo

421 3029 625 3083 factum
658 3042 759 3088 est.
796 3027 963 3085 fuisse
997 3039 1225 3095 rectum,
1256 3041 1310 3087 et
1345 3034 1509 3088 invia
1544 3045 1693 3089 recta
1716 3036 1999 3095 Creatoris

424 3120 601 3188 ipsius
630 3137 854 3177 nnmere
900 3122 1247 3177 collocatum.
1277 3123 1383 3178 Sed
1411 3126 1538 3194 quia
1582 3126 1650 3181 ab
1677 3127 1779 3182 hac
1807 3130 1871 3183 ad
1912 3129 2001 3182 Ia:-

417 3226 541 3265 vam
579 3213 690 3284 (2’5)
719 3211 927 3283 peccati
965 3215 1071 3269 iter
1102 3215 1354 3282 detorsit,
1398 3219 1597 3273 merito
1624 3236 1767 3275 nunc
1797 3223 1999 3276 dicitur

419 3304 746 3369 declinasse,
792 3309 932 3360 sicut
977 3308 1228 3377 exemplo
1278 3318 1363 3362 est
1412 3308 1525 3382 (25)
1573 3312 1782 3380 primus
1839 3314 1998 3369 homo

419 3396 618 3455 Adam.
660 3399 751 3465 qui
784 3401 852 3453 de
886 3400 1120 3469 paradisi
1154 3400 1239 3454 via
1288 3412 1434 3455 recta
1484 3403 1777 3459 malesuadi
1807 3403 2000 3462 fraude

421 3487 693 3553 serpentis
724 3488 788 3540 ad
820 3504 1016 3555 pravas
1042 3499 1097 3544 et
1139 3498 1419 3547 tortuosas
1459 3493 1708 3550 mortalis
1738 3495 1863 3550 vita:
1912 3512 1999 3551 se-

421 3578 586 3632 mitas
616 3581 931 3637 declinavit.
967 3584 1385 3655 Consequenter
1417 3602 1550 3657 ergo
1576 3603 1768 3644 omnes
1801 3591 1892 3659 qui
1930 3606 1997 3645 ex

420 3668 592 3736 Ipsius
619 3674 967 3729 successione
998 3678 1048 3730 in
1078 3677 1223 3732 hunc
1255 3680 1518 3733 mundum
1550 3682 1800 3750 veniunt,
1831 3683 1998 3737 decli-

421 3774 708 3829 paverunt,
758 3776 814 3821 et
864 3768 1026 3821 simul
1075 3784 1198 3824 cum
1255 3771 1372 3839 ipso
1423 3772 1642 3827 inutiles
1677 3772 1806 3827 facti
1848 3785 1996 3829 sunt.

420 3851 653 3923 Propter
684 3856 787 3911 hoc
814 3868 943 3927 puto
982 3871 1038 3914 et
1073 3860 1362 3915 Dominum
1418 3864 1474 3918 in
1526 3865 1833 3935 Evangeliis
1864 3865 1999 3920 dare

421 3947 767 4015 mandatum,
801 3961 857 4004 ut
878 3946 1002 4006 cum
1033 3953 1216 4006 omnia
1250 3964 1518 4024 praecepta
1552 3955 1866 4019 fecerimus,
1892 3971 1999 4011 me-

421 4040 739 4096 minerimus
765 4051 944 4097 tamen
979 4043 1107 4112 quid
1138 4045 1331 4109 simus,
1362 4055 1417 4099 et
1463 4047 1709 4102 dicamus
1736 4064 1749 4101 :
1787 4065 1809 4101 e
1839 4047 1994 4103 Servi

421 4129 638 4184 inutiles
674 4146 898 4187 smnus:
929 4133 1073 4202 quod
1097 4133 1385 4189 debuimus
1418 4134 1616 4202 facere,
1645 4135 1989 4192 fecimus'h

421 4216 602 4273 Donec
631 4221 774 4275 enim
815 4222 936 4289 quis
982 4223 1084 4277 hoc
1119 4223 1255 4278 facit
1285 4233 1496 4278 tantum
1541 4227 1684 4296 quod
1725 4229 1906 4294 debet,
1943 4228 1995 4283 id

418 4315 524 4371 est,
558 4323 622 4362 ea
650 4325 771 4379 qua:
801 4325 1070 4384 praecepta
1106 4325 1255 4381 sunt,
1292 4317 1505 4372 inutilis
1553 4333 1748 4373 servus
1788 4330 1895 4376 est.
1935 4320 1993 4375 Si

418 4406 603 4450 autem
638 4400 807 4456 addas
833 4403 1035 4473 aliquid
1077 4408 1400 4476 prmceptis,
1446 4419 1573 4463 tunc
1605 4425 1709 4463 non
1748 4408 1861 4477 jam
1908 4410 1993 4464 itt-

2097 1924 2473 1980 ineredibilem
2533 1941 2840 1980 sermonem
2896 1925 3137 1981 voluisse
3191 1941 3442 1981 asserere
3474 1926 3675 1981 Paulus

2097 2015 2373 2082 apostolus
2403 2033 2416 2069 :
2449 2018 2544 2072 sed
2570 2018 2675 2071 hoc
2704 2018 2865 2073 modo
2895 2016 3305 2086 intelligendum
3335 2028 3497 2087 puto;
3531 2019 3676 2089 quod

2098 2116 2259 2175 neget
2291 2121 2621 2177 quemquam
2674 2107 2871 2162 fecisse
2915 2108 3239 2163 bonitatem.
3279 2107 3440 2165 Verbi
3475 2112 3672 2180 gratia,
3755 2134 3763 2143 -

2099 2199 2246 2252 velut
2274 2200 2317 2254 si
2343 2200 2468 2269 quis
2499 2199 2854 2254 fundamenta
2879 2199 3053 2269 jaciat
3075 2200 3360 2266 domus,et
3384 2218 3549 2256 unum
3581 2209 3673 2255 aut

2100 2289 2236 2345 duos
2271 2293 2506 2360 parietes
2534 2300 2801 2356 exstruat,
2840 2291 3044 2361 aliquid
3071 2291 3233 2345 etiam
3261 2293 3503 2347 materia:
3548 2307 3674 2347 con-

2098 2386 2300 2450 Vehat,
2342 2387 2588 2455 nunquid
2635 2385 2848 2441 dicetur
2903 2385 3101 2443 fecisse
3143 2388 3384 2454 domum,
3427 2392 3676 2459 quamvis

2097 2489 2355 2547 operatus
2406 2479 2659 2531 videatur
2705 2478 2758 2531 in
2797 2478 2994 2533 domo?
3026 2479 3132 2533 Sed
3185 2480 3274 2536 ille
3308 2481 3523 2536 dicetur
3571 2485 3669 2537 do-

2100 2554 2246 2624 mum
2280 2570 2499 2638 fecisse,
2536 2571 2629 2641 qui
2670 2571 2834 2626 totius
2863 2572 3077 2625 aadillcii
3107 2573 3174 2627 ad
3224 2574 3523 2644 perfectum
3558 2575 3675 2629 sin-

2098 2663 2220 2732 gula
2249 2677 2479 2732 qumque
2531 2664 2770 2719 membra
2829 2665 3168 2734 perduxerit.
3218 2665 3297 2720 Ita
3332 2668 3575 2722 arbitror
3618 2676 3676 2721 et

2099 2756 2189 2809 hic
2211 2755 2528 2825 Apostolum
2577 2757 2760 2811 dicere
2802 2757 3077 2811 neminem
3119 2755 3317 2812 fecisse
3351 2758 3673 2824 bonitatem,

2098 2848 2202 2903 hoc
2226 2859 2329 2914 est,
2359 2863 2387 2901 a
2425 2848 2572 2903 nullo
2605 2864 2724 2902 eam
2761 2850 2826 2904 ad
2866 2850 3165 2919 perfectmn
3202 2858 3256 2905 et
3292 2849 3357 2904 ad
3401 2851 3673 2921 integrum

2100 2947 2549 2992 consunnnatam.
2586 2938 2641 2993 Si
2680 2947 2859 2993 autem
2915 2940 3256 3009 requiramus
3281 2940 3403 3010 quis
3446 2941 3516 2996 sit
3544 2956 3675 2997 vere

2099 3029 2295 3096 bonus,
2330 3041 2385 3085 et
2416 3031 2508 3099 qui
2564 3029 2862 3098 perfectam
2920 3030 3114 3085 fecerit
3172 3030 3492 3097 bonitatem,
3525 3031 3674 3086 illum

2102 3122 2440 3176 inveniemus
2471 3122 2643 3177 solum
2677 3123 2768 3192 qui
2808 3123 2938 3177 dicit
2966 3141 2979 3177 :
3020 3142 3039 3174 ι
3071 3124 3179 3194 Ego
3204 3138 3322 3179 sum
3355 3133 3542 3194 pastor
3576 3124 3675 3178 bo-

2101 3230 2277 3281 ιιιιε;›
2335 3224 2391 3269 et
2436 3215 2675 3269 iterum:
2730 3233 2749 3266 ι
2782 3214 2978 3269 Pastor
3008 3215 3182 3270 bonus
3228 3215 3464 3269 animam
3518 3230 3673 3270 suam

2098 3308 2252 3376 ponit
2280 3321 2377 3375 pro
2406 3307 2602 3362 ovibus
2645 3308 2759 3362 suis
2783 3308 2851 3363 ⁷⁸.
2875 3328 2893 3360 ι
2925 3306 3059 3362 Post
3103 3309 3220 3362 haec
3262 3310 3330 3363 de
3370 3310 3584 3377 quinto,
3616 3317 3677 3363 ut

2099 3416 2261 3468 supra
2313 3400 2571 3465 diximus,
2604 3400 2814 3469 psalmo
2860 3417 3080 3457 sumens
3130 3401 3266 3474 (27),
3302 3402 3475 3455 dicit:
3515 3418 3533 3452 ι
3569 3399 3673 3455 Se-

2101 3492 2341 3560 pulcrum
2394 3501 2592 3561 patens
2653 3499 2737 3545 est
2788 3502 2978 3559 guttur
3026 3505 3237 3546 eorum.
3271 3511 3291 3545 ›
3344 3491 3565 3546 Diversa
3618 3491 3674 3545 in

2099 3588 2207 3652 his,
2245 3596 2305 3641 ut
2338 3587 2465 3641 mihi
2522 3588 2757 3651 videtur,
2790 3588 3010 3642 humani
3066 3585 3283 3656 generis
3329 3592 3551 3656 peccata
3580 3570 3679 3637 de;

2100 3676 2500 3732 scribit.0mne
2527 3678 2837 3746 sepulcrum
2871 3679 3267 3732 immunditiam
3305 3674 3545 3732 defuncti
3576 3689 3672 3729 ca-

2100 3769 2314 3823 daveris
2344 3771 2613 3841 contegit;
2646 3770 2787 3825 unde
2814 3781 2867 3825 et
2895 3770 3155 3824 Dominus
3184 3771 3397 3824 dicebat
3418 3770 3469 3823 in
3494 3771 3676 3827 Evan-

2100 3860 2240 3929 gelio
2290 3863 2356 3916 de
2403 3861 2613 3917 Scribis
2644 3873 2696 3916 et
2725 3860 3037 3926 Pharisa-is,
3084 3861 3229 3929 quod
3260 3872 3448 3916 essent
3482 3864 3671 3932 sepul-

2099 3966 2188 4005 cra
2223 3951 2493 4020 dealbata,
2530 3971 2547 4004 ι
2579 3968 2698 4021 qua:
2725 3952 2857 4007 foris
2889 3951 3105 4021 quidem
3137 3950 3385 4020 speciosa
3416 3953 3675 4008 videntur

2100 4043 2432 4108 hominibus,
2461 4045 2607 4099 intus
2628 4054 2811 4099 autem
2841 4044 2999 4113 plena
3031 4053 3161 4098 sunt
3198 4044 3344 4097 (ιιιιηί
3379 4044 3673 4099 immundi-

2099 4139 2172 4189 tia
2196 4136 2264 4190 ⁷⁸.
2299 4157 2317 4189 ι
2370 4136 2597 4192 Videtur
2629 4145 2809 4192 autem
2858 4135 3064 4191 Paulus
3104 4136 3207 4190 hoc
3251 4135 3303 4189 in
3339 4134 3458 4191 loco
3501 4135 3673 4205 majus

2097 4229 2299 4297 aliquid
2332 4229 2384 4281 in
2419 4228 2560 4293 istis,
2591 4228 2656 4283 de
2688 4228 2888 4299 quibus
2914 4241 3094 4280 sermo
3120 4237 3224 4291 est,
3251 4226 3539 4281 ostendere
3567 4226 3674 4281 cri-

2098 4319 2280 4385 minis,
2317 4334 2441 4372 cum
2468 4332 2562 4374 eos
2595 4318 2905 4388 sepulcrum
2940 4333 3048 4399 no'n
3092 4328 3290 4372 tectum
3311 4358 3328 4385 ,
3361 4332 3535 4384 neque
3580 4332 3673 4372 ro-

2095 4421 2359 4481 opertum,
2408 4412 2501 4466 sed
2538 4429 2558 4462 ι
2584 4421 2834 4480 patens,»
2868 4408 3126 4479 appellat.
3165 4409 3360 4463 Clausa
3391 4410 3536 4463 enim
3579 4424 3670 4462 se-

419 4491 571 4543 utilis
597 4504 788 4545 servus
816 4496 948 4562 eris,
974 4498 1068 4551 sed
1104 4498 1314 4551 dicetur
1343 4500 1409 4553 ad
1452 4510 1504 4556 te
1533 4518 1547 4554 :
1592 4519 1611 4553 ι
1643 4500 1808 4571 Euge,
1840 4515 1996 4556 serve
2026 4515 2072 4569 ι)
2098 4503 2284 4572 pulcra
2332 4498 2612 4569 dicuntur,
2637 4518 2773 4573 quos
2814 4500 3210 4571 aliquantulum
3248 4501 3423 4572 pudor
3453 4499 3671 4556 Cohibet

420 4579 584 4644 bone,
616 4592 671 4635 et
721 4583 893 4639 fidelis
915 4587 981 4641 τί.
1015 4606 1034 4638 ι
1067 4587 1205 4655 Quid
1248 4602 1428 4644 autem
1458 4592 1530 4645 sit
1572 4595 1715 4662 quod
1760 4593 1998 4648 addatur

420 4674 726 4741 praeceptis,
759 4685 814 4728 et
844 4691 1007 4746 supra
1040 4680 1282 4734 debitum
1334 4681 1449 4745 fiat,
1482 4680 1685 4738 Paulus
1719 4684 1997 4751 apostolus

420 4764 548 4814 dicit
575 4780 589 4816 :
626 4779 645 4813 ι
678 4763 752 4818 De
776 4766 1076 4837 virginibus
1096 4780 1276 4825 autem
1302 4784 1633 4842 praeceptum
1658 4772 1866 4828 Domini
1887 4789 1993 4829 non

420 4855 595 4910 habeo
617 4873 631 4909 :
656 4858 942 4913 consilium
968 4871 1150 4915 autem
1174 4864 1266 4928 do,
1288 4878 1337 4916 ta
1349 4880 1546 4933 nquam
1566 4865 1991 4920 misericordiam

418 4957 748 5003 consecutus
780 4963 808 5002 a
845 4950 1076 5008 Domino
1097 4953 1166 5010 ⁷⁸.
1194 4972 1214 5006 ι
1253 4953 1363 5009 Hoc
1419 4970 1553 5024 opus
1584 4970 1751 5026 super
1791 4972 1993 5027 praece-

419 5047 568 5108 ptum
602 5050 706 5096 est.
737 5042 838 5108 Qui
883 5057 1015 5114 ergo
1038 5046 1323 5115 completis
1387 5050 1676 5119 praeceptis
1719 5050 1993 5104 addiderit

419 5134 583 5187 etiam
616 5134 745 5202 hoc,
770 5146 827 5190 ut
858 5135 1224 5207 virginitatem
1256 5143 1551 5206 custodiat,
1586 5158 1694 5197 non
1725 5142 1837 5212 jam
1870 5143 1991 5198 inu-

488 5272 534 5305 ⁶⁰
557 5273 726 5329 Eccli.
756 5289 839 5337 ιιι.
871 5275 961 5331 50.

417 5342 463 5376 ⁸⁸
497 5344 628 5412 Sap.
659 5360 740 5406 ix.
777 5346 866 5399 15.
961 5347 1005 5378 ⁸⁷
1044 5346 1201 5402 Rom.
1236 5364 1320 5405 ιιι.
1360 5351 1444 5404 ll.

1041 5277 1084 5349 ‘f
1114 5278 1293 5334 Eccle.
1324 5294 1398 5343 ιν,
1421 5280 1478 5349 2,
1502 5281 1557 5339 3.
1630 5281 1676 5313 ⁸¹
1716 5281 1906 5337 Matth.
1934 5283 2110 5348 1:1,“.

1541 5351 1585 5383 "'
1607 5350 1626 5404 Ι
1648 5351 1778 5407 Cor.
1805 5368 1900 5415 vti,
1931 5355 2019 5417 5‘2,
2060 5355 2149 5410 55.

2098 4594 2276 4666 palam
2312 4594 2648 4664 delinquere,
2679 4603 2735 4650 et
2763 4595 3012 4665 proferre
3039 4597 3105 4649 ad
3142 4594 3412 4664 publicum
3440 4595 3670 4648 crimina

2095 4703 2215 4743 sua.
2245 4689 2439 4742 Patens
2465 4703 2590 4741 vero
2616 4688 2926 4756 sepulcrum
2952 4689 3208 4743 dicuntur
3233 4687 3287 4741 hi
3310 4687 3401 4756 qui
3434 4687 3669 4739 immune

2097 4781 2258 4835 ditias
2315 4796 2441 4834 snas
2493 4788 2550 4833 et
2597 4780 2941 4849 impuritates
2998 4781 3049 4835 in
3106 4780 3395 4850 pr0patulo
3425 4778 3667 4833 habent:

2097 4872 2294 4941 quibus
2322 4872 2613 4926 assiduitas
2639 4882 2695 4926 et
2717 4886 2850 4926 usus
2878 4871 3166 4935 scelerum,
3199 4871 3341 4938 quod
3366 4880 3449 4923 est
3476 4871 3528 4923 in
3554 4870 3667 4922 ma-

2098 4962 2167 5018 lis
2193 4962 2465 5025 ultimum,
2497 4962 2661 5017 etiam
2688 4966 3102 5017 commissurum
3131 4961 3513 5015 verecundiam
3550 4975 3666 5016 sus-

2102 5053 2223 5107 tulit
2256 5071 2270 5109 :
2311 5066 2369 5108 ut
2400 5052 2514 5122 jam
2548 5069 2652 5108 non
2685 5054 2936 5123 aperiant
2974 5068 3036 5108 os
3076 5068 3275 5117 suum,
3308 5062 3363 5106 et
3392 5049 3667 5119 proferant

2099 5148 2318 5201 verbum
2347 5145 2465 5212 Dei,
2500 5147 2727 5199 verbum
2753 5148 2929 5200 vivum
2955 5163 2972 5213 ;
3003 5145 3098 5200 sed
3120 5144 3235 5216 (28)
3270 5144 3519 5213 aperiant
3547 5153 3665 5211 gut-

2187 5284 2232 5318 ⁶³
2264 5284 2416 5338 Rom.
2439 5300 2520 5350 ιιι,
2553 5284 2639 5349 10,
2668 5285 2753 5340 il.
2826 5285 2876 5317 “
2906 5284 2921 5339 Ι
2948 5286 3075 5340 Cor.
3106 5300 3222 5349 xm,
3243 5285 3297 5339 9.
3336 5282 3380 5317 ⁸⁸
3414 5282 3543 5336 ihid.
3577 5282 3665 5339 19.

2245 5355 2288 5387 ⁸⁵³
2318 5357 2473 5410 ltum.
2501 5371 2582 5417 ιιι,
2608 5356 2696 5411 12.
2808 5355 2854 5387 ⁷⁸
2881 5355 3015 5410 Luc.
3055 5371 3185 5416 xvn,
3211 5356 3298 5409 10.
3394 5354 3435 5385 ⁷³
3470 5352 3665 5410 Matth.

418 5428 543 5482 xxv,
577 5415 669 5470 21.
743 5416 790 5448 ⁷⁸
815 5416 833 5471 l
858 5417 980 5474 Cor.
1010 5432 1105 5482 vn,
1133 5418 1226 5477 25.
1301 5417 1538 5476 "lCor.
1563 5437 1640 5485 ix,
1676 5422 1760 5487 M,
1799 5423 1888 5477 15.
1963 5424 1995 5455 ⁷¹

2098 5444 2194 5480 im.
2224 5441 2306 5488 ιιι,
2340 5426 2430 5479 12.
2504 5425 2550 5457 ⁷⁵
2573 5415 2740 5482 δοκη.
2768 5441 2824 5492 x,
2854 5428 2942 5480 tt.
3016 5426 3064 5457 ‘-"
3088 5415 3279 5480 Matth.
3314 5440 3474 5491 χχιιι,
3503 5424 3597 5481 27.

488 5547 601 5620 (2'5)
630 5549 737 5619 AL,
773 5570 793 5604 ι
849 5552 1199 5621 revelabitur,
1244 5574 1264 5609 ι
1292 5555 1387 5622 aL,
1418 5575 1439 5611 ι
1481 5559 1797 5627 merehitur,
1850 5560 1989 5629 vah,

423 5639 441 5669 t
477 5631 795 5675 revertetur.
827 5640 847 5674 ι

487 5687 600 5760 lit)
637 5688 745 5760 AL,
780 5708 800 5743 ι
834 5693 1049 5748 laevum.
1084 5713 1103 5747 ι

485 5761 600 5829 (25)
639 5759 752 5827 ΑΙ.,
792 5780 811 5814 ι
847 5765 1148 5834 exemplum
1178 5777 1281 5823 est.
1320 5787 1341 5821 ι

2169 5562 2285 5635 (26)
2322 5563 2433 5627 AL,
2470 5581 2490 5615 ι
2526 5562 2582 5618 Si
2616 5564 2667 5618 in
2695 5565 2776 5620 eis
2803 5566 3096 5623 credimus.
3127 5584 3145 5617 ι

2172 5635 2285 5702 (‘27)
2324 5635 2569 5689 Sarmens.
2602 5636 2761 5690 Deest
2784 5637 2836 5688 in
2876 5646 3033 5689 antea
3064 5636 3246 5691 editis.

2173 5700 2285 5776 (28)
2326 5705 2433 5771 AL,
2469 5722 2492 5797 ι
2514 5707 2735 5763 verbum
2776 5705 2868 5762 Dei
2910 5708 3123 5775 vivum;
3160 5706 3278 5767 sed.
3309 5724 3326 5759 ι
3359 5712 3471 5761 etc.
