4170 6416
463 334 567 392 955

1947 324 2272 382 OlllGENlS

3630 324 3736 380 936

392 525 394 529 λ
461 463 555 510 ιιιι·
584 467 765 519 ειιιιιιι,
795 460 850 506 ει
893 449 1176 520 proferant
1206 447 1786 514 'verhum'mortuum,
1820 447 2048 503 verbum
2082 455 2127 509 Α
2155 448 2282 511 cile,
2315 454 2370 502 et
2405 447 2574 502 nolite
2611 447 2983 512 maledicere;
3021 465 3040 501 ι
3076 456 3128 502 ει
3166 445 3293 502 alibi
3317 446 3363 479 ⁸³
3394 462 3409 500 :
3450 467 3468 499 ι
3511 440 3591 501 Ne
3629 460 3738 516 qua

461 540 686 605 diaboli,
721 556 828 595 non
854 540 921 594 de
955 544 1144 604 corde,
1174 539 1269 593 sed
1299 539 1366 593 de
1412 538 1685 607 sepulcro.
1721 537 1778 593 Si
1828 540 2048 609 quando

461 649 594 705 ergo
619 633 822 688 videris
873 633 1151 688 hominem
1184 631 1390 688 lascivo
1425 647 1522 687 ore
1571 632 1846 703 impudica
1880 636 2046 687 verba

454 728 781 795 jactantem,
809 737 904 781 aut
947 726 1158 781 tumido
1195 735 1248 782 et
1283 725 1580 780 furibundo
1605 726 1966 780 contumelias
1994 736 2048 780 et

461 819 754 874 maledicta
799 818 1192 888 proferentem,
1229 833 1337 872 non
1369 816 1585 872 dubites
1613 820 1680 873 de
1713 819 1815 872 hoc
1842 818 2045 882 dicere,

461 914 588 981 quia
625 931 643 964 ι
702 910 1012 980 sepulcrum
1070 920 1262 980 patens
1294 922 1378 965 est
1421 917 1608 980 guttur
1639 927 1658 961 ι
1714 910 1852 979 ejus.
1912 929 1930 963 ι
1973 911 2048 965 De

461 1005 792 1058 abundantia
816 1002 962 1057 enim
986 1002 1170 1058 cordis
1196 1017 1257 1056 os
1284 1001 1608 1071 loquitur".
1645 1020 1664 1053 ι
1696 1000 1774 1054 Ad
1810 1001 1926 1056 haec
1952 1003 2049 1056 ati-

459 1098 608 1152 ditur
637 1114 652 1150 :
689 1116 709 1148 ‹
759 1095 984 1166 Linguis
1017 1095 1136 1151 suis
1169 1095 1355 1150 dolose
1390 1095 1645 1164 agebant.
1675 1113 1694 1146 ι
1738 1094 1904 1148 Dolus
1941 1105 2046 1161 est,

459 1207 584 1248 cum
618 1191 763 1245 aliud
795 1190 920 1261 quis
961 1189 1142 1262 lingua
1191 1188 1457 1258 loquitur,
1486 1197 1543 1244 et
1582 1187 1727 1243 aliud
1757 1187 1964 1242 volutat
1993 1189 2046 1243 in

459 1283 646 1338 corde.
689 1283 842 1348 Quod
883 1282 1092 1338 crimen
1129 1281 1311 1336 nescio
1344 1281 1392 1336 si
1441 1280 1525 1336 vel
1571 1281 1749 1348 justos
1801 1294 2048 1350 quosque

459 1383 518 1430 et
545 1373 750 1428 electos
779 1373 1052 1442 relinquat
1083 1372 1388 1438 immunes;
1421 1373 1516 1426 sed
1553 1381 1686 1441 puto
1732 1372 1876 1442 quod
1908 1373 2046 1428 alius

458 1465 600 1534 plus,
633 1463 774 1520 alius
803 1477 986 1520 autem
1019 1465 1223 1527 minus,
1255 1479 1414 1517 nemo
1442 1473 1620 1517 tamen
1646 1463 1718 1518 sit
1752 1465 1820 1519 ab
1845 1465 1950 1520 hoc
1974 1463 2046 1521 ad

458 1555 758 1626 perfectum
812 1571 1003 1626 purus,
1048 1555 1154 1609 nisi
1195 1555 1288 1610 ille
1335 1555 1484 1609 solus
1529 1554 1596 1610 de
1627 1569 1736 1624 quo
1780 1556 2045 1624 scriptum

458 1660 545 1702 est
573 1666 585 1702 :
622 1667 641 1700 ι
671 1647 771 1714 Qui
805 1655 1089 1716 peccatum
1123 1662 1230 1700 non
1277 1644 1428 1710 fecit,
1455 1661 1556 1700 nec
1583 1647 1739 1701 dolus
1785 1648 2046 1702 inventus

459 1750 543 1796 est
577 1741 631 1794 in
661 1756 758 1796 ore
787 1741 902 1812 ejus
927 1741 994 1795 ⁷⁸.
1022 1760 1042 1794 ι
1090 1739 1226 1794 Nam
1251 1750 1307 1794 et
1337 1740 1382 1795 si
1417 1740 1731 1800 inveniatur
1756 1740 1878 1810 quis
1915 1740 2042 1796 dili—

458 1847 592 1904 gens
621 1843 676 1888 et
705 1845 925 1899 cautus,
975 1843 1155 1906 potest
1196 1833 1449 1890 fortassis
1495 1835 1548 1888 in
1593 1835 1938 1903 gravioribus
1985 1852 2045 1892 se

457 1923 756 1976 observare
789 1941 804 1977 :
838 1939 998 1993 quem
1041 1935 1221 1979 autem
1269 1924 1538 1989 invenias,
1576 1925 1668 1995 qui
1709 1926 1763 1980 in
1807 1927 1926 1982 lucc
1960 1927 2045 1983 vel

457 2029 570 2083 pne
605 2016 957 2083 verecundia,
989 2017 1071 2071 vel
1100 2032 1209 2086 pra:
1241 2017 1573 2088 negligentia
1607 2032 1714 2071 non
1748 2017 2046 2074 incurrat?

457 2105 737 2162 Interdum
785 2118 843 2164 et
897 2124 994 2178 per
1041 2108 1373 2163 oblivionem
1424 2110 1751 2164 omittuntur
1797 2126 1920 2180 quas
1949 2128 2047 2166 cu-

458 2204 630 2256 randa
681 2201 920 2266 fuerant,
957 2211 1012 2256 et
1052 2216 1126 2256 ne
1175 2210 1439 2270 appareat
1478 2200 1661 2270 culpa,
1710 2213 2045 2258 excusantur

459 2295 614 2350 aliter
644 2309 808 2364 quam
842 2289 956 2365 (29)
986 2303 1137 2363 gesta
1163 2302 1312 2352 sunt.
1341 2292 1497 2348 Unde
1526 2303 1582 2347 et
1611 2293 1829 2361 Petrus,
1863 2295 2044 2352 sciens

457 2388 594 2444 istas
647 2401 769 2442 esse
816 2386 1166 2441 diversitates
1218 2386 1347 2451 doli,
1386 2385 1550 2456 508
1577 2385 1632 2439 in
1672 2386 1916 2456 Epistola
1947 2403 2045 2444 sua

457 2479 649 2535 scribit
699 2478 889 2533 dicens
922 2495 937 2533 :
976 2497 994 2531 ι
1050 2478 1390 2548 Deponentes
1423 2493 1555 2547 ergo
1589 2493 1806 2533 omnem
1836 2479 2042 2548 dolum,

457 2583 513 2628 et
565 2572 990 2635 simulationem,
1037 2581 1091 2626 et
1134 2573 1420 2636 invidiam,
1457 2583 1512 2628 et
1565 2574 2042 2644 obtrectationem,

459 2663 614 2734 quasi
651 2664 812 2719 modo
861 2663 1029 2732 geniti
1083 2663 1340 2730 infantes,
1397 2666 1783 2730 rationabiles,
1821 2675 1878 2721 et
1925 2668 2045 2722 sine

459 2754 604 2817 dolo,
648 2755 734 2809 lac
776 2753 1175 2824 concupiscite,
1208 2763 1266 2809 ut
1290 2755 1342 2810 in
1385 2769 1452 2811 eo
1493 2757 1761 2813 crescetis
1799 2758 1854 2812 in
1893 2759 2035 2814 salu-

458 2854 570 2902 tem
588 2847 657 2900 τ’.
691 2867 712 2898 ο

530 2938 587 2994 4.
656 2956 677 2991 ι
705 2936 986 2994 Venenum
1044 2939 1294 3010 aspidum
1347 2939 1450 2996 sub
1497 2939 1660 2997 labiis
1696 2956 1888 2998 eorum
1913 2941 1984 2998 ‘°.
2018 2960 2038 2995 ι

459 3027 673 3086 Mersus
727 3030 993 3098 serpentis
1043 3046 1255 3086 veneno
1306 3046 1507 3102 corpus
1565 3030 1683 3106 (50)
1728 3034 2040 3091 interimit:

2155 540 2308 593 radix
2349 539 2730 595 amaritudinis
2777 555 2992 596 sursum
3037 540 3353 611 germinans
3387 539 3671 610 impediat.
3713 559 3731 591 ι

2150 630 2385 685 Additur
2407 633 2459 685 in
2479 632 2941 700 consequentibus
2960 632 3008 664 ⁸⁸
3035 653 3049 687 ;
3075 650 3093 682 ‹
3123 632 3346 686 VeIOCeS
3361 633 3523 701 pedes
3545 647 3732 688 eorum

2151 721 2221 776 ad
2252 720 2638 777 effundendum
2667 723 3012 793 sanguinem.
3043 741 3062 775 ι
3098 723 3254 790 Quod
3308 732 3490 780 tamen
3522 725 3731 780 crimen

2151 829 2263 868 non
2295 813 2548 871 fortassis
2570 815 2820 885 pluribus
2852 816 3028 886 aptari
3053 832 3213 887 posse
3238 814 3510 872 videbitur
3543 831 3732 872 eorum

2150 908 2218 963 de
2250 909 2452 978 quibus
2493 910 2629 965 dixit
2656 927 2671 965 :
2711 927 2731 962 ι
2763 908 2987 966 Causati
3020 910 3167 965 enim
3209 925 3398 965 sumus
3426 909 3646 966 Judzeos
3679 920 3738 968 et

2149 1001 2368 1058 Graecos
2400 1018 2593 1059 omnes
2627 1003 2730 1059 sub
2757 995 2982 1074 peccato
3013 1019 3134 1059 esse
3159 1003 3246 1069 ⁸⁵;
3285 1022 3304 1056 ι
3348 1004 3454 1058 nisi
3488 1004 3629 1058 forte
3657 1005 3733 1059 ita

2151 1094 2542 1166 intelligamus,
2571 1096 2701 1166 quia
2734 1111 2840 1150 nou
2874 1098 3236 1167 corporaliter
3276 1106 3484 1151 tantum
3511 1097 3736 1166 sanguis

2149 1184 2450 1240 effunditur
2478 1201 2670 1241 eorum
2701 1201 2934 1255 quorum
2980 1201 3210 1254 corpora
3241 1187 3610 1251 trucidantur,
3637 1187 3733 1241 sed

2149 1287 2205 1334 et
2228 1280 2282 1334 hi
2315 1283 2407 1350 qui
2437 1279 2682 1350 quolibet
2710 1280 2970 1335 seandalo
2992 1279 3228 1334 animam
3258 1295 3289 1335 a
3319 1279 3430 1335 Deo
3452 1287 3732 1349 separant,

2147 1373 2250 1426 viri
2285 1372 2612 1442 sanguinum
2661 1372 3038 1427 nominantur.
3087 1370 3244 1426 Sicut
3270 1374 3415 1427 enim
3450 1371 3730 1428 homicida

2149 1465 2352 1520 dicitur
2375 1465 2467 1520 ille
2489 1465 2581 1535 qui
2614 1480 2817 1536 corpus
2838 1465 2908 1520 ah
2940 1467 3122 1520 anima
3159 1473 3398 1534 separat,
3440 1479 3536 1534 per
3562 1478 3730 1534 quam
3795 1495 3798 1498 ν

2148 1557 2500 1614 vivificatur:
2534 1558 2609 1612 ita
2659 1558 2830 1613 multo
2875 1559 3042 1613 etiam
3092 1560 3277 1614 verius
3323 1557 3416 1612 ille
3453 1556 3731 1611 homicida

2148 1648 2414 1704 dicendus
2443 1662 2548 1716 εει,
2579 1649 2670 1718 qui
2705 1648 2949 1703 animam
2976 1665 3005 1704 a
3037 1663 3162 1702 vera
3195 1649 3307 1704 vita
3341 1658 3581 1717 separat,
3611 1663 3732 1716 qua:

2150 1740 2263 1812 (55)
2285 1750 2369 1796 εει
2408 1741 2567 1797 Deus.
2611 1741 2788 1797 Pedes
2827 1750 3012 1795 autem
3048 1739 3230 1796 hocin
3274 1739 3393 1794 loco
3427 1739 3731 1794 illosintel-

2148 1833 2255 1901 lige
2290 1834 2358 1888 de
2408 1833 2606 1902 quibus
2639 1832 2776 1886 dicit
2817 1829 3092 1902 Propheta
3126 1849 3140 1886 :
3183 1849 3202 1882 ι
3229 1830 3330 1884 Mei
3365 1840 3546 1885 autem
3593 1844 3732 1899 pene

2149 1928 2280 1983 moti
2303 1935 2433 1981 sunt
2462 1926 2627 1996 pedes
2654 1925 2738 1990 ⁸⁶ς
2767 1944 2787 1979 ι
2825 1927 2931 1981 hoc
2950 1933 3054 1995 est,
3079 1923 3365 1982 consilium
3387 1938 3494 1997 quo
3519 1923 3732 1993 agimus

2145 2019 2251 2074 iter
2283 2019 2427 2074 vitaz.

2217 2112 2272 2167 5.
2299 2111 2622 2178 «Coutritio,
2639 2120 2696 2167 et
2716 2110 3009 2166 infelicitas
3033 2110 3086 2166 in
3119 2111 3222 2166 viis
3247 2125 3434 2166 eorum
3462 2126 3478 2163 :
3506 2117 3561 2162 et
3584 2107 3728 2160 viam

2146 2205 2297 2272 pacis
2333 2219 2440 2258 non
2481 2202 2944 2273 cognoverunt".
2971 2221 2991 2254 ι
3029 2202 3427 2258 Coutritionem
3460 2200 3552 2255 hic
3576 2199 3728 2264 dicit,

2147 2311 2254 2350 non
2286 2294 2430 2347 illam
2483 2309 2592 2364 qua
2646 2294 2873 2363 spiritus
2903 2294 3144 2363 peccatis
3180 2291 3582 2348 contribulatur
3625 2304 3731 2361 pro

2145 2388 2490 2458 pmnitentia,
2516 2389 2658 2442 unde
2688 2387 2888 2442 dicitur
2935 2388 2988 2441 in
3032 2385 3264 2442 Psalmis
3285 2386 3330 2418 ³⁸
3362 2404 3377 2440 :
3414 2406 3434 2438 ι
3470 2385 3577 2441 Cor
3600 2399 3732 2440 con-

2149 2479 2332 2532 tritum
2368 2489 2424 2533 et
2466 2479 2816 2533 humiliatum
2867 2478 3011 2534 Deus
3043 2494 3155 2533 non
3187 2479 3446 2548 spernit:
3484 2497 3504 2530 ι
3537 2477 3630 2534 sed
3664 2475 3733 2531 il-

2147 2569 2252 2622 lam
2299 2571 2438 2625 dicit
2490 2573 2879 2627 contritionem
2933 2588 3041 2642 qua
3093 2575 3418 2642 peccatores
3477 2571 3733 2627 dicuntur

2144 2675 2433 2719 conterere
2458 2664 2648 2734 jugum
2683 2665 2896 2720 Domini
2947 2677 3001 2719 et
3033 2666 3302 2734 projicere
3349 2681 3380 2719 a
3423 2665 3731 2721 cervicibus

2147 2755 2260 2809 suis
2286 2753 2354 2808 ⁸³.
2391 2754 2656 2810 Similiter
2700 2766 2757 2810 et
2809 2775 2827 2808 ι
2867 2755 3191 2824 infelicitas,
3220 2775 3239 2808 ›
3277 2755 3384 2823 vel,
3421 2755 3566 2810 sicut
3599 2751 3732 2808 alibi

2146 2845 2367 2916 legitur,
2404 2864 2423 2897 ι
2449 2845 2669 2901 miseria
2695 2866 2714 2898 ι
2754 2847 3073 2917 accipienda
3107 2857 3212 2914 est,
3238 2864 3342 2918 qua
3390 2848 3557 2902 miser
3599 2844 3731 2900 effe-

2146 2949 2265 2994 ctus
2293 2950 2379 2994 est
2412 2939 2577 2994 homo
2600 2950 2654 2994 et
2689 2939 2899 3006 infelix,
2921 2943 3012 3011 qui
3045 2960 3062 2993 ι
3090 2956 3214 2996 cum
3247 2943 3298 2996 in
3328 2941 3534 2996 honore
3565 2947 3730 3004 esset,

2145 3048 2254 3087 non
2279 3031 2564 3095 intellexit,
2591 3050 2610 3084 ι
2646 3032 2742 3087 sed
2782 3053 2801 3086 ι
2825 3046 3177 3103 comparatus
3199 3045 3282 3088 est
3300 3031 3568 3102 jumentis
3597 3031 3730 3086 insi-

462 3137 680 3178 morsus
702 3121 856 3176 verbi
885 3122 1134 3176 venenati
1165 3121 1360 3176 fraude
1382 3125 1621 3177 animam
1651 3133 1832 3180 necat.
1860 3123 2044 3181 Potest
2070 3156 2114 3216 c
2147 3123 2443 3193 pientibus,
2472 3133 2528 3178 et
2557 3122 2754 3177 similis
2787 3125 2969 3179 factus
3001 3134 3088 3180 est
3110 3125 3192 3180 eis
3213 3125 3280 3179 9°.
3313 3124 3381 3178 Et
3401 3124 3546 3177 viam
3576 3121 3731 3195 pacis

462 3215 632 3269 accidi
671 3215 775 3270 hoc
813 3222 870 3269 et
902 3214 970 3269 de
1012 3215 1097 3269 his
1132 3215 1227 3284 qui
1268 3215 1668 3273 calumniarum
1722 3220 2046 3275 commentis

460 3306 903 3362 circumveniunt
935 3308 1188 3362 homines
1219 3325 1232 3362 :
1271 3317 1452 3377 potest
1483 3319 1537 3364 et
1584 3310 1652 3365 de
1682 3311 1789 3377 his,
1828 3314 1920 3382 qui
1950 3327 2049 3384 per

461 3397 782 3452 hmreticam
811 3397 1118 3452 doctrinam
1155 3413 1364 3454 veneno
1384 3400 1583 3455 diaboli
1622 3401 1899 3469 infectam,
1933 3405 2049 3459 ani-

460 3505 582 3546 mas
639 3491 920 3561 decipiunt
963 3491 1321 3562 simplicium.
1361 3511 1380 3545 ‹
1427 3493 1668 3561 Quorum
1709 3509 1772 3550 os
1817 3496 2044 3551 maledi-

460 3582 662 3648 ctione,
695 3590 752 3636 et
785 3582 1148 3638 amaritudine
1197 3583 1415 3651 plenum
1445 3594 1531 3640 est
1547 3583 1616 3644 θί.
1663 3603 1682 3639 ι
1721 3586 1798 3642 De
1835 3602 2047 3644 veneno

463 3674 680 3743 quidem
719 3672 966 3744 aspidum
998 3689 1106 3728 non
1152 3674 1290 3728 dixit
1317 3675 1478 3744 plena
1519 3691 1641 3733 esse
1666 3676 1832 3734 labia.
1859 3678 1916 3733 ln
1953 3680 2047 3735 illo

461 3766 608 3820 enim
639 3765 770 3820 vitio
798 3765 981 3835 plures
1017 3766 1268 3823 fortassis
1304 3769 1673 3834 inveniantur,
1715 3786 1823 3826 non
1859 3780 2046 3828 tamen

459 3857 646 3924 plures
671 3857 762 3924 qui
787 3857 964 3925 plene,
994 3866 1050 3912 et
1084 3858 1152 3912 ad
1192 3858 1466 3928 integrum
1492 3860 1690 3916 veneni
1724 3861 1870 3918 illius
1895 3862 2047 3918 virus

459 3954 689 4000 exerant
737 3945 874 4017 (51).
926 3945 1306 4001 Maledictione
1360 3958 1544 4002 autem
1581 3958 1636 4005 et
1681 3951 2048 4007 amaritudine

460 4037 660 4106 repleri
689 4053 772 4105 os,
801 4038 957 4093 valde
985 4038 1276 4094 mlnltorum
1301 4051 1407 4096 est.
1427 4040 1560 4108 Quis
1580 4042 1728 4098 enim
1755 4044 1830 4100 ita
1862 4059 2049 4101 emen-

463 4129 573 4183 dati
608 4129 724 4185 oris
755 4139 843 4185 est
886 4128 1023 4202 (52),
1055 4146 1219 4200 quem
1253 4148 1360 4188 non
1413 4133 1779 4191 maledicendi
1809 4151 2046 4192 consue-

463 4222 595 4276 tudo
618 4222 894 4289 sollicitet,
925 4239 1032 4278 nou
1075 4223 1255 4280 dicam
1283 4225 1574 4280 adversum
1600 4241 1697 4282 eos
1744 4227 1837 4297 qui
1874 4228 2046 4283 male-

463 4313 701 4369 dictione
730 4314 876 4386 digni
910 4325 1059 4380 sunt,
1091 4316 1184 4370 sed
1218 4316 1511 4372 adversum
1547 4332 1644 4374 eos
1676 4333 1816 4390 quos
1854 4319 2046 4375 Domi-

463 4419 566 4458 nus
589 4420 692 4457 non
731 4404 1031 4469 maledixit,
1067 4405 1120 4460 id
1165 4415 1268 4470 est,
1301 4405 1480 4473 justos
1505 4417 1561 4463 et
1603 4410 1925 4465 innocentes
1956 4410 2041 4465 vi-

2148 3230 2258 3270 uou
2289 3226 2662 3284 cognoverunt
2683 3216 2755 3273 ⁹¹.
2784 3234 2803 3267 ι
2834 3214 2945 3269 Pax
2975 3224 3157 3270 nostra
3190 3215 3444 3270 Christus
3473 3225 3578 3269 est.
3627 3211 3729 3268 Via

2147 3323 2278 3378 ergo
2323 3308 2497 3377 pacis,
2535 3309 2626 3362 via
2674 3305 2879 3362 Christi
2916 3317 3020 3362 est.
3051 3306 3159 3361 Sed
3205 3316 3262 3361 et
3312 3306 3359 3360 si
3393 3304 3730 3374 accipiamus

2147 3382 2292 3465 quod
2322 3407 2642 3466 peccatores
2670 3397 2797 3452 dum
2821 3397 3081 3452 vitiorum
3103 3395 3261 3452 bellis
3291 3411 3507 3465 semper
3528 3410 3732 3464 urgen-

2149 3497 2258 3553 tur,
2287 3489 2432 3544 viam
2487 3489 2642 3560 pacis
2674 3491 2951 3560 ignorant,
2981 3497 3128 3544 recte
3173 3488 3555 3558 intelligimus.
3586 3486 3731 3541 Dicit

2146 3580 2292 3634 enim
2321 3582 2590 3651 propheta
2616 3583 2684 3637 ad
2721 3582 3014 3638 Dominum
3044 3599 3061 3638 :
3095 3601 3114 3634 ι
3144 3581 3260 3636 Pax
3305 3579 3477 3634 multa
3505 3579 3729 3649 diligen-

2149 3671 2298 3728 tibus
2334 3689 2532 3728 nomen
2572 3684 2748 3741 tuum,
2781 3683 2838 3730 et
2873 3689 2983 3728 non
3011 3683 3096 3728 est
3130 3673 3241 3728 illis
3268 3671 3586 3727 scandalum
3612 3669 3680 3722 ’³.
3704 3685 3726 3722 ι

2148 3759 2257 3815 Sed
2293 3769 2349 3815 et
2381 3761 2474 3818 ille
2499 3761 2732 3833 populus
2760 3762 2855 3834 qui
2879 3763 2947 3818 de
2975 3763 3212 3834 .‘Egypto
3247 3764 3478 3817 eductus
3501 3769 3607 3830 est,
3631 3774 3732 3831 per

2145 3851 2292 3905 viam
2331 3853 2484 3923 pacis
2533 3853 2785 3921 incessit,
2814 3864 2875 3910 ut
2924 3854 2992 3910 ad
3041 3865 3248 3910 terram
3287 3853 3731 3923 repromissionis

2146 3944 2387 4012 veniret,
2421 3954 2477 4000 et
2502 3945 2775 4001 habitaret
2808 3947 2865 4001 in
2891 3945 3217 4014 Jerusalem,
3260 3962 3380 4017 quae
3409 3947 3734 4014 interpreta-

2147 4045 2238 4093 tur
2274 4039 2405 4093 visio
2457 4041 2630 4109 pacis,
2669 4040 2813 4095 sicut
2858 4049 2915 4095 et
2957 4041 3229 4111 Propheta
3259 4042 3393 4096 dicit
3424 4059 3438 4096 :
3477 4059 3495 4092 ι
3529 4039 3731 4094 Factus

2145 4141 2234 4186 est
2260 4131 2312 4186 in
2339 4146 2472 4202 pace
2500 4131 2653 4189 locus
2685 4132 2825 4204 ejus,
2845 4144 2898 4190 et
2921 4135 3190 4190 habitatio
3217 4134 3338 4203 ejus
3366 4135 3420 4188 in
3454 4131 3586 4187 Sion
3614 4130 3682 4187 ".
3703 4149 3726 4182 ι

2145 4219 2367 4278 Plenius
2405 4233 2586 4278 autem
2622 4227 2765 4279 viam
2795 4226 2945 4295 pacis
2990 4226 3240 4297 agnoscit
3267 4226 3360 4296 qui
3387 4225 3454 4279 ad
3487 4220 3728 4280 coelestia

2146 4311 2448 4369 Jerusalem
2477 4315 2850 4372 habitaculum
2884 4317 3077 4382 tendit,
3123 4327 3182 4373 ut
3218 4318 3286 4372 ad
3318 4327 3565 4372 sanctam
3595 4313 3731 4369 civi-

2154 4413 2318 4461 tatem
2339 4407 2431 4462 Dci
2453 4409 2681 4465 viventis
2710 4411 2988 4465 ascendat.
3014 4411 3145 4466 Post
3164 4412 3278 4466 haec
3296 4411 3542 4465 additur:
3569 4425 3590 4459 t
3611 4406 3727 4463 Non

462 4495 592 4548 ros?
616 4493 932 4562 Promptum
957 4497 1061 4551 hoc
1096 4507 1149 4550 et
1169 4499 1412 4567 proclive
1443 4499 1635 4554 vitium
1663 4509 1748 4556 est
1769 4499 2037 4573 fragilita-
2068 4503 2123 4565 1)
2147 4506 2232 4552 est
2269 4498 2430 4553 timor
2459 4499 2554 4555 Dei
2603 4511 2730 4556 ante
2776 4501 2967 4557 oculos
3001 4516 3196 4556 eorum
3228 4500 3297 4555 ".
3326 4519 3347 4553 ι
3387 4501 3445 4555 Si
3492 4499 3616 4569 quis
3651 4498 3728 4554 sit

462 4582 537 4636 tis
572 4584 824 4638 humanae
848 4601 975 4652 erga
1005 4586 1280 4656 subjectos
1318 4590 1593 4659 praecipue
1629 4599 1685 4646 et
1709 4589 2042 4648 inferiores:

461 4676 537 4731 ita
583 4675 772 4745 utjam
799 4678 1213 4748 appellationem
1261 4683 1404 4742 hanc
1459 4698 1564 4738 non
1601 4683 2044 4740 maledictionem

461 4778 677 4838 putent.
705 4767 773 4823 Et
802 4770 926 4825 ideo
956 4772 1179 4842 plemun
1209 4787 1331 4829 esse
1359 4789 1422 4828 os
1451 4791 1666 4843 eorum,
1701 4786 1755 4830 et
1784 4784 2044 4844 tanquam

464 4860 533 4915 de
585 4860 744 4929 pleno
793 4862 907 4917 oris
956 4864 1179 4918 vasculo
1230 4865 1606 4921 indesinenter
1647 4865 1850 4922 dicitur
1875 4865 2047 4924 ﬂuere

462 4952 798 5009 maledictio.
825 4954 967 5011 l-luic
1019 4967 1198 5010 tamen
1227 4966 1281 5011 et
1319 4958 1629 5013 amaritudo
1667 4960 2038 5031 conjungitur,

463 5045 589 5115 quia
621 5061 688 5101 ex
716 5046 1012 5103 iracundia:
1040 5047 1164 5104 felle
1200 5050 1559 5119 depromitur.
1576 5050 1682 5105 Per
1702 5053 2039 5107 iracundiam

463 5137 610 5190 enim
648 5151 716 5191 ac
746 5136 982 5193 furorem
1026 5141 1092 5193 ad
1129 5141 1558 5196 maledicendum
1591 5142 1776 5213 lingua
1804 5144 2044 5211 compel-

464 5228 615 5284 'itur.
653 5229 717 5284 Et
767 5230 891 5286 ideo
923 5231 1056 5284 dicit
1110 5232 1252 5286 idem
1305 5233 1594 5304 Apostolus
1620 5235 1666 5266 ⁸³
1699 5253 1713 5290 :
1758 5253 1777 5286 ε
1812 5234 2041 5290 Benedi-

536 5325 581 5396 ῘΪ
613 5325 804 5381 Matth.
839 5342 942 5390 χιι,
985 5327 1077 5382 54.
1174 5327 1222 5360 ⁷⁸
1250 5329 1268 5382 l
1296 5328 1446 5383 Ρθιιι,
1477 5345 1539 5396 ιι,
1569 5330 1658 5385 22,

1767 5332 1812 5365 "
1863 5331 1997 5387 ibid.
2061 5332 2113 5392 l.
2144 5332 2200 5384 9..

2147 4588 2240 4658 qui
2270 4603 2487 4659 semper
2530 4592 2598 4646 de
2638 4591 2835 4647 timore
2887 4592 2983 4646 Dei
3015 4590 3237 4661 cogitet,
3265 4590 3395 4662 quid
3421 4592 3471 4646 ei
3519 4591 3729 4660 placeat

2151 4680 2414 4749 requirat,
2437 4681 2640 4751 quidve
2667 4683 3115 4752 displiceat,huic
3144 4687 3309 4739 timor
3339 4683 3432 4738 Dei
3456 4697 3580 4738 esse
3603 4692 3730 4737 ante

2147 4770 2337 4826 oculos
2377 4773 2596 4828 dicitur.
2634 4773 2740 4828 Sed
2794 4775 3005 4844 peritus
3054 4775 3218 4831 debet
3247 4790 3390 4842 esse,
3413 4784 3470 4830 et
3509 4789 3577 4828 ex
3612 4773 3729 4842 lege

2148 4859 2366 4916 Domini
2411 4863 2700 4934 diligenter
2739 4869 2988 4923 eruditus
3015 4868 3086 4934 ³⁸,
3121 4883 3190 4924 ηε
3220 4868 3364 4923 forte
3391 4867 3502 4922 illic
3542 4873 3731 4921 timeat

2150 4955 2366 5022 timore,
2395 4957 2488 5012 ubi
2521 4960 2868 5013 necessarius
2913 4974 3025 5014 non
3060 4961 3170 5015 erit
3218 4962 3402 5014 timor.
3437 4957 3732 5013 Ponendus

2148 5053 2234 5100 est
2279 5061 2410 5116 ergo
2452 5063 2671 5119 seraper
2698 5048 2862 5105 timor
2899 5050 2994 5105 Dei
3028 5061 3155 5105 ante
3183 5049 3413 5104 oculos:
3453 5064 3560 5103 non
3593 5048 3731 5103 istos

2146 5140 2334 5195 oculos
2362 5141 2548 5196 carnis
2575 5141 2774 5213 (neque
2807 5144 2949 5198 enim
2971 5142 3190 5200 visibile
3211 5142 3442 5213 aliquid,
3487 5151 3580 5196 aut
3605 5157 3729 5196 cor-

2145 5248 2372 5303 poreum
2401 5234 2709 5307 quaeritur),
2736 5238 2831 5292 sed
2861 5245 2988 5292 ante
3015 5237 3202 5292 oculos
3223 5237 3422 5291 mentis
3446 5235 3583 5306 (δικ
3611 5236 3729 5304 qui-

2307 5331 2353 5362 ⁸ο
2381 5332 2540 5386 Rom.
2567 5347 2651 5394 ιιι,
2685 5333 2774 5387 15.
2848 5334 2892 5366 ⁸⁸
2929 5334 3057 5388 ibid.
3093 5333 3179 5388 14.
3255 5334 3300 5364 θ’
3329 5332 3487 5387 Rom.
3513 5347 3609 5396 xu,
3640 5331 3731 5384 ll.

461 5394 509 5472 '_’
533 5395 696 5450 llehr.
726 5398 941 5472 x1545.
1012 5397 1065 5472 ξι
1097 5396 1263 5472 Rom:
1286 5413 1363 5472 ιιι,
1396 5399 1484 5452 15.
1524 5394 1532 5396 “
1560 5401 1607 5432 ⁸³
1632 5402 1852 5472 ἱΙιίᾱηθ.
1927 5403 1973 5433 ⁸⁸
2001 5401 2041 5458 Ρ

2186 5416 2358 5467 Lxxu,
2388 5401 2445 5456 2.
2519 5403 2564 5434 ⁸⁷
2594 5402 2752 5457 Rulli.
2779 5420 2861 5469 ιιι,
2891 5405 2978 5472 16,
3011 5405 3098 5458 17.
3173 5404 3222 5437 ⁸⁸
3250 5403 3395 5458 Psal.
3429 5419 3482 5466 L,
3520 5394 3607 5455 t9.
3685 5401 3730 5431 ⁸⁸

467 5464 670 5539 fierem.
702 5482 759 5528 ιι,
788 5467 892 5539 2t);
929 5483 982 5532 ν,
1010 5467 1087 5539 5.-
1155 5470 1201 5502 ³ο
1233 5468 1603 5539 Ρεειηιιινιιι,
1635 5473 1723 5539 15,
1765 5471 1856 5527 21.

462 5535 510 5565 ἰ
533 5535 690 5588 llont.
716 5552 796 5602 ιιι,
826 5537 915 5592 18.
987 5539 1032 5569 ³⁸
1057 5537 1200 5594 Ρεὶὶιο
1231 5554 1355 5605 ll”.
1384 5537 1439 5594 5'

533 5625 646 5696 (29)
683 5626 795 5691 AL,
831 5645 850 5677 ι
886 5644 1028 5696 ψη.
1052 5649 1070 5682 ι

535 5695 647 5775 Qu)
679 5697 789 5775 nl},
819 5714 838 5747 ι
865 5695 1040 5752 Morsu
1066 5701 1338 5769 serpentis
1363 5715 1630 5760 venenum
1655 5713 1910 5775 corpus,r
1929 5709 2038 5760 etc.

536 5766 648 5836 (5|)
689 5765 798 5836 AL,
835 5785 852 5819 t
877 5765 1185 5827 exerceant.
1211 5790 1230 5823 ι

1933 5473 1978 5506 ⁹¹
2023 5472 2182 5528 ιὶοιιι.
2230 5488 2313 5540 ιιι,
2353 5473 2443 5526 17.

2523 5475 2571 5506 ⁸⁸
2593 5474 2738 5530 Psal.
2770 5491 2960 5542 cxvm,
2996 5475 3120 5530 165.
3215 5474 3262 5508 ’³
3291 5473 3437 5531 Psal.
3486 5487 3648 5535 Lxxv,
3674 5473 3723 5522 5.

2221 5632 2335 5711 (ξιξ)
2373 5632 2480 5711 ah,
2512 5653 2541 5711 Δε
2573 5636 2961 5711 emendatioris
2987 5647 3072 5695 est
3100 5639 3245 5696 vitaz.
3275 5659 3298 5695 ι

2222 5705 2338 5776 (εξ)
2380 5705 2546 5772 Editi,
2588 5725 2607 5758 ι
2637 5708 2750 5776 qui.
2789 5726 2806 5758 ι

2225 5773 2340 5844 (δέ)
2376 5776 2545 5840 Alias,
2582 5795 2601 5833 t
2639 5773 2732 5834 sed
2761 5779 2960 5836 dicitur
2990 5780 3055 5836 de
3090 5781 3264 5838 oculis
3294 5778 3510 5836 mentis.
3544 5795 3563 5831 ι
