4170 6416
478 300 544 356 3'7
1390 295 1741 353 COMMENT.
1779 298 1843 352 IN
1883 295 2099 352 EPIST.
2137 296 2228 350 AD
2267 295 2436 352 ROM.
2470 293 2595 349 LIB.
2638 293 2724 349 Ill.

3577 293 3684 350 938

442 419 546 472 bus
577 415 784 469 timoris
817 415 908 470 Dei
946 423 1000 470 et
1037 415 1346 471 intellectus
1374 427 1429 471 et
1473 418 1717 473 doctrina
1747 419 2012 490 perspici-
2041 423 2086 480 Λ
2113 416 2285 490 Moysi
2313 416 2634 488 intelligere,
2665 428 2786 482 quae
2811 412 2918 466 illis
2935 412 3055 468 sine
3077 411 3243 468 dubio
3264 411 3394 470 solis
3416 411 3680 483 loquitur,

443 520 553 576 tur,
579 525 677 579 per
707 525 894 578 quam,
925 509 1066 576 sicut
1100 511 1352 578 superius
1376 511 1634 579 diximus,
1679 514 2011 585 intelligatur

443 607 572 672 quid
601 607 895 660 timendum
931 606 1022 670 sit,
1053 615 1147 659 aut
1173 608 1302 675 quid
1330 624 1436 663 non
1468 611 1539 664 sit
1571 610 2008 676 timendum.Qni

444 698 612 752 Deum
646 699 815 759 timet.
851 708 1145 767 potestates
1187 701 1369 756 saeculi
1403 718 1509 757 non
1557 704 1733 759 timet.
1783 703 1849 757 Et
1878 704 2007 773 quid

440 791 562 844 dico
585 793 652 846 de
690 795 1046 862 potestatibus
1077 793 1300 850 saeculi?
1326 795 1435 850 Nec
1475 796 1595 851 illos
1639 797 2006 866 principatus,

437 899 493 939 et
532 897 856 954 potestates,
880 897 933 944 et
962 890 1143 945 mundi
1173 888 1332 959 hujus
1357 899 1622 956 rectores,
1647 904 1824 962 neque
1845 891 2009 961 spiri-

440 978 566 1032 talia
617 981 872 1048 nequitiae
923 983 976 1035 in
1030 982 1342 1040 ctelestibus
1376 985 1529 1038 timet
1549 984 1617 1038 ’°.
1648 982 1718 1039 Et
1750 993 1808 1038 ut
1838 984 2007 1053 ipsius

439 1069 541 1122 hoc
567 1070 679 1140 (55)
711 1069 862 1128 Pauli
892 1076 1218 1131 auctoritate
1244 1076 1545 1140 firmemus,
1578 1077 1701 1131 audi
1735 1075 2006 1146 quomodo

436 1160 570 1214 dicit
597 1162 665 1217 de
682 1164 931 1220 humanis
959 1168 1349 1234 potestatibus:
1401 1183 1420 1218 ί
1455 1167 1586 1232 Vis,
1645 1168 1855 1237 inquit,
1897 1183 2007 1222 non

437 1254 628 1310 timere
655 1267 978 1325 potestatem
1007 1259 1030 1313 ’Β
1057 1260 1164 1314 Fac
1186 1263 1329 1330 quod
1359 1263 1556 1315 bonum
1580 1269 1685 1325 est,
1705 1271 1760 1315 ct
1782 1260 2006 1315 habebis

434 1348 650 1404 laudem
699 1365 765 1405 ex
807 1356 870 1406 ea
896 1352 964 1408 "’.
990 1371 1009 1404 ι
1051 1353 1116 1407 Et
1155 1353 1426 1421 Propheta
1471 1354 1606 1408 dicit
1638 1371 1652 1408 :
1689 1370 1708 1404 ε
1747 1354 2006 1408 Dominus

434 1444 566 1498 tnihi
606 1444 821 1514 adjutor
852 1456 954 1512 est,
991 1465 1096 1503 non
1127 1448 1328 1504 timebo
1358 1449 1486 1519 quid
1526 1449 1692 1504 faciat
1731 1448 1864 1504 mihi
1902 1449 2004 1504 ho-

432 1549 522 1587 mo
547 1535 616 1588 ’3.
649 1554 670 1588 ι
719 1537 791 1591 De
835 1538 1077 1593 adversis
1128 1553 1261 1594 vero
1296 1542 1655 1608 potestatibus
1709 1541 2000 1610 spirituum

432 1627 572 1680 idem
627 1627 894 1697 Propheta
939 1630 1177 1685 sensisse
1223 1631 1355 1686 mihi
1409 1632 1645 1698 videtur,
1694 1633 1782 1686 ubi
1822 1633 1998 1688 dicit:

435 1737 454 1768 ι
479 1718 626 1772 Multi
650 1720 743 1790 qui
779 1720 1048 1776 debellant
1086 1739 1170 1778 me
1193 1725 1261 1779 de
1279 1725 1520 1789 eXcelso,
1540 1739 1637 1793 per
1665 1725 1810 1778 diem
1840 1725 2000 1778 time-

428 1809 564 1864 bunt
587 1811 654 1879 ’9;
683 1831 702 1864 ι
743 1822 798 1868 et
828 1816 1023 1869 iterum
1055 1833 1070 1870 :
1113 1833 1131 1866 ι
1159 1813 1216 1870 Si
1258 1818 1560 1871 consistant
1597 1815 1884 1870 adversum
1915 1831 2000 1868 me

428 1911 632 1970 castra,
651 1919 758 1960 non
789 1906 1001 1963 timebit
1034 1921 1130 1962 cor
1161 1921 1339 1964 meum
1371 1910 1446 1962 ¹.›
1473 1907 1621 1975 Opus
1641 1921 1772 1975 ergo
1794 1907 2002 1978 grande

427 2003 511 2048 est
531 2005 586 2048 et
601 1997 948 2067 magnificum
974 2013 1189 2069 semper
1213 2000 1418 2055 habere
1445 2011 1572 2054 ante
1603 2000 1789 2056 oculos
1821 2002 2002 2056 cordis

428 2085 591 2157 509
619 2088 865 2144 timorem
893 2089 1020 2145 Dei:
1045 2091 1194 2145 illum
1223 2092 1497 2157 timorem,
1524 2093 1614 2162 qui
1633 2093 1861 2160 replevit
1884 2094 1997 2146 vir-

428 2193 551 2247 gam
583 2194 704 2249 quae
735 2181 977 2237 surrexit
1002 2184 1070 2237 de
1109 2183 1292 2237 radice
1345 2183 1521 2250 Jesse,
1568 2193 1624 2240 et
1668 2183 1858 2240 ﬂorem
1904 2187 1998 2254 qui

427 2269 494 2323 d'e
551 2272 735 2327 radice
778 2272 897 2341 ejus
961 2276 1200 2329 surrexit
1233 2293 1246 2330 :
1278 2277 1344 2330 de
1393 2292 1502 2347 quo
1554 2279 1767 2332 dixerat
1813 2295 1828 2331 :
1872 2295 1893 2329 ς
1933 2277 2000 2331 Et

426 2360 657 2428 replebit
685 2376 808 2416 eum
834 2364 1059 2431 spiritus
1088 2366 1298 2422 timoris
1328 2368 1541 2422 Domini
1573 2370 1615 2422 ί.
1647 2387 1667 2420 ι
1705 2367 1761 2422 In
1792 2376 1998 2422 tantum

427 2461 607 2506 autem
657 2453 960 2522 perfectum
1015 2459 1193 2512 reddit
1245 2460 1520 2514 hominem
1571 2459 1668 2515 Dei‘
1710 2461 1891 2525 timor,
1941 2469 1999 2513 ut

425 2545 561 2598 nihil
594 2545 644 2600 ei
673 2547 833 2611 desit,
867 2559 924 2602 ut
963 2547 1238 2618 PrOpbeta
1277 2553 1410 2606 dicit
1449 2551 1588 2623 (56),
1620 2552 1747 2622 quia
1805 2568 1824 2603 r
1864 2552 1998 2606 nihil

425 2634 577 2692 deest
613 2636 936 2694 timentibus
981 2655 1105 2697 eum
1135 2643 1177 2700 ’.
1210 2663 1230 2697 ι
1290 2641 1438 2705 Haec,
1497 2653 1661 2713 prout
1700 2647 1994 2713 potuimus,

423 2727 652 2798 singulis
691 2731 999 2804 quibusque
1033 2748 1154 2805 quae
1192 2751 1222 2790 a
1267 2736 1435 2792 Paulo
1473 2747 1748 2807 assumpta
1783 2735 1998 2792 fuerant

423 2818 750 2886 aptavimus,
789 2825 1067 2892 quomodo
1119 2828 1414 2882 convenire
1449 2829 1767 2884 viderentur
1797 2830 1882 2884 his
1928 2829 1996 2884 de

422 2911 623 2978 quibus
681 2914 862 2970 dicit:
897 2936 917 2969 α
950 2919 1169 2974 Causati
1225 2921 1370 2974 enim
1417 2937 1606 2976 sumus
1669 2919 1887 2976 Iudaeos
1942 2931 1998 2977 et

419 2995 640 3057 Graecos
662 3017 854 3060 omnes
884 3009 985 3062 sub
1007 3020 1234 3078 peccato
1265 3025 1385 3065 esse
1413 3013 1454 3065 ⁸.
1489 3031 1508 3062 ι
1541 3011 1672 3079 Quae
1713 3022 1890 3067 tamen
1919 3013 1993 3067 ita

423 3091 788 3192 putoodebere‘
821 3097 1072 3168 intelligi,
1103 3117 1209 3156 non
1239 3114 1296 3157 ut
1327 3105 1380 3157 in
1413 3105 1647 3175 singulis
1682 3107 1993 3166 hominibus
2020 3135 2063 3192 ρ

419 3181 600 3234 omnia
625 3183 740 3238 hazc
764 3183 928 3243 fuisse
953 3202 1270 3260 arguantur,
1310 3197 1407 3249 sed
1452 3195 1596 3249 aliud
1624 3197 1678 3252 in
1714 3197 1823 3254 alio
1854 3199 1992 3272 (57),

328 3277 330 3280 '
419 3280 474 3324 et
498 3273 644 3327 aliud
677 3276 727 3330 in
757 3278 884 3345 alio,
921 3281 996 3335 ita
1024 3293 1204 3338 tamen
1231 3295 1288 3339 ut
1315 3287 1370 3340 in
1399 3289 1652 3344 omnibus
1684 3290 1996 3360 impleretur

422 3363 748 3421 universitas
775 3369 877 3423 ista
909 3371 1182 3428 vitiorum.

489 3454 542 3508 6.
601 3475 620 3507 ι
653 3455 868 3516 Scimus
928 3472 1151 3531 autem,
1208 3473 1462 3538 quoniam
1510 3485 1844 3543 quaecunque
1907 3475 1992 3531 lex

420 3542 680 3616 loquitur,
719 3552 803 3608 his
833 3555 925 3624 qui
950 3557 1003 3610 in
1028 3559 1148 3629 lege
1172 3569 1301 3614 sunt
1329 3560 1594 3632 loquitur,
1630 3575 1688 3618 ut
1721 3581 1882 3622 omne
1930 3582 1994 3624 os

419 3640 741 3698 obstruatur
791 3655 847 3706 et
899 3650 1154 3707 Subditus
1199 3652 1295 3707 ﬁat
1344 3657 1524 3711 omnis
1574 3660 1807 3714 mundus
1857 3659 1990 3715 Deo.

420 3727 716 3799 Propterea
743 3737 854 3808 (58)
875 3755 940 3796 ex
970 3745 1227 3814 operibus
1277 3747 1413 3814 legis
1460 3762 1566 3802 non
1606 3750 1994 3820 jnstiﬂcabitur

417 3822 594 3875 omnis
627 3839 754 3882 caro
787 3827 838 3881 in
870 3843 1166 3900 conspectu
1201 3835 1293 3889 Dei
1328 3835 1461 3908 (59).
1493 3837 1599 3892 Per
1639 3840 1812 3910 legem
1843 3845 1989 3898 enim

419 3910 860 4005 agnitiopeccati
890 3918 966 3974 ³.»
1009 3921 1226 3977 Ρτωῒθιί
1254 3939 1445 3982 sumus
1481 3928 1533 3982 in
1568 3930 1854 4001 principiis
1877 3932 1990 4005 (40)

418 4000 733 4068 Apostolum
799 4009 852 4062 in
915 4011 1019 4066 hac
1073 4013 1313 4083 Epistula
1369 4021 1438 4075 de
1491 4000 1990 4095 pluribuslegibus

422 4098 802 4166 tractaturum,
850 4118 1080 4172 quarum
1138 4110 1396 4165 discretio
1450 4121 1506 4168 et
1552 4112 1837 4171 distinctio
1886 4119 1989 4172 nisi

419 4199 516 4255 per
545 4187 662 4245 loca
703 4194 914 4264 singula
943 4199 1224 4268 habeatur,
1259 4202 1598 4261 confundere
1629 4209 1831 4277 poterit
1860 4223 1990 4264 sen-

417 4290 536 4332 sum
580 4280 826 4353 legentis.
860 4286 1028 4359 lgitur
1073 4293 1236 4349 etiam
1283 4297 1334 4349 in
1388 4299 1639 4367 praesenti
1686 4301 1806 4356 loco
1845 4303 1990 4371 quod

421 4373 637 4434 dicitu
671 4382 886 4440 Scimus
952 4398 1154 4453 autem,
1209 4392 1469 4458 quoniam
1517 4407 1858 4464 quaecunque
1903 4394 1988 4450 lex

2111 523 2251 580 quos
2289 523 2354 564 ex
2405 507 2600 563 matris
2645 516 2802 560 utero
2851 504 3256 560 circumciderit
3308 513 3364 560 et
3412 505 3682 568 docuerit,

2111 603 2383 671 quomodo
2442 613 2782 668 consequens
2835 597 3112 652 videbitur
3178 599 3322 670 quod
3389 612 3488 666 per
3538 599 3681 655 hanc

2113 697 2309 766 legem,
2335 710 2455 765 quae
2495 710 2656 749 unam
2684 696 3058 749 tantummodo
3090 692 3355 748 institutis
3387 695 3504 748 suis
3548 707 3683 747 con-

2111 790 2274 859 tingit
2313 799 2550 860 gentem,
2586 803 2747 845 omne
2785 805 2846 845 os
2886 788 3216 850 obstruatur,
3273 795 3327 841 et
3376 786 3554 841 omnis
3586 801 3685 856 per

2108 895 2228 936 eam
2264 882 2494 936 mundus
2540 881 2652 937 Deo
2705 889 2954 937 teneatur
2993 879 3302 936 obnoxius?
3351 879 3488 947 Quid
3533 879 3684 936 enin'.

2109 988 2398 1028 commune
2424 977 2488 1028 ad
2522 976 2661 1030 hanc
2691 975 2863 1046 legem
2895 983 3083 1046 gentes
3113 988 3324 1039 omnes,
3375 974 3504 1043 quid
3537 981 3684 1031 totus

2110 1066 2314 1121 habere
2337 1067 2570 1121 mundus
2593 1067 2902 1122 credendus
2930 1067 3061 1122 est?
3090 1067 3379 1135 Quomodo
3408 1073 3593 1122 autem
3626 1073 3684 1123 et

2107 1159 2313 1230 agnitio
2353 1160 2556 1228 peccati
2595 1172 2690 1226 per
2725 1159 2898 1229 legem
2934 1158 3104 1231 Moysi
3147 1159 3268 1214 ﬁeri
3303 1159 3526 1222 dicitur,
3557 1175 3681 1214 cum

2107 1253 2457 1306 inveniantur
2493 1251 2709 1319 plurimi
2755 1261 2810 1306 et
2840 1261 2964 1306 ante
3001 1265 3122 1307 eam
3163 1253 3456 1320 agnovisse
3483 1268 3684 1324 pecca-

2109 1356 2222 1400 tum
2259 1345 2462 1400 suum?
2504 1344 2641 1401 Cain
2680 1345 2916 1416 denique
2961 1359 3084 1399 cum
3118 1355 3400 1414 peccasset
3439 1346 3512 1401 ita
3543 1347 3618 1399 ait
3664 1367 3678 1402 :

2111 1457 2131 1489 ε
2162 1437 2334 1506 Majns
2358 1447 2440 1493 est
2461 1445 2745 1508 peccatum
2772 1453 2974 1504 meum,
2993 1455 3155 1510 quam
3181 1448 3240 1492 ut
3267 1441 3578 1494 remittatur
3598 1439 3676 1493 ⁸.»

2105 1531 2216 1604 (41)
2241 1532 2345 1587 Sed
2364 1543 2420 1586 ct
2449 1531 2772 1601 patriarchae
2794 1545 2916 1586 cum
2943 1531 3013 1586 ad
3041 1530 3243 1602 Joseph
3267 1532 3681 1588 descendissent

2104 1627 2156 1680 in
2187 1622 2507 1695 Egyptum,
2546 1634 2602 1678 et
2623 1624 2876 1680 simulata
2908 1624 2978 1680 ab
3019 1638 3086 1679 eo
3114 1624 3487 1680 confutatione
3523 1640 3682 1695 urge-

2103 1727 2314 1780 rentur,
2336 1718 2406 1770 ita
2434 1716 2499 1770 ad
2520 1716 2838 1772 alterutrum
2859 1716 3050 1771 dicunt
3071 1734 3084 1769 :
3105 1735 3122 1768 ι
3143 1716 3200 1770 1η
3220 1717 3461 1787 peccatis
3489 1731 3681 1771 sunms

2105 1826 2202 1880 pro
2235 1810 2406 1866 fratre
2448 1821 2660 1876 nostro,
2696 1811 2820 1878 quia
2867 1809 3216 1880 despeximus
3263 1809 3676 1864 tribulationem

2104 1902 2221 1971 ejus
2253 1904 2445 1957 anima:
2479 1918 2601 1956 cum
2628 1912 2848 1973 rogaret
2877 1916 2975 1956 nos
2998 1943 3015 1969 ,
3067 1910 3121 1958 et
3159 1916 3267 1957 non
3297 1902 3679 1956 exaudivimus

2103 2010 2224 2048 eum
2247 1997 2507 2065 :‘propter
2529 1996 2633 2050 hoc
2655 1995 2802 2050 venit
2830 2009 2995 2064 super
3018 2009 3119 2049 nos
3146 1993 3428 2049 tribulatio
3452 1995 3570 2049 haec
3595 1994 3674 2048 ⁷.»

2105 2087 2210 2143 Sed
2241 2096 2295 2142 et
2321 2084 2442 2151 Job,
2468 2101 2628 2158 quem
2675 2096 2806 2142 ante
2858 2087 3032 2158 legem
3091 2086 3261 2143 fuisse
3307 2094 3546 2152 constat,
3603 2086 3677 2142 ita

2100 2179 2234 2234 dicit
2260 2198 2274 2233 :
2301 2197 2319 2230 ι
2342 2179 2497 2246 Quod
2519 2187 2574 2234 et
2602 2179 2647 2232 si
2677 2181 2894 2248 peccavi
2921 2179 3145 2244 invitus,
3176 2179 3222 2234 si
3253 2178 3522 2233 occultavi
3551 2192 3679 2246 pec—

2101 2281 2280 2326 catum
2310 2287 2514 2337 meum,
2535 2281 2632 2325 aut
2653 2270 2915 2328 confusus
2946 2286 3065 2327 sum
3095 2272 3446 2327 multitudine
3468 2272 3674 2342 populi,

2101 2364 2390 2434 quominus
2434 2363 2820 2417 annuntiarem
2878 2363 3135 2418 delictum
3194 2377 3376 2418 meum
3423 2363 3513 2417 ⁸.)
3571 2364 3677 2430 Qui

2100 2472 2291 2513 omnes
2343 2455 2628 2511 evidenter
2693 2457 2962 2510 docentur
3026 2457 3315 2527 agnovisse
3387 2469 3674 2526 peccatum

2099 2565 2280 2607 suum.
2313 2549 2388 2603 Ex
2429 2550 2517 2603 bis
2561 2563 2692 2618 ergo
2747 2548 3026 2620 colligitur
3077 2548 3307 2604 Paulum
3370 2550 3674 2620 apostolum

2100 2657 2206 2698 non
2236 2643 2302 2698 de
2327 2641 2446 2712 lege
2476 2641 2645 2714 Moysi
2672 2641 2787 2696 haec
2818 2641 3023 2705 dicere,
3058 2659 3080 2693 α
3101 2640 3240 2708 Quia
3267 2641 3354 2696 lex
3379 2642 3582 2712 his-qui
3618 2643 3674 2698 in

2099 2736 2216 2807 lege
2255 2745 2384 2791 sunt
2429 2735 2670 2803 loquitur
2707 2739 2796 2801 ⁸,»
2850 2735 2946 2789 sed
2999 2735 3066 2788 de
3117 2733 3351 2788 naturali
3401 2734 3522 2805 lege
3555 2749 3676 2804 quae

2097 2828 2303 2900 scripta
2347 2837 2431 2883 est
2473 2827 2526 2881 in
2564 2828 2822 2883 cordibus
2875 2826 3176 2881 hominum.
3233 2825 3360 2881 Haec
3407 2839 3540 2897 ergo
3583 2825 3676 2882 lex

2097 2933 2435 2989 quaecunque
2463 2919 2622 2985 dicit,
2653 2919 2739 2974 his
2769 2920 2860 2988 qui
2891 2919 2946 2973 in
2975 2918 3096 2988 lege
3117 2925 3243 2975 sunt
3277 2919 3430 2974 dicit.
3463 2917 3522 2975 In
3553 2920 3676 2992 lege

2097 3020 2277 3067 autem
2299 3021 2426 3066 sunt
2450 3011 2502 3065 hi
2521 3012 2612 3081 qui
2641 3012 2694 3066 id
2724 3012 2903 3067 aetatis
2930 3021 3120 3083 agunt,
3151 3027 3258 3083 quo
3283 3012 3672 3068 discretionem

2098 3105 2224 3160 boni
2265 3104 2503 3174 malique
2527 3104 2638 3172 jam
2675 3104 2919 3175 capiant.
2957 3103 3089 3161 Sine
3113 3105 3235 3176 lege
3263 3119 3397 3161 vero
3436 3105 3511 3160 illi
3545 3116 3676 3161 sunt

2101 3197 2296 3266 quibus
2317 3197 2553 3252 nondum
2584 3196 2893 3265 huiusmodi
2919 3197 3268 3253 discretionis
3290 3210 3484 3252 sensus
3505 3197 3673 3252 adve-

2099 3289 2215 3354 nit,
2253 3289 2549 3344 secundum
2589 3288 2730 3358 quod
2761 3297 2816 3343 et
2846 3286 3047 3345 Paulus
3079 3289 3210 3345 dicit
3236 3307 3250 3344 :
3275 3307 3296 3342 r
3330 3288 3443 3361 Ego
3491 3298 3672 3344 autem

2095 3382 2349 3438 vivebam
2380 3381 2500 3437 sine
2528 3380 2645 3452 lege
2676 3381 2972 3452 aliquando
3001 3382 3067 3436 ιο.
3094 3399 3114 3435 ι
3167 3381 3478 3438 Secundum
3528 3383 3675 3438 hanc

2095 3487 2227 3544 ergo
2289 3474 2460 3543 legem
2522 3474 2828 3529 naturalem
2903 3483 3310 3545 consequenter
3371 3475 3668 3546 Apostolus

2096 3569 2302 3624 dixisse
2342 3567 2617 3622 videbitur
2661 3567 2776 3638 (42)
2805 3583 2968 3624 omne
3026 3582 3090 3624 os
3137 3568 3554 3634 obstrueudum,
3612 3569 3676 3623 et’

2095 3675 2312 3716 omnem
2355 3660 2614 3714 mundum
2662 3659 2958 3714 obnoxium
3006 3659 3101 3714 Dei
3145 3659 3352 3730 judicio
3403 3656 3669 3714 futurum.

2099 3751 2269 3821 Hujus
2298 3752 2446 3808 enim
2473 3752 2610 3822 legis
2648 3766 2770 3822 quae
2795 3749 3141 3820 {naturaliter
3166 3751 3478 3807 hominibus
3506 3751 3672 3815 inest,

2097 3845 2276 3902 nullus
2303 3852 2388 3899 est
2416 3859 2633 3914 expers,
2664 3859 2840 3915 neque
2869 3843 3182 3900 Iudaeorum
3207 3887 3224 3912 ,
3263 3857 3444 3914 neque
3485 3845 3670 3913 genti-

2095 3937 2228 3994 lium
2263 3955 2278 3992 :
2312 3947 2369 3992 et
2415 3937 2536 3993 ideo
2568 3945 2972 4006 consequenter
3005 3937 3211 3992 dictum
3259 3937 3478 3991 videtur
3503 3936 3670 3991 etiam

2094 4027 2249 4097 illud,
2289 4031 2432 4097 quod
2456 4027 2794 4096 iustificetur
2826 4027 2972 4083 Deus
3001 4028 3055 4082 in
3087 4027 3271 4084 verbis
3291 4028 3428 4093 suis,
3456 4037 3515 4084 et
3542 4029 3669 4081 vin-

2094 4133 2183 4180 cat
2208 4138 2332 4179 cum
2372 4120 2649 4187 iudicatur
2679 4121 2743 4176 “.
2797 4121 2870 4177 Ut
2897 4121 3048 4175 verbi
3093 4135 3258 4176 causa
3291 4121 3540 4176 dicamus
3569 4136 3585 4173 :
3619 4121 3668 4176 si

2095 4214 2406 4284 requiratur
2447 4213 2576 4282 quid
2639 4211 2782 4266 Deus
2828 4211 3037 4266 homini
3085 4212 3409 4279 contulerit,
3446 4222 3502 4266 et
3536 4213 3668 4280 quid

2095 4310 2256 4364 homo
2281 4323 2349 4362 ex
2384 4308 2470 4361 his
2507 4319 2627 4374 quae
2663 4321 2692 4359 a
2728 4305 2838 4360 Deo
2864 4305 3075 4374 accepit
3107 4314 3367 4374 operatus
3394 4305 3486 4370 sit,
3514 4303 3666 4373 judi-

2093 4399 2207 4456 cari
2242 4413 2367 4454 cum
2397 4397 2710 4452 hominibus
2741 4394 2882 4449 Deus
2906 4393 3180 4449 videbitur
3207 4409 3223 4447 :
3261 4402 3318 4450 et
3357 4395 3669 4450 invenietur

422 4468 680 4540 loquitur,
712 4479 796 4532 bis
817 4480 909 4550 qui
947 4481 1000 4536 in
1028 4481 1147 4553 lege
1168 4495 1298 4538 sunt
1328 4485 1592 4554 loquitur,
1629 4502 1648 4538 ι
1675 4487 1990 4558 diligentius
2023 4481 2068 4536 1)
2091 4492 2309 4563 quidem
2361 4489 2507 4546 Deus
2552 4488 2768 4544 dedisse
2796 4487 3001 4542 homini
3047 4501 3237 4542 omnes
3267 4484 3512 4549 affectus,
3548 4503 3668 4542 om-

425 4566 700 4630 requirere
731 4573 988 4628 debemus
1011 4590 1133 4643 quae
1158 4576 1229 4630 sit
1251 4575 1334 4631 lex
1363 4593 1484 4647 quae
1519 4578 1774 4649 loquatur
1799 4581 1865 4635 ad
1889 4595 1984 4635 eos

419 4654 588 4720 quiin
619 4659 734 4729 lege
764 4673 920 4729 sum,
963 4675 1018 4722 et
1057 4683 1154 4737 per
1183 4669 1284 4724 hoc
1323 4671 1468 4740 quod
1508 4671 1575 4725 ad
1623 4686 1719 4728 eos
1754 4672 1994 4742 loquitur

421 4747 567 4802 omni
589 4764 682 4806 eos
710 4759 1059 4815 excusatione
1077 4762 1311 4816 denudet
1336 4802 1351 4827 ,
1386 4777 1452 4818 ne
1473 4773 1826 4833 peccatorum
1861 4779 1991 4819 suo-

422 4855 538 4893 rum
565 4845 771 4910 possint
798 4849 1044 4908 invenire
1073 4855 1315 4928 perfugia
1350 4874 1363 4910 :
1397 4857 1499 4913 hoc
1542 4858 1686 4912 enim
1732 4869 1816 4912 est
1844 4859 1988 4927 qltotl

417 4929 594 4987 dicit:
629 4953 648 4987 ι
675 4935 746 4993 Ut
782 4955 944 4998 omne
989 4959 1051 5001 os
1100 4946 1438 5017 obstruatnr,
1487 4956 1544 5005 et
1595 4949 1845 5004 subditus
1893 4949 1988 5004 ﬂat

419 5025 596 5080 omnis
659 5034 892 5090 mundus
943 5035 1072 5092 Deo.
1105 5057 1125 5092 ι
1163 5037 1315 5104 Quod
1371 5040 1416 5095 si
1473 5039 1706 5095 velimus
1755 5041 1822 5096 de
1871 5040 1986 5110 lege

479 5169 527 5248 ξ’
558 5168 754 5248 Ephes.
794 5187 866 5232 vt.
906 5175 994 5248 l2.
1060 5177 1110 5248 7"
1140 5176 1295 5232 Rom.
1333 5195 1451 5241 xm,
1484 5179 1538 5234 5.
1612 5179 1658 5212 ’⁸
1684 5179 1825 5233 Psal.
1849 5197 2010 5248 cxvn,
2041 5182 2096 5237 6.
2168 5180 2215 5215 ’⁸
2245 5176 2386 5233 Psal.
2418 5190 2508 5248 Ly,
2541 5173 2596 5231 5.
2636 5173 2870 5248 _"Ps:\|.
2903 5187 3059 5248 XXV}.
3081 5173 3136 5232 ὅ.

420 5236 828 5319 fl_"sal.ixxxn_t2
865 5245 950 5301 10.
1055 5247 1078 5279 ⁸
1112 5249 1263 5302 ltom.
1296 5265 1376 5313 tu,
1403 5236 1457 5305 9.
1531 5251 1553 5282 ⁸
1586 5251 1712 5304 ibid.
1753 5251 1840 5319 l9,
1881 5252 1972 5307 ‘20.

418 5311 442 5342 ⁹
471 5309 628 5367 Rom.
662 5331 744 5379 tu,
773 5317 858 5371 l9.
938 5322 981 5350 ¹⁰
1010 5319 1168 5374 Rom.
1191 5334 1286 5385 vn,
1307 5309 1374 5376 9.7
1440 5324 1482 5352 ιι
1505 5321 1644 5376 Psal.
1671 5336 1722 5385 ι..
1749 5321 1803 5375 6.

489 5428 601 5498 (ὅθί)
643 5429 777 5484 Hoc.
820 5431 874 5486 In
913 5433 1074 5487 editis
1105 5434 1396 5490 omittitur.

508 5499 601 5575 ξεί)
631 5501 738 5575 A_|.,
772 5521 790 5553 ι
817 5513 872 5556 ιιι
905 5505 988 5556 cui
1019 5504 1342 5575 nihil_t_iesil;
1375 5515 1433 5558 ut
1467 5503 1735 5575 Propheta
1761 5505 1930 5561 dicat.
1957 5524 1978 5559 ι

509 5569 600 5640 57)
637 5569 702 5640 Et
732 5574 878 5624 aliud
911 5575 963 5625 in
1001 5574 1128 5628 alio.
1170 5573 1292 5628 Hzec
1338 5569 1666 5630 o:nittuninr
1701 5579 1754 5631 in
1798 5578 1981 5634 editis.

509 5637 600 5715 ἒξ)
635 5637 944 5715 Propterea.
975 5644 1067 5715 Sig.
1091 5659 1219 5699 mss.
1259 5645 1395 5700 Editi
1426 5689 1440 5713 ,
1475 5664 1493 5696 σ
1528 5647 1676 5715 quia.
1707 5666 1727 5700 ι

487 5711 600 5784 (39)
622 5713 732 5776 AL,
769 5732 787 5764 ι
819 5729 1002 5768 coram
1034 5713 1162 5768 Deo.
1193 5735 1212 5768 ι

729 5810 1001 5871 Parnoc.
1049 5809 1168 5871 Gn.
1215 5811 1384 5872 XIV.

2092 4597 2298 4652 nesque
2324 4589 2504 4636 motus
2531 4581 2731 4650 quibus
2759 4579 2828 4634 ad
2859 4578 3114 4634 virtutem
3139 4577 3238 4632 niti
3265 4579 3436 4647 possit
3462 4586 3518 4633 et
3541 4593 3668 4648 pro-

2091 4675 2242 4747 gredi
2274 4693 2289 4730 :
2321 4674 2544 4744 insuper
2587 4673 2754 4728 etiam
2783 4671 2902 4727 vim
2924 4670 3154 4726 rationis
3185 4670 3483 4726 inseruisse
3505 4707 3523 4736 ,
3557 4685 3666 4740 qua

2091 4775 2414 4839 agnosceret
2453 4766 2584 4836 quid
2625 4765 2849 4823 deberet
2889 4776 3073 4835 agere,
3101 4762 3234 4834 quid
3261 4777 3478 4818 cavere.
3540 4761 3667 4820 Haec

2089 4871 2223 4930 ergo
2251 4859 2525 4913 invenitur
2557 4856 2699 4912 Deus
2730 4855 3094 4912 communiter
3131 4853 3384 4909 omnibus
3427 4854 3666 4909 homini-

2093 4952 2195 5008 bus
2213 4950 2552 5022 prtestitisse.
2587 4949 2691 5004 Sed
2724 4951 2768 5004 si
2790 4950 2876 5002 his
2907 4947 3144 5018 acceptis
3174 4948 3338 5002 homo
3364 4947 3664 5016 neglexerit

2093 5045 2199 5099 iter
2236 5042 2455 5099 virtutis
2486 5041 2772 5106 incedere,
2834 5040 2924 5094 cui
2979 5053 3046 5094 ex
3113 5038 3221 5094 Deo
3280 5038 3416 5093 nihil
3467 5039 3660 5102 defuit,

3222 5175 3243 5205 ¹
3267 5171 3390 5228 isai.
3421 5173 3576 5235 n.1,
3605 5172 3660 5232 5.

3209 5246 3231 5276 ⁸
3261 5243 3361 5299 Job
3388 5260 3539 5310 xxxi,
3570 5245 3662 5302 53.

2094 5254 2116 5286 ⁸
2142 5251 2280 5308 Gen.
2307 5263 2382 5312 ιν,
2412 5244 2500 5300 l3.
2635 5244 2655 5274 "
2681 5246 2817 5301 Gen.
2845 5261 2975 5310 xui,
3000 5243 3096 5310 2t,

2160 5431 2275 5500 (40)
2300 5430 2436 5487 Vide
2469 5429 2850 5487 Praefationem
2907 5429 3177 5500 Origenis.

2160 5497 2274 5576 (4t)
2308 5503 2398 5576 Sic
2435 5517 2565 5576 mss.
2603 5502 2717 5558 fere
2763 5516 2974 5557 clunes.
3007 5497 3260 5568 "Quidam
3307 5511 3432 5553 cum
3471 5497 3657 5564 editis,

2094 5592 2112 5624 ι
2147 5574 2346 5627 remitti
2376 5574 2560 5642 possit.
2591 5591 2609 5624 ι

2088 5720 2094 5725 ἢ
2158 5643 2270 5718 (42)
2300 5643 2406 5710 AL,
2448 5661 2467 5696 t
2497 5644 2795 5698 videbatur.
2830 5660 2848 5692 ι

3307 5800 3385 5858 30
