4170 6400
459 297 563 351 939

1919 294 2242 351 ORZGENIS

3618 295 3728 352 940

457 417 733 472 invenitur
767 415 879 484 ipse
905 413 1142 470 defuisse
1170 413 1236 469 iis
1267 428 1386 484 quae
1413 430 1440 468 a
1471 415 1585 472 Deo
1614 417 1736 471 data
1763 426 1890 472 sunt
1921 418 2045 472 sibi.
2079 426 2121 479 Α
2156 419 2417 472 mundum
2445 417 2520 471 ita
2551 426 2802 474 terrenus
2837 417 2928 473 hic
2960 415 3163 473 debere
3184 416 3414 489 intelligi
3443 416 3626 483 locus,
3667 429 3730 474 ut

456 509 652 565 Merito
693 524 825 579 ergo
870 509 1068 563 dicitur
1119 509 1172 562 in
1204 508 1296 561 tali
1327 508 1538 576 judicio
1569 509 1712 564 Deus
1738 510 1958 566 vincere
1983 518 2038 565 et

452 602 741 673 justificari
782 601 834 654 iu
883 600 1066 656 verbis
1087 602 1222 656 suis.
1274 601 1403 655 llaze
1455 616 1585 670 ergo
1632 601 1720 655 lex
1772 601 2039 656 naturalis

455 694 702 764 loquitur
732 692 988 747 omnibus
1036 694 1129 762 qui
1178 692 1230 744 in
1263 690 1379 760 lege
1414 701 1536 744 sunt
1569 708 1582 744 :
1620 707 1686 747 ex
1721 693 1872 761 cujus
1896 707 2035 761 pra:-

456 790 632 857 ceptis
679 787 779 842 soli
826 788 961 841 mihi
998 787 1268 840 immunes
1307 784 1423 836 fieri
1473 785 1722 840 videntur
1773 785 2036 848 infantes,

454 881 651 949 quibus
681 881 923 940 nondum
954 881 1098 934 inest
1128 879 1282 948 pravi
1314 878 1560 944 rectique
1590 878 1880 946 judicium.
1930 877 2037 932 Sed

453 972 542 1026 his
588 971 633 1027 si
680 973 847 1026 etiam
899 970 974 1024 illi
1006 969 1248 1026 sociandi
1299 967 1412 1021 siut
1452 966 1545 1034 qui
1600 982 1922 1037 quacunque
1971 983 2038 1022 ex

452 1079 619 1120 causa
653 1064 885 1134 impotes
916 1072 1049 1117 sunt
1085 1062 1199 1134 (45)
1249 1064 1472 1129 mentis,
1525 1062 1726 1116 videto.
1783 1059 2039 1129 Exceptis

451 1172 584 1214 vero
635 1157 724 1212 his
778 1156 955 1211 nullus
1003 1158 1288 1212 hominum
1352 1157 1484 1212 mihi
1541 1154 1780 1225 effugere
1823 1155 2039 1209 videtur

452 1252 596 1307 hanc
639 1251 836 1321 legem.
877 1250 1347 1308 Considerandum
1391 1260 1474 1307 est
1528 1258 1711 1304 autem
1768 1263 1838 1303 ne
1895 1245 2038 1302 forte

452 1357 561 1396 non
615 1342 792 1396 solum
847 1340 1121 1406 homines,
1175 1341 1270 1395 sed
1323 1352 1378 1396 et
1417 1339 1654 1410 angelos,
1697 1346 1752 1392 et
1796 1351 2036 1400 omnem,

451 1447 791 1502 quaecunque
853 1430 946 1486 illa
997 1440 1112 1495 est,
1157 1430 1541 1486 rationabilem
1596 1437 1912 1483 creaturam
1952 1424 2042 1478 lex

452 1527 557 1580 ista
587 1525 950 1595 constringat.
977 1523 1035 1579 Si
1066 1524 1210 1578 enim
1246 1532 1392 1579 recte
1422 1539 1452 1577 a
1484 1521 1820 1591 sapientibus
1843 1518 2039 1574 defini-

453 1630 570 1674 tum
593 1628 704 1684 est,
727 1617 900 1689 legem
929 1631 1050 1672 esse
1077 1614 1330 1686 quaeuti)
1353 1616 1519 1670 dictet
1548 1615 1688 1685 quod
1709 1613 1793 1686 agi
1821 1613 2035 1677 debeat,

449 1722 506 1769 et
521 1712 665 1783 quod
687 1712 771 1782 agi
793 1725 898 1766 non
917 1710 1112 1765 debeat
1128 1719 1294 1774 vetet,
1310 1707 1584 1778 quomodo
1603 1723 1708 1763 non
1728 1705 2034 1776 hujusmodi

449 1809 542 1864 lex
580 1807 748 1863 etiam
787 1804 1040 1875 supernis
1077 1812 1132 1858 et
1174 1800 1492 1858 ccelestibus
1519 1799 1801 1857 ordinibus
1826 1800 2030 1854 inserta
2062 1784 2103 1839 Β

447 1899 763 1965 videbitur;
799 1897 999 1967 quibus
1045 1895 1240 1964 utique
1281 1903 1336 1948 et
1378 1892 1709 1947 observandi
1752 1890 2032 1961 quiddam,

450 1991 617 2063 510
655 1998 714 2045 et
745 1988 1002 2059 quiddam
1041 1986 1272 2042 cavendi
1321 1983 1610 2055 disciplina
1643 1982 1776 2038 est?
1815 1981 1883 2036 Et
1931 1980 2035 2036 nisi

452 2087 555 2140 hac
583 2085 700 2153 lege
747 2090 1087 2144 tenerentur,
1122 2093 1402 2148 nunquam
1437 2078 1507 2132 de
1531 2076 1614 2131 eis
1643 2076 1854 2130 diceret
1889 2073 2038 2129 Scri-

451 2186 615 2247 ptura
651 2175 877 2229 divina:
913 2190 931 2224 ι
956 2171 1192 2241 Angelos
1232 2185 1472 2240 quoque,
1514 2169 1607 2238 qui
1641 2183 1748 2223 non
1781 2181 2038 2222 servave-

451 2279 579 2324 runt
601 2269 965 2338 principatum
983 2280 1168 2329 suum,
1195 2263 1290 2318 sed
1319 2262 1730 2331 dereliquerunt
1756 2257 2037 2328 proprium

453 2361 794 2417 domicilium
819 2399 835 2426 ,
863 2358 1009 2414 Deus
1039 2355 1392 2424 adjudicium
1426 2353 1610 2422 magni
1659 2352 1769 2407 diei
1817 2350 2040 2405 aeternis

451 2453 690 2510 vinculis
750 2452 804 2506 in
864 2459 1075 2506 tartaro
1114 2445 1228 2519 (45)
1273 2447 1602 2502 constrictos
1658 2443 1760 2498 sub
1807 2441 2040 2512 caligine

451 2544 761 2602 reservavit
831 2543 900 2599 ¹².
933 2560 954 2595 ι
1005 2540 1160 2604 Unde
1211 2545 1430 2595 constat
1480 2536 1657 2591 inesse
1704 2533 1786 2589 eis
1829 2533 2038 2602 legem;

449 2653 560 2708 qua
592 2651 698 2691 nou
736 2633 1026 2690 observata
1069 2629 1218 2701 passi
1263 2635 1392 2683 sunt
1439 2626 1557 2682 haec
1615 2640 1737 2695 qua:
1787 2624 2041 2694 superius

451 2730 738 2799 Scriptura
774 2736 975 2783 testata
1016 2734 1120 2780 est.
1181 2722 1290 2778 Sed
1341 2729 1398 2776 et
1438 2719 1640 2775 Paulus
1684 2733 1808 2773 cum
1859 2715 2038 2770 dicit:

456 2842 476 2876 ε
511 2825 594 2878 An
639 2819 754 2893 (46)
782 2820 1004 2886 nescitis
1057 2817 1187 2888 quia
1234 2811 1854 2885 angelosjudicabimus
1907 2808 2036 2862 ³³1»

449 2919 585 2990 quid
617 2916 763 2971 aliud
799 2913 900 2968 nisi
937 2913 1040 2967 sub
1084 2911 1205 2980 lege
1236 2909 1479 2963 scitesse
1510 2905 1720 2976 positos
1766 2919 1862 2959 eos
1904 2915 2040 2972 quos

452 3011 771 3083 pronuntiat
815 3008 883 3062 ad
919 3004 1184 3074 judicium
1229 2999 1612 3057 deducendos?
1664 2997 1772 3052 Sed
1828 2997 1874 3051 si
1919 2995 2042 3065 quis

452 3105 613 3162 nobis
658 3109 915 3158 occurrat
969 3113 1033 3152 ex
1071 3110 1136 3151 eo
1166 3094 1312 3165 quod
1351 3109 1520 3163 supra
1579 3091 1817 3146 diximus
1870 3088 2040 3142 Deum

449 3211 576 3253 esse
600 3210 725 3250 cum
748 3189 1064 3247 hominibus
1085 3186 1467 3256 iudicandum,
1488 3182 1644 3253 quasi
1671 3182 1834 3237 etiam
1860 3181 2037 3250 ipsum

451 3289 639 3344 dicere
667 3285 950 3352 videamur
973 3295 1097 3336 esse
1123 3281 1222 3334 sub
1262 3278 1402 3348 lege,
1434 3276 1560 3331 audi
1600 3283 1803 3345 quanta
1835 3273 1903 3328 de
1937 3274 2040 3327 hoc

451 3378 666 3438 cautela
705 3379 758 3432 in
795 3374 1040 3447 Apostoli
1067 3371 1292 3427 Litteris
1319 3368 1617 3433 invenitur,
1647 3366 1738 3435 qui
1761 3365 2038 3419 Christum

453 3487 562 3527 non
594 3471 650 3525 in
683 3469 804 3538 lege
827 3481 972 3534 esse,
1005 3466 1100 3520 sed
1132 3461 1530 3534 plenitudinem
1562 3475 1684 3515 esse
1728 3456 1862 3527 legis
1888 3470 2040 3510 com-

453 3569 728 3618 memorat
763 3571 858 3615 :et
897 3559 1040 3614 sicut
1075 3557 1192 3624 ipse
1225 3563 1307 3608 est
1333 3551 1547 3621 justitia
1597 3567 1664 3606 ex
1705 3564 1809 3618 qua
1846 3561 2039 3603 omnes

448 3654 582 3724 justi
616 3653 778 3717 ﬁunt,
801 3663 858 3706 et
885 3649 1003 3719 ipse
1026 3656 1109 3702 est
1130 3648 1333 3702 veritas
1371 3659 1439 3700 ex
1467 3657 1575 3712 qua
1603 3656 1794 3696 omnes
1825 3642 1879 3695 in
1902 3640 2043 3694 veri-

456 3756 568 3800 tate
605 3745 934 3805 consistunt,
952 3751 1007 3796 et
1031 3743 1144 3805 ipse
1167 3749 1251 3795 est
1270 3739 1380 3793 vita
1407 3752 1474 3791 ex
1495 3751 1601 3806 qua
1618 3749 1809 3789 omnes
1830 3733 2039 3798 vivunt,

453 3840 530 3893 ita
558 3847 613 3892 et
641 3837 757 3907 ipse
785 3843 870 3891 est
899 3835 1012 3902 lex,
1045 3848 1114 3888 ex
1143 3846 1252 3902 qua
1279 3843 1470 3887 omnes
1502 3831 1556 3883 in
1585 3827 1703 3898 lege
1735 3833 1884 3881 sunt.
1937 3822 2042 3880 Ve-

454 3930 538 3984 nit
563 3943 693 3998 ergo
732 3927 799 3982 ad
826 3925 1117 3998 judicium,
1151 3938 1256 3978 non
1294 3931 1553 3992 tanquam
1587 3921 1683 3988 qui"
1714 3918 1770 3972 in
1796 3918 1914 3986 lege
1948 3915 2042 3982 sit,

455 4023 551 4077 sed
584 4030 848 4090 tanquam
873 4018 966 4088 qui
993 4018 1080 4071 lex
1117 4017 1209 4071 sit.
1247 4013 1362 4085 Ego
1401 4021 1581 4067 autem
1615 4019 1745 4080 puto
1793 4009 1939 4078 quod
1981 4007 2041 4062 hi

453 4116 546 4185 qui
580 4117 696 4182 jam
725 4112 953 4184 perfecti
993 4118 1147 4174 sunt,
1190 4117 1247 4164 et
1293 4105 1521 4162 Domino
1566 4101 1844 4171 conjuncti
1901 4115 2041 4154 unus

453 4207 682 4276 spiritus
708 4219 830 4259 cum
859 4205 978 4273 ipso
1009 4200 1184 4256 ell'ecti
1228 4206 1358 4254 sunt
1400 4196 1467 4261 ιι,
1519 4211 1620 4251 nec
1672 4195 1772 4265 ipsi
1818 4194 1872 4246 in
1923 4191 2042 4262 lege

453 4304 600 4361 sunt,
640 4295 736 4350 sed
770 4293 942 4364 magis
973 4291 1073 4362 ipsi
1109 4298 1237 4344 sunt
1263 4289 1369 4351 lex,
1429 4289 1574 4342 sicut
1613 4294 1671 4339 et
1721 4283 1850 4336 alibi
1893 4281 2038 4336 idem

455 4388 756 4458 Apostolus
784 4386 918 4440 dicit
949 4403 963 4440 :
1000 4382 1332 4450 «Quiajusto
1360 4381 1447 4435 lex
1472 4395 1581 4433 non
1617 4388 1701 4432 est
1723 4377 1898 4446 posita
1921 4377 1987 4428 ³⁵.
2013 4394 2031 4426 ›

452 4480 532 4533 Ita
565 4493 581 4530 :
612 4496 631 4529 ι
658 4477 1006 4545 Quaecunque
1034 4475 1119 4529 lex
1161 4473 1404 4542 loquitur
1433 4469 1501 4524 iis
1532 4468 1625 4538 qui
1669 4467 1724 4521 in
1764 4466 1882 4536 lege
1915 4476 2040 4520 sunt

452 4571 730 4640 loquitur,
767 4578 826 4622 ut
854 4581 1016 4624 omne
1071 4579 1134 4620 os
1189 4566 1533 4624 obstruatur,
1563 4575 1583 4609 ι
1631 4556 1926 4612 secundum
1972 4569 2038 4608 ea

453 4681 578 4737 qua:
613 4681 780 4735 supra
815 4665 1076 4726 diximus,
1135 4680 1153 4713 ι
1190 4671 1252 4716 ut
1306 4660 1560 4715 subditus
1619 4659 1731 4720 fiat,
1772 4672 1792 4706 ›
1840 4652 1946 4717 vel,
1982 4662 2042 4706 ut

456 4757 584 4812 alibi
615 4756 868 4828 legimus,
897 4754 1197 4809 «obnoxius
1230 4751 1324 4806 ﬁat
1347 4751 1526 4806 omnis
1548 4749 1780 4804 mundus
1803 4747 1914 4800 Deo
1935 4743 2034 4809 “,t

453 4849 601 4917 quod
633 4859 687 4903 et
723 4850 897 4920 magis
926 4863 1052 4903 cum
1081 4846 1290 4902 Grazcis
1314 4844 1721 4912 exemplaribus
1761 4837 2040 4894 convenit.

453 4943 563 4996 Sed
620 4944 967 5010 requiramus
1021 4956 1242 4995 omnem
1305 4939 1566 4993 mundum
1625 4935 1740 5007 (47)
1782 4935 1871 4989 hic
1908 4933 2040 5002 quid

453 5034 833 5106 appellaverit.
892 5033 1272 5103 Nunquidnam
1323 5032 1606 5101 putabitur
1665 5044 1763 5097 per
1814 5039 2036 5081 omnem

530 5173 573 5204 ¹⁸
600 5171 723 5227 Jud.
751 5171 807 5227 6.
884 5169 1107 5236 “lcor.
1136 5184 1206 5229 vn,
1231 5168 1281 5221 5.
1363 5166 1407 5197 ¹¹δ
1438 5166 1590 5236 ibid._
1681 5160 1769 5236 17.

452 5243 657 5308 111,19.
735 5243 777 5274 ¹⁹
802 5243 934 5297 ibid.
966 5231 1056 5293 20.
1167 5240 1213 5268 ¹⁰
1238 5241 1393 5290 Rom.
1429 5251 1544 5302 vm,
1571 5232 1625 5289 8.
1700 5233 1742 5263 ²¹
1795 5231 1922 5285 ibid.
1975 5231 2027 5283 7.

549 5357 639 5422 45)
669 5354 782 5419 ΑΙ.,
823 5374 841 5407 ι
871 5356 1151 5409 dementes
1177 5350 1334 5404 ﬁunt.
1377 5367 1396 5399 ι

549 5426 639 5493 44)
671 5424 782 5490 AL,
814 5443 834 5476 ί
862 5427 1028 5479 dicat.
1059 5441 1078 5474 ι

525 5497 640 5566 (15)
671 5497 784 5560 ΑΙ.,
815 5516 832 5542 ι
875 5497 926 5548 in
949 5503 1237 5548 tartarum.
1262 5509 1282 5543 ι

548 5570 642 5637 46)
677 5566 790 5637 AL,
823 5584 840 5615 ε
864 5567 993 5618 Atlt.
1018 5582 1035 5613 ι

548 5571 642 5637 46)
677 5571 790 5631 AL,
823 5584 840 5615 ε
864 5571 993 5618 Atlt.
1018 5582 1035 5613 ι

525 5571 642 5709 (47)
673 5635 1076 5709 Genelirarilus,
1107 5652 1126 5684 ‹
1162 5631 1340 5688 omnis
1371 5629 1607 5709 mundus
1629 5645 1679 5696 i;
1711 5627 2037 5709 Salodiauus

453 5699 588 5763 vero
620 5699 674 5760 et
695 5705 990 5764 Met-linus:
1033 5699 1302 5762 (omnem
1333 5704 1614 5770 mundum,
1642 5719 1661 5754 ι
1696 5707 1748 5757 et
1779 5699 2039 5756 omittunt

463 5798 480 5830 ί
511 5792 626 5849 per.
661 5795 682 5828 ι

1851 5161 1893 5191 ¹⁵
1925 5159 1942 5213 1
1982 5157 2119 5213 Tim.
2156 5159 2270 5225 1,9.
2348 5159 2394 5190 ¹⁶
2422 5159 2578 5214 Rom.
2615 5175 2701 5223 tn,
2737 5159 2824 5212 l9.

2107 5231 2150 5261 “
2203 5232 2324 5284 lsai.
2361 5244 2450 5296 XL,
2503 5233 2556 5284 ti.

2148 521 2203 565 et
2233 511 2480 578 arbores,
2513 520 2570 565 et
2612 510 2838 581 lapides,
2889 520 2943 565 et
2991 510 3208 575 berbm,
3258 524 3323 564 ac
3380 509 3612 574 semina,
3671 519 3729 566 et

2149 601 2314 670 palea:
2361 617 2482 672 qua:
2523 602 2576 655 in
2623 601 2741 669 ipso
2786 608 2934 668 sunt,
2969 601 3178 668 pariter
3237 600 3528 655 nominatae
3577 601 3726 656 sint?

2147 691 2337 748 Partes
2377 695 2520 748 enim
2545 694 2734 748 mundi
2763 694 2882 749 baac
2909 709 3030 750 esse
3057 693 3270 764 singula
3292 692 3568 748 videntur.
3604 692 3721 748 Non

2146 789 2386 857 arbitror
2428 788 2500 842 ita
2545 789 2856 858 quempiam
2898 788 3141 857 ineptum
3180 787 3411 842 inveniri
3444 826 3460 853 ,
3509 795 3571 840 ut
3608 785 3727 840 haec

2147 879 2318 949 possit
2353 895 2624 935 asserere.
2656 880 2852 935 Restat
2881 880 3044 951 igitur
3090 889 3150 934 ut
3195 893 3414 934 omnem
3461 878 3725 932 mundum

2146 985 2308 1025 omne
2350 970 2620 1025 rationale
2647 970 2851 1024 animal
2883 970 3026 1026 dicat
3063 989 3075 1024 :
3107 979 3162 1023 et
3197 969 3340 1025 sicut
3390 983 3554 1025 omne
3584 967 3727 1038 quod

2148 1061 2465 1116 irrationale
2497 1070 2607 1126 est,
2643 1060 2916 1132 excipitur
2971 1063 3038 1116 ab
3073 1063 3177 1116 hoc
3215 1075 3415 1127 sensu,
3462 1060 3535 1115 ita
3579 1059 3723 1113 nulla

2147 1153 2279 1208 mihi
2315 1154 2528 1207 videtur
2565 1153 2632 1208 ab
2663 1153 2768 1207 hac
2792 1152 3107 1209 conditione
3135 1150 3425 1206 rationalis
3469 1158 3725 1205 creatura

2145 1247 2382 1303 secerni.
2423 1246 2616 1303 Omnis
2659 1261 2793 1316 ergo
2826 1245 3061 1300 mundus
3093 1243 3366 1300 obnoxius
3402 1242 3464 1297 fit
3493 1241 3604 1296 Deo
3633 1255 3732 1310 per

2147 1340 2250 1395 hoc
2284 1341 2426 1411 quod
2472 1340 2645 1411 legem
2688 1339 2996 1394 naturalem
3047 1339 3281 1394 inseruit
3321 1335 3576 1394 omnibus
3613 1352 3627 1388 :
3664 1334 3733 1388 de

2144 1434 2342 1502 quibus
2366 1443 2420 1488 et
2453 1434 2504 1488 in
2543 1433 2649 1488 alio
2678 1433 2796 1488 loco
2829 1433 2986 1499 dicit,
3033 1434 3162 1503 quia
3199 1449 3218 1483 ι
3243 1432 3296 1486 in
3335 1431 3560 1486 nomine
3600 1429 3729 1486 Jesu

2143 1547 2306 1588 omne
2339 1547 2480 1604 genu
2511 1530 2765 1587 flectetur
2793 1528 2906 1599 (48)
2936 1528 3242 1585 ccelestium
3261 1567 3276 1587 .
3306 1528 3650 1583 terrestrium
3676 1536 3733 1582 et

2145 1623 2482 1680 infernarum
2509 1625 2575 1679 ¹⁷.
2608 1642 2628 1676 ›
2668 1622 2824 1690 Quod
2849 1621 3039 1697 utique
3081 1621 3126 1676 si
3174 1621 3381 1685 faciat,
3429 1619 3733 1689 complesse

2142 1713 2416 1770 videbitur
2439 1713 2648 1785 legem;
2680 1713 2727 1768 si
2761 1726 2868 1767 non
2901 1711 3091 1778 faciat,
3133 1726 3257 1766 esse
3288 1709 3558 1766 obnoxius
3582 1709 3684 1785 legi
3716 1730 3730 1767 :

2141 1823 2236 1879 per
2263 1807 2439 1877 legem
2467 1816 2650 1861 autem
2679 1813 3078 1875 consequenter
3107 1813 3164 1861 et
3193 1803 3327 1864 Deo.
3376 1803 3436 1863 Si
3476 1809 3563 1863 cui
3596 1823 3731 1863 vero

2139 1899 2206 1954 de
2229 1898 2362 1954 solis
2392 1898 2707 1953 hominibus
2739 1898 2844 1952 hoc
2889 1895 3171 1954 videbitur
3203 1899 3408 1954 dictum
3430 1938 3447 1965 ,
3493 1900 3639 1970 quod
3676 1909 3733 1954 et

2139 1988 2317 2060 legem
2377 1988 2686 2044 naturalem
2730 1988 2864 2058 ipsis
2897 1989 3078 2045 inesse
3108 1990 3334 2057 dixerit,
3382 2000 3439 2045 et
3485 1992 3554 2047 de
3599 1991 3732 2046 solis

2139 2083 2272 2154 ipsis
2302 2083 2565 2152 scriptum
2595 2081 2832 2152 accipiat
2863 2081 2980 2153 (49)
3011 2101 3027 2138 ε
3069 2083 3173 2139 «Ut
3195 2099 3361 2139 omne
3390 2099 3454 2140 os
3478 2086 3730 2141 obstrua-

2140 2185 2253 2243 tur,
2281 2185 2339 2232 et
2374 2174 2648 2231 obnoxius
2681 2173 2774 2228 ﬁat
2818 2176 2998 2230 omnis
3031 2177 3265 2230 mundus
3297 2174 3410 2232 Deo
3443 2177 3510 2241 ⁸⁸,
3536 2197 3556 2230 ι
3611 2189 3730 2233 ute-

2141 2273 2230 2317 tur
2259 2261 2371 2332 (50)
2399 2261 2689 2316 occasione
2714 2262 3097 2332 subsequentis
3116 2265 3405 2329 sermonis,
3431 2281 3541 2336 quo
3561 2267 3728 2322 dicit:

2144 2353 2314 2421 «Quia
2355 2369 2427 2409 ex
2452 2353 2714 2424 operibus
2761 2353 2901 2425 legis
2954 2370 3065 2410 non
3108 2354 3504 2424 justilicabitur
3553 2359 3733 2413 omnis

2141 2463 2270 2504 caro
2317 2448 2384 2502 η.
2416 2468 2439 2501 ι
2495 2448 2651 2516 Quod
2699 2449 2896 2518 utique
2945 2450 3151 2504 dictum
3204 2450 3482 2507 videbitur
3526 2453 3596 2506 de
3647 2452 3734 2507 his

2145 2549 2352 2596 tantum
2376 2541 2471 2610 qui
2515 2541 2570 2595 in
2594 2553 2762 2595 carne
2799 2548 2922 2595 sunt
2952 2541 3136 2610 positi.
3169 2539 3280 2596 Sed
3349 2543 3443 2612 qui
3484 2543 3724 2611 priorem

2143 2648 2364 2692 sensum
2399 2634 2574 2702 magis
2613 2642 2800 2687 tenere
2828 2631 3043 2698 volunt,
3090 2633 3464 2688 observabunt
3493 2633 3730 2704 diligen-

2145 2727 2252 2782 tius
2298 2725 2577 2797 quomodo
2627 2725 2924 2795 Apostolus
2950 2724 3156 2781 dixerit
3194 2741 3262 2782 ex
3303 2725 3565 2797 operibus
3592 2727 3730 2796 legis

2144 2834 2250 2873 non
2283 2817 2577 2886 iustificari
2604 2832 2824 2873 omnem
2871 2817 2988 2889 (51)
3034 2833 3256 2873 carnem
3290 2834 3305 2872 :
3339 2817 3467 2888 quia
3515 2817 3581 2872 ad
3637 2835 3734 2874 eos

2143 2910 2238 2979 qui
2271 2912 2326 2964 in
2356 2923 2522 2965 carne
2549 2919 2680 2964 sunt
2707 2924 2872 2978 opera
2899 2910 3035 2980 legis
3065 2917 3313 2979 spectant
3339 2926 3354 2976 ;
3388 2910 3456 2964 ad
3485 2923 3580 2965 eos
3603 2925 3733 2964 vero

2144 3003 2317 3072 quiin
2351 3001 2551 3072 spiritu
2583 3011 2732 3070 sunt,
2763 3003 2816 3056 id
2874 3011 2957 3057 est
2996 3002 3308 3069 superiores
3354 3002 3576 3056 ordines
3616 3016 3732 3057 coe-

2145 3093 2361 3149 lestium
2397 3093 2852 3160 ministeriorum,
2885 3108 3079 3148 sensus
3108 3095 3344 3163 pertinet
3370 3092 3525 3164 legis.
3587 3112 3607 3144 ‹
3651 3094 3728 3147 Ex

2144 3188 2404 3259 operibus
2432 3206 2451 3239 ι
2493 3186 2662 3257 igitur
2694 3205 2712 3239 ε
2758 3187 2890 3257 legis
2921 3205 2940 3239 ι
2981 3186 3123 3257 quod
3154 3203 3172 3239 ι
3203 3201 3311 3241 non
3338 3185 3734 3258 justificabitur

2141 3285 2318 3337 omnis
2347 3296 2478 3336 caro
2505 3281 2559 3335 in
2603 3290 2895 3349 conspectu
2923 3279 3063 3348 ejus,
3099 3298 3117 3331 ι
3155 3280 3259 3335 hoc
3304 3280 3469 3336 modo
3517 3279 3722 3334 intelli-

2143 3375 2378 3445 gendum
2413 3385 2542 3444 puto
2572 3392 2585 3428 :
2619 3375 2746 3444 quia
2775 3373 2952 3428 omnis
2985 3373 3073 3441 qui
3107 3387 3237 3428 caro
3271 3380 3394 3438 est,
3423 3382 3499 3428 .et
3527 3386 3727 3427 secun-

2143 3469 2271 3522 dum
2325 3482 2547 3522 carnem
2575 3468 2734 3532 vivit,
2783 3480 2890 3520 non
2929 3475 3112 3536 potest
3152 3465 3447 3536 justificari
3504 3480 3572 3518 ex
3612 3463 3730 3533 lege

2145 3559 2265 3625 Dei,
2294 3559 2438 3614 sicut
2463 3569 2520 3614 et
2545 3558 2678 3614 alibi
2722 3557 2857 3613 dicit
2895 3557 3037 3613 idem
3067 3558 3386 3629 Apostolus,
3418 3557 3546 3626 quia
3584 3576 3602 3610 σ
3637 3558 3728 3627 qui

2147 3651 2201 3706 in
2231 3666 2400 3706 carne
2436 3659 2564 3706 sunt
2594 3690 2609 3716 ,
2643 3650 2754 3705 Deo
2782 3651 3002 3720 placere
3031 3665 3139 3706 non
3173 3657 3406 3719 possunt
3429 3650 3474 3680 '°
3499 3667 3515 3716 ;
3539 3667 3558 3702 ι
3599 3649 3728 3703 item

2147 3743 2272 3798 alibi
2301 3761 2314 3797 :
2361 3762 2380 3794 ‹
2413 3743 2549 3810 Quia
2581 3743 2848 3811 sapientia
2882 3743 3068 3798 carnis
3094 3742 3315 3797 inimica
3346 3752 3432 3798 est
3458 3743 3591 3808 Deo,
3624 3741 3727 3810 legi

2145 3837 2290 3890 enim
2333 3836 2426 3890 Dei
2461 3850 2566 3890 non
2614 3845 2698 3891 est
2741 3836 2989 3904 subjecta
3024 3850 3163 3890 :uec
3198 3837 3343 3890 enim
3383 3843 3564 3904 potest
3588 3835 3665 3898 ἐς
3703 3850 3724 3884 ι

2145 3939 2201 3982 et
2229 3929 2491 3997 propheta
2519 3928 2652 3982 dicit
2683 3944 2698 3982 :
2729 3945 2749 3980 ι
2779 3927 2972 3984 Omnis
3007 3941 3140 3982 caro
3167 3926 3352 3981 fenum
3383 3927 3430 3958 “
3457 3943 3474 3994 ;
3510 3943 3528 3976 ι
3581 3933 3632 3978 et
3674 3925 3726 3977 in

2145 4018 2443 4088 Evangelia
2473 4019 2734 4088 scriptum
2769 4028 2886 4074 est:
2925 4039 2944 4072 ‹
2971 4018 3214 4089 Spiritus
3236 4018 3722 4090 estquivivificat:

2146 4127 2276 4167 caro
2321 4123 2501 4166 autem
2538 4110 2655 4183 (52)
2692 4125 2798 4166 non
2847 4112 3070 4182 prodest
3121 4110 3423 4181 quidquam
3479 4110 3548 4163 ³³.
3581 4127 3603 4163 ι
3649 4109 3728 4163 De

2146 4205 2234 4259 his
2267 4219 2397 4274 ergo
2429 4205 2583 4269 dicit,
2613 4206 2739 4274 quia
2768 4218 2836 4258 ex
2870 4204 2990 4273 lege
3024 4203 3120 4258 Dei
3163 4220 3182 4254 ι
3214 4218 3320 4256 non
3343 4202 3729 4271 justiticabitur

2144 4297 2322 4351 oumis
2348 4311 2476 4351 caro
2504 4312 2687 4351 coram
2732 4297 2867 4364 ipso.
2904 4279 2933 4348 ι’
2971 4295 3075 4350 Sed
3107 4303 3160 4351 et
3193 4296 3296 4350 hoc
3331 4295 3474 4365 quod
3510 4293 3722 4348 addidit

2151 4403 2364 4442 «coram
2420 4388 2595 4457 ipso,»
2659 4403 2765 4442 non
2819 4389 2998 4442 otiose
3047 4393 3360 4457 praetereat,
3428 4387 3571 4440 sicut
3613 4386 3724 4455 jam

2071 4505 2116 4561 ι)
2147 4479 2493 4549 frequentius
2534 4479 2940 4544 admonuimus,
2973 4480 3100 4548 quia
3125 4477 3271 4532 aliud
3299 4488 3382 4533 est
3408 4492 3592 4532 coram
3618 4476 3729 4528 Deo

2138 4571 2432 4642 justiﬁcari
2460 4612 2476 4637 ,
2529 4572 2676 4626 aliud
2725 4586 2907 4625 coram
2953 4571 3265 4624 hominibus
3302 4589 3315 4624 :
3376 4571 3479 4624 hoc
3526 4573 3628 4631 est,
3660 4564 3726 4616 ad

2143 4663 2610 4732 comparationem
2632 4660 2863 4715 aliorum
2888 4659 3167 4713 hominum
3193 4667 3372 4729 potest
3401 4657 3544 4712 alius
3567 4655 3729 4706 homo

2144 4752 2238 4821 qui
2271 4752 2615 4807 emendatius
2645 4750 2864 4815 vixerit,
2891 4750 3075 4820 justus
3104 4749 3280 4804 videri
3312 4766 3327 4815 ;
3358 4747 3427 4803 ad
3450 4755 3731 4812 compara-

2149 4845 2350 4899 tionem
2381 4854 2563 4898 aulem
2594 4843 2687 4898 Dei
2719 4884 2734 4910 ,
2769 4858 2874 4897 non
2906 4842 3081 4897 solum
3115 4843 3280 4896 homo
3314 4855 3420 4895 non
3455 4834 3728 4908 justilica-

2147 4936 2320 5003 bitur,
2356 4937 2449 4991 sed
2497 4947 2552 4991 et
2581 4937 2719 4991 sicut
2757 4935 2858 4989 Job
2903 4935 3034 4988 dicit
3065 4952 3079 4987 :
3109 4953 3132 4986 ι
3166 4933 3352 4989 Stellae
3393 4940 3572 4984 autem
3615 4926 3729 4997 (55)

2147 5042 2255 5083 non
2286 5035 2416 5082 sunt
2442 5028 2660 5082 mundae
2687 5041 2876 5081 coram
2896 5026 3014 5097 ipso
3043 5026 3146 5080 ’δυ
3178 5040 3299 5094 quae
3320 5023 3508 5090 utique
3541 5032 3727 5073 coram

2905 5158 2945 5188 ¹⁷
2975 5156 3166 5225 Philip.
3207 5171 3266 5217 ll,
3301 5151 3406 5225 ﬁt).
3487 5150 3529 5182 ¹⁸
3570 5150 3730 5225 Dom.

2634 5221 2694 5260 ’3'
2725 5229 2884 5282 Joan.
2929 5244 3001 5292 γι,
3053 5221 3143 5281 ϋιί.
3217 5228 3263 5256 ⁸³⁵
3291 5221 3393 5278 Job
3425 5237 3553 5288 xxv,
3587 5221 3641 5274 5.

2209 5343 2322 5415 (48)
2353 5343 2464 5415 AL,
2511 5363 2529 5396 ι
2555 5344 2828 5399 ﬂectatur.
2861 5361 2881 5395 ›

2212 5408 2329 5485 (49)
2361 5408 2470 5481 AL,
2507 5433 2526 5466 ι
2561 5416 2886 5484 accipiatur.
2922 5431 2943 5465 ι

2209 5486 2322 5555 (50)
2350 5486 2463 5548 Α1,,
2494 5503 2512 5535 ι
2545 5486 2732 5540 utitur.
2767 5503 2786 5536 ι

2211 5553 2325 5625 (51)
2361 5555 2602 5609 Omnem.
2635 5555 2798 5610 Deest
2825 5555 2880 5608 in
2911 5563 3070 5607 antea
3107 5553 3289 5607 editis.

2211 5627 2325 5697 (5‘2)
2360 5627 2571 5681 Autem.
2595 5625 2650 5679 lu
2670 5626 2834 5697 editis
2861 5626 3151 5697 omittitur.

2212 5695 2324 5768 (55)
2359 5699 2567 5753 Autem.
2600 5696 2954 5753 Desideratur
2990 5695 3046 5749 in
3073 5695 3264 5749 editis.
