4170 6350
417 318 518 374 9H

1373 315 1728 374 COMMENT.
1770 315 1836 369 IN
1871 311 2088 368 EPIST.
2135 311 2224 365 AD
2250 308 2417 366 ROM.
2458 309 2586 366 LIB.
2623 305 2710 364 111.

3550 313 3655 370 942

423 434 582 492 nobis
624 435 838 489 mundae
892 445 1052 497 sunt,
1114 433 1216 490 hoc
1276 441 1381 497 est,
1414 435 1481 489 ad
1532 432 1992 504 comparationem
2026 426 2066 483 Α
2099 427 2282 480 venire
2303 440 2464 496 posse
2488 440 2595 494 quo
2622 436 2927 480 astruamus
2960 424 3076 482 haec
3111 442 3216 481 non
3246 427 3313 482 de
3333 426 3529 498 Moysi,
3561 430 3654 483 sed

423 528 702 582 hominum
759 528 972 582 munda:
1023 527 1294 582 habemur
1341 537 1397 580 et
1441 535 1648 581 sanctae
1717 527 1872 597 (54);
1921 526 1988 578 ad

425 620 886 690 comparationem
915 633 1047 672 vero
1074 619 1166 672 Dei
1207 618 1420 672 mundae
1451 632 1569 672 esse
1599 633 1704 671 non
1735 628 1984 686 possunt.

425 731 446 764 ε
466 713 571 767 Per
591 713 762 783 legem
789 712 932 767 enim
961 711 1166 781 agnitio
1189 711 1392 776 peccati
1416 711 1515 764 ³⁸.»
1540 711 1835 766 Videamus
1856 727 1988 782 quo-

419 806 580 859 modo
609 820 706 872 per
732 804 901 873 legem
929 802 987 858 iit
1013 801 1220 872 agnitio
1252 801 1482 871 peccati.
1515 801 1646 855 Dum
1692 815 1789 871 per
1814 801 1984 871 legem

422 896 681 950 discimus
701 895 828 964 quid
858 895 1122 965 agendum
1141 892 1234 956 sit,
1262 894 1390 964 quid
1408 894 1728 956 cavendum,
1747 893 1904 949 simul
1932 902 1988 949 et

417 989 546 1055 quid
578 996 856 1056 peccatum
889 987 983 1047 sit,
1008 994 1059 1041 et
1081 985 1211 1056 quid
1240 1001 1345 1040 non
1382 986 1450 1040 sit
1472 985 1836 1056 agnoscimus.
1865 984 1982 1039 Non

417 1091 575 1146 ergo,
605 1087 662 1131 ut
692 1075 930 1132 haeretici
964 1074 1129 1129 Deum
1153 1074 1290 1145 legis
1335 1083 1618 1139 accusant,
1657 1074 1797 1128 mala
1831 1077 1980 1129 radix

419 1180 504 1225 est
521 1170 628 1233 lex,
646 1179 702 1222 et
717 1169 856 1222 mala
881 1169 1046 1222 arbor
1061 1182 1158 1238 per
1179 1183 1337 1237 quam
1355 1169 1562 1238 peccati
1580 1168 1942 1238 venitagnitio
1965 1183 1979 1221 :

417 1263 544 1330 quia
575 1278 677 1314 non
705 1262 873 1316 dixit:
896 1261 973 1314 Ex
995 1261 1114 1330 lege
1147 1280 1166 1312 ι
1186 1262 1390 1330 agnitio
1415 1261 1674 1326 peccati,»
1704 1262 1818 1320 sed.
1850 1279 1868 1312 ι
1889 1275 1986 1328 per

418 1355 647 1416 legem.)
694 1361 750 1406 ut
778 1352 919 1407 scias
938 1367 1044 1406 non
1077 1367 1141 1406 ex
1164 1353 1278 1420 ipsa
1305 1360 1508 1416 ortum,
1557 1351 1648 1407 sed
1683 1365 1783 1420 per
1810 1351 1982 1421 ipsam

415 1446 656 1515 agnitum
680 1457 799 1497 esse
823 1451 1124 1512 peccatum.
1154 1441 1245 1506 Ut,
1274 1443 1426 1496 verbi
1457 1443 1629 1511 gratia
1651 1485 1667 1507 ,
1708 1443 1752 1496 si
1781 1443 1986 1497 dicere-

416 1551 581 1590 mus:
613 1535 770 1604 511
795 1534 899 1589 Per
939 1541 1110 1588 artem
1158 1533 1443 1588 medicinae
1487 1534 1647 1587 datur
1706 1533 1984 1602 languoris

425 1627 670 1692 agnitio,
704 1629 1070 1697 nunquidnam
1103 1630 1377 1683 videretur
1417 1628 1508 1681 tibi
1542 1643 1705 1680 causa
1749 1626 1972 1695 languo-

417 1719 492 1772 ris
517 1733 639 1810 esse
669 1721 1104 1810 medicinaquia
1132 1735 1230 1789 per
1253 1721 1421 1810 ipsam
1443 1720 1674 1788 qualitas
1703 1717 1976 1810 languoris
2011 1755 2054 1810 Β

415 1803 730 1872 agnoscitur
754 1803 780 1856 ἲ
799 1803 927 1870 Sed,
949 1801 1090 1857 sicut
1117 1809 1331 1857 constat
1358 1802 1553 1856 bonam
1585 1816 1710 1858 esse
1749 1804 1977 1859 medici-

417 1909 542 1946 nam
591 1908 711 1962 quaa
757 1893 1092 1963 aegritudinis
1131 1892 1542 1961 intelligentiam
1584 1903 1838 1962 praestat,
1875 1910 1980 1963 qua

415 1985 588 2052 possit
613 1985 776 2038 vitari
811 1983 926 2051 (55)
951 1983 1264 2049 infirmitas,
1308 1983 1378 2036 ita
1407 1993 1462 2038 et
1492 1984 1575 2037 lex
1611 1985 1750 2040 bona
1779 1999 1860 2041 εει
1887 2003 1983 2053 per

413 2091 574 2142 quam
613 2076 1040 2144 deprehenditur
1071 2084 1125 2128 et
1151 2076 1466 2145 agnoscitur
1501 2087 1804 2145 peccatum.
1852 2080 1984 2135 Ser-

414 2178 505 2220 vat
531 2177 734 2231 autem,
765 2178 826 2221 ut
855 2175 984 2236 puto
1004 2207 1020 2230 ,
1051 2167 1358 2236 huiusmodi
1398 2167 1668 2236 expositio
1705 2169 1869 2224 etiam
1916 2172 1984 2224 il-

414 2258 520 2312 lius
549 2259 948 2328 explanationis
973 2260 1438 2332 consequentiam,
1467 2276 1630 2332 quam
1677 2277 1836 2334 supra
1870 2265 1982 2319 edi-

416 2350 595 2404 dimus
642 2350 712 2406 de
753 2366 823 2406 eo
869 2353 1014 2422 quod
1066 2354 1326 2422 scriptum
1364 2362 1490 2407 est:
1523 2372 1543 2405 ι
1577 2353 1794 2410 Causati
1839 2356 1984 2410 enim

416 2457 606 2497 sumus
633 2443 848 2498 Judaeos
875 2452 932 2499 et
978 2442 1198 2499 Graecos
1229 2458 1422 2498 omnes
1454 2443 1554 2499 sub
1580 2453 1806 2513 peccato
1841 2461 1983 2512 esse,

415 2533 558 2589 sicut
581 2535 842 2602 scriptum
873 2542 958 2588 est
993 2550 1007 2585 :
1039 2533 1174 2600 Quia
1208 2549 1314 2588 non
1339 2543 1422 2589 est
1457 2534 1638 2602 justus
1664 2534 1982 2604 quisquam,

415 2639 523 2679 non
555 2631 640 2679 est
665 2625 990 2694 intelligens,
1029 2639 1135 2679 non
1160 2634 1244 2680 est
1279 2625 1564 2694 requirens
1595 2625 1762 2680 Deum
1785 2627 1853 2681 '°.
1888 2645 1908 2678 ι

483 2714 538 2767 7.
568 2732 587 2766 ι
612 2713 764 2770 Nunc
793 2725 974 2770 autem
996 2716 1114 2770 sine
1141 2715 1256 2785 lege
1276 2715 1483 2783 justitia
1517 2716 1609 2772 Dei
1643 2717 1985 2772 manifestata

413 2817 518 2872 est,
551 2806 836 2862 testiﬁcata
879 2822 908 2861 a
947 2807 1063 2876 lege
1106 2816 1162 2862 et
1208 2808 1504 2878 prophetis.
1532 2807 1752 2864 Justitia
1805 2820 1983 2865 autem

413 2894 507 2948 Dei
528 2911 624 2964 per
652 2896 813 2952 ﬁdem
839 2896 968 2952 Jesu
1001 2901 1200 2956 Christi
1227 2902 1278 2954 in
1302 2917 1492 2958 omnes
1514 2913 1569 2957 et
1595 2919 1755 2972 super
1774 2919 1965 2960 omnes

418 2987 510 3056 qui
537 2990 765 3043 credunt
787 2991 838 3043 in
862 3004 1008 3046 eum.
1031 2990 1147 3046 Non
1178 2992 1321 3048 enim
1343 3004 1429 3049 est
1448 2995 1743 3051 distinctio.
1761 2996 1964 3052 Omnes

2093 520 2156 570 de
2188 529 2393 572 natura:
2426 518 2541 586 iege
2573 517 2876 586 conscripta
2905 535 2919 571 :
2960 517 3032 572 ita
3080 533 3179 573 nec
3211 518 3286 573 illi
3311 521 3525 589 quidem
3567 523 3657 575 in-

2090 610 2274 664 venire
2305 610 2507 678 aliquid
2539 616 2793 676 poterunt
2823 609 3094 677 quomodo
3139 624 3259 678 qua:
3288 613 3540 680 superius
3581 612 3656 667 tli-

2088 708 2172 752 cta
2205 708 2356 762 sunt,
2386 699 2452 752 ad
2481 697 2648 768 Moysi
2680 697 2882 765 potius,
2917 711 3079 766 quam
3111 698 3177 752 ad
3226 707 3432 755 natura:
3480 699 3653 769 legem

2089 789 2363 857 respicere
2398 788 2686 844 videantur
2717 807 2730 843 :
2762 797 2814 841 et
2853 789 2974 842 ideo
2998 789 3144 844 sicut
3173 789 3275 845 illis
3303 805 3408 846 non
3449 791 3656 849 idcirco

2085 882 2266 952 priora
2307 881 2550 944 stabunt,
2576 880 2702 946 quia
2745 880 2998 935 videntur
3038 883 3336 948 posteriora
3377 894 3654 952 constare,

2085 967 2159 1022 ita
2185 981 2282 1022 nec
2313 968 2467 1024 nobis
2491 968 2710 1038 quidem
2743 977 2996 1037 poterunt
3033 971 3204 1037 prima
3240 972 3465 1038 turbari,
3496 973 3540 1026 si
3572 989 3658 1029 sc-

2085 1061 2259 1114 cunda
2297 1075 2402 1115 non
2440 1061 2630 1115 eodem
2674 1074 2897 1115 currere
2921 1065 3138 1116 tramite
3173 1063 3475 1118 videantur.
3513 1065 3652 1132 Quid

2084 1149 2247 1216 igitur
2268 1150 2589 1205 iCoutraria
2623 1149 2725 1204 sibi
2750 1152 2994 1207 scribere
3027 1151 3270 1206 dicemus
3306 1154 3656 1222 Apostolum?

2085 1240 2152 1295 Et
2176 1242 2291 1296 btec
2312 1241 2418 1297 erit
2440 1241 2645 1312 egregii
2675 1241 3044 1312 explauatoris
3067 1243 3301 1298 assertio
3332 1247 3344 1298 ε
3384 1243 3538 1313 Quod
3565 1263 3655 1300 ac-

2082 1337 2264 1390 cidere
2293 1333 2399 1388 illis
2457 1332 2594 1388 solet
2645 1333 2736 1402 qui
2789 1333 2842 1387 in
2887 1333 3130 1389 diversos
3155 1344 3423 1390 sectarum
3459 1351 3656 1396 sensus

2085 1429 2250 1470 unum
2290 1417 2411 1472 ﬁdei
2451 1418 2640 1487 dogma
2682 1419 3065 1488 disrumpunt,
3096 1433 3150 1476 et
3181 1423 3268 1476 illa
3311 1431 3516 1477 tantum
3561 1426 3628 1480 de

2092 1508 2394 1578 Scripturls
2421 1510 2620 1566 divinis
2644 1511 2949 1568 testimonia
2970 1515 3272 1583 explorant,
3300 1515 3496 1585 quibus
3515 1530 3642 1584 pro-

2085 1600 2262 1669 prium
2295 1602 2484 1671 dogma
2513 1604 2864 1668 constituant,
2897 1617 3082 1658 earum
3112 1619 3241 1659 vero
3267 1621 3385 1674 quae
3414 1619 3444 1660 e
3469 1607 3650 1660 diver-

2089 1706 2153 1746 so
2193 1693 2415 1748 veniunt
2452 1694 2746 1764 Scripturae
2784 1696 2977 1751 divinae
3001 1697 3390 1751 sententiarum
3419 1698 3641 1752 absolu-

2093 1781 2270 1838 tiones
2292 1798 2361 1839 ne
2386 1792 2630 1840 extremo
2655 1786 2722 1851 '°,
2750 1797 2808 1840 ut
2827 1787 2902 1840 ait
2927 1786 3215 1852 Dominus,
3244 1789 3410 1856 digito
3439 1789 3648 1842 coutin-

2083 1886 2234 1948 gunt.
2264 1876 2369 1931 Sed
2399 1875 2491 1946 qui
2525 1874 2758 1929 ﬁdeliter
2782 1883 2838 1929 et
2872 1873 3081 1943 integre
3101 1887 3381 1928 sacrorum
3413 1870 3654 1930 Volumi-

2083 1982 2214 2022 num
2247 1965 2451 2036 colligit
2491 1978 2732 2031 sensum,
2777 1963 2940 2020 debet
2982 1964 3269 2021 ostendere
3291 1967 3562 2034 quomodo
3587 1980 3650 2020 ca

2083 2073 2202 2128 qua:
2228 2059 2477 2113 videntur
2501 2071 2623 2112 esse
2655 2058 2952 2118 contraria,
2979 2070 3084 2111 non
3115 2067 3240 2111 sunt
3272 2070 3398 2112 vere
3436 2067 3652 2112 contra-

2083 2149 2182 2204 ria.
2207 2146 2556 2203 Teutabimus
2586 2161 2717 2216 ergo
2736 2146 2900 2200 etiam
2931 2145 2984 2199 in
3011 2146 3268 2214 praesenti
3319 2146 3440 2202 loco
3465 2157 3652 2202 osteu-

2082 2237 2210 2292 dere
2232 2236 2500 2306 quomodo
2533 2235 2696 2305 priori
2736 2235 3056 2304 expositioni
3088 2244 3286 2290 nostra;
3319 2235 3430 2291 haec
3464 2239 3654 2292 subse-

2083 2343 2256 2399 quens
2281 2343 2384 2382 non
2410 2337 2687 2397 repugnet.
2715 2326 2871 2396 Saepe
2898 2327 3150 2391 diximus,
3177 2336 3232 2380 et
3263 2328 3567 2382 evidentius
3595 2329 3650 2383 iu

2084 2419 2398 2489 praefatione
2433 2419 2666 2473 diximus
2695 2417 2830 2489 (58),
2860 2419 3002 2485 quod
3034 2420 3107 2472 ita
3142 2418 3435 2487 Apostolus
3459 2420 3510 2474 iu
3543 2420 3646 2475 hac

2086 2509 2320 2580 Epistola
2343 2511 2630 2564 multarum
2662 2509 2838 2580 legum
2873 2509 3034 2564 iaciat
3069 2510 3418 2574 mentionem,
3451 2519 3508 2564 ut
3529 2525 3654 2568 cum

2087 2606 2152 2658 de
2184 2618 2288 2657 una
2337 2605 2405 2656 ad
2451 2602 2680 2656 alteram
2729 2603 2947 2667 transit,
2979 2601 3308 2670 deprehendi
3346 2602 3447 2656 nisi
3477 2603 3544 2654 ab
3570 2603 3655 2656 iu-

2086 2703 2234 2749 tento
2266 2694 2400 2749 satis
2442 2693 2642 2749 lectore
2669 2693 2759 2747 vix
2787 2693 2979 2763 possit.
3006 2692 3221 2747 Dixerat
3257 2692 3310 2748 in
3363 2695 3654 2763 superiori-

2086 2787 2208 2851 bus,
2237 2788 2363 2856 quia
2399 2804 2420 2838 ι
2460 2799 2556 2856 per
2581 2785 2754 2856 legem
2784 2785 2992 2855 agnitio
3025 2785 3226 2853 peccati
3251 2795 3407 2852 est;t
3442 2797 3496 2840 et
3524 2786 3653 2856 quia

2084 2880 2254 2936 sensit
2275 2892 2432 2950 posse
2464 2877 2672 2934 scilicet
2701 2877 3049 2946 responderi:
3074 2877 3214 2946 Ergo
3238 2877 3282 2932 si
3317 2891 3386 2931 ex
3415 2878 3530 2948 iege
3554 2893 3656 2933 na-

2085 2971 2244 3026 turali
2276 2970 2481 3040 agnitio
2512 2969 2716 3038 peccati
2762 2977 2870 3030 est,
2901 2975 3083 3036 potest
3109 2982 3176 3022 ex
3214 2968 3326 3036 ipsa
3361 2977 3414 3020 et
3447 2968 3654 3038 agnitio

415 3083 559 3136 enim
601 3091 980 3149 peccaverunt,
1021 3091 1078 3136 et
1114 3089 1274 3151 egent
1317 3081 1490 3152 gloria
1536 3081 1661 3149 Dei,
1707 3084 1979 3149 iustificati
2007 3080 2053 3141 (ἶ
2085 3077 2206 3118 esse
2252 3061 2495 3152 “sum”?
2520 3060 2811 3152 secundum
2845 3057 3011 3152 illi"?
3046 3058 3251 3113 δοίηθθί
3277 3073 3438 3128 quam
3486 3073 3654 3152 “pm

415 3173 582 3244 gratis
613 3187 709 3241 per
749 3171 976 3242 gratiam
1029 3170 1220 3240 ipsius,
1271 3185 1369 3241 per
1402 3172 1821 3241 redemptionem
1861 3189 1980 3243 qua:

415 3274 497 3318 est
523 3265 574 3317 in
603 3263 818 3318 Christo
844 3261 972 3317 Jesu
1000 3264 1066 3316 ⁸⁷.
1108 3280 1127 3314 ι
1157 3261 1308 3330 Quod
1346 3264 1679 3318 astruximus
1711 3265 1763 3317 iu
1815 3280 1978 3335 supe-

416 3355 672 3422 rioribus,
699 3355 940 3411 dicentes
968 3369 1073 3408 non
1098 3355 1164 3409 de
1199 3353 1315 3424 lege
1345 3355 1516 3425 Moysi
1540 3355 1765 3422 dictum,
1795 3375 1814 3408 ι
1842 3358 1980 3425 Quia

414 3461 752 3515 quaecunque
780 3447 865 3500 lex
894 3447 1154 3515 loquitur,
1185 3447 1271 3502 his
1310 3445 1400 3516 qui
1435 3447 1486 3500 in
1517 3446 1633 3514 lege
1658 3459 1784 3503 sunt
1809 3449 1982 3517 loqui-

415 3545 501 3590 tur
525 3538 593 3602 “,
632 3555 650 3588 ι
681 3537 888 3606 putabit
916 3537 1110 3607 aliquis
1141 3552 1246 3592 non
1274 3547 1382 3592 tam
1415 3552 1561 3603 vere,
1584 3553 1744 3608 quam
1773 3541 1980 3596 violen-

417 3635 500 3681 ter
536 3636 829 3692 assertum,
860 3644 983 3682 eum
1015 3628 1194 3682 videat
1224 3643 1367 3682 nunc
1401 3642 1594 3682 nomen
1628 3629 1760 3698 legis
1785 3633 1980 3684 nonad

416 3699 765 3778 ιιτιιιιιωξεεά
807 3717 875 3772 ad
914 3717 1079 3788 Moysi
1110 3718 1280 3787 legem
1317 3716 1544 3772 referri:
1585 3729 1638 3772 et
1669 3720 1810 3774 dicet
1837 3723 1980 3789 quod

415 3806 469 3859 in
501 3806 746 3874 praesenti
775 3807 894 3861 loco
914 3807 1127 3875 justitia
1177 3807 1268 3861 Dei
1310 3807 1692 3876 pronuntietur
1728 3809 1796 3863 ab
1838 3812 1982 3880 Apo-

413 3897 553 3950 stolo
578 3898 909 3952 manifestari
945 3913 1044 3968 per
1084 3898 1282 3967 legem,
1309 3907 1364 3952 et
1394 3914 1497 3954 non
1549 3899 1720 3953 solum
1755 3915 1852 3969 per
1904 3901 1983 3956 le-

413 4005 555 4058 gem,
585 3992 677 4045 sed
707 3999 762 4043 et
789 4005 884 4059 per
926 3991 1236 4059 prophetas,
1270 4000 1329 4045 ut
1351 3992 1469 4045 sine
1495 3991 1601 4046 ulla
1627 3993 1982 4063 ambiguitate

419 4081 484 4136 de
513 4082 629 4150 lege
673 4081 842 4152 Moysi
883 4080 1259 4150 intelligantur
1299 4081 1442 4136 dicta
1473 4096 1594 4136 esse
1626 4096 1748 4150 quae
1776 4085 1979 4150 scripta

410 4184 577 4230 sunt:
603 4189 668 4229 ex
696 4189 803 4244 qua
841 4175 958 4243 lege
981 4173 1185 4244 justitia
1217 4172 1309 4226 Dei
1349 4189 1446 4242 per
1481 4174 1636 4229 iidem
1661 4175 1860 4230 Christi
1886 4174 1980 4230 Je-

410 4281 471 4321 su
508 4266 889 4322 manifestetur
921 4267 972 4319 in
1019 4279 1209 4318 omnes
1236 4265 1327 4334 qui
1365 4267 1626 4333 credunt,
1654 4266 1768 4322 sive
1790 4281 1857 4321 ex
1889 4267 1980 4322 Ju-

411 4355 561 4421 daeis,
586 4357 700 4411 sive
726 4371 794 4410 ex
824 4355 1075 4426 gentibus
1103 4355 1403 4419 venientes,
1433 4355 1524 4423 qui
1557 4364 1735 4411 tamen
1777 4372 1881 4411 non
1909 4373 1978 4413 ex

410 4449 666 4515 operibus
685 4447 1068 4518 iustiﬁcentur,
1101 4448 1296 4505 sedecx
1322 4443 1493 4519 gratia
1528 4447 1644 4512 Dei,
1670 4448 1975 4519 redempto-

413 4552 471 4591 re
500 4538 610 4609 (56)
639 4540 717 4594 eis
740 4540 930 4596 eﬂ‘eeto
956 4541 1073 4609 ipso
1100 4536 1226 4594 Jesu
1257 4537 1473 4592 Christo
1505 4538 1570 4592 ".
1608 4538 1730 4593 Haec
1755 4540 1972 4608 quidem

411 4627 552 4683 dicet
581 4631 628 4686 is
660 4632 749 4698 qui
778 4645 992 4686 sensum
1038 4630 1277 4700 Apostoli
1325 4629 1378 4684 in
1421 4630 1502 4684 his
1541 4644 1661 4698 qua:
1689 4645 1849 4698 supra
1880 4644 1976 4684 ex-

411 4719 707 4784 posuimus,
739 4719 1004 4774 violenter
1029 4733 1061 4772 a
1089 4719 1245 4773 nobis
1273 4719 1546 4772 accusabit
1571 4716 1844 4771 inﬂexum.
1866 4715 1972 4771 Sed

410 4808 538 4862 illud
566 4819 649 4864 est
680 4811 820 4878 quod
844 4819 1158 4865 constanter
1183 4824 1472 4879 possumus
1504 4806 1772 4862 aliirmare
1803 4822 1816 4858 :
1846 4807 1970 4876 quia

408 4900 549 4954 sicut
579 4915 678 4956 nos
697 4903 787 4971 qui
817 4903 930 4957 haec
965 4909 1211 4957 asserunt
1241 4899 1352 4971 (57)
1386 4907 1576 4968 putant
1622 4897 1678 4951 in
1711 4898 1813 4952 hoc
1856 4912 1972 4951 ser-

409 5006 568 5049 mone
590 4992 856 5063 Apostoli,
883 5008 1043 5049 auem
1089 5008 1234 5047 nunc
1266 4991 1662 5061 proposuimus,
1707 4989 1838 5042 nihil
1887 4991 1973 5042 in-

483 5152 527 5184 ”
559 5152 716 5206 Rom.
753 5166 834 5218 ιιι,
858 5151 953 5204 20.
1028 5150 1073 5181 “
1095 5150 1251 5203 Rom.
1282 5165 1364 5214 ιιι,
1401 5149 1556 5203 9-H.
1615 5148 1658 5180 ⁸⁷
1695 5148 1823 5204 ibid.
1846 5149 1910 5203 ‘21
1939 5163 2053 5218 seq.

405 5221 445 5252 "
487 5222 633 5278 Psal.
673 5237 834 5287 xxxv,
863 5221 919 5275 7.
995 5221 1038 5252 ³³
1064 5222 1218 5275 Rom.
1249 5237 1325 5287 xl,
1353 5219 1444 5274 33.

482 5341 594 5414 (54)
653 5339 887 5414 Munde
918 5349 1082 5414 sunt,
1132 5341 1228 5392 hoc
1270 5347 1344 5392 est
1401 5336 1469 5389 ad
1524 5335 1969 5414 comparationem

409 5405 699 5473 humidum,
725 5412 935 5464 mundae
965 5411 1224 5464 habentur
1252 5419 1300 5461 et
1340 5418 1557 5460 sancite.
1605 5405 1716 5459 Sic.
1755 5415 1885 5458 mss.
1916 5411 1972 5473 et

412 5471 694 5536 liabanus.
729 5480 865 5532 Editi
897 5495 1045 5544 vero,
1099 5495 1117 5529 ι
1143 5479 1358 5532 mundae
1390 5475 1658 5531 habentur
1695 5488 1827 5530 sane
1849 5514 1865 5539 ,
1905 5471 1974 5526 ad

409 5550 870 5612 comparationem
896 5563 1026 5603 vero
1058 5548 1180 5612 Dei,
1211 5566 1231 5598 ι
1269 5556 1378 5600 etc.

477 5613 590 5689 (55)
624 5618 700 5673 lla
753 5632 856 5672 ms.
885 5633 1068 5689 unus.
1104 5617 1242 5674 Editi
1295 5629 1424 5672 vero
1475 5621 1530 5671 et
1574 5613 1756 5671 ceteri
1806 5627 1976 5678 mss.,

413 5706 433 5741 ι
466 5687 640 5746 νιιειε
671 5703 790 5759 quae
818 5687 966 5744 velit.
1001 5706 1022 5741 ι

2006 4410 2055 4472 D

2085 3154 2364 3208 medicina!
2391 3151 2526 3207 artis
2557 3149 2844 3218 imaginem
2895 3149 3181 3205 dedimus:
3213 3159 3270 3204 ut
3303 3151 3656 3220 quemadmo-

2083 3245 2210 3298 dum
2233 3259 2332 3312 per
2361 3243 2506 3296 illam
2555 3240 2784 3310 languor
2826 3240 3138 3310 agnoscitur
3168 3250 3225 3295 ut
3267 3242 3474 3296 sanitas
3502 3243 3654 3296 iuve-

2084 3337 2280 3398 niatur,
2315 3336 2384 3388 ita
2405 3335 2568 3388 etiam
2595 3348 2693 3402 per
2725 3333 2893 3402 legem
2930 3341 3138 3386 natura
3169 3333 3214 3386 si
3244 3341 3416 3398 pmest
3449 3330 3654 3401 agnitio

2084 3426 2202 3482 ﬁeri
2251 3426 2478 3495 peccati,
2507 3424 2759 3480 similiter
2799 3424 2972 3495 possit
3019 3435 3073 3479 et
3101 3424 3327 3493 iustitiae
3357 3424 3494 3478 ﬁeri.
3543 3423 3657 3480 Hoc

2082 3534 2215 3588 ergo
2237 3533 2358 3574 cum
2382 3517 2605 3574 vidisset
2630 3531 2794 3586 posse
2820 3517 2924 3572 sibi
2949 3516 3131 3584 objici,
3173 3526 3455 3586 postquam
3481 3516 3652 3572 dixit:

2088 3629 2106 3662 ι
2147 3610 2253 3666 Per
2294 3609 2464 3682 legem
2521 3609 2666 3665 enim
2712 3609 2918 3679 agnitio
2967 3609 3219 3678 peccati,
3255 3627 3275 3661 ι
3331 3607 3649 3680 subjungit:

2087 3720 2108 3755 ε
2154 3702 2307 3758 Nunc
2333 3703 2663 3769 autem,sine
2685 3701 2801 3771 lege
2824 3701 2936 3773 (59)
2955 3701 3167 3769 justitia
3197 3702 3288 3756 Dei
3312 3702 3654 3757 manifestata

2081 3803 2186 3850 est.
2232 3813 2252 3847 ι
2282 3793 2413 3849 Tale
2445 3802 2528 3849 est
2553 3807 2685 3863 ergo
2723 3794 2863 3863 quod
2898 3792 3030 3847 dicit
3061 3810 3075 3846 :
3107 3791 3221 3846 Non
3248 3792 3360 3866 (60)
3387 3794 3528 3848 sicut
3559 3808 3656 3862 per

2087 3879 2259 3952 legem
2282 3883 2479 3953 agnitio
2499 3886 2725 3954 peccati,
2748 3886 2819 3940 ita
2844 3893 2899 3940 et
2924 3886 3282 3941 manii‘estatio
3298 3886 3519 3955 justitia“:
3542 3886 3638 3941 Dei

2088 3987 2186 4041 per
2209 3971 2379 4042 legem
2405 3975 2493 4041 iit;
2515 3976 2607 4030 sed
2630 3977 2746 4032 sine
2764 3975 2884 4046 lege
2908 3977 3504 4044 maniicstaturjustitia
3532 3978 3646 4033 Dei.

2089 4063 2307 4119 Poterat
2333 4067 2475 4120 enim
2513 4076 2716 4122 natura:
2754 4068 2835 4122 lex
2863 4083 3087 4138 arguere
3111 4070 3314 4138 peccati
3357 4080 3601 4124 naturam
3625 4110 3642 4136 ,

2087 4156 2400 4210 etuotitiam
2424 4156 2538 4227 ejus
2561 4159 2845 4214 ostendere
2876 4179 2890 4214 :
2921 4159 3124 4229 justitia
3149 4171 3327 4215 autem
3354 4162 3445 4216 Dei
3463 4178 3653 4230 super-

2088 4246 2328 4315 greditur
2357 4257 2413 4301 et
2433 4252 2798 4318 supereminet
2837 4252 2938 4306 hoc
2965 4253 3321 4321 quodcunque
3359 4270 3508 4309 meus
3551 4255 3650 4308 hu-

2088 4353 2244 4392 mana
2276 4339 2404 4394 solis
2435 4341 2770 4397 naturalibus
2808 4343 3060 4398 sensibus
3101 4352 3277 4412 potest
3311 4345 3517 4399 rimari.
3545 4345 3654 4400 Ne-

2083 4449 2188 4504 que
2211 4434 2354 4490 euim
2378 4430 2572 4488 suilicit
2597 4431 2665 4485 ad
2696 4428 3096 4500 intelligendam
3119 4437 3174 4483 et
3201 4426 3648 4482 considerandam

2082 4540 2188 4578 non
2209 4536 2584 4592 quamcunque
2609 4523 2920 4584 humanam,
2939 4519 3032 4574 sed
3054 4519 3222 4587 ipsam
3247 4515 3335 4571 Dei
3356 4516 3646 4586 justitiam,

2081 4626 2138 4671 et
2159 4615 2362 4684 judicia
2398 4630 2517 4684 quas:
2542 4629 2605 4667 ex
2636 4613 2750 4682 ipsa
2786 4610 3138 4674 descendunt,
3169 4609 3234 4663 de
3275 4607 3471 4677 quibus
3512 4604 3650 4659 dici-

2082 4717 2170 4762 tur
2193 4707 2320 4776 quia
2343 4716 2468 4760 sunt
2497 4724 2516 4756 t
2555 4705 2781 4774 abyssus
2812 4701 2976 4756 multa
3007 4699 3076 4763 ³¹,
3105 4717 3125 4749 ι
3160 4707 3214 4753 et
3235 4697 3359 4766 quia
3386 4703 3492 4749 tam
3525 4707 3650 4762 pro-

2084 4801 2249 4856 funda
2275 4801 2345 4856 sit
2364 4797 2574 4867 justitia
2605 4795 2698 4850 Dei
2734 4792 3036 4864 etjudicia,
3065 4800 3122 4843 ut
3150 4785 3442 4858 Apostolus
3461 4784 3604 4838 dicat
3630 4800 3645 4834 :

2086 4913 2106 4945 (
2147 4893 2320 4960 Quam
2372 4887 2748 4945 inscrutabilia
2790 4893 2916 4940 sunt
2941 4883 3141 4952 judicia
3175 4879 3267 4934 Dei
3293 4879 3336 4910 ³⁸
3367 4877 3381 4930 !
3413 4894 3432 4928 ι
3457 4873 3564 4930 Sed
3594 4884 3650 4928 et

2084 4981 2360 5054 Sapientia
2392 4981 2467 5035 ita
2494 4980 2559 5035 ad
2587 4977 2838 5033 homines
2869 4975 3128 5045 loquitur,
3157 4969 3313 5041 quasi
3341 4984 3447 5024 non
3478 4967 3650 5038 possit

2129 5144 2175 5176 "
2198 5142 2329 5198 ibid.
2361 5138 2451 5194 i9.
2551 5137 2596 5168 ²⁹
2629 5135 2737 5191 Tit.
2768 5150 2850 5198 ill,
2885 5134 3004 5190 5-7.
3110 5131 3155 5164 “
3185 5127 3376 5184 Matth.
3405 5140 3561 5188 xxtn,
3587 5123 3643 5178 4.

2143 5325 2258 5394 (56)
2292 5323 2461 5394 Αιηι
2498 5321 2553 5374 in
2590 5319 3035 5394 redemptionem.
3059 5333 3096 5394 _t

2141 5385 2258 5466 (57)
2292 5385 2455 5466 βόιὶὶ,
2489 5406 2509 5442 t
2554 5385 2870 5466 asseritntts,
2904 5405 2933 5466 Ξ
2970 5385 3128 5466 male.

2168 5455 2260 5530 58)
2294 5463 2431 5518 Vide
2464 5459 2837 5530 prtei'atiouem
2896 5455 3170 5530 Origeuis.
3206 5523 3218 5530 _
3387 5529 3391 5530 ί
3429 5519 3441 5530 _
3520 5519 3528 5529 ,

2168 5477 2238 5522 58
2300 5477 2431 5518 Viae
2464 5477 2837 5530 prterauonem
2896 5477 3170 5525 urtgeuts.
3520 5519 3528 5529 '

2121 5477 2260 5604 i519)
2289 5533 2348 5588 ln
2380 5529 2731 5604 antea_edit_is
2755 5529 2945 5604 deest:
2970 5523 3272 5596 subjungit,
3295 5539 3315 5576 ι
3345 5529 3403 5577 et
3427 5519 3650 5590 legitur,

2081 5627 2100 5662 ι
2139 5596 2275 5660 Num
2308 5611 2487 5657 autem
2514 5599 2591 5652 ait
2620 5615 2636 5654 :
2672 5598 2800 5653 Sine
2826 5596 2960 5665 lege.
2991 5613 3011 5649 ι

2147 5671 2263 5749 (60)
2293 5671 2460 5740 Editi,
2493 5688 2513 5724 t
2548 5683 2700 5736 nam,
2733 5685 2752 5720 ι
2783 5667 2941 5721 male.
