4170 6384
501 308 610 364 943
1978 311 2055 367 ΟΕ

2158 311 2300 368 ΞΝ18
3657 328 3762 384 944

495 433 704 506 justitia
735 429 828 486 Dei
862 433 1072 481 naturae
1093 425 1261 480 solius
1289 428 1524 484 motibus
1553 429 1704 492 sciri,
1736 429 1829 484 sed
1860 444 1954 500 per
1975 432 2080 483 do-
2105 436 2153 492 Α
2183 433 2329 487 nium
2353 431 2520 502 legis;
2555 433 2599 487 si
2628 444 2806 489 autem
2839 448 2903 488 ex
2941 433 3062 506 lege
3114 438 3316 508 accipit
3358 441 3756 498 testimonium.

499 530 692 583 ctrina.
736 523 975 579 studium
1025 521 1193 590 quaeri
1228 538 1241 584 ;
1269 529 1327 575 et
1356 522 1478 575 ideo
1511 521 1645 576 dicit
1672 538 1686 574 :
1714 540 1732 572 σ
1765 520 1968 576 Discite
1995 521 2079 590 ju-
2181 539 2288 578 non
2323 539 2452 594 ergo
2482 525 2601 579 sine
2621 524 2739 596 lege
2771 530 3114 584 manifestata
3147 540 3250 585 est.
3271 531 3424 599 Quod
3453 549 3576 588 cum
3611 536 3758 590 inso-

497 619 703 674 stitiam
739 617 832 687 qui
879 615 1134 685 judicatis
1176 624 1374 669 terram
1409 613 1472 668 ³³.
1532 632 1552 665 ι
1592 613 1955 680 Quamobrem
2007 611 2076 668 ad
2179 613 2344 669 lnbile
2367 617 2460 679 sit,
2493 632 2597 672 nec
2625 620 2805 688 aliqua
2840 622 3010 690 possit
3042 623 3252 676 ratione
3283 623 3539 690 convelli,
3571 625 3758 680 dicen-

500 712 592 766 Dei
617 710 886 778 justitiam
933 707 1327 778 agnoscendam
1375 705 1509 761 nihil
1539 720 1761 775 prorsus
1789 703 2076 773 opitulabio

501 815 589 858 tur
621 803 706 858 lex
739 813 970 867 naturae,
1002 801 1217 856 etiamsi
1259 799 1511 853 videatur
1535 797 1739 853 sentire
1777 797 1978 867 aliquid
2008 798 2074 854 de

494 895 730 948 humana
756 892 990 960 justitia.
1036 891 1128 945 llla
1163 891 1308 945 enim
1342 889 1429 944 lex
1476 897 1653 956 potest
1686 889 1892 944 sentire
1925 891 2071 960 quod

497 988 638 1040 inter
661 984 910 1039 homines
929 984 1134 1052 justum
1168 982 1240 1035 sit
1262 990 1318 1034 ut
1342 982 1484 1050 quod
1513 981 1565 1033 in
1592 994 1652 1034 se
1681 979 1803 1048 quis
1828 982 1938 1050 pati
1965 996 2071 1035 non

494 1075 630 1142 vult,
659 1077 759 1130 hoc
794 1073 954 1144 512
980 1088 1046 1128 ne
1075 1071 1323 1142 proximo
1356 1069 1610 1124 faciat“.
1635 1069 1890 1138 Nunquid
1920 1079 2074 1123 natu-

495 1169 680 1223 raliter
709 1177 886 1236 potest
911 1165 1114 1219 sentire
1141 1161 1254 1232 (6l)
1294 1164 1362 1216 de
1390 1161 1476 1214 illa
1504 1159 1712 1229 justitia
1737 1177 1860 1230 qua:
1888 1161 2019 1215 dicit
2052 1177 2066 1214 :

497 1281 515 1312 ι
563 1261 750 1313 Videte
781 1276 850 1312 ne
881 1256 1385 1324 faciatisjustitiam
1417 1266 1655 1309 vestram
1687 1270 1873 1308 coram
1904 1255 2073 1309 homi-

492 1352 650 1408 nibus
677 1351 760 1416 ³⁵;
799 1370 817 1403 ι
852 1360 928 1413 et,
974 1367 993 1400 ε
1028 1357 1085 1402 ιιι
1109 1349 1317 1403 nesciat
1351 1348 1578 1401 sinistra
1622 1356 1712 1400 tua
1746 1345 1874 1415 quid
1905 1345 2069 1400 faciat

489 1447 679 1500 dextra
738 1452 825 1496 tua
850 1442 939 1495 “1'
977 1461 996 1494 ι
1031 1441 1154 1496 Haec
1204 1451 1258 1494 et
1311 1439 1615 1507 lmjnsmodi
1659 1438 1803 1506 justa
1847 1427 2068 1508 (62)ἁί-

487 1549 638 1592 ctare
669 1552 772 1590 non
801 1545 976 1607 potest
1019 1536 1106 1590 lex
1151 1542 1400 1598 naturae;
1437 1544 1492 1588 et
1519 1534 1641 1587 ideo
1673 1533 1807 1586 dicit
1833 1533 2064 1602 Aposto-

487 1629 575 1682 lns
605 1645 618 1680 :
645 1647 662 1678 ι
697 1627 850 1682 Nunc
871 1637 1048 1681 antem
1079 1627 1196 1680 sine
1229 1624 1369 1694 lege,
1399 1643 1418 1676 ι
1456 1635 1664 1678 natura:
1692 1624 1921 1684 scilicet,
1941 1621 2066 1688 «ju-

2178 705 2304 760 dum
2337 718 2420 761 est
2435 707 2704 778 justitiam
2747 713 2964 781 quidem
2989 712 3082 767 Dei
3113 714 3450 770 manifestari
3477 731 3507 769 a
3537 717 3759 772 Christo

2174 793 2326 861 Jesu,
2355 800 2631 867 praebente
2671 802 2722 856 ei
2760 803 3131 858 testimonium
3181 820 3291 860 non
3349 805 3467 876 lege
3522 817 3756 872 naturae,

2175 903 2296 958 qua:
2344 893 2520 947 adhuc
2573 903 2656 948 est
2705 895 2892 965 utique
2935 897 3127 966 exigua
3153 907 3209 952 et
3256 913 3451 967 parva;
3485 901 3583 954 sed
3639 900 3758 970 lege

2175 979 2344 1051 Moysi
2379 997 2396 1047 ;
2426 998 2530 1036 non
2568 998 2631 1037 ea
2673 1000 2794 1052 qua:
2847 986 3145 1039 secundum
3183 986 3448 1050 litteram,
3493 986 3588 1040 sed
3634 1001 3758 1056 qua

2171 1075 2468 1128 secundum
2499 1075 2746 1144 spiritum
2777 1087 2878 1141 est,
2910 1078 2976 1132 de
3027 1093 3134 1146 qua
3172 1079 3312 1132 idem
3352 1078 3484 1132 dicit
3526 1080 3758 1146 Aposto-

2171 1166 2295 1220 lus:
2337 1185 2356 1217 ι
2391 1167 2527 1233 Quia
2560 1167 2648 1222 lex
2689 1168 2949 1238 spiritalis
2989 1179 3074 1224 est
3106 1170 3174 1223 ⁵³.
3215 1189 3234 1222 ι
3268 1169 3538 1224 Similiter
3566 1179 3751 1224 autem

2171 1271 2226 1316 et
2258 1260 2534 1330 pr0pbeta:
2569 1276 2662 1330 per
2694 1277 2816 1316 eum
2839 1263 2930 1332 qui
2963 1264 3017 1316 in
3051 1263 3182 1331 ipsis
3213 1265 3425 1318 locutus
3460 1273 3545 1316 est
3593 1263 3757 1331 spiri-

2171 1361 2282 1406 tum
2317 1351 2431 1407 Dei.
2451 1351 2545 1408 Est
2566 1363 2826 1422 praeterea
2862 1366 2916 1410 et
2944 1354 3032 1408 illa
3053 1354 3195 1423 apud
3225 1355 3540 1424 Apostolum
3566 1354 3634 1409 de
3649 1354 3753 1409 hoc

2168 1456 2439 1508 sermone,
2471 1445 2518 1497 si
2564 1445 2685 1513 quis
2727 1445 3038 1514 diligentius
3074 1447 3354 1511 observet,
3387 1447 3523 1501 mira
3558 1447 3752 1501 distin-

2169 1535 2298 1589 ctio.
2326 1534 2491 1590 Moris
2513 1547 2598 1591 est
2636 1537 2779 1606 apud
2807 1537 3027 1592 Gmcos
3063 1539 3378 1593 nominibus
3399 1537 3580 1611 ἄρθρα
3607 1553 3748 1608 ιιι-ωε

2169 1627 2316 1696 poni,
2353 1642 2473 1695 qua:
2498 1629 2640 1696 apud
2675 1642 2774 1682 nos
2819 1637 3047 1698 possunt
3089 1630 3306 1684 articuli
3363 1631 3657 1688 nominari.
3691 1632 3748 1685 Si

486 1722 635 1775 stitia
673 1720 768 1775 Dei
801 1718 1144 1774 manifestata
1176 1726 1260 1772 est
1288 1717 1354 1780 ³⁷,
1393 1735 1412 1768 ι
1447 1717 1821 1772 testimonium
1860 1715 2064 1768 habens
2097 1785 2130 1791 _
2166 1717 2386 1785 quando
2409 1717 2574 1788 igitur
2595 1717 2764 1789 Moysi
2796 1719 2967 1791 legem
2999 1723 3264 1784 nominat,
3294 1723 3515 1778 solitum
3544 1725 3747 1781 nomini

485 1812 618 1884 legis
667 1811 836 1882 Moysi
854 1821 910 1865 et
927 1809 1334 1880 prophetarum,
1355 1810 1408 1862 in
1429 1807 1629 1877 quibus
1652 1817 1871 1862 sanctus
1894 1805 2064 1873 Spiri-
2096 1785 2138 1844 Β
2167 1785 2453 1875 praemittit
2469 1785 2759 1861 articulum
2783 1785 2873 1871 ;si
2893 1811 3112 1878 quando
3142 1827 3271 1867 vero
3301 1814 3610 1868 naturalem
3631 1815 3746 1868 vult

486 1915 576 1960 tus
627 1902 792 1957 multa
838 1917 934 1972 per
963 1900 1167 1970 figuras
1195 1911 1250 1954 et
1282 1903 1574 1970 aenigmata
1622 1900 1690 1952 de
1720 1897 1930 1966 justitia
1965 1896 2060 1951 Dei

484 1997 799 2066 scripserat.
841 1994 908 2048 Et
938 1993 1062 2048 nolo
1097 1992 1316 2048 mireris
1343 1993 1486 2061 quod
1529 2006 1696 2046 unum
1737 1990 2058 2046 vocabulum

483 2087 620 2158 legis
649 2085 890 2142 secundo
922 2086 976 2140 in
1007 2085 1194 2140 eodem
1217 2084 1337 2140 loco
1360 2085 1594 2154 positum
1621 2085 1832 2139 diversa
1853 2082 2062 2152 signifi-

481 2192 588 2235 cet.
623 2178 934 2234 lnvenimus
965 2179 1108 2232 hanc
1136 2192 1258 2232 esse
1286 2178 1588 2246 Scriptum
1608 2177 2056 2231 consuetudinem

478 2271 614 2327 etin
654 2270 775 2326 aliis
807 2270 939 2324 locis
970 2285 984 2324 :
1017 2267 1167 2323 utibi
1204 2269 1249 2301 ³⁸
1275 2285 1292 2321 :
1320 2287 1339 2321 ι
1370 2267 1559 2323 Nonne
1593 2283 1691 2323 vos
1717 2268 2056 2334 dicitis,quia

481 2364 658 2418 adhuc
693 2373 926 2432 quatuor
949 2376 1164 2416 menses
1203 2369 1330 2416 sunt
1367 2371 1426 2416 ut
1452 2361 1633 2416 veniat
1663 2360 1856 2415 messis
1888 2359 2059 2415 ?Ele-

481 2467 604 2512 vate
636 2455 826 2512 oculos
871 2465 1114 2521 vestros,
1142 2465 1199 2510 et
1229 2455 1406 2509 videte
1438 2454 1710 2524 regiones,
1754 2455 1877 2523 quia
1923 2453 2058 2508 alba:

479 2557 606 2604 sunt
627 2548 696 2604 ad
719 2561 970 2602 messem.
987 2565 1006 2599 ι
1024 2547 1216 2603 Nonne
1247 2555 1302 2601 et
1330 2545 1434 2600 hoc
1461 2545 1579 2601 loco
1603 2546 1800 2601 messis
1819 2546 2058 2600 secundo

481 2639 780 2702 nominata,
810 2637 985 2706 primo
1023 2636 1090 2691 ad
1143 2635 1480 2703 corporalem
1521 2650 1754 2690 messem
1795 2635 2054 2698 refertur,

2164 1894 2417 1968 intelligi,
2447 1897 2566 1953 sine
2614 1900 2849 1954 articulo
2880 1901 3120 1956 nominat
3150 1902 3343 1974 legem.
3376 1903 3444 1958 Et
3471 1905 3574 1959 hoc
3617 1920 3750 1976 ergo

2164 1986 2216 2040 in
2251 1987 2372 2043 loco
2404 1990 2492 2044 ubi
2523 1991 2676 2057 dicit,
2707 2011 2726 2044 ι
2765 1992 2920 2047 Nunc
2944 1995 3063 2048 sine
3099 1993 3216 2064 lege
3242 1994 3455 2063 justitia
3501 1997 3595 2050 Dei
3633 2013 3750 2050 ma-

2161 2078 2422 2134 nifestata
2452 2095 2555 2147 est,
2592 2101 2612 2134 ι
2658 2083 2948 2138 articulum
2995 2100 3103 2138 non
3158 2085 3362 2150 habet;
3397 2086 3452 2140 in
3497 2085 3748 2155 sequenti

2159 2185 2292 2226 vero
2321 2171 2409 2228 ubi
2438 2174 2588 2238 dicit,
2624 2192 2644 2226 ι
2692 2174 3002 2229 Testificata
3041 2192 3070 2228 a
3113 2176 3228 2246 lege
3275 2186 3331 2231 et
3385 2179 3685 2247 prophetis,
3720 2197 3742 2230 ι

2159 2264 2399 2322 secundo
2427 2263 2624 2319 inloco
2652 2266 2824 2336 legem
2853 2281 2976 2320 cum
3009 2267 3242 2320 articulo
3276 2270 3479 2336 posuit.
3513 2268 3572 2324 Si
3613 2285 3746 2340 ergo

2159 2356 2494 2412 sufﬁcienter
2524 2357 2703 2426 patuit
2735 2358 2802 2414 de
2852 2358 2988 2428 legis
3026 2360 3394 2429 appellatione
3429 2363 3746 2431 diversitas,

2158 2448 2441 2504 videamus
2473 2465 2618 2504 nunc
2653 2465 2774 2518 quas
2795 2449 3008 2518 justitia
3049 2451 3170 2505 sine
3211 2453 3448 2507 naturali
3477 2455 3598 2525 lege
3629 2471 3745 2510 ma-

2157 2539 2464 2596 nifestetur.
2487 2539 2632 2598 Idem
2671 2541 2950 2611 apostolus
2978 2541 3176 2599 Paulus
3215 2545 3352 2599 dicit
3377 2545 3448 2602 de
3476 2547 3701 2602 Christo
3721 2587 3738 2612 ,

2157 2629 2286 2700 quia
2319 2647 2336 2681 ι
2369 2630 2544 2683 factus
2573 2639 2658 2686 est
2697 2631 2856 2686 nobis
2903 2633 3167 2702 sapientia
3199 2650 3230 2688 a
3273 2635 3402 2703 Deo,
3432 2647 3488 2692 et
3504 2635 3739 2706 justjtia,

479 2733 719 2786 secundo
751 2731 816 2782 ad
846 2727 1142 2797 Spiritalem
1169 2727 1192 2781 ?
1221 2727 1282 2780 Et
1311 2727 1506 2780 iterum
1529 2726 1580 2778 in
1612 2725 1904 2797 Evangelia
1932 2741 2053 2780 cum
2156 2729 2210 2775 et
2233 2721 2614 2784 sanctiﬁcatio,
2637 2730 2693 2773 et
2724 2721 3103 2791 redemptio“.
3145 2743 3165 2777 ι
3215 2725 3342 2780 Haec
3374 2742 3508 2797 ergo
3527 2727 3737 2793 justitia

479 2823 611 2876 dicit
656 2822 726 2875 ad
779 2819 1178 2875 Samaritanam
1239 2817 1524 2872 mulierem
1575 2817 1862 2881 Salvator,
1916 2836 1936 2870 ι
1981 2819 2053 2872 Da
2157 2814 2272 2878 Dei,
2303 2829 2423 2883 quae
2451 2823 2535 2868 est
2563 2811 2852 2879 Christus,
2887 2815 3266 2871 manifestatur
3296 2821 3416 2872 sine
3465 2820 3584 2886 lege
3617 2820 3740 2889 qui-

477 2915 613 2970 mihi
665 2911 855 2966 bibere
884 2911 949 2975 “,
987 2929 1007 2962 ι
1054 2920 1108 2964 et
1141 2919 1262 2979 post
1320 2925 1640 2981 responsura
1680 2909 1798 2979 ejus
1856 2911 2052 2965 iterum
2155 2907 2276 2960 dem
2310 2905 2566 2969 naturali,
2601 2921 2708 2961 non
2742 2916 2921 2961 tamen
2970 2907 3090 2964 sine
3148 2908 3266 2979 lege
3295 2909 3468 2980 Moysi
3501 2911 3583 2965 vel
3615 2927 3741 2980 pro-

475 3007 608 3061 dicit
638 3005 704 3060 τειὰ
731 3020 851 3060 eam
887 3019 902 3057 :
943 3024 962 3056 ι
1007 3003 1062 3059 Si
1098 3003 1268 3059 scires
1314 3005 1438 3072 quis
1491 3014 1575 3059 est
1613 3005 1706 3074 qui
1745 3005 1878 3060 dicit
1908 3006 2001 3060 tibi
2032 3023 2048 3060 :

2154 2997 2332 3067 phetis
2364 2996 2509 3070 (66).
2534 2999 2636 3052 Dat
2681 2998 2825 3052 enim
2855 2999 2904 3052 ei
2961 3000 3332 3056 testimonium
3395 3003 3482 3056 lex
3515 3004 3659 3057 sicut
3683 3012 3740 3058 ct

484 3098 557 3150 Da
633 3097 761 3184 mihi
805 3098 1024 3163 bibere;
1054 3108 1110 3150 tu
1153 3099 1337 3166 utique
1366 3097 1595 3166 petisses
1619 3113 1767 3162 eum,
1791 3109 1846 3153 et
1869 3099 2052 3154 dedis-

2158 3091 2268 3161 ipse
2301 3091 2431 3145 dicit
2468 3108 2482 3144 :
2519 3109 2537 3143 ι
2569 3089 2898 3146 Scrutamini
2932 3091 3273 3162 Scripturas;
3309 3095 3439 3164 ipsa:
3462 3107 3593 3150 sunt
3616 3112 3737 3166 quae

475 3197 557 3242 set
590 3185 686 3240 tibi
717 3201 910 3255 aquam
941 3185 1139 3238 vivam.
1165 3201 1185 3235 ι
1225 3184 1291 3238 Et
1320 3185 1513 3241 iterum
1547 3186 1752 3240 addidit
1777 3189 1842 3240 ad
1876 3202 1996 3240 eam
2032 3204 2048 3240 :

477 3295 500 3331 ι
542 3277 728 3335 Omnis
755 3277 850 3347 qui
900 3277 1036 3332 bibit
1062 3293 1130 3332 ex
1178 3293 1316 3345 aqua
1365 3279 1488 3342 hac,
1515 3278 1664 3332 sitiet
1695 3278 1918 3342 iterum;
1955 3277 2052 3349 qui

472 3381 654 3426 autem
686 3370 884 3425 biberit
907 3385 976 3424 ex
1015 3385 1157 3439 aqua
1181 3385 1342 3439 quam
1369 3385 1471 3440 ego
1497 3369 1566 3424 do
1591 3371 1666 3433 ci,
1694 3385 1798 3424 non
1824 3371 1970 3425 sitiet
1997 3371 2050 3425 in

471 3474 733 3517 attentum
761 3457 826 3512 ⁸⁸.
861 3478 880 3511 ι
917 3459 1079 3514 Vides
1127 3461 1396 3528 quomodo
1421 3469 1478 3514 et
1525 3459 1712 3515 bibere
1736 3501 1752 3526 ,
1783 3470 1838 3516 et
1887 3477 2046 3530 aqua,

472 3568 619 3608 nunc
640 3553 856 3622 quidem
887 3549 1000 3624 (65)
1035 3549 1396 3619 corporaliter
1416 3591 1432 3616 ,
1465 3565 1610 3606 nunc
1667 3562 1846 3605 autem
1893 3553 2050 3622 spiri-

473 3645 660 3700 taliter
699 3646 754 3698 in
784 3658 891 3699 uno
926 3643 1226 3711 eodemque
1253 3641 1522 3710 accipitur
1555 3642 1723 3697 loco?
1768 3643 1864 3698 Est
1903 3653 1958 3698 et
1984 3643 2048 3697 il-

468 3740 543 3794 lic
571 3738 825 3793 similiter
869 3736 1138 3806 positum,
1167 3734 1256 3790 ubi
1301 3751 1477 3790 caecus
1510 3750 1540 3788 a
1582 3737 1866 3792 nativitate
1889 3752 2047 3791 cura-

468 3843 558 3887 tur
586 3831 656 3886 ".
688 3829 819 3886 Post
858 3831 961 3884 hoc
995 3830 1128 3884 dicit
1158 3829 1411 3884 Salvator
1445 3848 1459 3883 :
1498 3848 1517 3881 ι
1552 3829 1609 3884 ln
1648 3828 1911 3898 judicium
1945 3844 2047 3899 ego

2159 3183 2528 3239 testimonium
2573 3185 2806 3238 reddunt
2837 3185 2904 3238 de
2933 3200 3022 3239 me
3051 3184 3120 3238 ⁸⁵.
3168 3205 3188 3239 ι
3221 3186 3354 3240 Nam
3393 3187 3479 3242 lex
3518 3189 3736 3257 quidem

2156 3276 2419 3332 naturalis
2452 3284 2631 3346 potest
2654 3278 2977 3333 occasiones
3007 3278 3270 3348 przebere.
3299 3288 3353 3334 et
3394 3279 3732 3334 intellectum

2153 3369 2304 3430 dare,
2329 3379 2388 3421 ut
2419 3367 2682 3430 diximus,
2719 3369 2804 3423 vel
2835 3370 2900 3422 ad
2933 3387 2996 3423 ea
3026 3387 3146 3438 qnze
3194 3372 3334 3426 inter
3369 3371 3622 3427 homines
3645 3372 3732 3442 agi

2149 3460 2382 3529 aequitas
2414 3463 2610 3528 poscit,
2637 3462 2717 3516 vel
2763 3462 2831 3516 ad
2882 3463 2989 3516 hoc
3033 3463 3235 3532 ipsum,
3271 3473 3330 3518 ut
3359 3478 3484 3518 esse
3529 3465 3735 3519 sentiat

2151 3553 2342 3606 Deum.
2380 3551 2454 3604 De
2484 3551 2706 3605 Christo
2731 3562 2914 3605 autem
2947 3553 3098 3620 quod
3141 3553 3212 3607 sit
3253 3552 3423 3608 Filius
3453 3555 3570 3620 Dei,
3605 3569 3734 3608 sen-

2148 3643 2251 3699 tire
2276 3643 2596 3698 naturaliter
2615 3644 2742 3714 quis
2774 3653 2951 3712 potest
2977 3647 2999 3698 l
3031 3645 3156 3700 Ideo
3182 3661 3312 3715 ergo
3333 3647 3454 3701 sine
3479 3647 3582 3701 hac
3616 3647 3732 3719 (67)

2147 3736 2288 3806 lege,
2316 3736 2528 3804 justitia
2555 3735 2671 3800 Dei,
2691 3751 2811 3804 qua:
2838 3748 2921 3790 est
2947 3735 3224 3801 Christus,
3247 3737 3590 3793 manifestata
3623 3749 3728 3804 est,

2146 3831 2438 3886 testiﬁcata
2462 3847 2527 3886 ex
2562 3830 2680 3899 lege
2722 3831 2892 3903 Moysi
2913 3841 2966 3884 et
2995 3829 3513 3900 prophetis.Verum
3548 3832 3730 3901 prius-

464 3924 591 3979 veni
621 3923 674 3976 in
704 3923 850 3976 hunc
873 3921 1149 3983 mundum,
1171 3930 1226 3974 ut
1252 3921 1342 3990 qui
1375 3937 1480 3975 non
1511 3921 1697 3975 vident
1725 3921 1966 3985 videant,
1990 3929 2046 3975 et
2144 3937 2308 3992 quam
2338 3923 2405 3976 ad
2439 3923 2832 3990 consequentia
2885 3937 3260 3992 properemus,
3282 3921 3581 3976 omittenda
3619 3937 3728 3976 non

463 4015 555 4086 qui
579 4015 762 4070 vident
783 4013 910 4068 czeci
938 4012 1178 4066 fiant“.i
1215 4012 1401 4068 Nonne
1429 4014 1594 4068 etiam
1631 4013 1718 4068 hic
1741 4024 1794 4068 et
1817 4012 2005 4068 videre
2025 4053 2043 4079 ,
2143 4017 2359 4070 videtur
2384 4031 2452 4070 ne
2471 4016 2585 4070 haec
2612 4016 2828 4084 quidem
2873 4015 3206 4076 observatio,
3239 4014 3385 4082 quod
3417 4014 3470 4067 in
3505 4025 3729 4082 peccato

462 4120 519 4164 et
541 4124 646 4162 non
671 4107 854 4161 videre
887 4121 1032 4160 nunc
1079 4107 1433 4176 corporaliter
1455 4148 1470 4169 ,
1538 4121 1683 4161 nunc
1719 4106 2044 4177 spiritaliter
2141 4108 2356 4175 quidem
2403 4109 2731 4178 agnitionem
2763 4107 2966 4178 posuit,
3003 4107 3054 4160 in
3091 4105 3303 4174 justitia
3333 4121 3461 4161 vero
3503 4107 3728 4160 manife-

463 4198 909 4271 intelligiturilta
931 4213 1059 4269 ergo
1081 4202 1244 4254 etiam
1264 4200 1316 4254 in
1343 4200 1445 4254 hoc
1470 4201 1588 4254 loco
1609 4199 2040 4268 Apostoluscum
2141 4199 2453 4255 stationem.
2495 4217 2513 4251 ι
2553 4200 2728 4256 Omne
2780 4202 2925 4255 enim
2978 4201 3121 4269 quod
3171 4197 3588 4266 Inanifestatur,
3634 4197 3728 4252 lux

463 4295 580 4351 sine
612 4296 727 4366 lege
749 4294 877 4348 dicit
899 4293 1166 4364 justitiam
1199 4293 1295 4347 Dei
1333 4292 1694 4358 manifestari,
1714 4302 1924 4346 naturae
1953 4292 2036 4346 lex
2139 4291 2327 4355 est“;
2375 4311 2392 4344 ι
2431 4302 2484 4347 et
2514 4294 2557 4346 si
2587 4293 2734 4362 quod
2768 4291 3148 4348 manifestatur
3177 4291 3268 4345 lux
3308 4300 3414 4356 est,
3443 4299 3724 4360 peccatum

464 4386 818 4453 intelligitur;
849 4401 972 4441 cum
1021 4400 1155 4441 vero
1188 4385 1322 4440 dicit
1360 4403 1374 4439 :
1423 4404 1442 4436 ι
1481 4384 1794 4439 Testilicata
1829 4399 1859 4437 a
1918 4383 2036 4452 lege
2139 4382 2284 4448 quod
2315 4381 2406 4436 lux
2436 4399 2541 4436 non
2571 4395 2655 4439 est
2689 4399 2795 4438 non
2827 4383 3227 4448 manifestatur,
3257 4384 3351 4436 sed
3387 4381 3720 4451 agnoscitur.

459 4489 518 4534 et
557 4481 856 4550 prophetis,
880 4499 899 4532 ι
919 4479 1089 4551 Moysi
1117 4479 1286 4551 legem
1320 4479 1585 4547 designat.
1609 4477 1762 4544 Quod
1793 4478 1838 4531 sl
1865 4477 2042 4530 adhuc
2074 4474 2118 4528 D
2147 4473 2260 4543 Ego
2285 4475 2362 4530 sic
2391 4476 2599 4544 accipio
2634 4487 2690 4532 et
2719 4477 2877 4531 illud:
2909 4474 3084 4530 «Nihil
3115 4475 3389 4529 occultum
3424 4474 3567 4542 quod
3613 4487 3720 4525 non

461 4572 558 4626 tibi
583 4574 759 4626 minus
781 4573 1000 4642 planum
1027 4581 1245 4643 putatur
1269 4585 1390 4626 esse
1416 4571 1561 4639 quod
1592 4569 2034 4632 diximus,adde-

461 4677 582 4718 mus
607 4662 773 4718 etiam
822 4663 937 4716 haec
965 4679 978 4714 :
1010 4662 1067 4717 Si
1108 4661 1253 4718 enim
1283 4659 1499 4716 videtur
1529 4660 1670 4727 quod
1697 4658 1810 4731 (64)
1844 4661 2033 4714 eadem

455 4753 543 4808 lex
568 4753 640 4807 sit
663 4753 732 4808 de
757 4767 862 4822 qua
885 4753 1084 4807 dicitur
1106 4770 1122 4806 :
1145 4771 1166 4802 σ
1189 4751 1343 4807 Nunc
1372 4762 1552 4805 autem
1583 4751 1700 4806 sine
1729 4752 1844 4820 lege
1873 4749 2035 4818 justi-

456 4843 533 4897 tia
583 4842 676 4897 Dei
725 4842 1069 4898 manifestata
1113 4851 1218 4906 est,
1257 4861 1279 4894 ι
1312 4857 1433 4911 qua:
1478 4853 1560 4896 est
1595 4851 1658 4896 et
1707 4843 1794 4896 illa
1828 4842 1894 4896 de
1927 4857 2035 4912 qua

457 4934 532 4988 ait
564 4947 582 4987 :
611 4951 630 4985 ι
673 4933 980 4989 Testilicata
1007 4950 1036 4986 a
1072 4932 1184 5002 lege
1209 4942 1265 4986 et
1311 4931 1588 5002 prophetis
1621 4949 1636 4998 ;
1680 4952 1698 4982 ι
1737 4933 1780 4984 si
1813 4931 2032 5000 quidem

455 5025 577 5081 sine
606 5025 722 5096 lege
753 5025 866 5097 (65)
907 5026 1253 5080 manifestata
1284 5033 1390 5090 est,
1424 5039 1533 5077 non
1562 5023 1758 5091 accipit
1793 5021 2037 5076 testimo-

524 5189 572 5223 ⁸³
600 5190 730 5260 Sap.
761 5208 799 5257 ι,
833 5192 852 5244 l
888 5207 903 5256 ;
933 5191 1073 5246 Psal.
1117 5209 1176 5257 ιι,
1207 5191 1296 5245 10.
1374 5185 1702 5260 ’f_Tob.__ty,
1735 5184 1790 5238 6.
1867 5183 1913 5215 ⁸⁸
1937 5183 2055 5260 Mati

2174 5187 2349 5260 ",1.
2378 5259 2386 5260 ί
2418 5186 2472 5260 ν³⁶
2511 5188 2639 5260 ibid.
2670 5188 2725 5260 5.
2803 5188 2846 5219 ³⁷
2873 5188 3030 5241 Rom.
3064 5201 3147 5260 ιιι,
3181 5185 3271 5260 2f.

1576 5253 1618 5286 δ’
1647 5253 1804 5324 Joan.
1839 5257 1965 5315 “,1
2016 5271 2131 5324 seq.

1573 5325 1617 5355 ‘7
1644 5323 1774 5380 an.
1815 5339 1935 5391 VIII,
1962 5325 2048 5378 l7.

451 5260 546 5318 35.
620 5257 902 5327 ινιιηαπ,
931 5261 1018 5317 10.
1125 5263 1172 5293 ⁴⁵⁰
1213 5260 1346 5316 ibid.
1375 5257 1466 5310 15.

450 5327 500 5364 ⁵³
521 5328 680 5387 Joan.
704 5347 758 5397 v,
803 5331 894 5386 '59.
971 5331 1017 5362 “
1046 5331 1246 5401 Ephes.
1278 5346 1331 5396 v,
1374 5330 1461 5382 l3.

521 5447 636 5516 (61)
669 5446 758 5504 Al.
789 5465 809 5498 ι
839 5448 1047 5501 sentiri.
1079 5467 1098 5499 ι

524 5509 636 5586 (62)
669 5516 798 5572 ch
832 5527 878 5570 et
900 5517 1208 5586 hujusmodi
1233 5515 1403 5583 justa.
1437 5511 1712 5586 Sic_ms_s._
1753 5519 1808 5563 et
1849 5509 2029 5566 Raba-

451 5582 576 5640 nus.
608 5590 676 5640 At
709 5588 861 5649 editi,
893 5606 912 5638 ι
949 5582 1088 5640 lianc
1116 5595 1170 5642 et
1204 5582 1509 5652 hujusmodi
1538 5582 1828 5650 justitiam.
1872 5601 1891 5632 ι

525 5659 637 5725 (63)
661 5659 755 5712 Sic
779 5673 908 5711 mss.
944 5658 1082 5714 Editi
1104 5673 1252 5722 vero,
1275 5673 1294 5707 ι
1324 5655 1390 5711 Ει
1408 5656 1596 5711 bibere
1614 5668 1678 5708 ex
1697 5667 1858 5721 aqua,
1885 5667 2029 5705 llllllC

452 5730 694 5794 quidem,
731 5747 752 5780 ι
785 5738 894 5782 etc.

2145 4565 2545 4630 manifestelur,
2577 4581 2676 4621 nec
2714 4576 2963 4637 opertum
2993 4568 3139 4636 quod
3174 4580 3282 4620 non
3315 4565 3586 4619 reveletur
3617 4561 3717 4614 “.s

2142 4656 2250 4711 Sed
2291 4662 2359 4710 ad
2396 4657 2732 4726 propositum
2768 4667 3131 4712 revertamur.
3173 4657 3284 4712 Lex
3322 4672 3453 4726 ergo
3498 4663 3552 4710 et
3588 4667 3719 4724 pro-

2141 4743 2316 4812 pheta:
2339 4753 2503 4799 testes
2539 4755 2668 4800 sunt
2699 4745 2924 4815 justitia:
2975 4746 3098 4812 Dei;
3134 4762 3254 4815 quae
3278 4746 3492 4814 justitia
3535 4758 3631 4812 per
3659 4743 3720 4794 li-

2137 4835 2258 4890 dem
2281 4834 2409 4889 Jcsu
2441 4837 2646 4892 Christi
2675 4836 3062 4891 manifestatur
3094 4837 3148 4890 in
3189 4851 3382 4891 onmes
3412 4836 3717 4896 credentes,

2137 4929 2412 4996 inquibus
2453 4928 2596 4982 nulla
2648 4935 2733 4982 est
2771 4928 3072 4994 distinctio,
3126 4939 3307 4981 utrum
3362 4942 3428 4980 ex
3475 4924 3718 4988 Judaeis,

2137 5036 2208 5075 an
2244 5037 2310 5076 ex
2351 5024 2606 5091 gentibus
2653 5022 2899 5078 credant.
2943 5019 3074 5075 Vide
3113 5030 3295 5074 autem
3323 5017 3451 5088 quia
3487 5014 3718 5070 manife-

3349 5183 3393 5216 ⁸⁸
3421 5181 3582 5236 Joan.
3639 5195 3714 5240 tv,

2243 5257 2287 5290 “
2318 5258 2448 5311 ibid.
2482 5258 2575 5313 59.
2671 5258 2717 5290 “
2741 5260 2898 5313 lloni.
2944 5274 3041 5322 vn,
3070 5256 3156 5311 l4.
3260 5255 3308 5288 ⁵⁵
3335 5256 3350 5308 l
3376 5253 3502 5309 Cor.
3545 5268 3582 5316 ι,
3621 5251 3712 5303 '50.

2208 5437 2320 5506 (64)
2347 5421 2513 5498 Ἐὸἱιί,
2548 5435 2646 5506 Lai
2675 5435 2768 5489 tibi
2800 5432 3029 5492 videtur.
3064 5433 3232 5506 quod,
3273 5446 3292 5480 ι
3322 5435 3428 5506 etc.

2209 5499 2321 5578 (65)
2356 5508 2467 5570 AL,
2492 5523 2510 5557 ι
2551 5504 2676 5558 llaec
2727 5506 2946 5572 quidem
2991 5499 3112 5572 quae
3153 5501 3273 5555 sine
3322 5499 3470 5569 lege,
3501 5513 3521 5546 a
3561 5503 3668 5550 ctc.
3693 5529 3713 5559 ,

2355 5647 2463 5710 AL,
2506 5666 2522 5697 ι
2560 5645 2643 5699 vel
2680 5645 3086 5712 prophetarum.
3129 5659 3148 5692 ι

2213 5720 2323 5790 (67)
2362 5717 2497 5772 Hac.
2533 5717 2694 5772 Deest
2727 5718 2779 5768 in
2807 5726 2967 5769 antea
2995 5716 3178 5767 editzs.
