4170 6368
398 334 508 391 945

1350 331 1703 391 COMMENT.
1740 331 1808 387 IN
1842 331 2060 390 EPIST.
2097 335 2187 390 AD
2223 336 2388 393 ROM.
2429 335 2557 395 LIB.
2601 338 2687 395 Ill.

3537 348 3640 404 946

401 450 608 506 standae
645 448 873 519 justitia
924 449 1018 504 Dei
1055 448 1196 522 ('68)
1246 463 1352 504 non
1409 465 1567 505 uuam
1619 454 1800 519 posuit
1845 467 1976 506 cau-
2005 460 2051 514 Α
2152 455 2204 510 8.
2239 474 2259 506 ι
2292 455 2461 524 Quem
2493 457 2772 528 proposuit
2799 459 2940 515 Deus
2971 462 3411 530 propitiatiunem
3449 481 3544 536 per
3574 469 3637 522 fl-

402 556 519 596 sam
577 542 954 595 tantummodo
999 541 1145 604 fidei.
1173 543 1270 595 sed
1319 551 1374 596 et
1441 542 1616 612 legem
1647 544 1819 596 sociat
1861 541 1974 614 (69)

402 639 459 684 ct
497 629 836 700 prophetas,
883 629 1009 698 quia
1063 644 1240 700 neque
1293 629 1427 685 fides
1479 631 1590 685 sola
1646 629 1806 700 513
1858 630 1977 686 sine

405 718 524 788 lege
564 727 622 774 et
668 719 948 787 prophetis
1009 719 1321 773 manifestat
1389 717 1655 787 iustitiam
1710 721 1833 784 Dei,
1880 735 1978 775 ue-

404 826 514 879 qne
582 826 771 865 rursus
819 813 902 864 lex
947 820 1002 866 et
1053 811 1326 880 propheta
1371 812 1490 866 sine
1545 812 1650 865 fide
1690 827 1704 863 :
1747 811 1976 867 alterum

406 917 538 973 ergo
592 904 764 957 harct
816 917 882 956 ex
941 900 1160 965 altero,
1199 910 1258 954 ut
1296 901 1369 955 sit
1411 916 1476 955 ex
1538 911 1768 971 utroque
1803 901 1980 972 perfe-

406 993 536 1043 ctio.
580 990 758 1056 Nulla,
807 992 1006 1060 inquit,
1037 990 1319 1046 distinctio
1364 999 1449 1046 est
1483 991 1630 1048 inter
1661 990 1885 1048 Judaos
1921 1001 1978 1049 et

407 1080 648 1145 (ἔκ-δέους,
677 1097 802 1136 cum
847 1091 1059 1137 constet
1101 1096 1170 1139 ex
1199 1097 1356 1151 aquo
1385 1096 1580 1137 omnes
1613 1084 1713 1138 sub
1748 1093 1978 1152 peccato

411 1169 584 1224 factus
612 1185 755 1234 esse.
781 1173 922 1226 sicut
951 1185 1113 1239 supra
1152 1170 1371 1234 claruit,
1413 1181 1470 1227 et
1507 1187 1652 1227 nunc
1713 1172 1979 1244 justitiam

412 1258 676 1331 Dei,legis
702 1271 757 1316 et
803 1263 1192 1332 prophetarum
1253 1263 1584 1318 testimoniis
1628 1263 1839 1330 fultam,
1877 1281 1977 1335 per

411 1350 572 1404 fidem
607 1352 732 1407 Jesu
764 1352 968 1407 Christi
991 1368 1057 1408 ex
1089 1368 1249 1423 aquo
1291 1355 1544 1411 omnibus
1574 1357 1776 1410 datam.
1806 1355 1886 1411 Ex
1913 1371 1980 1412 eo

410 1441 554 1510 quod
581 1457 768 1497 omnes
797 1444 897 1498 sub
941 1453 1167 1512 peccatu
1193 1443 1330 1499 facti
1394 1444 1631 1511 fuerant,
1659 1446 1824 1502 alieni
1853 1448 1976 1504 sine

412 1532 576 1588 dubio
604 1534 778 1589 effecti
804 1545 933 1588 sunt
959 1536 1125 1590 etiam
1154 1551 1184 1589 a
1207 1535 1376 1606 gloria
1401 1536 1516 1600 Dei,
1554 1540 1698 1606 quod
1730 1554 1852 1594 eam
1877 1555 1980 1596 nec

413 1637 610 1691 cupere
639 1625 748 1682 ullo
779 1641 981 1695 genere
1011 1635 1284 1697 poterant,
1309 1641 1412 1681 nec
1457 1629 1678 1684 mereri.
1701 1629 1980 1696 Quomodo

2077 545 2197 598 dem
2240 546 2293 598 in
2322 548 2587 616 sanguine
2609 549 2744 616 ejus,
2774 552 2841 604 ad
2865 554 3230 608 ostensionem
3257 554 3483 620 justitia
3505 573 3636 624 sua,

2077 651 2175 703 per
2197 635 2308 708 (73)
2343 636 2718 694 remissionem
2751 643 3164 710 praecedentium
3199 646 3542 714 delictorum,
3583 649 3635 702 in

2077 730 2526 786 sustentationem
2573 733 2690 796 Dei,
2743 735 2808 787 ad
2845 736 3207 790 ostensionem
3245 737 3467 807 justitia
3522 741 3640 809 ejus

2077 816 2133 872 in
2156 819 2258 874 hoc
2281 831 2523 890 tempore
2541 839 2554 874 :
2575 833 2636 876 ut
2656 822 2726 877 sit
2746 823 2858 892 ipse
2875 825 3079 894 justus,
3101 827 3467 894 etjustilicans
3489 846 3636 898 cum,

2074 908 2166 976 qui
2197 923 2265 962 ex
2297 910 2401 964 Iide
2425 918 2508 965 est
2533 909 2662 965 Jesu
2699 911 2898 966 Christi
2928 913 2994 969 “.
3034 934 3053 967 ι
3086 915 3220 970 Cum
3261 916 3428 970 multa
3459 933 3557 972 nos
3585 929 3639 974 et

2077 998 2393 1052 admiranda
2426 1000 2698 1056 docuisset
2723 1013 2944 1058 sanctus
2992 1005 3285 1074 Apostolus
3313 1007 3379 1060 de
3412 1007 3638 1062 Domino

2077 1099 2266 1144 nostro
2306 1088 2430 1145 Jesu
2462 1090 2700 1158 Christo,
2741 1109 2862 1163 qua
2893 1111 2991 1165 per
3015 1099 3331 1166 mysterium
3363 1100 3428 1152 de
3461 1114 3528 1153 eo
3560 1099 3642 1153 di-

2083 1182 2301 1238 cuntur,
2323 1175 2424 1228 huc
2453 1178 2504 1230 in
2523 1177 2642 1230 loco
2659 1181 2985 1232 eminentius
3011 1181 3212 1248 aliquid
3241 1182 3642 1252 protulit,quod

2081 1279 2188 1316 non
2225 1264 2385 1320 facile
2415 1267 2468 1320 in
2503 1267 2624 1322 aliis
2651 1268 2948 1338 Scriptura
2974 1270 3107 1325 locis
3126 1271 3365 1329 arbitror
3387 1274 3638 1328 inveniri.

2085 1352 2220 1421 Nam
2253 1372 2374 1411 cum
2404 1360 2658 1428 superius
2692 1360 2938 1426 dixisset,
2973 1365 3114 1433 quod
3149 1379 3246 1433 pro
3270 1365 3415 1419 omni
3442 1379 3640 1436 genere

2084 1444 2321 1503 humano
2357 1451 2783 1520 redemptionem
2817 1455 3163 1522 semetipsum
3191 1455 3446 1518 dedisset,
3465 1464 3523 1508 ut
3547 1469 3640 1508 eos

2077 1536 2175 1607 ἰιιῑί
2224 1539 2277 1593 in
2316 1552 2661 1610 peccatorum
2701 1544 3014 1612 captivitate
3045 1547 3365 1602 tenebantur
3404 1546 3638 1601 redime-

2085 1641 2163 1686 ret
2178 1631 2245 1695 ",
2261 1631 2387 1684 dum
2407 1650 2426 1683 ι
2447 1631 2564 1685 sine
2586 1633 2693 1686 Deo
2711 1649 2807 1700 pro
2820 1635 3068 1690 omnibus
3083 1649 3311 1694 mortem
3329 1650 3506 1710 gustat
3525 1641 3572 1673 "
3587 1657 3598 1690 :
3615 1659 3634 1694 ι

413 1715 559 1768 enim
589 1727 848 1786 peccator
883 1719 1108 1773 auderet
1130 1717 1264 1771 dare
1295 1716 1523 1787 gloriam
1557 1719 1689 1782 Deo,
1717 1719 1786 1774 ad
1814 1735 1976 1791 quem
2010 1787 2043 1791 _
2079 1731 2224 1770 nunc
2244 1717 2391 1770 addit
2427 1715 2628 1786 aliquid
2659 1715 2970 1781 sublimius,
2996 1727 3052 1772 et
3072 1715 3226 1780 dicit,
3243 1716 3370 1782 quia
3393 1733 3416 1767 ι
3447 1729 3642 1784 propu-

413 1806 549 1860 dicit
599 1806 869 1876 Propheta
901 1826 916 1862 :
951 1828 972 1862 ‹
1022 1809 1304 1866 Peccatori
1361 1820 1542 1866 autem
1604 1811 1744 1867 dixit
1790 1787 1936 1868 Deus
1962 1827 1979 1867 :
2010 1787 2056 1846 Β
2086 1807 2196 1861 suit
2223 1822 2344 1862 eum
2373 1807 2514 1862 Deus
2534 1807 2972 1876 propitiatiuuem
2999 1821 3094 1875 per
3115 1805 3274 1860 fidem
3302 1807 3354 1859 in
3380 1795 3645 1876 sanguine

417 1895 596 1962 Quare
628 1908 680 1952 tu
706 1913 936 1954 euarras
959 1899 1206 1971 justitias
1223 1903 1464 1958 meas“?
1498 1921 1516 1955 ι
1552 1903 1620 1959 Et
1658 1905 1852 1960 iterum
1876 1906 1981 1960 alia

417 1986 700 2057 Scriptura
738 1991 871 2046 dicit
901 2007 916 2044 :
946 2009 968 2044 ι
1002 1993 1118 2047 Non
1149 2003 1230 2049 est
1269 1995 1517 2064 speciosa
1545 1997 1661 2050 laus
1692 1996 1782 2050 Dei
1812 1997 1865 2050 in
1890 2011 1985 2050 ure

416 2082 720 2147 peccatoris
747 2079 814 2134 ⁸⁸.
855 2100 874 2134 ι
916 2083 1122 2139 Idcirco
1158 2085 1365 2154 justitia
1409 2085 1502 2140 Dei
1527 2101 1622 2156 per
1651 2086 1808 2141 fidem
1854 2087 1982 2143 Jesu

415 2170 621 2226 Christi
649 2173 718 2226 ad
743 2187 933 2228 omnes
953 2175 1274 2243 perveniens
1294 2178 1384 2246 qui
1415 2176 1662 2241 credunt,
1685 2179 1798 2233 sive
1817 2176 1986 2234 Judai

416 2262 547 2327 sint,
579 2263 696 2317 sive
744 2263 941 2331 Graci,
977 2275 1236 2336 purgatus
1267 2282 1364 2324 eos
1391 2284 1422 2322 a
1461 2270 1739 2338 prioribus
1767 2271 1987 2326 sceleri-

416 2352 524 2408 bus
547 2353 842 2424 justificat,
889 2364 945 2412 et
994 2372 1228 2428 capaces
1257 2361 1389 2416 facit
1419 2361 1604 2430 gloria
1631 2361 1726 2417 Dei
1756 2379 1773 2418 :
1802 2373 1858 2418 et
1887 2364 1988 2419 hoc

420 2459 531 2499 non
553 2461 619 2501 ex
647 2448 858 2504 meritis
883 2464 1096 2516 eorum,
1121 2467 1223 2508 nec
1261 2467 1362 2522 pro
1401 2455 1661 2524 uperibus
1707 2455 1858 2520 facit,
1892 2457 1986 2512 sed

417 2537 592 2605 gratis
643 2539 868 2609 gloriam
899 2543 1248 2598 credentibus
1283 2543 1398 2615 (70)
1427 2555 1670 2613 prastat.
1710 2563 1730 2599 ι
1764 2547 1868 2602 Per
1899 2562 1987 2603 ru-

418 2629 809 2699 demptionem,
839 2632 1040 2702 inquit,
1073 2652 1193 2706 qua
1215 2646 1296 2691 est
1328 2637 1382 2690 in
1419 2638 1636 2692 Christo
1659 2637 1809 2695 Jesu.
1841 2659 1862 2692 ι
1898 2640 1988 2694 Vi.

420 2718 645 2775 deamus
679 2724 946 2780 attentius
974 2726 1104 2793 quid
1133 2726 1236 2780 sibi
1269 2727 1394 2783 velit
1424 2729 1725 2796 redemptio
1750 2745 1873 2799 qua
1903 2741 1986 2786 est

421 2807 476 2861 in
511 2808 730 2866 Christo
771 2812 918 2868 Jesu.
949 2815 1269 2887 Redemptio
1316 2820 1516 2873 dicitur
1572 2820 1624 2874 id
1657 2822 1800 2889 quod
1830 2822 1991 2876 datur

421 2899 669 2957 hostibus
707 2918 808 2972 pro
854 2906 940 2960 his
987 2921 1124 2976 quos
1159 2908 1212 2961 in
1257 2909 1576 2978 captivitate
1609 2910 1894 2977 detinent,
1931 2922 1993 2968 ut

421 3009 518 3048 eos
549 2997 838 3052 restituant
887 2999 1130 3068 pristina
1163 3000 1424 3056 libertati.
1474 3002 1834 3058 Detinebatur
1860 3019 1991 3076 ergo

420 3087 562 3154 apud
589 3087 703 3158 (71)
733 3090 916 3144 hostes
951 3091 1169 3145 humani
1215 3094 1431 3162 generis
1456 3095 1737 3162 captivitas
1768 3106 1991 3166 peccato

420 3185 678 3249 tauquam
712 3181 853 3235 bello
883 3191 1166 3251 superata:
1188 3184 1335 3238 venit
1360 3184 1525 3240 Filius
1545 3185 1637 3241 Dei
1661 3204 1682 3238 ε
1702 3188 1794 3257 qui
1817 3187 1990 3243 factus

418 3279 506 3323 est
533 3270 689 3324 nobis
713 3290 733 3324 ι
770 3289 874 3328 non
911 3273 1087 3328 solum
1115 3290 1134 3324 ι
1169 3276 1438 3344 sapientia
1462 3291 1490 3329 a
1524 3276 1656 3343 Deo,
1681 3279 1989 3348 etjustitia,

423 3371 477 3413 et
511 3361 895 3428 sanctificatio,
928 3384 948 3418 i
972 3367 1066 3421 sed
1103 3383 1123 3419 α
1153 3376 1210 3422 et
1236 3368 1536 3438 redemptio
1565 3368 1612 3401 ⁸⁸
1634 3387 1648 3424 :
1671 3387 1690 3422 ι
1721 3379 1775 3424 et
1795 3381 1991 3435 semet-

422 3449 594 3519 ipsum
653 3455 797 3509 dedit
850 3456 1312 3526 redemptionem.
1379 3460 1432 3514 id
1505 3468 1587 3515 est
1642 3463 1990 3532 semetipsum

423 3541 671 3598 hostibus
706 3548 945 3612 tradidit,
1001 3564 1064 3604 ac
1096 3550 1404 3605 sitientibus
1448 3551 1528 3605 eis
1579 3565 1737 3606 suum
1777 3555 1994 3623 sangui-

423 3647 548 3686 nem
579 3634 718 3691 fudit
744 3653 760 3690 :
795 3650 851 3692 et
873 3639 987 3695 hac
1011 3653 1094 3696 est
1117 3627 1468 3699 credentibus
1499 3643 1640 3698 facta
1672 3646 1989 3714 redemptio,

424 3725 567 3779 sicut
615 3736 670 3781 et
710 3728 899 3786 Petrus
949 3731 1003 3786 in
1060 3733 1301 3802 Epistula
1347 3748 1445 3789 sua
1496 3735 1724 3804 scribit,
1753 3739 1987 3793 dicens:

432 3832 452 3866 ι
487 3815 625 3884 Quia
664 3834 771 3874 non
810 3824 1152 3899 corruptibili
1182 3834 1411 3896 argento
1439 3827 1522 3881 vel
1562 3842 1697 3881 auro
1731 3829 1992 3899 redempti

423 3910 580 3970 estis,
608 3911 702 3965 sed
733 3913 972 3980 pretioso
1010 3895 1275 3987 sanguine
1298 3918 1564 3987 unigeniti
1586 3918 1708 3974 Filii
1737 3921 1828 3976 Dei
1859 3895 1934 3974 υ.
1969 3939 1989 3973 ι

426 3995 539 4053 lloc
567 3998 815 4056 fortassis
852 4012 908 4058 et
930 4005 1184 4061 Salomon
1225 4009 1327 4063 sub
1360 4010 1618 4080 mysterio
1652 4012 1992 4082 designabat,

425 4090 655 4145 dicens:
702 4111 724 4145 ι
779 4093 1103 4166 Redemptio
1155 4099 1355 4154 anima
1383 4101 1488 4154 viri
1530 4102 1761 4172 propriae
1791 4104 1995 4160 divitia

425 4181 545 4246 ejus
570 4183 638 4238 ".
672 4203 692 4237 ι
721 4183 776 4239 Si
805 4188 948 4240 enim
975 4191 1221 4258 requiras
1242 4207 1362 4262 qua
1387 4194 1497 4246 sint
1529 4195 1728 4250 anima
1760 4196 1995 4266 propria

425 4268 652 4335 divitia,
684 4272 929 4330 invenies
959 4278 1278 4348 sapientiam
1311 4282 1529 4338 divitias
1581 4285 1700 4355 ejus
1742 4301 1887 4350 esse,
1939 4295 1996 4342 et

420 4359 711 4428 justitiam,
728 4377 784 4420 et
804 4369 1314 4429 sanctificationem.
1331 4373 1458 4430 Hac
1477 4387 1655 4430 autem
1681 4379 1864 4432 omnia
1879 4377 1993 4450 (72)

2017 3141 2064 3198 C

2087 1899 2305 1970 ipsius:
2339 1917 2359 1951 ι
2403 1913 2511 1968 quo
2563 1898 2775 1953 scilicet
2828 1912 2922 1967 per
2969 1898 3201 1951 hostiam
3254 1897 3338 1950 sui
3395 1896 3645 1965 corporis

2087 1989 2376 2059 propitium
2419 1989 2727 2044 hominibus
2797 1987 3000 2043 faceret
3044 1987 3237 2052 Deum,
3293 1997 3352 2042 et
3396 2003 3489 2057 per
3541 1988 3646 2043 huc

2086 2083 2399 2138 ostenderet
2423 2079 2690 2150 justitiam
2716 2095 2894 2144 suam,
2917 2081 3044 2133 dum
3071 2079 3152 2134 eis
3179 2079 3478 2134 remitteret
3505 2093 3644 2148 pra-

2087 2176 2336 2230 cedentia
2379 2176 2598 2239 delicta,
2641 2188 2763 2244 qua
2797 2173 3048 2244 pessimis
3091 2171 3335 2243 tyrannis
3360 2172 3651 2226 serviendo

2085 2277 2475 2324 contraxerant
2500 2284 2568 2323 eo
2597 2277 2837 2336 tempore
2859 2280 2965 2335 quo
2995 2264 3294 2319 sustinebat
3327 2275 3382 2317 et
3407 2262 3648 2332 patieba-

2084 2365 2175 2412 tur
2199 2360 2342 2414 Deus
2367 2361 2482 2414 hac
2514 2359 2656 2414 fieri.
2701 2358 2805 2414 Sed
2837 2359 2904 2412 ad
2931 2357 3034 2412 hoc
3065 2356 3393 2425 patiebatur,
3421 2366 3481 2410 ut
3526 2363 3651 2424 post

2088 2451 2224 2515 hac,
2259 2451 2312 2506 id
2331 2463 2415 2505 est
2451 2452 2505 2504 in
2531 2453 2634 2506 huc
2659 2461 2903 2519 tempore
2920 2447 3646 2519 (74),ostenderetjustitiam

2089 2557 2266 2597 suam.
2301 2542 2356 2597 In
2381 2542 2850 2598 consummatione
2883 2541 3083 2595 etenim
3113 2540 3322 2605 saculi,
3359 2541 3410 2593 in
3463 2540 3656 2594 novis-

2086 2636 2226 2690 simu
2255 2644 2502 2704 tempore
2533 2632 2898 2689 manifestavit
2929 2631 3068 2686 Deus
3094 2631 3361 2701 justitiam
3392 2646 3566 2693 suam,
3595 2639 3662 2686 et.

2095 2730 2528 2798 redemptionem
2554 2727 2704 2781 dedit
2734 2741 2855 2780 eum
2879 2739 3036 2791 quem
3065 2725 3470 2792 propitiaturem
3500 2723 3646 2777 fecit:

2089 2835 2156 2874 ne
2189 2820 2330 2874 forte
2361 2819 2410 2874 si
2439 2820 2591 2889 prius
2627 2820 3038 2889 propitiatorem
3080 2818 3354 2878 misisset,
3403 2830 3505 2867 non
3541 2825 3647 2866 tam

2088 2911 2290 2965 multos
2321 2911 2540 2964 humani
2565 2912 2780 2979 generis
2808 2908 3213 2979 repropitiasset
3242 2908 3371 2970 Deo,
3406 2921 3568 2976 quam
3596 2906 3648 2958 in

2089 3004 2180 3060 his
2218 3005 2552 3076 temporibus
2583 3006 2781 3074 quibus
2804 3003 2920 3073 jam
2955 3001 3186 3057 mundus
3232 3001 3468 3069 repletus
3500 2998 3654 3053 vide-

2093 3105 2184 3150 tur
2214 3097 2546 3152 hominibus.
2593 3098 2733 3152 Deus
2755 3097 2899 3152 enim
2920 3097 3099 3166 justus
3125 3103 3229 3158 est,
3266 3102 3323 3148 et
3368 3093 3548 3162 justus
3564 3091 3654 3161 ju-

2094 3190 2335 3246 stillcare
2381 3204 2486 3244 non
2518 3197 2728 3259 poterat
2763 3188 2994 3258 iujustos
3033 3186 3145 3258 (75)
3174 3203 3188 3238 :
3224 3185 3344 3239 ideo
3376 3183 3651 3238 interven-

2093 3290 2206 3337 tum
2257 3280 2426 3335 voluit
2469 3295 2590 3336 esse
2641 3280 3036 3350 propitiatoris,
3082 3288 3141 3332 ut
3187 3291 3284 3346 per
3331 3277 3450 3344 ejus
3492 3274 3652 3328 ﬁdem

2091 3371 2527 3439 iustiﬁcarentur
2552 3371 2642 3440 qui
2675 3384 2773 3439 per
2801 3386 2965 3441 opera
2996 3369 3212 3439 propria
3238 3365 3522 3435 iustificari
3548 3379 3667 3419 non.»

2092 3473 2371 3534 poterant.
2399 3461 2547 3532 Hac,
2579 3474 2838 3534 quantum
2865 3463 2928 3517 ad
2961 3462 3228 3518 sermonis
3273 3460 3441 3531 ipsius
3468 3459 3656 3528 expla-

2095 3554 2368 3611 nationem
2405 3564 2679 3626 spectant,
2737 3554 3015 3624 pramissa
3067 3551 3197 3615 sint,
3251 3557 3310 3605 ut
3360 3551 3652 3618 apostolica

2098 3643 2260 3699 lectio
2283 3644 2589 3699 evidentior
2634 3642 2748 3698 flat.
2776 3642 2934 3696 Nunc
2961 3648 3167 3702 autem,
3197 3648 3255 3692 ut
3291 3637 3447 3692 nobis
3488 3635 3666 3717 moris

2093 3745 2201 3802 est,
2238 3735 2366 3806 quid
2397 3735 2622 3790 interior
2648 3747 2842 3789 sensus
2878 3731 3159 3802 apostolici
3185 3729 3453 3785 sermonis
3481 3726 3658 3781 conti-

2095 3836 2220 3880 neat
2236 3825 2580 3896 requiramus
2600 3841 2616 3891 ;
2633 3834 2688 3880 et
2705 3826 2880 3894 primo
2899 3823 3140 3878 omnium
3164 3821 3437 3892 quomodo
3451 3817 3656 3872 dictum

2097 3917 2211 3971 sit:
2241 3933 2262 3967 ι
2295 3917 2469 3982 Quem
2498 3915 2779 3986 proposuit
2831 3914 2976 3967 Deus
3027 3907 3460 3979 prupitiatorium
3518 3905 3660 3973 (sive

2102 4005 2536 4076 prupitiatorem)
2573 4019 2666 4074 per
2707 4005 2867 4059 fidem
2910 4003 2964 4057 in
3017 4000 3278 4072 sanguine
3303 3999 3440 4068 ejus.
3476 4015 3494 4048 ι
3527 3995 3660 4051 Cer-

2099 4109 2209 4152 tum
2237 4097 2398 4153 estin
2426 4097 2682 4151 omnibus
2712 4109 2850 4167 pene
2883 4094 3018 4149 locis
3047 4091 3292 4162 Apostoli
3341 4103 3557 4145 sensum
3589 4100 3660 4139 ex

2098 4195 2235 4264 legis
2262 4202 2319 4248 et
2373 4191 2764 4263 prophetarum
2799 4201 3024 4243 manare
3068 4185 3363 4241 thesauris.
3414 4181 3662 4251 lnquira~

2099 4301 2220 4341 mus
2240 4299 2374 4356 ergo
2405 4283 2496 4338 ubi
2525 4281 2941 4351 appellationem
2967 4275 3325 4351 propitiatorii
3363 4272 3657 4334 invenerit,

2099 4385 2152 4433 et
2180 4376 2324 4431 unde
2353 4375 2456 4429 huc
2486 4389 2682 4431 nomen
2705 4373 3084 4443 assumpserit.
3139 4369 3359 4426 Memini
3387 4369 3441 4423 in
3470 4365 3660 4421 Exodo

426 4450 704 4509 Christum
730 4471 853 4513 esse
894 4460 1028 4516 dicit
1052 4459 1345 4532 Apostolus
1369 4467 1436 4520 ⁸³.
1470 4467 1722 4523 Christus
1747 4483 1879 4539 ergo
1908 4479 1993 4524 est
2026 4468 2070 4524 D
2100 4468 2404 4538 loquentem
2419 4465 2704 4520 Dominum
2717 4465 2784 4519 ad
2798 4463 3044 4534 Moysen,
3064 4461 3528 4532 etpracipieutem
3543 4470 3663 4525 qua

427 4549 621 4606 anima
646 4553 866 4621 divitia,
885 4565 941 4611 et
968 4557 1087 4613 ideo
1117 4560 1232 4629 ipse
1257 4571 1342 4615 est
1369 4564 1666 4632 redemptio
1691 4565 1827 4634 ejus.
1857 4562 1992 4617 Nam

426 4645 740 4708 corporales
797 4647 999 4722 divitia
1056 4652 1326 4717 pernicies
1365 4655 1538 4720 magis
1593 4655 1786 4708 anima
1831 4670 1990 4722 quam

431 4717 1020 4902 redemptiu‘esse
1049 4743 1333 4799 credenda
1371 4717 1520 4808 sunt,
1549 4746 1650 4798 nisi
1684 4745 1750 4799 ad
1793 4717 1992 4799 bunum

431 4834 565 4890 opus
619 4839 719 4879 con
951 4829 1182 4899 justitia
1214 4845 1269 4889 et
1313 4837 1701 4890 misericordia
1744 4837 1892 4900 fiant,
1936 4847 1992 4890 et

427 4834 565 4890 οΡυε
619 4829 901 4900 000'
951 4829 1182 4899 justitia
1214 4845 1269 4889 et
1313 4837 1701 4890 misericordia
1744 4837 1892 4900 fiant,
1936 4847 1993 4890 et

427 4924 496 4965 ex
529 4916 901 4984 corporalibus
938 4921 1145 4980 divitiis
1171 4926 1239 4980 ad
1275 4927 1471 4982 anima
1509 4927 1728 4982 divitias
1758 4926 1992 4982 transfe-

429 5014 639 5061 rantur.

497 5120 545 5195 δξ
574 5120 715 5177 Psal.
748 5140 893 5186 ειη..
919 5125 1006 5180 16.
1083 5128 1129 5160 δ’
1155 5128 1318 5183 Eccli.
1343 5145 1434 5194 xv,
1458 5132 1510 5186 9.
1587 5131 1637 5162 '°
1659 5131 1814 5186 lCor.
1841 5149 1878 5195 l,
1897 5132 1986 5186 30.

2094 5130 2108 5160 ι
2143 5129 2330 5187 chtr.
2357 5129 2512 5191 1.18.

427 5191 475 5222 ⁸⁸
515 5193 674 5246 Rom.
706 5208 790 5262 ιιι,
813 5195 904 5262 ‘25,
929 5197 1020 5252 26.

500 5303 612 5387 (βὲ)
649 5305 815 5387 ῌςιίῑί,
851 5325 874 5362 ι
906 5309 1026 5387 quia
1062 5311 1376 5387 manifestat
1410 5315 1475 5368 de
1493 5315 1702 5385 justitia
1729 5317 1887 5387 Dei.)

500 5376 616 5451 to?)
645 5375 811 5451 ᾼΙη]
843 5380 937 5451 sed
969 5380 1137 5450 legem
1162 5383 1359 5451 posuit.
1400 5403 1418 5435 ο

502 5445 614 5512 (70)
641 5443 1202 5505 Ονεάεηιὶῡιιε.’1)θθὲι
1237 5453 1288 5504 in
1318 5465 1477 5507 antea
1511 5454 1698 5509 editis.

429 5513 999 5645 al’i|7dl).0etinelmtur
1042 5537 1164 5588 ergo
1200 5525 1364 5588 apud.
1413 5525 1524 5591 AL,
1576 5541 1595 5576 α
1640 5525 1997 5582 Detinebatur

504 5651 616 5721 .72)
646 5655 861 5710 Omnia.
895 5655 952 5710 In
973 5659 1144 5712 editis
1168 5661 1458 5715 omittitur.

501 5721 619 5796 (73)
655 5723 828 5793 Alias,
867 5744 886 5779 ι
915 5743 1077 5798 quem
1109 5733 1392 5800 proposuit
1425 5735 1562 5787 Deus
1584 5733 1996 5804 prupitiaturem

2099 4565 2380 4630 oporteret
2406 4572 2529 4613 eum
2563 4557 2766 4621 facere,
2819 4556 2996 4625 primo
3042 4553 3257 4621 quidem
3290 4549 3546 4604 mandare
3573 4561 3663 4599 ar-

2103 4667 2247 4718 cam,
2278 4660 2334 4706 et
2361 4659 2543 4706 vectes
2568 4650 2686 4720 ejus
2720 4659 2883 4718 atque
2905 4646 3138 4701 annulus
3165 4646 3274 4715 {per
3316 4657 3458 4697 arca
3491 4640 3662 4693 latera

2102 4744 2216 4797 fieri
2241 4743 2317 4810 ιτς
2360 4750 2483 4810 post
2522 4741 2674 4796 hac:
2713 4759 2732 4794 ι
2763 4741 2832 4794 Et
2874 4739 3060 4801 facies,
3107 4737 3304 4805 inquit,
3337 4731 3664 4804 propitiato-

2100 4832 2238 4885 rium
2271 4847 2338 4886 ex
2371 4845 2504 4885 auro
2540 4844 2694 4899 puro,
2727 4829 2863 4884 duos
2909 4827 3121 4884 cubitus
3145 4836 3203 4881 et
3231 4825 3396 4879 semis
3428 4818 3663 4889 longitu-

2099 4923 2278 4978 dinem
2306 4921 2444 4990 ejus,
2475 4929 2530 4976 et
2561 4937 2723 4975 unum
2765 4922 3004 4976 cubitum
3034 4927 3088 4972 et
3130 4917 3293 4972 semis
3320 4912 3662 4968 latitudinem

2102 5014 2242 5082 ejus.
2273 5012 2343 5068 Et
2369 5013 2536 5068 facies
2566 5013 2675 5066 duo
2703 5013 2966 5066 cherubin
3011 5008 3176 5080 515
3224 5019 3387 5060 aurea
3421 5011 3662 5064 toruata,

2659 5129 2704 5160 ³¹
2724 5127 2880 5183 Prov.
2916 5142 3035 5186 xm.
3064 5126 3118 5180 8.
3231 5123 3275 5154 "
3311 5123 3326 5176 l
3355 5119 3482 5175 Cor.
3513 5115 3658 5182 I,'50.

1165 5199 1213 5230 "
1239 5198 1397 5254 Rom.
1431 5202 1639 5269 1:524;
1667 5202 1682 5254 I
1722 5201 1864 5256 Tim.
1903 5219 1959 5262 ιι.

2117 5201 2165 5234 ⁵⁸
2191 5201 2358 5256 Hebr.
2385 5213 2446 5265 ll,
2472 5200 2526 5253 9.
2604 5199 2648 5230 ⁸⁷
2672 5197 2840 5253 Exod.
2871 5213 2996 5263 xxv,
3032 5197 3096 5250 10
3129 5209 3242 5261 seq.

2104 5331 2202 5386 per
2233 5315 2390 5371 fidem
2418 5315 2472 5369 in
2491 5328 2807 5381 sanguinem
2840 5311 3031 5381 ipsius,
3071 5311 3138 5365 ad
3167 5305 3535 5363 ustensionem
3565 5302 3662 5373 ju-

2104 5387 2267 5440 stitia.
2297 5400 2430 5450 sua,
2461 5395 2702 5452 propter,
2737 5401 2757 5434 ι
2800 5393 2913 5438 etc.

2176 5455 2288 5539 (74)
2335 5447 2502 5539 ξὶύίιί.
2533 5447 2915 5539 «'Seduadhnc
2947 5449 3272 5520 patiebatur,
3305 5456 3362 5500 ut
3398 5455 3519 5518 post
3547 5447 3680 5504 bmc‘

2104 5525 2322 5602 idemin
2343 5526 2453 5602 _lio_c
2487 5533 2750 5602 lempgl‘ev
2779 5539 2798 5572 ⁸
2835 5533 2992 5602 (ἲῑθοῂ
3185 5588 3199 5602 .
3336 5587 3349 5602 .
3411 5589 3424 5602 .
3484 5597 3496 5602 -
3604 5591 3616 5602 .
3651 5590 3664 5601 ο

2177 5596 2288 5664 (75)
2333 5587 2722 5663 [injustam-Ms.
2757 5594 2932 5648 codex.
2950 5588 3314 5646 Vallis-clara
3336 5587 3502 5644 habet
3521 5604 3540 5639 ο
3565 5590 3676 5643 nisi.

2104 5666 2346 5734 iujustos.
2375 5685 2393 5715 ι
