  <div class='ocr_page' id='page_1' title='image "/cluster/home/n/w/nwhite01/storage/ocr_20150623/14:no.4/coo.31924054872928/485.png"; bbox 0 0 4170 6358; ppageno 0'>
   <div class='ocr_carea' id='block_1_1' title="bbox 558 337 661 394">
    <p class='ocr_par' dir='ltr' id='par_1_1' title="bbox 558 337 661 394">
     <span class='ocr_line' id='line_1_1' title="bbox 558 337 661 394; baseline -0.049 1"><span class='ocrx_word' id='word_1_1' title='bbox 558 337 661 394; x_wconf 71' lang='grc'>947</span> 
     </span>
    </p>
   </div>
   <div class='ocr_carea' id='block_1_2' title="bbox 2001 331 2321 391">
    <p class='ocr_par' dir='ltr' id='par_1_2' title="bbox 2001 331 2321 391">
     <span class='ocr_line' id='line_1_2' title="bbox 2001 331 2321 391; baseline -0.009 0"><span class='ocrx_word' id='word_1_2' title='bbox 2001 331 2321 391; x_wconf 80' lang='lat' dir='ltr'><strong>ORIGENIS</strong></span> 
     </span>
    </p>
   </div>
   <div class='ocr_carea' id='block_1_3' title="bbox 3690 342 3794 403">
    <p class='ocr_par' dir='ltr' id='par_1_3' title="bbox 3690 342 3794 403">
     <span class='ocr_line' id='line_1_3' title="bbox 3690 342 3794 403; baseline 0.048 -5"><span class='ocrx_word' id='word_1_3' title='bbox 3690 342 3794 403; x_wconf 67' lang='lat'><strong>948</strong></span> 
     </span>
    </p>
   </div>
   <div class='ocr_carea' id='block_1_4' title="bbox 557 440 3788 526">
    <p class='ocr_par' dir='ltr' id='par_1_4' title="bbox 557 440 3788 526">
     <span class='ocr_line' id='line_1_4' title="bbox 557 440 3788 526; baseline 0.001 -18"><span class='ocrx_word' id='word_1_4' title='bbox 557 463 613 510; x_wconf 90' lang='lat' dir='ltr'><strong>et</strong></span> <span class='ocrx_word' id='word_1_5' title='bbox 638 467 972 524; x_wconf 87' lang='lat' dir='ltr'><strong>superpones</strong></span> <span class='ocrx_word' id='word_1_6' title='bbox 996 467 1058 510; x_wconf 88' lang='lat' dir='ltr'><strong>ea</strong></span> <span class='ocrx_word' id='word_1_7' title='bbox 1075 468 1173 524; x_wconf 87' lang='lat' dir='ltr'><strong>per</strong></span> <span class='ocrx_word' id='word_1_8' title='bbox 1189 454 1399 526; x_wconf 86' lang='lat' dir='ltr'><strong>singula</strong></span> <span class='ocrx_word' id='word_1_9' title='bbox 1417 453 1584 510; x_wconf 85' lang='lat' dir='ltr'><strong>latera</strong></span> <span class='ocrx_word' id='word_1_10' title='bbox 1602 445 1960 526; x_wconf 74' lang='lat' dir='ltr'><strong>propiﬁatorii</strong></span> <span class='ocrx_word' id='word_1_11' title='bbox 1983 450 2123 521; x_wconf 84' lang='lat'><strong>(76):</strong></span> <span class='ocrx_word' id='word_1_12' title='bbox 2155 453 2199 508; x_wconf 90' lang='lat' dir='ltr'><strong>A</strong></span> <span class='ocrx_word' id='word_1_13' title='bbox 2231 462 2391 516; x_wconf 84' lang='lat' dir='ltr'><strong>supra</strong></span> <span class='ocrx_word' id='word_1_14' title='bbox 2420 449 2554 503; x_wconf 89' lang='lat' dir='ltr'><strong>duos</strong></span> <span class='ocrx_word' id='word_1_15' title='bbox 2584 449 2794 504; x_wconf 91' lang='lat' dir='ltr'><strong>cubitos</strong></span> <span class='ocrx_word' id='word_1_16' title='bbox 2826 448 3027 505; x_wconf 88' lang='lat' dir='ltr'><strong>habere</strong></span> <span class='ocrx_word' id='word_1_17' title='bbox 3066 440 3271 518; x_wconf 87' lang='lat' dir='ltr'><strong>anquid</strong></span> <span class='ocrx_word' id='word_1_18' title='bbox 3302 452 3636 521; x_wconf 87' lang='lat' dir='ltr'><strong>designatur,</strong></span> <span class='ocrx_word' id='word_1_19' title='bbox 3664 455 3788 513; x_wconf 87' lang='lat' dir='ltr'><strong>licet</strong></span> 
     </span>
    </p>
   </div>
   <div class='ocr_carea' id='block_1_5' title="bbox 560 543 2120 610">
    <p class='ocr_par' dir='ltr' id='par_1_5' title="bbox 560 543 2120 610">
     <span class='ocr_line' id='line_1_5' title="bbox 560 543 2120 610; baseline -0.002 -12"><span class='ocrx_word' id='word_1_20' title='bbox 560 560 723 598; x_wconf 85' lang='lat' dir='ltr'><strong>unum</strong></span> <span class='ocrx_word' id='word_1_21' title='bbox 753 544 1014 599; x_wconf 91' lang='lat' dir='ltr'><strong>cherubin</strong></span> <span class='ocrx_word' id='word_1_22' title='bbox 1036 559 1101 599; x_wconf 89' lang='lat' dir='ltr'><strong>ex</strong></span> <span class='ocrx_word' id='word_1_23' title='bbox 1131 543 1305 600; x_wconf 93' lang='lat' dir='ltr'><strong>latere</strong></span> <span class='ocrx_word' id='word_1_24' title='bbox 1334 548 1469 610; x_wconf 89' lang='lat' dir='ltr'><strong>hoc;</strong></span> <span class='ocrx_word' id='word_1_25' title='bbox 1502 555 1558 601; x_wconf 90' lang='lat' dir='ltr'><strong>et</strong></span> <span class='ocrx_word' id='word_1_26' title='bbox 1586 543 1734 598; x_wconf 81' lang='lat' dir='ltr'><strong>aliud</strong></span> <span class='ocrx_word' id='word_1_27' title='bbox 1758 543 2017 598; x_wconf 81' lang='lat' dir='ltr'><strong>cherubin</strong></span> <span class='ocrx_word' id='word_1_28' title='bbox 2054 558 2120 596; x_wconf 83' lang='lat' dir='ltr'><strong>ex</strong></span> 
     </span>
    </p>
   </div>
   <div class='ocr_carea' id='block_1_6' title="bbox 556 633 2119 704">
    <p class='ocr_par' dir='ltr' id='par_1_6' title="bbox 556 633 2119 704">
     <span class='ocr_line' id='line_1_6' title="bbox 556 633 2119 704; baseline -0.001 -17"><span class='ocrx_word' id='word_1_29' title='bbox 556 636 728 690; x_wconf 91' lang='lat' dir='ltr'><strong>latere</strong></span> <span class='ocrx_word' id='word_1_30' title='bbox 780 634 954 690; x_wconf 89' lang='lat' dir='ltr'><strong>altero</strong></span> <span class='ocrx_word' id='word_1_31' title='bbox 991 635 1401 704; x_wconf 89' lang='lat' dir='ltr'><strong>propitiatorii:</strong></span> <span class='ocrx_word' id='word_1_32' title='bbox 1443 645 1500 691; x_wconf 92' lang='lat' dir='ltr'><strong>et</strong></span> <span class='ocrx_word' id='word_1_33' title='bbox 1545 635 1714 690; x_wconf 81' lang='lat' dir='ltr'><strong>facies</strong></span> <span class='ocrx_word' id='word_1_34' title='bbox 1751 643 1811 688; x_wconf 91' lang='lat' dir='ltr'><strong>ut</strong></span> <span class='ocrx_word' id='word_1_35' title='bbox 1857 633 2119 688; x_wconf 82' lang='lat' dir='ltr'><strong>cherubin</strong></span> 
     </span>
    </p>
   </div>
   <div class='ocr_carea' id='block_1_7' title="bbox 554 723 2118 794">
    <p class='ocr_par' dir='ltr' id='par_1_7' title="bbox 554 723 2118 794">
     <span class='ocr_line' id='line_1_7' title="bbox 554 723 2118 794; baseline -0.001 -16"><span class='ocrx_word' id='word_1_36' title='bbox 554 724 662 778; x_wconf 93' lang='lat' dir='ltr'><strong>duo</strong></span> <span class='ocrx_word' id='word_1_37' title='bbox 687 723 796 778; x_wconf 81' lang='lat' dir='ltr'><strong>sint</strong></span> <span class='ocrx_word' id='word_1_38' title='bbox 819 739 887 778; x_wconf 85' lang='lat' dir='ltr'><strong>ex</strong></span> <span class='ocrx_word' id='word_1_39' title='bbox 917 724 1126 778; x_wconf 89' lang='lat' dir='ltr'><strong>duobus</strong></span> <span class='ocrx_word' id='word_1_40' title='bbox 1173 723 1435 780; x_wconf 91' lang='lat' dir='ltr'><strong>lateribus</strong></span> <span class='ocrx_word' id='word_1_41' title='bbox 1479 724 1595 794; x_wconf 88' lang='lat' dir='ltr'><strong>ejus</strong></span> <span class='ocrx_word' id='word_1_42' title='bbox 1619 723 1966 780; x_wconf 85' lang='lat' dir='ltr'><strong>extendentia</strong></span> <span class='ocrx_word' id='word_1_43' title='bbox 2001 723 2118 777; x_wconf 87' lang='lat' dir='ltr'><strong>alas</strong></span> 
     </span>
    </p>
   </div>
   <div class='ocr_carea' id='block_1_8' title="bbox 553 811 2118 885">
    <p class='ocr_par' dir='ltr' id='par_1_8' title="bbox 553 811 2118 885">
     <span class='ocr_line' id='line_1_8' title="bbox 553 811 2118 885; baseline -0.001 -17"><span class='ocrx_word' id='word_1_44' title='bbox 553 830 704 880; x_wconf 85' lang='lat' dir='ltr'><strong>snas,</strong></span> <span class='ocrx_word' id='word_1_45' title='bbox 726 824 778 871; x_wconf 93' lang='lat' dir='ltr'><strong>et</strong></span> <span class='ocrx_word' id='word_1_46' title='bbox 800 815 1181 870; x_wconf 90' lang='lat' dir='ltr'><strong>obumbrantia</strong></span> <span class='ocrx_word' id='word_1_47' title='bbox 1208 831 1370 884; x_wconf 87' lang='lat' dir='ltr'><strong>super</strong></span> <span class='ocrx_word' id='word_1_48' title='bbox 1396 814 1827 885; x_wconf 89' lang='lat' dir='ltr'><strong>propitiatorium</strong></span> <span class='ocrx_word' id='word_1_49' title='bbox 1845 829 1857 864; x_wconf 93' lang='lat'>:</span> <span class='ocrx_word' id='word_1_50' title='bbox 1875 823 1927 866; x_wconf 89' lang='lat' dir='ltr'><strong>et</strong></span> <span class='ocrx_word' id='word_1_51' title='bbox 1953 811 2118 867; x_wconf 81' lang='lat' dir='ltr'><strong>facies</strong></span> 
     </span>
    </p>
   </div>
   <div class='ocr_carea' id='block_1_9' title="bbox 551 905 2115 977">
    <p class='ocr_par' dir='ltr' id='par_1_9' title="bbox 551 905 2115 977">
     <span class='ocr_line' id='line_1_9' title="bbox 551 905 2115 977; baseline -0.001 -16"><span class='ocrx_word' id='word_1_52' title='bbox 551 922 662 961; x_wconf 70' lang='lat' dir='ltr'><strong>suae</strong></span> <span class='ocrx_word' id='word_1_53' title='bbox 695 917 884 963; x_wconf 91' lang='lat' dir='ltr'><strong>contra</strong></span> <span class='ocrx_word' id='word_1_54' title='bbox 915 921 973 962; x_wconf 92' lang='lat' dir='ltr'><strong>se</strong></span> <span class='ocrx_word' id='word_1_55' title='bbox 998 923 1160 976; x_wconf 88' lang='lat' dir='ltr'><strong>super</strong></span> <span class='ocrx_word' id='word_1_56' title='bbox 1188 906 1627 977; x_wconf 87' lang='lat' dir='ltr'><strong>propitiatorium</strong></span> <span class='ocrx_word' id='word_1_57' title='bbox 1653 914 1833 961; x_wconf 92' lang='lat' dir='ltr'><strong>erunt.</strong></span> <span class='ocrx_word' id='word_1_58' title='bbox 1857 905 1926 960; x_wconf 89' lang='lat' dir='ltr'><strong>Et</strong></span> <span class='ocrx_word' id='word_1_59' title='bbox 1948 905 2115 961; x_wconf 84' lang='lat' dir='ltr'><strong>facies</strong></span> 
     </span>
    </p>
   </div>
   <div class='ocr_carea' id='block_1_10' title="bbox 548 998 2112 1069">
    <p class='ocr_par' dir='ltr' id='par_1_10' title="bbox 548 998 2112 1069">
     <span class='ocr_line' id='line_1_10' title="bbox 548 998 2112 1069; baseline -0.001 -17"><span class='ocrx_word' id='word_1_60' title='bbox 548 998 835 1066; x_wconf 85' lang='lat' dir='ltr'><strong>cherubin,</strong></span> <span class='ocrx_word' id='word_1_61' title='bbox 870 1008 923 1053; x_wconf 90' lang='lat' dir='ltr'><strong>et</strong></span> <span class='ocrx_word' id='word_1_62' title='bbox 950 999 1194 1069; x_wconf 90' lang='lat' dir='ltr'><strong>impoues</strong></span> <span class='ocrx_word' id='word_1_63' title='bbox 1221 998 1653 1068; x_wconf 90' lang='lat' dir='ltr'><strong>propitiatorium</strong></span> <span class='ocrx_word' id='word_1_64' title='bbox 1700 1014 1863 1067; x_wconf 90' lang='lat' dir='ltr'><strong>super</strong></span> <span class='ocrx_word' id='word_1_65' title='bbox 1905 1013 2112 1062; x_wconf 88' lang='lat' dir='ltr'><strong>arcam,</strong></span> 
     </span>
    </p>
   </div>
   <div class='ocr_carea' id='block_1_11' title="bbox 546 1090 2112 1162">
    <p class='ocr_par' dir='ltr' id='par_1_11' title="bbox 546 1090 2112 1162">
     <span class='ocr_line' id='line_1_11' title="bbox 546 1090 2112 1162; baseline 0.001 -18"><span class='ocrx_word' id='word_1_66' title='bbox 546 1102 603 1144; x_wconf 90' lang='lat' dir='ltr'><strong>et</strong></span> <span class='ocrx_word' id='word_1_67' title='bbox 633 1090 684 1144; x_wconf 91' lang='lat' dir='ltr'><strong>in</strong></span> <span class='ocrx_word' id='word_1_68' title='bbox 715 1105 900 1147; x_wconf 87' lang='lat' dir='ltr'><strong>arcam</strong></span> <span class='ocrx_word' id='word_1_69' title='bbox 944 1091 1124 1147; x_wconf 90' lang='lat' dir='ltr'><strong>mittes</strong></span> <span class='ocrx_word' id='word_1_70' title='bbox 1176 1092 1484 1147; x_wconf 88' lang='lat' dir='ltr'><strong>testimonia</strong></span> <span class='ocrx_word' id='word_1_71' title='bbox 1533 1107 1653 1162; x_wconf 71' lang='lat' dir='ltr'><strong>quis</strong></span> <span class='ocrx_word' id='word_1_72' title='bbox 1697 1093 1838 1148; x_wconf 87' lang='lat' dir='ltr'><strong>dabo</strong></span> <span class='ocrx_word' id='word_1_73' title='bbox 1881 1093 1977 1147; x_wconf 92' lang='lat' dir='ltr'><strong>tibi</strong></span> <span class='ocrx_word' id='word_1_74' title='bbox 2011 1107 2026 1146; x_wconf 90' lang='lat'><strong>:</strong></span> <span class='ocrx_word' id='word_1_75' title='bbox 2057 1101 2112 1147; x_wconf 92' lang='lat' dir='ltr'><strong>et</strong></span> 
     </span>
    </p>
   </div>
   <div class='ocr_carea' id='block_1_12' title="bbox 531 1181 2106 1254">
    <p class='ocr_par' dir='ltr' id='par_1_12' title="bbox 531 1181 2106 1254">
     <span class='ocr_line' id='line_1_12' title="bbox 531 1181 2106 1254; baseline 0.001 -19"><span class='ocrx_word' id='word_1_76' title='bbox 531 1181 884 1238; x_wconf 57' lang='lat' dir='ltr'><strong>&#39;innotescam</strong></span> <span class='ocrx_word' id='word_1_77' title='bbox 922 1183 1035 1253; x_wconf 87' lang='grc'>(77)</span> <span class='ocrx_word' id='word_1_78' title='bbox 1071 1184 1165 1239; x_wconf 91' lang='lat' dir='ltr'><strong>tibi</strong></span> <span class='ocrx_word' id='word_1_79' title='bbox 1195 1185 1413 1249; x_wconf 89' lang='lat' dir='ltr'><strong>inde,et</strong></span> <span class='ocrx_word' id='word_1_80' title='bbox 1439 1185 1632 1254; x_wconf 90' lang='lat' dir='ltr'><strong>loquar</strong></span> <span class='ocrx_word' id='word_1_81' title='bbox 1665 1186 1730 1238; x_wconf 90' lang='lat' dir='ltr'><strong>ad</strong></span> <span class='ocrx_word' id='word_1_82' title='bbox 1755 1193 1807 1239; x_wconf 89' lang='lat' dir='ltr'><strong>te</strong></span> <span class='ocrx_word' id='word_1_83' title='bbox 1829 1184 2106 1238; x_wconf 87' lang='lat' dir='ltr'><strong>desursum</strong></span> 
     </span>
    </p>
   </div>
   <div class='ocr_carea' id='block_1_13' title="bbox 541 1275 2108 1345">
    <p class='ocr_par' dir='ltr' id='par_1_13' title="bbox 541 1275 2108 1345">
     <span class='ocr_line' id='line_1_13' title="bbox 541 1275 2108 1345; baseline -0.001 -17"><span class='ocrx_word' id='word_1_84' title='bbox 541 1289 707 1343; x_wconf 84' lang='lat' dir='ltr'><strong>super</strong></span> <span class='ocrx_word' id='word_1_85' title='bbox 732 1275 1168 1345; x_wconf 87' lang='lat' dir='ltr'><strong>propitiatorium</strong></span> <span class='ocrx_word' id='word_1_86' title='bbox 1206 1275 1348 1329; x_wconf 89' lang='lat' dir='ltr'><strong>inter</strong></span> <span class='ocrx_word' id='word_1_87' title='bbox 1383 1277 1619 1330; x_wconf 91' lang='lat' dir='ltr'><strong>medium</strong></span> <span class='ocrx_word' id='word_1_88' title='bbox 1654 1276 1880 1329; x_wconf 91' lang='lat' dir='ltr'><strong>duorum</strong></span> <span class='ocrx_word' id='word_1_89' title='bbox 1913 1275 2108 1328; x_wconf 89' lang='lat' dir='ltr'><strong>cheru-</strong></span> 
     </span>
    </p>
   </div>
   <div class='ocr_carea' id='block_1_14' title="bbox 541 1367 2102 1438">
    <p class='ocr_par' dir='ltr' id='par_1_14' title="bbox 541 1367 2102 1438">
     <span class='ocr_line' id='line_1_14' title="bbox 541 1367 2102 1438; baseline 0 -18"><span class='ocrx_word' id='word_1_90' title='bbox 541 1367 631 1420; x_wconf 87' lang='lat' dir='ltr'><strong>biti</strong></span> <span class='ocrx_word' id='word_1_91' title='bbox 666 1383 786 1435; x_wconf 68' lang='lat' dir='ltr'><strong>qua:</strong></span> <span class='ocrx_word' id='word_1_92' title='bbox 817 1379 943 1424; x_wconf 90' lang='lat' dir='ltr'><strong>sunt</strong></span> <span class='ocrx_word' id='word_1_93' title='bbox 978 1384 1142 1438; x_wconf 86' lang='lat' dir='ltr'><strong>super</strong></span> <span class='ocrx_word' id='word_1_94' title='bbox 1176 1384 1360 1422; x_wconf 88' lang='lat' dir='ltr'><strong>arcam</strong></span> <span class='ocrx_word' id='word_1_95' title='bbox 1415 1370 1752 1432; x_wconf 89' lang='lat' dir='ltr'><strong>testamenti,</strong></span> <span class='ocrx_word' id='word_1_96' title='bbox 1807 1371 2102 1424; x_wconf 88' lang='lat' dir='ltr'><strong>secundum</strong></span> 
     </span>
    </p>
   </div>
   <div class='ocr_carea' id='block_1_15' title="bbox 540 1457 2097 1528">
    <p class='ocr_par' dir='ltr' id='par_1_15' title="bbox 540 1457 2097 1528">
     <span class='ocr_line' id='line_1_15' title="bbox 540 1457 2097 1528; baseline 0 -18"><span class='ocrx_word' id='word_1_97' title='bbox 540 1457 722 1510; x_wconf 88' lang='lat' dir='ltr'><strong>omnia</strong></span> <span class='ocrx_word' id='word_1_98' title='bbox 762 1457 871 1528; x_wconf 90' lang='lat'><strong>(78)</strong></span> <span class='ocrx_word' id='word_1_99' title='bbox 901 1474 1019 1528; x_wconf 68' lang='lat' dir='ltr'><strong>quae</strong></span> <span class='ocrx_word' id='word_1_100' title='bbox 1062 1460 1371 1528; x_wconf 63' lang='lat' dir='ltr'><strong>praecipiam</strong></span> <span class='ocrx_word' id='word_1_101' title='bbox 1401 1458 1496 1513; x_wconf 87' lang='lat' dir='ltr'><strong>tibi</strong></span> <span class='ocrx_word' id='word_1_102' title='bbox 1519 1458 1584 1512; x_wconf 84' lang='lat' dir='ltr'><strong>ad</strong></span> <span class='ocrx_word' id='word_1_103' title='bbox 1615 1457 1752 1513; x_wconf 81' lang='lat' dir='ltr'><strong>filios</strong></span> <span class='ocrx_word' id='word_1_104' title='bbox 1781 1457 1946 1514; x_wconf 85' lang='lat' dir='ltr'><strong>Israel</strong></span> <span class='ocrx_word' id='word_1_105' title='bbox 1977 1459 2045 1510; x_wconf 70' lang='lat'><strong>&#39;“.</strong></span> <span class='ocrx_word' id='word_1_106' title='bbox 2080 1477 2097 1510; x_wconf 74' lang='grc' dir='ltr'><strong>ι</strong></span> 
     </span>
    </p>
   </div>
   <div class='ocr_carea' id='block_1_16' title="bbox 543 1548 2103 1620">
    <p class='ocr_par' dir='ltr' id='par_1_16' title="bbox 543 1548 2103 1620">
     <span class='ocr_line' id='line_1_16' title="bbox 543 1548 2103 1620; baseline 0.001 -19"><span class='ocrx_word' id='word_1_107' title='bbox 543 1548 836 1603; x_wconf 87' lang='lat' dir='ltr'><strong>Evidenter</strong></span> <span class='ocrx_word' id='word_1_108' title='bbox 862 1560 1087 1620; x_wconf 83' lang='lat' dir='ltr'><strong>apparet</strong></span> <span class='ocrx_word' id='word_1_109' title='bbox 1120 1551 1264 1618; x_wconf 92' lang='lat' dir='ltr'><strong>quod</strong></span> <span class='ocrx_word' id='word_1_110' title='bbox 1298 1566 1495 1606; x_wconf 88' lang='lat' dir='ltr'><strong>nomen</strong></span> <span class='ocrx_word' id='word_1_111' title='bbox 1550 1551 1910 1619; x_wconf 83' lang='lat' dir='ltr'><strong>propitiatorii</strong></span> <span class='ocrx_word' id='word_1_112' title='bbox 1958 1551 2103 1619; x_wconf 87' lang='lat' dir='ltr'><strong>Apo-</strong></span> 
     </span>
    </p>
   </div>
   <div class='ocr_carea' id='block_1_17' title="bbox 538 1637 2100 1708">
    <p class='ocr_par' dir='ltr' id='par_1_17' title="bbox 538 1637 2100 1708">
     <span class='ocr_line' id='line_1_17' title="bbox 538 1637 2100 1708; baseline 0.004 -18"><span class='ocrx_word' id='word_1_113' title='bbox 538 1637 711 1692; x_wconf 88' lang='lat' dir='ltr'><strong>stolus</strong></span> <span class='ocrx_word' id='word_1_114' title='bbox 737 1639 794 1693; x_wconf 87' lang='lat' dir='ltr'><strong>in</strong></span> <span class='ocrx_word' id='word_1_115' title='bbox 825 1639 910 1694; x_wconf 92' lang='lat' dir='ltr'><strong>his</strong></span> <span class='ocrx_word' id='word_1_116' title='bbox 956 1639 1098 1695; x_wconf 83' lang='lat' dir='ltr'><strong>locis</strong></span> <span class='ocrx_word' id='word_1_117' title='bbox 1120 1641 1417 1708; x_wconf 90' lang='lat' dir='ltr'><strong>inventum,</strong></span> <span class='ocrx_word' id='word_1_118' title='bbox 1465 1641 1517 1695; x_wconf 86' lang='lat' dir='ltr'><strong>iit</strong></span> <span class='ocrx_word' id='word_1_119' title='bbox 1543 1640 1658 1696; x_wconf 88' lang='lat' dir='ltr'><strong>suis</strong></span> <span class='ocrx_word' id='word_1_120' title='bbox 1704 1656 1848 1695; x_wconf 92' lang='lat' dir='ltr'><strong>nunc</strong></span> <span class='ocrx_word' id='word_1_121' title='bbox 1877 1639 2100 1696; x_wconf 86' lang='lat' dir='ltr'><strong>Litteris</strong></span> 
     </span>
    </p>
   </div>
   <div class='ocr_carea' id='block_1_18' title="bbox 534 1727 2097 1801">
    <p class='ocr_par' dir='ltr' id='par_1_18' title="bbox 534 1727 2097 1801">
     <span class='ocr_line' id='line_1_18' title="bbox 534 1727 2097 1801; baseline 0.004 -21"><span class='ocrx_word' id='word_1_122' title='bbox 534 1727 713 1795; x_wconf 88' lang='lat' dir='ltr'><strong>posuit</strong></span> <span class='ocrx_word' id='word_1_123' title='bbox 734 1727 802 1782; x_wconf 88' lang='lat' dir='ltr'><strong>de</strong></span> <span class='ocrx_word' id='word_1_124' title='bbox 840 1744 948 1798; x_wconf 92' lang='lat' dir='ltr'><strong>quo</strong></span> <span class='ocrx_word' id='word_1_125' title='bbox 971 1730 1126 1785; x_wconf 88' lang='lat' dir='ltr'><strong>nobis</strong></span> <span class='ocrx_word' id='word_1_126' title='bbox 1155 1745 1336 1786; x_wconf 89' lang='lat' dir='ltr'><strong>sermo</strong></span> <span class='ocrx_word' id='word_1_127' title='bbox 1371 1741 1476 1787; x_wconf 87' lang='lat' dir='ltr'><strong>est.</strong></span> <span class='ocrx_word' id='word_1_128' title='bbox 1505 1731 1572 1785; x_wconf 90' lang='lat' dir='ltr'><strong>Et</strong></span> <span class='ocrx_word' id='word_1_129' title='bbox 1596 1731 1812 1786; x_wconf 90' lang='lat' dir='ltr'><strong>videtur</strong></span> <span class='ocrx_word' id='word_1_130' title='bbox 1840 1733 2097 1801; x_wconf 91' lang='lat' dir='ltr'><strong>propitia-</strong></span> 
     </span>
    </p>
   </div>
   <div class='ocr_carea' id='block_1_19' title="bbox 2223 541 3788 613">
    <p class='ocr_par' dir='ltr' id='par_1_19' title="bbox 2223 541 3788 613">
     <span class='ocr_line' id='line_1_19' title="bbox 2223 541 3788 613; baseline 0.01 -21"><span class='ocrx_word' id='word_1_131' title='bbox 2223 542 2398 595; x_wconf 87' lang='lat' dir='ltr'><strong>ntinus</strong></span> <span class='ocrx_word' id='word_1_132' title='bbox 2435 543 2626 599; x_wconf 89' lang='lat' dir='ltr'><strong>tribus.</strong></span> <span class='ocrx_word' id='word_1_133' title='bbox 2675 541 2779 596; x_wconf 89' lang='lat' dir='ltr'><strong>Sed</strong></span> <span class='ocrx_word' id='word_1_134' title='bbox 2824 552 2876 596; x_wconf 93' lang='lat' dir='ltr'><strong>et</strong></span> <span class='ocrx_word' id='word_1_135' title='bbox 2910 543 3051 612; x_wconf 91' lang='lat' dir='ltr'><strong>quod</strong></span> <span class='ocrx_word' id='word_1_136' title='bbox 3100 543 3327 598; x_wconf 89' lang='lat' dir='ltr'><strong>latitudo</strong></span> <span class='ocrx_word' id='word_1_137' title='bbox 3366 545 3482 613; x_wconf 84' lang='lat' dir='ltr'><strong>ejus</strong></span> <span class='ocrx_word' id='word_1_138' title='bbox 3527 564 3694 603; x_wconf 84' lang='lat' dir='ltr'><strong>unum</strong></span> <span class='ocrx_word' id='word_1_139' title='bbox 3729 561 3788 608; x_wconf 85' lang='lat' dir='ltr'><strong>et</strong></span> 
     </span>
    </p>
   </div>
   <div class='ocr_carea' id='block_1_20' title="bbox 2220 633 3786 709">
    <p class='ocr_par' dir='ltr' id='par_1_20' title="bbox 2220 633 3786 709">
     <span class='ocr_line' id='line_1_20' title="bbox 2220 633 3786 709; baseline 0.008 -24"><span class='ocrx_word' id='word_1_140' title='bbox 2220 633 2502 687; x_wconf 90' lang='lat' dir='ltr'><strong>dimidium</strong></span> <span class='ocrx_word' id='word_1_141' title='bbox 2548 644 2882 687; x_wconf 85' lang='lat' dir='ltr'><strong>memoratur</strong></span> <span class='ocrx_word' id='word_1_142' title='bbox 2917 636 3162 689; x_wconf 90' lang='lat' dir='ltr'><strong>cubitum</strong></span> <span class='ocrx_word' id='word_1_143' title='bbox 3202 637 3442 704; x_wconf 88' lang='lat' dir='ltr'><strong>habere,</strong></span> <span class='ocrx_word' id='word_1_144' title='bbox 3496 650 3786 709; x_wconf 88' lang='lat' dir='ltr'><strong>propterea</strong></span> 
     </span>
    </p>
   </div>
   <div class='ocr_carea' id='block_1_21' title="bbox 2218 723 3786 796">
    <p class='ocr_par' dir='ltr' id='par_1_21' title="bbox 2218 723 3786 796">
     <span class='ocr_line' id='line_1_21' title="bbox 2218 723 3786 796; baseline 0.006 -20"><span class='ocrx_word' id='word_1_145' title='bbox 2218 723 2436 793; x_wconf 90' lang='lat' dir='ltr'><strong>quidem</strong></span> <span class='ocrx_word' id='word_1_146' title='bbox 2463 725 2528 779; x_wconf 91' lang='lat' dir='ltr'><strong>de</strong></span> <span class='ocrx_word' id='word_1_147' title='bbox 2561 727 2792 779; x_wconf 88' lang='lat' dir='ltr'><strong>tuouade</strong></span> <span class='ocrx_word' id='word_1_148' title='bbox 2810 741 2872 778; x_wconf 89' lang='lat' dir='ltr'><strong>ae</strong></span> <span class='ocrx_word' id='word_1_149' title='bbox 2900 725 3162 796; x_wconf 81' lang='lat' dir='ltr'><strong>singulari</strong></span> <span class='ocrx_word' id='word_1_150' title='bbox 3201 740 3297 780; x_wconf 83' lang='lat' dir='ltr'><strong>sua</strong></span> <span class='ocrx_word' id='word_1_151' title='bbox 3319 729 3556 783; x_wconf 90' lang='lat' dir='ltr'><strong>statione</strong></span> <span class='ocrx_word' id='word_1_152' title='bbox 3585 733 3786 786; x_wconf 91' lang='lat' dir='ltr'><strong>descri-</strong></span> 
     </span>
    </p>
   </div>
   <div class='ocr_carea' id='block_1_22' title="bbox 2216 814 3783 891">
    <p class='ocr_par' dir='ltr' id='par_1_22' title="bbox 2216 814 3783 891">
     <span class='ocr_line' id='line_1_22' title="bbox 2216 814 3783 891; baseline 0.004 -23"><span class='ocrx_word' id='word_1_153' title='bbox 2216 814 2386 880; x_wconf 87' lang='lat' dir='ltr'><strong>bitur,</strong></span> <span class='ocrx_word' id='word_1_154' title='bbox 2416 829 2521 868; x_wconf 93' lang='lat' dir='ltr'><strong>non</strong></span> <span class='ocrx_word' id='word_1_155' title='bbox 2561 825 2737 869; x_wconf 91' lang='lat' dir='ltr'><strong>tamen</strong></span> <span class='ocrx_word' id='word_1_156' title='bbox 2775 830 2842 869; x_wconf 88' lang='lat' dir='ltr'><strong>ex</strong></span> <span class='ocrx_word' id='word_1_157' title='bbox 2874 825 2985 870; x_wconf 91' lang='lat' dir='ltr'><strong>toto</strong></span> <span class='ocrx_word' id='word_1_158' title='bbox 3025 815 3078 870; x_wconf 87' lang='lat' dir='ltr'><strong>itt</strong></span> <span class='ocrx_word' id='word_1_159' title='bbox 3110 817 3320 870; x_wconf 87' lang='lat' dir='ltr'><strong>dualem</strong></span> <span class='ocrx_word' id='word_1_160' title='bbox 3351 834 3654 887; x_wconf 90' lang='lat' dir='ltr'><strong>numerum,</strong></span> <span class='ocrx_word' id='word_1_161' title='bbox 3689 824 3783 891; x_wconf 89' lang='lat' dir='ltr'><strong>qui</strong></span> 
     </span>
    </p>
   </div>
   <div class='ocr_carea' id='block_1_23' title="bbox 2214 904 3781 984">
    <p class='ocr_par' dir='ltr' id='par_1_23' title="bbox 2214 904 3781 984">
     <span class='ocr_line' id='line_1_23' title="bbox 2214 904 3781 984; baseline 0.007 -27"><span class='ocrx_word' id='word_1_162' title='bbox 2214 904 2485 959; x_wconf 86' lang='lat' dir='ltr'><strong>interdum</strong></span> <span class='ocrx_word' id='word_1_163' title='bbox 2509 906 2671 961; x_wconf 90' lang='lat' dir='ltr'><strong>etiam</strong></span> <span class='ocrx_word' id='word_1_164' title='bbox 2704 922 2802 976; x_wconf 88' lang='lat' dir='ltr'><strong>pro</strong></span> <span class='ocrx_word' id='word_1_165' title='bbox 2827 908 3116 962; x_wconf 91' lang='lat' dir='ltr'><strong>immundis</strong></span> <span class='ocrx_word' id='word_1_166' title='bbox 3130 910 3370 978; x_wconf 88' lang='lat' dir='ltr'><strong>ponitur,</strong></span> <span class='ocrx_word' id='word_1_167' title='bbox 3390 913 3630 967; x_wconf 88' lang='lat' dir='ltr'><strong>crevisse</strong></span> <span class='ocrx_word' id='word_1_168' title='bbox 3643 914 3781 984; x_wconf 83' lang='lat'><strong>(80).</strong></span> 
     </span>
    </p>
   </div>
   <div class='ocr_carea' id='block_1_24' title="bbox 2213 994 3777 1074">
    <p class='ocr_par' dir='ltr' id='par_1_24' title="bbox 2213 994 3777 1074">
     <span class='ocr_line' id='line_1_24' title="bbox 2213 994 3777 1074; baseline 0.006 -24"><span class='ocrx_word' id='word_1_169' title='bbox 2213 994 2472 1062; x_wconf 83' lang='lat' dir='ltr'><strong>Quamvis</strong></span> <span class='ocrx_word' id='word_1_170' title='bbox 2503 999 2649 1052; x_wconf 90' lang='lat' dir='ltr'><strong>enim</strong></span> <span class='ocrx_word' id='word_1_171' title='bbox 2689 1014 2906 1054; x_wconf 87' lang='lat' dir='ltr'><strong>carnem</strong></span> <span class='ocrx_word' id='word_1_172' title='bbox 2957 1009 3164 1055; x_wconf 85' lang='lat' dir='ltr'><strong>naturae</strong></span> <span class='ocrx_word' id='word_1_173' title='bbox 3208 1013 3411 1057; x_wconf 64' lang='lat' dir='ltr'><strong>nostrae</strong></span> <span class='ocrx_word' id='word_1_174' title='bbox 3449 1008 3777 1074; x_wconf 88' lang='lat' dir='ltr'><strong>susceperit,</strong></span> 
     </span>
    </p>
   </div>
   <div class='ocr_carea' id='block_1_25' title="bbox 2211 1087 3780 1162">
    <p class='ocr_par' dir='ltr' id='par_1_25' title="bbox 2211 1087 3780 1162">
     <span class='ocr_line' id='line_1_25' title="bbox 2211 1087 3780 1162; baseline 0.006 -22"><span class='ocrx_word' id='word_1_175' title='bbox 2211 1102 2275 1140; x_wconf 83' lang='lat' dir='ltr'><strong>ex</strong></span> <span class='ocrx_word' id='word_1_176' title='bbox 2307 1087 2726 1142; x_wconf 89' lang='lat' dir='ltr'><strong>incontaminata</strong></span> <span class='ocrx_word' id='word_1_177' title='bbox 2762 1099 2939 1146; x_wconf 89' lang='lat' dir='ltr'><strong>tamen</strong></span> <span class='ocrx_word' id='word_1_178' title='bbox 2976 1089 3194 1160; x_wconf 81' lang='lat' dir='ltr'><strong>Virgine</strong></span> <span class='ocrx_word' id='word_1_179' title='bbox 3224 1103 3526 1162; x_wconf 82' lang='lat' dir='ltr'><strong>assumpta.</strong></span> <span class='ocrx_word' id='word_1_180' title='bbox 3551 1104 3601 1148; x_wconf 93' lang='lat' dir='ltr'><strong>et</strong></span> <span class='ocrx_word' id='word_1_181' title='bbox 3628 1108 3780 1150; x_wconf 81' lang='lat' dir='ltr'><strong>casta</strong></span> 
     </span>
    </p>
   </div>
   <div class='ocr_carea' id='block_1_26' title="bbox 2209 1177 3775 1254">
    <p class='ocr_par' dir='ltr' id='par_1_26' title="bbox 2209 1177 3775 1254">
     <span class='ocr_line' id='line_1_26' title="bbox 2209 1177 3775 1254; baseline 0.005 -24"><span class='ocrx_word' id='word_1_182' title='bbox 2209 1179 2382 1232; x_wconf 85' lang='lat' dir='ltr'><strong>sancti</strong></span> <span class='ocrx_word' id='word_1_183' title='bbox 2434 1177 2670 1247; x_wconf 89' lang='lat' dir='ltr'><strong>Spiritus</strong></span> <span class='ocrx_word' id='word_1_184' title='bbox 2713 1182 3024 1249; x_wconf 81' lang='lat' dir='ltr'><strong>Operatione</strong></span> <span class='ocrx_word' id='word_1_185' title='bbox 3069 1182 3300 1236; x_wconf 88' lang='lat' dir='ltr'><strong>formata</strong></span> <span class='ocrx_word' id='word_1_186' title='bbox 3343 1193 3445 1237; x_wconf 91' lang='lat' dir='ltr'><strong>est.</strong></span> <span class='ocrx_word' id='word_1_187' title='bbox 3479 1184 3775 1254; x_wconf 80' lang='lat' dir='ltr'><strong>Propterea</strong></span> 
     </span>
    </p>
   </div>
   <div class='ocr_carea' id='block_1_27' title="bbox 2207 1270 3798 1341">
    <p class='ocr_par' dir='ltr' id='par_1_27' title="bbox 2207 1270 3798 1341">
     <span class='ocr_line' id='line_1_27' title="bbox 2207 1270 3798 1341; baseline 0.003 -19"><span class='ocrx_word' id='word_1_188' title='bbox 2207 1283 2336 1338; x_wconf 84' lang='lat' dir='ltr'><strong>ergo</strong></span> <span class='ocrx_word' id='word_1_189' title='bbox 2368 1277 2421 1323; x_wconf 92' lang='lat' dir='ltr'><strong>et</strong></span> <span class='ocrx_word' id='word_1_190' title='bbox 2462 1270 2749 1339; x_wconf 84' lang='lat' dir='ltr'><strong>Apostolus</strong></span> <span class='ocrx_word' id='word_1_191' title='bbox 2793 1273 2859 1324; x_wconf 89' lang='lat' dir='ltr'><strong>de</strong></span> <span class='ocrx_word' id='word_1_192' title='bbox 2887 1271 3197 1341; x_wconf 81' lang='lat' dir='ltr'><strong>[Mediatore</strong></span> <span class='ocrx_word' id='word_1_193' title='bbox 3221 1273 3518 1338; x_wconf 80' lang='lat' dir='ltr'><strong>disserens,</strong></span> <span class='ocrx_word' id='word_1_194' title='bbox 3553 1278 3798 1331; x_wconf 82' lang='lat' dir='ltr'><strong>eviden-.</strong></span> 
     </span>
    </p>
   </div>
   <div class='ocr_carea' id='block_1_28' title="bbox 2210 1360 3781 1431">
    <p class='ocr_par' dir='ltr' id='par_1_28' title="bbox 2210 1360 3781 1431">
     <span class='ocr_line' id='line_1_28' title="bbox 2210 1360 3781 1431; baseline 0.008 -22"><span class='ocrx_word' id='word_1_195' title='bbox 2210 1368 2314 1412; x_wconf 92' lang='lat' dir='ltr'><strong>tem</strong></span> <span class='ocrx_word' id='word_1_196' title='bbox 2333 1360 2731 1415; x_wconf 85' lang='lat' dir='ltr'><strong>distinctionem</strong></span> <span class='ocrx_word' id='word_1_197' title='bbox 2763 1362 3020 1431; x_wconf 82' lang='lat' dir='ltr'><strong>signavit,</strong></span> <span class='ocrx_word' id='word_1_198' title='bbox 3043 1362 3258 1418; x_wconf 88' lang='lat' dir='ltr'><strong>dicens:</strong></span> <span class='ocrx_word' id='word_1_199' title='bbox 3283 1381 3302 1414; x_wconf 78' lang='grc' dir='ltr'><strong>ι</strong></span> <span class='ocrx_word' id='word_1_200' title='bbox 3332 1363 3592 1419; x_wconf 84' lang='lat' dir='ltr'><strong>Mediator</strong></span> <span class='ocrx_word' id='word_1_201' title='bbox 3613 1367 3702 1420; x_wconf 83' lang='lat' dir='ltr'><strong>Dei</strong></span> <span class='ocrx_word' id='word_1_202' title='bbox 3724 1379 3781 1421; x_wconf 88' lang='lat' dir='ltr'><strong>et</strong></span> 
     </span>
    </p>
   </div>
   <div class='ocr_carea' id='block_1_29' title="bbox 2207 1451 3776 1522">
    <p class='ocr_par' dir='ltr' id='par_1_29' title="bbox 2207 1451 3776 1522">
     <span class='ocr_line' id='line_1_29' title="bbox 2207 1451 3776 1522; baseline 0.007 -19"><span class='ocrx_word' id='word_1_203' title='bbox 2207 1451 2481 1505; x_wconf 87' lang='lat' dir='ltr'><strong>hominum</strong></span> <span class='ocrx_word' id='word_1_204' title='bbox 2499 1453 2659 1507; x_wconf 91' lang='lat' dir='ltr'><strong>homo</strong></span> <span class='ocrx_word' id='word_1_205' title='bbox 2671 1451 2919 1507; x_wconf 86' lang='lat' dir='ltr'><strong>Christus</strong></span> <span class='ocrx_word' id='word_1_206' title='bbox 2931 1451 3088 1508; x_wconf 86' lang='lat' dir='ltr'><strong>Jesus</strong></span> <span class='ocrx_word' id='word_1_207' title='bbox 3104 1471 3117 1518; x_wconf 90' lang='lat'><strong>;</strong></span> <span class='ocrx_word' id='word_1_208' title='bbox 3131 1473 3150 1506; x_wconf 69' lang='grc' dir='ltr'><strong>ι</strong></span> <span class='ocrx_word' id='word_1_209' title='bbox 3177 1470 3281 1522; x_wconf 88' lang='lat' dir='ltr'><strong>quo</strong></span> <span class='ocrx_word' id='word_1_210' title='bbox 3297 1457 3506 1510; x_wconf 87' lang='lat' dir='ltr'><strong>scilicet</strong></span> <span class='ocrx_word' id='word_1_211' title='bbox 3524 1459 3776 1513; x_wconf 88' lang='lat' dir='ltr'><strong>mediato-</strong></span> 
     </span>
    </p>
   </div>
   <div class='ocr_carea' id='block_1_30' title="bbox 2205 1543 3773 1617">
    <p class='ocr_par' dir='ltr' id='par_1_30' title="bbox 2205 1543 3773 1617">
     <span class='ocr_line' id='line_1_30' title="bbox 2205 1543 3773 1617; baseline 0.005 -21"><span class='ocrx_word' id='word_1_212' title='bbox 2205 1557 2314 1597; x_wconf 91' lang='lat' dir='ltr'><strong>rem</strong></span> <span class='ocrx_word' id='word_1_213' title='bbox 2331 1557 2436 1597; x_wconf 92' lang='lat' dir='ltr'><strong>non</strong></span> <span class='ocrx_word' id='word_1_214' title='bbox 2455 1543 2520 1597; x_wconf 89' lang='lat' dir='ltr'><strong>ad</strong></span> <span class='ocrx_word' id='word_1_215' title='bbox 2537 1544 2784 1598; x_wconf 83' lang='lat' dir='ltr'><strong>deitatem</strong></span> <span class='ocrx_word' id='word_1_216' title='bbox 2800 1545 3022 1613; x_wconf 75' lang='lat' dir='ltr'><strong>Christi,</strong></span> <span class='ocrx_word' id='word_1_217' title='bbox 3037 1547 3130 1600; x_wconf 90' lang='lat' dir='ltr'><strong>sed</strong></span> <span class='ocrx_word' id='word_1_218' title='bbox 3145 1549 3209 1600; x_wconf 87' lang='lat' dir='ltr'><strong>ad</strong></span> <span class='ocrx_word' id='word_1_219' title='bbox 3226 1548 3636 1615; x_wconf 89' lang='lat' dir='ltr'><strong>humanitatem,</strong></span> <span class='ocrx_word' id='word_1_220' title='bbox 3651 1565 3773 1617; x_wconf 66' lang='lat' dir='ltr'><strong>quae</strong></span> 
     </span>
    </p>
   </div>
   <div class='ocr_carea' id='block_1_31' title="bbox 2200 1631 3770 1704">
    <p class='ocr_par' dir='ltr' id='par_1_31' title="bbox 2200 1631 3770 1704">
     <span class='ocr_line' id='line_1_31' title="bbox 2200 1631 3770 1704; baseline 0.002 -19"><span class='ocrx_word' id='word_1_221' title='bbox 2200 1639 2282 1685; x_wconf 86' lang='lat' dir='ltr'><strong>est</strong></span> <span class='ocrx_word' id='word_1_222' title='bbox 2307 1631 2422 1699; x_wconf 90' lang='lat' dir='ltr'><strong>ejus</strong></span> <span class='ocrx_word' id='word_1_223' title='bbox 2456 1632 2657 1693; x_wconf 86' lang='lat' dir='ltr'><strong>anima,</strong></span> <span class='ocrx_word' id='word_1_224' title='bbox 2687 1632 3027 1690; x_wconf 82' lang='lat' dir='ltr'><strong>referendum</strong></span> <span class='ocrx_word' id='word_1_225' title='bbox 3055 1635 3291 1688; x_wconf 90' lang='lat' dir='ltr'><strong>doceret.</strong></span> <span class='ocrx_word' id='word_1_226' title='bbox 3310 1632 3612 1702; x_wconf 91' lang='lat' dir='ltr'><strong>Longitudo</strong></span> <span class='ocrx_word' id='word_1_227' title='bbox 3637 1649 3770 1704; x_wconf 86' lang='lat' dir='ltr'><strong>ergo</strong></span> 
     </span>
    </p>
   </div>
   <div class='ocr_carea' id='block_1_32' title="bbox 2201 1722 3770 1795">
    <p class='ocr_par' dir='ltr' id='par_1_32' title="bbox 2201 1722 3770 1795">
     <span class='ocr_line' id='line_1_32' title="bbox 2201 1722 3770 1795; baseline 0.003 -19"><span class='ocrx_word' id='word_1_228' title='bbox 2201 1723 2415 1791; x_wconf 89' lang='lat' dir='ltr'><strong>ponitur</strong></span> <span class='ocrx_word' id='word_1_229' title='bbox 2427 1722 2543 1790; x_wconf 90' lang='lat' dir='ltr'><strong>ejus</strong></span> <span class='ocrx_word' id='word_1_230' title='bbox 2555 1724 2866 1780; x_wconf 87' lang='lat' dir='ltr'><strong>etlatitudo.</strong></span> <span class='ocrx_word' id='word_1_231' title='bbox 2884 1724 3184 1795; x_wconf 81' lang='lat' dir='ltr'><strong>Longitudo</strong></span> <span class='ocrx_word' id='word_1_232' title='bbox 3197 1725 3327 1779; x_wconf 91' lang='lat' dir='ltr'><strong>illud</strong></span> <span class='ocrx_word' id='word_1_233' title='bbox 3341 1726 3608 1795; x_wconf 84' lang='lat' dir='ltr'><strong>significat</strong></span> <span class='ocrx_word' id='word_1_234' title='bbox 3625 1728 3770 1794; x_wconf 83' lang='lat' dir='ltr'><strong>quod</strong></span> 
     </span>
    </p>
   </div>
   <div class='ocr_carea' id='block_1_33' title="bbox 534 1784 3768 1891">
    <p class='ocr_par' dir='ltr' id='par_1_33' title="bbox 534 1784 3768 1891">
     <span class='ocr_line' id='line_1_33' title="bbox 534 1784 3768 1891; baseline -0 -19"><span class='ocrx_word' id='word_1_235' title='bbox 534 1784 730 1875; x_wconf 66' lang='lat' dir='ltr'><strong>iorium</strong></span> <span class='ocrx_word' id='word_1_236' title='bbox 761 1784 885 1887; x_wconf 65' lang='lat' dir='ltr'><strong>hoe,</strong></span> <span class='ocrx_word' id='word_1_237' title='bbox 921 1822 985 1876; x_wconf 86' lang='lat' dir='ltr'><strong>de</strong></span> <span class='ocrx_word' id='word_1_238' title='bbox 1016 1837 1125 1891; x_wconf 86' lang='lat' dir='ltr'><strong>quo</strong></span> <span class='ocrx_word' id='word_1_239' title='bbox 1151 1823 1416 1891; x_wconf 75' lang='lat' dir='ltr'><strong>scriptum</strong></span> <span class='ocrx_word' id='word_1_240' title='bbox 1445 1831 1528 1877; x_wconf 79' lang='lat' dir='ltr'><strong>est</strong></span> <span class='ocrx_word' id='word_1_241' title='bbox 1556 1823 1608 1878; x_wconf 84' lang='lat' dir='ltr'><strong>in</strong></span> <span class='ocrx_word' id='word_1_242' title='bbox 1642 1784 1861 1891; x_wconf 61' lang='lat' dir='ltr'><strong>Exodo:</strong></span> <span class='ocrx_word' id='word_1_243' title='bbox 1877 1784 1956 1877; x_wconf 36' lang='lat' dir='ltr'><strong>ad“</strong></span> <span class='ocrx_word' id='word_1_244' title='bbox 1981 1824 2098 1877; x_wconf 78' lang='lat' dir='ltr'><strong>nul-</strong></span> <span class='ocrx_word' id='word_1_245' title='bbox 2133 1784 2174 1843; x_wconf 76' lang='grc' dir='ltr'><strong>Β</strong></span> <span class='ocrx_word' id='word_1_246' title='bbox 2203 1815 2372 1869; x_wconf 91' lang='lat' dir='ltr'><strong>tendit</strong></span> <span class='ocrx_word' id='word_1_247' title='bbox 2394 1817 2462 1869; x_wconf 92' lang='lat' dir='ltr'><strong>ad</strong></span> <span class='ocrx_word' id='word_1_248' title='bbox 2483 1816 2646 1873; x_wconf 91' lang='lat' dir='ltr'><strong>Deum</strong></span> <span class='ocrx_word' id='word_1_249' title='bbox 2668 1814 3029 1886; x_wconf 90' lang='lat' dir='ltr'><strong>Trinitatique</strong></span> <span class='ocrx_word' id='word_1_250' title='bbox 3054 1817 3328 1881; x_wconf 89' lang='lat' dir='ltr'><strong>sociatur;</strong></span> <span class='ocrx_word' id='word_1_251' title='bbox 3366 1818 3608 1882; x_wconf 82' lang='lat' dir='ltr'><strong>latitudo,</strong></span> <span class='ocrx_word' id='word_1_252' title='bbox 3627 1821 3768 1886; x_wconf 86' lang='lat' dir='ltr'><strong>quod</strong></span> 
     </span>
    </p>
   </div>
   <div class='ocr_carea' id='block_1_34' title="bbox 537 1911 2093 1974">
    <p class='ocr_par' dir='ltr' id='par_1_34' title="bbox 537 1911 2093 1974">
     <span class='ocr_line' id='line_1_34' title="bbox 537 1911 2093 1974; baseline 0.006 -10"><span class='ocrx_word' id='word_1_253' title='bbox 537 1911 646 1966; x_wconf 93' lang='lat' dir='ltr'><strong>lum</strong></span> <span class='ocrx_word' id='word_1_254' title='bbox 682 1912 790 1968; x_wconf 86' lang='lat' dir='ltr'><strong>uisi</strong></span> <span class='ocrx_word' id='word_1_255' title='bbox 839 1915 906 1967; x_wconf 88' lang='lat' dir='ltr'><strong>ad</strong></span> <span class='ocrx_word' id='word_1_256' title='bbox 964 1915 1304 1971; x_wconf 89' lang='lat' dir='ltr'><strong>Salvatorem</strong></span> <span class='ocrx_word' id='word_1_257' title='bbox 1354 1917 1639 1972; x_wconf 91' lang='lat' dir='ltr'><strong>Dominum</strong></span> <span class='ocrx_word' id='word_1_258' title='bbox 1689 1919 1937 1974; x_wconf 89' lang='lat' dir='ltr'><strong>retulisse</strong></span> <span class='ocrx_word' id='word_1_259' title='bbox 1972 1935 2093 1974; x_wconf 91' lang='lat' dir='ltr'><strong>cum</strong></span> 
     </span>
    </p>
   </div>
   <div class='ocr_carea' id='block_1_35' title="bbox 531 1997 2096 2077">
    <p class='ocr_par' dir='ltr' id='par_1_35' title="bbox 531 1997 2096 2077">
     <span class='ocr_line' id='line_1_35' title="bbox 531 1997 2096 2077; baseline 0.006 -26"><span class='ocrx_word' id='word_1_260' title='bbox 531 1997 686 2065; x_wconf 90' lang='lat' dir='ltr'><strong>dicit,</strong></span> <span class='ocrx_word' id='word_1_261' title='bbox 735 2001 860 2068; x_wconf 89' lang='lat' dir='ltr'><strong>quia</strong></span> <span class='ocrx_word' id='word_1_262' title='bbox 895 2002 1037 2056; x_wconf 93' lang='lat' dir='ltr'><strong>hunc</strong></span> <span class='ocrx_word' id='word_1_263' title='bbox 1070 2005 1251 2072; x_wconf 90' lang='lat' dir='ltr'><strong>posuit</strong></span> <span class='ocrx_word' id='word_1_264' title='bbox 1285 2023 1303 2055; x_wconf 82' lang='grc' dir='ltr'><strong>ι</strong></span> <span class='ocrx_word' id='word_1_265' title='bbox 1337 2005 1478 2059; x_wconf 90' lang='lat' dir='ltr'><strong>Deus</strong></span> <span class='ocrx_word' id='word_1_266' title='bbox 1518 2007 1954 2075; x_wconf 90' lang='lat' dir='ltr'><strong>propitiatorium</strong></span> <span class='ocrx_word' id='word_1_267' title='bbox 1997 2024 2096 2077; x_wconf 91' lang='lat' dir='ltr'><strong>per</strong></span> 
     </span>
    </p>
   </div>
   <div class='ocr_carea' id='block_1_36' title="bbox 529 2088 2092 2168">
    <p class='ocr_par' dir='ltr' id='par_1_36' title="bbox 529 2088 2092 2168">
     <span class='ocr_line' id='line_1_36' title="bbox 529 2088 2092 2168; baseline 0.006 -26"><span class='ocrx_word' id='word_1_268' title='bbox 529 2088 688 2145; x_wconf 87' lang='lat' dir='ltr'><strong>fidem</strong></span> <span class='ocrx_word' id='word_1_269' title='bbox 720 2089 790 2144; x_wconf 72' lang='grc'><strong>⁸³.</strong></span> <span class='ocrx_word' id='word_1_270' title='bbox 827 2111 846 2144; x_wconf 74' lang='grc' dir='ltr'><strong>ι</strong></span> <span class='ocrx_word' id='word_1_271' title='bbox 882 2093 1160 2160; x_wconf 86' lang='lat' dir='ltr'><strong>Quomodo</strong></span> <span class='ocrx_word' id='word_1_272' title='bbox 1196 2110 1327 2150; x_wconf 88' lang='lat' dir='ltr'><strong>sane</strong></span> <span class='ocrx_word' id='word_1_273' title='bbox 1385 2098 1543 2168; x_wconf 88' lang='lat' dir='ltr'><strong>hujus</strong></span> <span class='ocrx_word' id='word_1_274' title='bbox 1575 2098 1690 2152; x_wconf 90' lang='lat' dir='ltr'><strong>veri</strong></span> <span class='ocrx_word' id='word_1_275' title='bbox 1736 2099 2092 2168; x_wconf 87' lang='lat' dir='ltr'><strong>propitiatorii</strong></span> 
     </span>
    </p>
   </div>
   <div class='ocr_carea' id='block_1_37' title="bbox 525 2176 2090 2256">
    <p class='ocr_par' dir='ltr' id='par_1_37' title="bbox 525 2176 2090 2256">
     <span class='ocr_line' id='line_1_37' title="bbox 525 2176 2090 2256; baseline 0.008 -25"><span class='ocrx_word' id='word_1_276' title='bbox 525 2176 700 2232; x_wconf 89' lang='lat' dir='ltr'><strong>forma</strong></span> <span class='ocrx_word' id='word_1_277' title='bbox 733 2189 788 2234; x_wconf 91' lang='lat' dir='ltr'><strong>et</strong></span> <span class='ocrx_word' id='word_1_278' title='bbox 811 2181 977 2250; x_wconf 83' lang='lat' dir='ltr'><strong>figura</strong></span> <span class='ocrx_word' id='word_1_279' title='bbox 1004 2181 1165 2236; x_wconf 84' lang='lat' dir='ltr'><strong>fuerit</strong></span> <span class='ocrx_word' id='word_1_280' title='bbox 1198 2185 1324 2237; x_wconf 87' lang='lat' dir='ltr'><strong>illud</strong></span> <span class='ocrx_word' id='word_1_281' title='bbox 1348 2187 1494 2256; x_wconf 88' lang='lat' dir='ltr'><strong>quod</strong></span> <span class='ocrx_word' id='word_1_282' title='bbox 1523 2187 1574 2240; x_wconf 93' lang='lat' dir='ltr'><strong>in</strong></span> <span class='ocrx_word' id='word_1_283' title='bbox 1605 2187 1793 2242; x_wconf 84' lang='lat' dir='ltr'><strong>Exodo</strong></span> <span class='ocrx_word' id='word_1_284' title='bbox 1823 2189 2090 2244; x_wconf 90' lang='lat' dir='ltr'><strong>describi-</strong></span> 
     </span>
    </p>
   </div>
   <div class='ocr_carea' id='block_1_38' title="bbox 526 2271 2093 2350">
    <p class='ocr_par' dir='ltr' id='par_1_38' title="bbox 526 2271 2093 2350">
     <span class='ocr_line' id='line_1_38' title="bbox 526 2271 2093 2350; baseline 0.009 -28"><span class='ocrx_word' id='word_1_285' title='bbox 526 2277 616 2322; x_wconf 91' lang='lat' dir='ltr'><strong>tur</strong></span> <span class='ocrx_word' id='word_1_286' title='bbox 646 2271 694 2302; x_wconf 80' lang='grc' dir='ltr'><strong>⁸ο</strong></span> <span class='ocrx_word' id='word_1_287' title='bbox 714 2285 780 2325; x_wconf 81' lang='lat' dir='ltr'><strong>ex</strong></span> <span class='ocrx_word' id='word_1_288' title='bbox 807 2286 941 2327; x_wconf 91' lang='lat' dir='ltr'><strong>auro</strong></span> <span class='ocrx_word' id='word_1_289' title='bbox 965 2275 1255 2342; x_wconf 86' lang='lat' dir='ltr'><strong>purissimo</strong></span> <span class='ocrx_word' id='word_1_290' title='bbox 1297 2278 1518 2345; x_wconf 85' lang='lat' dir='ltr'><strong>factum,</strong></span> <span class='ocrx_word' id='word_1_291' title='bbox 1547 2295 1722 2347; x_wconf 71' lang='lat' dir='ltr'><strong>opera:</strong></span> <span class='ocrx_word' id='word_1_292' title='bbox 1744 2281 1972 2350; x_wconf 91' lang='lat' dir='ltr'><strong>pretium</strong></span> <span class='ocrx_word' id='word_1_293' title='bbox 2010 2291 2093 2336; x_wconf 91' lang='lat' dir='ltr'><strong>est</strong></span> 
     </span>
    </p>
   </div>
   <div class='ocr_carea' id='block_1_39' title="bbox 527 2361 2089 2438">
    <p class='ocr_par' dir='ltr' id='par_1_39' title="bbox 527 2361 2089 2438">
     <span class='ocr_line' id='line_1_39' title="bbox 527 2361 2089 2438; baseline 0.009 -24"><span class='ocrx_word' id='word_1_294' title='bbox 527 2361 874 2432; x_wconf 84' lang='lat' dir='ltr'><strong>investigare.</strong></span> <span class='ocrx_word' id='word_1_295' title='bbox 914 2365 982 2419; x_wconf 89' lang='lat' dir='ltr'><strong>Et</strong></span> <span class='ocrx_word' id='word_1_296' title='bbox 1031 2367 1205 2434; x_wconf 91' lang='lat' dir='ltr'><strong>primo</strong></span> <span class='ocrx_word' id='word_1_297' title='bbox 1236 2369 1450 2438; x_wconf 85' lang='lat' dir='ltr'><strong>quidem</strong></span> <span class='ocrx_word' id='word_1_298' title='bbox 1489 2371 1937 2426; x_wconf 88' lang='lat' dir='ltr'><strong>considerandum</strong></span> <span class='ocrx_word' id='word_1_299' title='bbox 1983 2383 2089 2437; x_wconf 90' lang='lat' dir='ltr'><strong>est,</strong></span> 
     </span>
    </p>
   </div>
   <div class='ocr_carea' id='block_1_40' title="bbox 523 2453 2088 2530">
    <p class='ocr_par' dir='ltr' id='par_1_40' title="bbox 523 2453 2088 2530">
     <span class='ocr_line' id='line_1_40' title="bbox 523 2453 2088 2530; baseline 0.008 -25"><span class='ocrx_word' id='word_1_300' title='bbox 523 2453 722 2522; x_wconf 90' lang='lat' dir='ltr'><strong>quibus</strong></span> <span class='ocrx_word' id='word_1_301' title='bbox 770 2455 821 2508; x_wconf 87' lang='lat' dir='ltr'><strong>iii</strong></span> <span class='ocrx_word' id='word_1_302' title='bbox 857 2455 991 2512; x_wconf 91' lang='lat' dir='ltr'><strong>locis</strong></span> <span class='ocrx_word' id='word_1_303' title='bbox 1030 2472 1222 2512; x_wconf 89' lang='lat' dir='ltr'><strong>aurum</strong></span> <span class='ocrx_word' id='word_1_304' title='bbox 1254 2461 1395 2528; x_wconf 91' lang='lat' dir='ltr'><strong>quod</strong></span> <span class='ocrx_word' id='word_1_305' title='bbox 1455 2461 1507 2514; x_wconf 90' lang='lat' dir='ltr'><strong>in</strong></span> <span class='ocrx_word' id='word_1_306' title='bbox 1562 2477 1724 2530; x_wconf 91' lang='lat' dir='ltr'><strong>opere</strong></span> <span class='ocrx_word' id='word_1_307' title='bbox 1775 2466 2088 2530; x_wconf 87' lang='lat' dir='ltr'><strong>assumitur,</strong></span> 
     </span>
    </p>
   </div>
   <div class='ocr_carea' id='block_1_41' title="bbox 524 2549 2087 2619">
    <p class='ocr_par' dir='ltr' id='par_1_41' title="bbox 524 2549 2087 2619">
     <span class='ocr_line' id='line_1_41' title="bbox 524 2549 2087 2619; baseline 0.009 -23"><span class='ocrx_word' id='word_1_308' title='bbox 524 2559 717 2599; x_wconf 85' lang='lat' dir='ltr'><strong>aurum</strong></span> <span class='ocrx_word' id='word_1_309' title='bbox 743 2561 937 2614; x_wconf 91' lang='lat' dir='ltr'><strong>purum</strong></span> <span class='ocrx_word' id='word_1_310' title='bbox 970 2549 1181 2603; x_wconf 87' lang='lat' dir='ltr'><strong>dicatur</strong></span> <span class='ocrx_word' id='word_1_311' title='bbox 1209 2569 1223 2604; x_wconf 89' lang='lat'><strong>:</strong></span> <span class='ocrx_word' id='word_1_312' title='bbox 1261 2551 1461 2619; x_wconf 91' lang='lat' dir='ltr'><strong>quibus</strong></span> <span class='ocrx_word' id='word_1_313' title='bbox 1494 2567 1624 2607; x_wconf 88' lang='lat' dir='ltr'><strong>vero</strong></span> <span class='ocrx_word' id='word_1_314' title='bbox 1651 2553 1704 2607; x_wconf 94' lang='lat' dir='ltr'><strong>in</strong></span> <span class='ocrx_word' id='word_1_315' title='bbox 1739 2553 1872 2609; x_wconf 86' lang='lat' dir='ltr'><strong>locis</strong></span> <span class='ocrx_word' id='word_1_316' title='bbox 1895 2570 2087 2610; x_wconf 84' lang='lat' dir='ltr'><strong>aurum</strong></span> 
     </span>
    </p>
   </div>
   <div class='ocr_carea' id='block_1_42' title="bbox 519 2637 2088 2717">
    <p class='ocr_par' dir='ltr' id='par_1_42' title="bbox 519 2637 2088 2717">
     <span class='ocr_line' id='line_1_42' title="bbox 519 2637 2088 2717; baseline 0.01 -30"><span class='ocrx_word' id='word_1_317' title='bbox 519 2637 899 2691; x_wconf 83' lang='lat' dir='ltr'><strong>tantummodo</strong></span> <span class='ocrx_word' id='word_1_318' title='bbox 922 2638 1043 2694; x_wconf 91' lang='lat' dir='ltr'><strong>sine</strong></span> <span class='ocrx_word' id='word_1_319' title='bbox 1060 2639 1163 2694; x_wconf 87' lang='lat' dir='ltr'><strong>ulla</strong></span> <span class='ocrx_word' id='word_1_320' title='bbox 1186 2641 1489 2713; x_wconf 90' lang='lat' dir='ltr'><strong>adjectione</strong></span> <span class='ocrx_word' id='word_1_321' title='bbox 1507 2654 1758 2711; x_wconf 88' lang='lat' dir='ltr'><strong>ponatur.</strong></span> <span class='ocrx_word' id='word_1_322' title='bbox 1779 2644 1932 2711; x_wconf 87' lang='lat' dir='ltr'><strong>Quod</strong></span> <span class='ocrx_word' id='word_1_323' title='bbox 1988 2661 2088 2717; x_wconf 89' lang='lat' dir='ltr'><strong>ego</strong></span> 
     </span>
    </p>
   </div>
   <div class='ocr_carea' id='block_1_43' title="bbox 524 2726 2085 2803">
    <p class='ocr_par' dir='ltr' id='par_1_43' title="bbox 524 2726 2085 2803">
     <span class='ocr_line' id='line_1_43' title="bbox 524 2726 2085 2803; baseline 0.008 -24"><span class='ocrx_word' id='word_1_324' title='bbox 524 2726 578 2780; x_wconf 94' lang='lat' dir='ltr'><strong>ln</strong></span> <span class='ocrx_word' id='word_1_325' title='bbox 606 2726 854 2796; x_wconf 88' lang='lat' dir='ltr'><strong>pluribus</strong></span> <span class='ocrx_word' id='word_1_326' title='bbox 888 2729 1208 2800; x_wconf 82' lang='lat' dir='ltr'><strong>observans,</strong></span> <span class='ocrx_word' id='word_1_327' title='bbox 1251 2733 1672 2803; x_wconf 86' lang='lat' dir='ltr'><strong>deprehendisse</strong></span> <span class='ocrx_word' id='word_1_328' title='bbox 1715 2737 1844 2792; x_wconf 91' lang='lat' dir='ltr'><strong>mihi</strong></span> <span class='ocrx_word' id='word_1_329' title='bbox 1878 2737 2085 2803; x_wconf 87' lang='lat' dir='ltr'><strong>videor,</strong></span> 
     </span>
    </p>
   </div>
   <div class='ocr_carea' id='block_1_44' title="bbox 523 2818 2084 2896">
    <p class='ocr_par' dir='ltr' id='par_1_44' title="bbox 523 2818 2084 2896">
     <span class='ocr_line' id='line_1_44' title="bbox 523 2818 2084 2896; baseline 0.007 -24"><span class='ocrx_word' id='word_1_330' title='bbox 523 2819 671 2888; x_wconf 84' lang='lat' dir='ltr'><strong>quod</strong></span> <span class='ocrx_word' id='word_1_331' title='bbox 701 2818 872 2876; x_wconf 88' lang='lat' dir='ltr'><strong>sicubi</strong></span> <span class='ocrx_word' id='word_1_332' title='bbox 900 2835 1020 2876; x_wconf 90' lang='lat' dir='ltr'><strong>cum</strong></span> <span class='ocrx_word' id='word_1_333' title='bbox 1053 2823 1362 2892; x_wconf 86' lang='lat' dir='ltr'><strong>adjectione</strong></span> <span class='ocrx_word' id='word_1_334' title='bbox 1394 2841 1587 2880; x_wconf 90' lang='lat' dir='ltr'><strong>aurum</strong></span> <span class='ocrx_word' id='word_1_335' title='bbox 1626 2842 1822 2896; x_wconf 88' lang='lat' dir='ltr'><strong>purum</strong></span> <span class='ocrx_word' id='word_1_336' title='bbox 1853 2829 2084 2894; x_wconf 91' lang='lat' dir='ltr'><strong>dicitur,</strong></span> 
     </span>
    </p>
   </div>
   <div class='ocr_carea' id='block_1_45' title="bbox 520 2908 2085 2989">
    <p class='ocr_par' dir='ltr' id='par_1_45' title="bbox 520 2908 2085 2989">
     <span class='ocr_line' id='line_1_45' title="bbox 520 2908 2085 2989; baseline 0.006 -26"><span class='ocrx_word' id='word_1_337' title='bbox 520 2908 730 2964; x_wconf 85' lang='lat' dir='ltr'><strong>indicet</strong></span> <span class='ocrx_word' id='word_1_338' title='bbox 749 2920 993 2967; x_wconf 83' lang='lat' dir='ltr'><strong>sanctam</strong></span> <span class='ocrx_word' id='word_1_339' title='bbox 1035 2913 1183 2968; x_wconf 89' lang='lat' dir='ltr'><strong>illam</strong></span> <span class='ocrx_word' id='word_1_340' title='bbox 1213 2922 1271 2970; x_wconf 87' lang='lat' dir='ltr'><strong>et</strong></span> <span class='ocrx_word' id='word_1_341' title='bbox 1291 2929 1484 2985; x_wconf 87' lang='lat' dir='ltr'><strong>puram</strong></span> <span class='ocrx_word' id='word_1_342' title='bbox 1509 2914 1636 2973; x_wconf 82' lang='lat' dir='ltr'><strong>Jesu</strong></span> <span class='ocrx_word' id='word_1_343' title='bbox 1671 2921 1930 2985; x_wconf 90' lang='lat' dir='ltr'><strong>animam,</strong></span> <span class='ocrx_word' id='word_1_344' title='bbox 1964 2935 2085 2989; x_wconf 71' lang='lat' dir='ltr'><strong>qua:</strong></span> 
     </span>
    </p>
   </div>
   <div class='ocr_carea' id='block_1_46' title="bbox 526 3003 2083 3072">
    <p class='ocr_par' dir='ltr' id='par_1_46' title="bbox 526 3003 2083 3072">
     <span class='ocr_line' id='line_1_46' title="bbox 526 3003 2083 3072; baseline 0.008 -21"><span class='ocrx_word' id='word_1_345' title='bbox 526 3015 550 3051; x_wconf 77' lang='grc' dir='ltr'><strong>σ</strong></span> <span class='ocrx_word' id='word_1_346' title='bbox 585 3011 864 3068; x_wconf 86' lang='lat' dir='ltr'><strong>peccatum</strong></span> <span class='ocrx_word' id='word_1_347' title='bbox 892 3018 1000 3058; x_wconf 87' lang='lat' dir='ltr'><strong>non</strong></span> <span class='ocrx_word' id='word_1_348' title='bbox 1033 3003 1183 3072; x_wconf 90' lang='lat' dir='ltr'><strong>fecit,</strong></span> <span class='ocrx_word' id='word_1_349' title='bbox 1217 3019 1316 3064; x_wconf 82' lang='lat' dir='ltr'><strong>nec</strong></span> <span class='ocrx_word' id='word_1_350' title='bbox 1339 3007 1589 3063; x_wconf 89' lang='lat' dir='ltr'><strong>iuventus</strong></span> <span class='ocrx_word' id='word_1_351' title='bbox 1610 3016 1694 3062; x_wconf 92' lang='lat' dir='ltr'><strong>est</strong></span> <span class='ocrx_word' id='word_1_352' title='bbox 1720 3010 1873 3064; x_wconf 88' lang='lat' dir='ltr'><strong>dolus</strong></span> <span class='ocrx_word' id='word_1_353' title='bbox 1905 3011 1956 3064; x_wconf 90' lang='lat' dir='ltr'><strong>in</strong></span> <span class='ocrx_word' id='word_1_354' title='bbox 1981 3026 2083 3064; x_wconf 91' lang='lat' dir='ltr'><strong>ore</strong></span> 
     </span>
    </p>
   </div>
   <div class='ocr_carea' id='block_1_47' title="bbox 517 3089 755 3172">
    <p class='ocr_par' dir='ltr' id='par_1_47' title="bbox 517 3089 755 3172">
     <span class='ocr_line' id='line_1_47' title="bbox 517 3089 755 3172; baseline 0.008 -27"><span class='ocrx_word' id='word_1_355' title='bbox 517 3089 634 3172; x_wconf 74' lang='lat' dir='ltr'><strong>ejus</strong></span> <span class='ocrx_word' id='word_1_356' title='bbox 661 3093 709 3124; x_wconf 75' lang='lat'><strong>&quot;</strong></span> <span class='ocrx_word' id='word_1_357' title='bbox 740 3111 755 3147; x_wconf 89' lang='lat'><strong>:</strong></span> 
     </span>
    </p>
   </div>
   <div class='ocr_carea' id='block_1_48' title="bbox 520 3185 2080 3260">
    <p class='ocr_par' dir='ltr' id='par_1_48' title="bbox 520 3185 2080 3260">
     <span class='ocr_line' id='line_1_48' title="bbox 520 3185 2080 3260; baseline 0.008 -24"><span class='ocrx_word' id='word_1_358' title='bbox 520 3185 726 3240; x_wconf 90' lang='lat' dir='ltr'><strong>tudinis</strong></span> <span class='ocrx_word' id='word_1_359' title='bbox 757 3200 819 3241; x_wconf 87' lang='lat' dir='ltr'><strong>ac</strong></span> <span class='ocrx_word' id='word_1_360' title='bbox 869 3187 1172 3244; x_wconf 90' lang='lat' dir='ltr'><strong>latitudinis</strong></span> <span class='ocrx_word' id='word_1_361' title='bbox 1228 3190 1592 3259; x_wconf 86' lang='lat' dir='ltr'><strong>propitiatorii</strong></span> <span class='ocrx_word' id='word_1_362' title='bbox 1623 3211 1636 3246; x_wconf 91' lang='lat'>:</span> <span class='ocrx_word' id='word_1_363' title='bbox 1669 3195 1914 3260; x_wconf 85' lang='lat' dir='ltr'><strong>quamvis</strong></span> <span class='ocrx_word' id='word_1_364' title='bbox 1967 3197 2080 3248; x_wconf 52' lang='lat' dir='ltr'><strong>haec</strong></span> 
     </span>
    </p>
   </div>
   <div class='ocr_carea' id='block_1_49' title="bbox 517 3273 2078 3348">
    <p class='ocr_par' dir='ltr' id='par_1_49' title="bbox 517 3273 2078 3348">
     <span class='ocr_line' id='line_1_49' title="bbox 517 3273 2078 3348; baseline 0.009 -23"><span class='ocrx_word' id='word_1_365' title='bbox 517 3273 808 3343; x_wconf 82' lang='lat' dir='ltr'><strong>explanare</strong></span> <span class='ocrx_word' id='word_1_366' title='bbox 837 3277 910 3331; x_wconf 85' lang='lat' dir='ltr'><strong>sit</strong></span> <span class='ocrx_word' id='word_1_367' title='bbox 935 3279 1185 3344; x_wconf 86' lang='lat' dir='ltr'><strong>arduum,</strong></span> <span class='ocrx_word' id='word_1_368' title='bbox 1237 3289 1291 3334; x_wconf 93' lang='lat' dir='ltr'><strong>et</strong></span> <span class='ocrx_word' id='word_1_369' title='bbox 1325 3289 1511 3348; x_wconf 86' lang='lat' dir='ltr'><strong>aptare</strong></span> <span class='ocrx_word' id='word_1_370' title='bbox 1552 3283 1746 3335; x_wconf 81' lang='lat' dir='ltr'><strong>animae</strong></span> <span class='ocrx_word' id='word_1_371' title='bbox 1778 3283 1849 3336; x_wconf 83' lang='lat' dir='ltr'><strong>illi</strong></span> <span class='ocrx_word' id='word_1_372' title='bbox 1877 3296 2078 3344; x_wconf 60' lang='lat' dir='ltr'><strong>sanctae</strong></span> 
     </span>
    </p>
   </div>
   <div class='ocr_carea' id='block_1_50' title="bbox 517 3362 2073 3439">
    <p class='ocr_par' dir='ltr' id='par_1_50' title="bbox 517 3362 2073 3439">
     <span class='ocr_line' id='line_1_50' title="bbox 517 3362 2073 3439; baseline 0.009 -26"><span class='ocrx_word' id='word_1_373' title='bbox 517 3362 730 3431; x_wconf 87' lang='lat' dir='ltr'><strong>singula</strong></span> <span class='ocrx_word' id='word_1_374' title='bbox 775 3379 1001 3435; x_wconf 69' lang='lat' dir='ltr'><strong>qumque</strong></span> <span class='ocrx_word' id='word_1_375' title='bbox 1043 3382 1163 3437; x_wconf 68' lang='lat' dir='ltr'><strong>quae</strong></span> <span class='ocrx_word' id='word_1_376' title='bbox 1195 3369 1262 3423; x_wconf 91' lang='lat' dir='ltr'><strong>de</strong></span> <span class='ocrx_word' id='word_1_377' title='bbox 1309 3371 1690 3439; x_wconf 90' lang='lat' dir='ltr'><strong>propitiatorio</strong></span> <span class='ocrx_word' id='word_1_378' title='bbox 1741 3375 2073 3428; x_wconf 87' lang='lat' dir='ltr'><strong>referuntur.</strong></span> 
     </span>
    </p>
   </div>
   <div class='ocr_carea' id='block_1_51' title="bbox 516 3453 2075 3538">
    <p class='ocr_par' dir='ltr' id='par_1_51' title="bbox 516 3453 2075 3538">
     <span class='ocr_line' id='line_1_51' title="bbox 516 3453 2075 3538; baseline 0.008 -30"><span class='ocrx_word' id='word_1_379' title='bbox 516 3453 701 3510; x_wconf 80' lang='lat' dir='ltr'><strong>Primo</strong></span> <span class='ocrx_word' id='word_1_380' title='bbox 733 3471 864 3526; x_wconf 88' lang='lat' dir='ltr'><strong>ergo</strong></span> <span class='ocrx_word' id='word_1_381' title='bbox 889 3459 1170 3516; x_wconf 88' lang='lat' dir='ltr'><strong>videamus</strong></span> <span class='ocrx_word' id='word_1_382' title='bbox 1199 3465 1343 3530; x_wconf 91' lang='lat' dir='ltr'><strong>quod</strong></span> <span class='ocrx_word' id='word_1_383' title='bbox 1360 3464 1512 3529; x_wconf 92' lang='lat' dir='ltr'><strong>dicit,</strong></span> <span class='ocrx_word' id='word_1_384' title='bbox 1539 3465 1925 3535; x_wconf 79' lang='lat' dir='ltr'><strong>longitudinem</strong></span> <span class='ocrx_word' id='word_1_385' title='bbox 1952 3485 2075 3538; x_wconf 91' lang='lat' dir='ltr'><strong>pro-</strong></span> 
     </span>
    </p>
   </div>
   <div class='ocr_carea' id='block_1_52' title="bbox 512 3547 2072 3629">
    <p class='ocr_par' dir='ltr' id='par_1_52' title="bbox 512 3547 2072 3629">
     <span class='ocr_line' id='line_1_52' title="bbox 512 3547 2072 3629; baseline 0.009 -29"><span class='ocrx_word' id='word_1_386' title='bbox 512 3547 779 3616; x_wconf 88' lang='lat' dir='ltr'><strong>pitiatorii</strong></span> <span class='ocrx_word' id='word_1_387' title='bbox 827 3565 1001 3620; x_wconf 90' lang='lat' dir='ltr'><strong>neque</strong></span> <span class='ocrx_word' id='word_1_388' title='bbox 1035 3552 1172 3608; x_wconf 84' lang='lat' dir='ltr'><strong>duos</strong></span> <span class='ocrx_word' id='word_1_389' title='bbox 1206 3557 1380 3608; x_wconf 85' lang='lat' dir='ltr'><strong>solum</strong></span> <span class='ocrx_word' id='word_1_390' title='bbox 1419 3558 1629 3611; x_wconf 91' lang='lat' dir='ltr'><strong>cubitos</strong></span> <span class='ocrx_word' id='word_1_391' title='bbox 1662 3558 1934 3627; x_wconf 88' lang='lat' dir='ltr'><strong>habuisse,</strong></span> <span class='ocrx_word' id='word_1_392' title='bbox 1983 3563 2072 3629; x_wconf 91' lang='lat' dir='ltr'><strong>qui</strong></span> 
     </span>
    </p>
   </div>
   <div class='ocr_carea' id='block_1_53' title="bbox 513 3643 2075 3719">
    <p class='ocr_par' dir='ltr' id='par_1_53' title="bbox 513 3643 2075 3719">
     <span class='ocr_line' id='line_1_53' title="bbox 513 3643 2075 3719; baseline 0.008 -27"><span class='ocrx_word' id='word_1_393' title='bbox 513 3645 771 3696; x_wconf 90' lang='lat' dir='ltr'><strong>nuinerus</strong></span> <span class='ocrx_word' id='word_1_394' title='bbox 801 3643 1074 3699; x_wconf 88' lang='lat' dir='ltr'><strong>soeiandis</strong></span> <span class='ocrx_word' id='word_1_395' title='bbox 1097 3647 1524 3716; x_wconf 87' lang='lat' dir='ltr'><strong>generandisque</strong></span> <span class='ocrx_word' id='word_1_396' title='bbox 1551 3651 1726 3718; x_wconf 89' lang='lat' dir='ltr'><strong>aptari</strong></span> <span class='ocrx_word' id='word_1_397' title='bbox 1757 3653 2075 3719; x_wconf 87' lang='lat' dir='ltr'><strong>corporibus</strong></span> 
     </span>
    </p>
   </div>
   <div class='ocr_carea' id='block_1_54' title="bbox 512 3730 2076 3807">
    <p class='ocr_par' dir='ltr' id='par_1_54' title="bbox 512 3730 2076 3807">
     <span class='ocr_line' id='line_1_54' title="bbox 512 3730 2076 3807; baseline 0.008 -24"><span class='ocrx_word' id='word_1_398' title='bbox 512 3730 652 3785; x_wconf 84' lang='lat' dir='ltr'><strong>solet</strong></span> <span class='ocrx_word' id='word_1_399' title='bbox 687 3749 701 3785; x_wconf 88' lang='lat'><strong>:</strong></span> <span class='ocrx_word' id='word_1_400' title='bbox 731 3747 905 3802; x_wconf 91' lang='lat' dir='ltr'><strong>neque</strong></span> <span class='ocrx_word' id='word_1_401' title='bbox 938 3742 1052 3790; x_wconf 90' lang='lat' dir='ltr'><strong>tres</strong></span> <span class='ocrx_word' id='word_1_402' title='bbox 1090 3736 1353 3807; x_wconf 89' lang='lat' dir='ltr'><strong>integros,</strong></span> <span class='ocrx_word' id='word_1_403' title='bbox 1390 3739 1481 3807; x_wconf 85' lang='lat' dir='ltr'><strong>qui</strong></span> <span class='ocrx_word' id='word_1_404' title='bbox 1513 3754 1770 3794; x_wconf 92' lang='lat' dir='ltr'><strong>numerus</strong></span> <span class='ocrx_word' id='word_1_405' title='bbox 1809 3744 2076 3797; x_wconf 83' lang='lat' dir='ltr'><strong>excedere</strong></span> 
     </span>
    </p>
   </div>
   <div class='ocr_carea' id='block_1_55' title="bbox 511 3820 2076 3894">
    <p class='ocr_par' dir='ltr' id='par_1_55' title="bbox 511 3820 2076 3894">
     <span class='ocr_line' id='line_1_55' title="bbox 511 3820 2076 3894; baseline 0.008 -20"><span class='ocrx_word' id='word_1_406' title='bbox 511 3820 928 3890; x_wconf 81' lang='lat' dir='ltr'><strong>appellationem</strong></span> <span class='ocrx_word' id='word_1_407' title='bbox 977 3834 1246 3879; x_wconf 73' lang='lat' dir='ltr'><strong>creatura:</strong></span> <span class='ocrx_word' id='word_1_408' title='bbox 1284 3829 1589 3894; x_wconf 89' lang='lat' dir='ltr'><strong>consuevit,</strong></span> <span class='ocrx_word' id='word_1_409' title='bbox 1629 3838 1685 3884; x_wconf 91' lang='lat' dir='ltr'><strong>et</strong></span> <span class='ocrx_word' id='word_1_410' title='bbox 1737 3839 1948 3886; x_wconf 87' lang='lat' dir='ltr'><strong>naturae</strong></span> <span class='ocrx_word' id='word_1_411' title='bbox 1991 3833 2076 3887; x_wconf 92' lang='lat' dir='ltr'><strong>in-</strong></span> 
     </span>
    </p>
   </div>
   <div class='ocr_carea' id='block_1_56' title="bbox 508 3916 2073 3989">
    <p class='ocr_par' dir='ltr' id='par_1_56' title="bbox 508 3916 2073 3989">
     <span class='ocr_line' id='line_1_56' title="bbox 508 3916 2073 3989; baseline 0.007 -23"><span class='ocrx_word' id='word_1_412' title='bbox 508 3926 788 3981; x_wconf 75' lang='lat' dir='ltr'><strong>corporeas</strong></span> <span class='ocrx_word' id='word_1_413' title='bbox 812 3916 1144 3970; x_wconf 81' lang='lat' dir='ltr'><strong>consecrari.</strong></span> <span class='ocrx_word' id='word_1_414' title='bbox 1163 3916 1303 3973; x_wconf 88' lang='lat' dir='ltr'><strong>Duos</strong></span> <span class='ocrx_word' id='word_1_415' title='bbox 1325 3932 1456 3989; x_wconf 89' lang='lat' dir='ltr'><strong>ergo</strong></span> <span class='ocrx_word' id='word_1_416' title='bbox 1474 3920 1688 3974; x_wconf 91' lang='lat' dir='ltr'><strong>cubitos</strong></span> <span class='ocrx_word' id='word_1_417' title='bbox 1714 3929 1768 3974; x_wconf 93' lang='lat' dir='ltr'><strong>et</strong></span> <span class='ocrx_word' id='word_1_418' title='bbox 1790 3922 2073 3977; x_wconf 86' lang='lat' dir='ltr'><strong>dimidium</strong></span> 
     </span>
    </p>
   </div>
   <div class='ocr_carea' id='block_1_57' title="bbox 509 4002 2077 4079">
    <p class='ocr_par' dir='ltr' id='par_1_57' title="bbox 509 4002 2077 4079">
     <span class='ocr_line' id='line_1_57' title="bbox 509 4002 2077 4079; baseline 0.008 -22"><span class='ocrx_word' id='word_1_419' title='bbox 509 4002 906 4074; x_wconf 76' lang='lat' dir='ltr'><strong>longitudinem</strong></span> <span class='ocrx_word' id='word_1_420' title='bbox 935 4006 1067 4061; x_wconf 89' lang='lat' dir='ltr'><strong>dicit</strong></span> <span class='ocrx_word' id='word_1_421' title='bbox 1105 4010 1494 4079; x_wconf 89' lang='lat' dir='ltr'><strong>propitiatorii,</strong></span> <span class='ocrx_word' id='word_1_422' title='bbox 1524 4021 1581 4067; x_wconf 88' lang='lat' dir='ltr'><strong>et</strong></span> <span class='ocrx_word' id='word_1_423' title='bbox 1623 4028 1787 4066; x_wconf 91' lang='lat' dir='ltr'><strong>unum</strong></span> <span class='ocrx_word' id='word_1_424' title='bbox 1824 4028 1888 4068; x_wconf 88' lang='lat' dir='ltr'><strong>ac</strong></span> <span class='ocrx_word' id='word_1_425' title='bbox 1916 4016 2077 4069; x_wconf 89' lang='lat' dir='ltr'><strong>dimi-</strong></span> 
     </span>
    </p>
   </div>
   <div class='ocr_carea' id='block_1_58' title="bbox 507 4095 2071 4166">
    <p class='ocr_par' dir='ltr' id='par_1_58' title="bbox 507 4095 2071 4166">
     <span class='ocr_line' id='line_1_58' title="bbox 507 4095 2071 4166; baseline 0.004 -16"><span class='ocrx_word' id='word_1_426' title='bbox 507 4095 656 4151; x_wconf 90' lang='lat' dir='ltr'><strong>dium</strong></span> <span class='ocrx_word' id='word_1_427' title='bbox 688 4097 1054 4153; x_wconf 86' lang='lat' dir='ltr'><strong>latitudinem.</strong></span> <span class='ocrx_word' id='word_1_428' title='bbox 1085 4099 1236 4166; x_wconf 83' lang='lat' dir='ltr'><strong>Quod</strong></span> <span class='ocrx_word' id='word_1_429' title='bbox 1269 4102 1533 4157; x_wconf 88' lang='lat' dir='ltr'><strong>siaudere</strong></span> <span class='ocrx_word' id='word_1_430' title='bbox 1566 4103 1618 4157; x_wconf 91' lang='lat' dir='ltr'><strong>in</strong></span> <span class='ocrx_word' id='word_1_431' title='bbox 1649 4104 1848 4159; x_wconf 84' lang='lat' dir='ltr'><strong>talibus</strong></span> <span class='ocrx_word' id='word_1_432' title='bbox 1869 4104 1951 4161; x_wconf 87' lang='lat' dir='ltr'><strong>fas</strong></span> <span class='ocrx_word' id='word_1_433' title='bbox 1969 4114 2071 4166; x_wconf 91' lang='lat' dir='ltr'><strong>est,</strong></span> 
     </span>
    </p>
   </div>
   <div class='ocr_carea' id='block_1_59' title="bbox 503 4189 2071 4266">
    <p class='ocr_par' dir='ltr' id='par_1_59' title="bbox 503 4189 2071 4266">
     <span class='ocr_line' id='line_1_59' title="bbox 503 4189 2071 4266; baseline 0.005 -24"><span class='ocrx_word' id='word_1_434' title='bbox 503 4189 765 4260; x_wconf 79' lang='lat' dir='ltr'><strong>quoniam</strong></span> <span class='ocrx_word' id='word_1_435' title='bbox 801 4189 936 4244; x_wconf 90' lang='lat' dir='ltr'><strong>dicit</strong></span> <span class='ocrx_word' id='word_1_436' title='bbox 984 4190 1125 4246; x_wconf 90' lang='lat' dir='ltr'><strong>idem</strong></span> <span class='ocrx_word' id='word_1_437' title='bbox 1171 4191 1464 4262; x_wconf 85' lang='lat' dir='ltr'><strong>Apostolus</strong></span> <span class='ocrx_word' id='word_1_438' title='bbox 1509 4195 1576 4248; x_wconf 89' lang='lat' dir='ltr'><strong>de</strong></span> <span class='ocrx_word' id='word_1_439' title='bbox 1633 4195 1887 4260; x_wconf 83' lang='lat' dir='ltr'><strong>Christo,</strong></span> <span class='ocrx_word' id='word_1_440' title='bbox 1929 4198 2071 4266; x_wconf 86' lang='lat' dir='ltr'><strong>quod</strong></span> 
     </span>
    </p>
   </div>
   <div class='ocr_carea' id='block_1_60' title="bbox 512 4281 2070 4350">
    <p class='ocr_par' dir='ltr' id='par_1_60' title="bbox 512 4281 2070 4350">
     <span class='ocr_line' id='line_1_60' title="bbox 512 4281 2070 4350; baseline 0.008 -20"><span class='ocrx_word' id='word_1_441' title='bbox 512 4297 534 4330; x_wconf 76' lang='grc' dir='ltr'><strong>ι</strong></span> <span class='ocrx_word' id='word_1_442' title='bbox 577 4281 668 4336; x_wconf 89' lang='lat' dir='ltr'><strong>Dei</strong></span> <span class='ocrx_word' id='word_1_443' title='bbox 697 4289 753 4336; x_wconf 87' lang='lat' dir='ltr'><strong>et</strong></span> <span class='ocrx_word' id='word_1_444' title='bbox 790 4281 1072 4336; x_wconf 88' lang='lat' dir='ltr'><strong>hominum</strong></span> <span class='ocrx_word' id='word_1_445' title='bbox 1124 4284 1396 4338; x_wconf 83' lang='lat' dir='ltr'><strong>mediator</strong></span> <span class='ocrx_word' id='word_1_446' title='bbox 1427 4295 1512 4340; x_wconf 88' lang='lat' dir='ltr'><strong>est</strong></span> <span class='ocrx_word' id='word_1_447' title='bbox 1537 4286 1604 4350; x_wconf 81' lang='lat'><strong>&quot;,</strong></span> <span class='ocrx_word' id='word_1_448' title='bbox 1637 4305 1656 4338; x_wconf 75' lang='grc' dir='ltr'><strong>ι</strong></span> <span class='ocrx_word' id='word_1_449' title='bbox 1689 4287 1906 4342; x_wconf 84' lang='lat' dir='ltr'><strong>videtur</strong></span> <span class='ocrx_word' id='word_1_450' title='bbox 1940 4291 2070 4342; x_wconf 88' lang='lat' dir='ltr'><strong>mihi</strong></span> 
     </span>
    </p>
   </div>
   <div class='ocr_carea' id='block_1_61' title="bbox 505 4372 2068 4443">
    <p class='ocr_par' dir='ltr' id='par_1_61' title="bbox 505 4372 2068 4443">
     <span class='ocr_line' id='line_1_61' title="bbox 505 4372 2068 4443; baseline 0.004 -18"><span class='ocrx_word' id='word_1_451' title='bbox 505 4372 654 4426; x_wconf 81' lang='lat' dir='ltr'><strong>inter</strong></span> <span class='ocrx_word' id='word_1_452' title='bbox 691 4373 859 4428; x_wconf 88' lang='lat' dir='ltr'><strong>Deum</strong></span> <span class='ocrx_word' id='word_1_453' title='bbox 897 4382 952 4428; x_wconf 90' lang='lat' dir='ltr'><strong>et</strong></span> <span class='ocrx_word' id='word_1_454' title='bbox 995 4373 1270 4429; x_wconf 81' lang='lat' dir='ltr'><strong>hominem</strong></span> <span class='ocrx_word' id='word_1_455' title='bbox 1313 4378 1490 4431; x_wconf 87' lang='lat' dir='ltr'><strong>inedia</strong></span> <span class='ocrx_word' id='word_1_456' title='bbox 1539 4378 1653 4432; x_wconf 70' lang='lat' dir='ltr'><strong>haec</strong></span> <span class='ocrx_word' id='word_1_457' title='bbox 1689 4394 1810 4434; x_wconf 88' lang='lat' dir='ltr'><strong>esse</strong></span> <span class='ocrx_word' id='word_1_458' title='bbox 1854 4381 2068 4443; x_wconf 86' lang='lat' dir='ltr'><strong>anima,</strong></span> 
     </span>
    </p>
   </div>
   <div class='ocr_carea' id='block_1_62' title="bbox 2198 1907 3776 1979">
    <p class='ocr_par' dir='ltr' id='par_1_62' title="bbox 2198 1907 3776 1979">
     <span class='ocr_line' id='line_1_62' title="bbox 2198 1907 3776 1979; baseline 0.002 -17"><span class='ocrx_word' id='word_1_459' title='bbox 2198 1909 2339 1963; x_wconf 87' lang='lat' dir='ltr'><strong>inter</strong></span> <span class='ocrx_word' id='word_1_460' title='bbox 2359 1909 2603 1964; x_wconf 90' lang='lat' dir='ltr'><strong>homines</strong></span> <span class='ocrx_word' id='word_1_461' title='bbox 2623 1911 2714 1978; x_wconf 89' lang='lat' dir='ltr'><strong>qui</strong></span> <span class='ocrx_word' id='word_1_462' title='bbox 2740 1911 2904 1963; x_wconf 88' lang='lat' dir='ltr'><strong>latam</strong></span> <span class='ocrx_word' id='word_1_463' title='bbox 2923 1909 3320 1979; x_wconf 88' lang='lat' dir='ltr'><strong>spatiosatnque</strong></span> <span class='ocrx_word' id='word_1_464' title='bbox 3345 1908 3486 1961; x_wconf 89' lang='lat' dir='ltr'><strong>viam</strong></span> <span class='ocrx_word' id='word_1_465' title='bbox 3518 1907 3776 1971; x_wconf 80' lang='lat' dir='ltr'><strong>incedere</strong></span> 
     </span>
    </p>
   </div>
   <div class='ocr_carea' id='block_1_63' title="bbox 2201 2000 3772 2080">
    <p class='ocr_par' dir='ltr' id='par_1_63' title="bbox 2201 2000 3772 2080">
     <span class='ocr_line' id='line_1_63' title="bbox 2201 2000 3772 2080; baseline 0.001 -27"><span class='ocrx_word' id='word_1_466' title='bbox 2201 2000 2400 2068; x_wconf 87' lang='lat' dir='ltr'><strong>solent,</strong></span> <span class='ocrx_word' id='word_1_467' title='bbox 2420 2013 2775 2058; x_wconf 87' lang='lat' dir='ltr'><strong>conversatur</strong></span> <span class='ocrx_word' id='word_1_468' title='bbox 2797 2022 2809 2057; x_wconf 91' lang='lat'>:</span> <span class='ocrx_word' id='word_1_469' title='bbox 2833 2015 2888 2057; x_wconf 89' lang='lat' dir='ltr'><strong>et</strong></span> <span class='ocrx_word' id='word_1_470' title='bbox 2912 2003 3032 2057; x_wconf 89' lang='lat' dir='ltr'><strong>ideo</strong></span> <span class='ocrx_word' id='word_1_471' title='bbox 3053 2000 3367 2056; x_wconf 83' lang='lat' dir='ltr'><strong>Mediatoris</strong></span> <span class='ocrx_word' id='word_1_472' title='bbox 3387 2009 3532 2055; x_wconf 91' lang='lat' dir='ltr'><strong>recte</strong></span> <span class='ocrx_word' id='word_1_473' title='bbox 3550 2001 3772 2080; x_wconf 84' lang='lat' dir='ltr'><strong>nomine</strong></span> 
     </span>
    </p>
   </div>
   <div class='ocr_carea' id='block_1_64' title="bbox 2195 2094 3767 2162">
    <p class='ocr_par' dir='ltr' id='par_1_64' title="bbox 2195 2094 3767 2162">
     <span class='ocr_line' id='line_1_64' title="bbox 2195 2094 3767 2162; baseline -0.001 -16"><span class='ocrx_word' id='word_1_474' title='bbox 2195 2102 2568 2162; x_wconf 89' lang='lat' dir='ltr'><strong>nuncupatur,</strong></span> <span class='ocrx_word' id='word_1_475' title='bbox 2610 2095 2761 2162; x_wconf 87' lang='lat' dir='ltr'><strong>quia,</strong></span> <span class='ocrx_word' id='word_1_476' title='bbox 2813 2103 2872 2148; x_wconf 90' lang='lat' dir='ltr'><strong>ut</strong></span> <span class='ocrx_word' id='word_1_477' title='bbox 2903 2095 3171 2158; x_wconf 83' lang='lat' dir='ltr'><strong>diximus,</strong></span> <span class='ocrx_word' id='word_1_478' title='bbox 3221 2094 3398 2148; x_wconf 89' lang='lat' dir='ltr'><strong>anima</strong></span> <span class='ocrx_word' id='word_1_479' title='bbox 3434 2095 3548 2147; x_wconf 80' lang='lat' dir='ltr'><strong>haec</strong></span> <span class='ocrx_word' id='word_1_480' title='bbox 3578 2101 3767 2145; x_wconf 84' lang='lat' dir='ltr'><strong>sancta</strong></span> 
     </span>
    </p>
   </div>
   <div class='ocr_carea' id='block_1_65' title="bbox 2199 2182 3766 2254">
    <p class='ocr_par' dir='ltr' id='par_1_65' title="bbox 2199 2182 3766 2254">
     <span class='ocr_line' id='line_1_65' title="bbox 2199 2182 3766 2254; baseline 0.001 -19"><span class='ocrx_word' id='word_1_481' title='bbox 2199 2182 2376 2237; x_wconf 86' lang='lat' dir='ltr'><strong>media</strong></span> <span class='ocrx_word' id='word_1_482' title='bbox 2411 2185 2633 2254; x_wconf 91' lang='lat' dir='ltr'><strong>quidem</strong></span> <span class='ocrx_word' id='word_1_483' title='bbox 2665 2186 2764 2239; x_wconf 86' lang='lat' dir='ltr'><strong>fuit</strong></span> <span class='ocrx_word' id='word_1_484' title='bbox 2794 2187 2933 2240; x_wconf 90' lang='lat' dir='ltr'><strong>inter</strong></span> <span class='ocrx_word' id='word_1_485' title='bbox 2972 2186 3312 2240; x_wconf 86' lang='lat' dir='ltr'><strong>divinitatem</strong></span> <span class='ocrx_word' id='word_1_486' title='bbox 3354 2183 3665 2247; x_wconf 89' lang='lat' dir='ltr'><strong>Trinitatis,</strong></span> <span class='ocrx_word' id='word_1_487' title='bbox 3705 2193 3766 2238; x_wconf 88' lang='lat' dir='ltr'><strong>et</strong></span> 
     </span>
    </p>
   </div>
   <div class='ocr_carea' id='block_1_66' title="bbox 2192 2273 3765 2345">
    <p class='ocr_par' dir='ltr' id='par_1_66' title="bbox 2192 2273 3765 2345">
     <span class='ocr_line' id='line_1_66' title="bbox 2192 2273 3765 2345; baseline 0.001 -19"><span class='ocrx_word' id='word_1_488' title='bbox 2192 2273 2544 2345; x_wconf 75' lang='lat' dir='ltr'><strong>fragilitatem</strong></span> <span class='ocrx_word' id='word_1_489' title='bbox 2595 2276 2967 2331; x_wconf 85' lang='lat' dir='ltr'><strong>humanitatis.</strong></span> <span class='ocrx_word' id='word_1_490' title='bbox 3003 2275 3131 2330; x_wconf 65' lang='lat' dir='ltr'><strong>Haec</strong></span> <span class='ocrx_word' id='word_1_491' title='bbox 3163 2291 3295 2344; x_wconf 90' lang='lat' dir='ltr'><strong>ergo</strong></span> <span class='ocrx_word' id='word_1_492' title='bbox 3322 2275 3551 2344; x_wconf 88' lang='lat' dir='ltr'><strong>intelligi</strong></span> <span class='ocrx_word' id='word_1_493' title='bbox 3587 2283 3765 2342; x_wconf 89' lang='lat' dir='ltr'><strong>potest</strong></span> 
     </span>
    </p>
   </div>
   <div class='ocr_carea' id='block_1_67' title="bbox 2191 2363 3759 2436">
    <p class='ocr_par' dir='ltr' id='par_1_67' title="bbox 2191 2363 3759 2436">
     <span class='ocr_line' id='line_1_67' title="bbox 2191 2363 3759 2436; baseline 0.002 -19"><span class='ocrx_word' id='word_1_494' title='bbox 2191 2365 2648 2434; x_wconf 91' lang='lat' dir='ltr'><strong>propitiatorium,</strong></span> <span class='ocrx_word' id='word_1_495' title='bbox 2695 2367 2993 2422; x_wconf 89' lang='lat' dir='ltr'><strong>secundum</strong></span> <span class='ocrx_word' id='word_1_496' title='bbox 3040 2383 3101 2421; x_wconf 89' lang='lat' dir='ltr'><strong>ea</strong></span> <span class='ocrx_word' id='word_1_497' title='bbox 3144 2382 3266 2436; x_wconf 66' lang='lat' dir='ltr'><strong>quae</strong></span> <span class='ocrx_word' id='word_1_498' title='bbox 3307 2382 3471 2436; x_wconf 87' lang='lat' dir='ltr'><strong>supra</strong></span> <span class='ocrx_word' id='word_1_499' title='bbox 3501 2363 3759 2431; x_wconf 81' lang='lat' dir='ltr'><strong>diximus,</strong></span> 
     </span>
    </p>
   </div>
   <div class='ocr_carea' id='block_1_68' title="bbox 2190 2455 3762 2524">
    <p class='ocr_par' dir='ltr' id='par_1_68' title="bbox 2190 2455 3762 2524">
     <span class='ocr_line' id='line_1_68' title="bbox 2190 2455 3762 2524; baseline -0.001 -15"><span class='ocrx_word' id='word_1_500' title='bbox 2190 2456 2277 2510; x_wconf 85' lang='lat' dir='ltr'><strong>cui</strong></span> <span class='ocrx_word' id='word_1_501' title='bbox 2298 2456 2589 2524; x_wconf 84' lang='lat' dir='ltr'><strong>superponi</strong></span> <span class='ocrx_word' id='word_1_502' title='bbox 2613 2457 2866 2511; x_wconf 91' lang='lat' dir='ltr'><strong>dicuntur</strong></span> <span class='ocrx_word' id='word_1_503' title='bbox 2887 2458 2989 2511; x_wconf 91' lang='lat' dir='ltr'><strong>duo</strong></span> <span class='ocrx_word' id='word_1_504' title='bbox 3009 2455 3295 2522; x_wconf 85' lang='lat' dir='ltr'><strong>cherubin,</strong></span> <span class='ocrx_word' id='word_1_505' title='bbox 3317 2471 3482 2510; x_wconf 92' lang='lat' dir='ltr'><strong>unum</strong></span> <span class='ocrx_word' id='word_1_506' title='bbox 3505 2470 3571 2510; x_wconf 85' lang='lat' dir='ltr'><strong>ex</strong></span> <span class='ocrx_word' id='word_1_507' title='bbox 3593 2456 3762 2509; x_wconf 84' lang='lat' dir='ltr'><strong>latere</strong></span> 
     </span>
    </p>
   </div>
   <div class='ocr_carea' id='block_1_69' title="bbox 2190 2545 3762 2618">
    <p class='ocr_par' dir='ltr' id='par_1_69' title="bbox 2190 2545 3762 2618">
     <span class='ocr_line' id='line_1_69' title="bbox 2190 2545 3762 2618; baseline -0.002 -17"><span class='ocrx_word' id='word_1_508' title='bbox 2190 2547 2295 2601; x_wconf 91' lang='lat' dir='ltr'><strong>hoc</strong></span> <span class='ocrx_word' id='word_1_509' title='bbox 2336 2545 2475 2618; x_wconf 83' lang='grc'>(81),</span> <span class='ocrx_word' id='word_1_510' title='bbox 2512 2557 2567 2602; x_wconf 89' lang='lat' dir='ltr'><strong>et</strong></span> <span class='ocrx_word' id='word_1_511' title='bbox 2607 2561 2770 2600; x_wconf 92' lang='lat' dir='ltr'><strong>unum</strong></span> <span class='ocrx_word' id='word_1_512' title='bbox 2813 2562 2878 2602; x_wconf 85' lang='lat' dir='ltr'><strong>ex</strong></span> <span class='ocrx_word' id='word_1_513' title='bbox 2908 2547 3076 2602; x_wconf 88' lang='lat' dir='ltr'><strong>latere</strong></span> <span class='ocrx_word' id='word_1_514' title='bbox 3123 2548 3297 2602; x_wconf 92' lang='lat' dir='ltr'><strong>altero</strong></span> <span class='ocrx_word' id='word_1_515' title='bbox 3323 2546 3391 2601; x_wconf 76' lang='lat'><strong>”.</strong></span> <span class='ocrx_word' id='word_1_516' title='bbox 3425 2546 3593 2617; x_wconf 88' lang='lat' dir='ltr'><strong>Cujus</strong></span> <span class='ocrx_word' id='word_1_517' title='bbox 3629 2560 3762 2615; x_wconf 86' lang='lat' dir='ltr'><strong>ergo</strong></span> 
     </span>
    </p>
   </div>
   <div class='ocr_carea' id='block_1_70' title="bbox 2190 2636 3758 2696">
    <p class='ocr_par' dir='ltr' id='par_1_70' title="bbox 2190 2636 3758 2696">
     <span class='ocr_line' id='line_1_70' title="bbox 2190 2636 3758 2696; baseline -0.003 -4"><span class='ocrx_word' id='word_1_518' title='bbox 2190 2640 2416 2693; x_wconf 87' lang='lat' dir='ltr'><strong>formam</strong></span> <span class='ocrx_word' id='word_1_519' title='bbox 2433 2640 2538 2694; x_wconf 94' lang='lat' dir='ltr'><strong>duo</strong></span> <span class='ocrx_word' id='word_1_520' title='bbox 2561 2639 2662 2694; x_wconf 91' lang='lat' dir='ltr'><strong>ista</strong></span> <span class='ocrx_word' id='word_1_521' title='bbox 2691 2641 2951 2694; x_wconf 91' lang='lat' dir='ltr'><strong>cherubin</strong></span> <span class='ocrx_word' id='word_1_522' title='bbox 2973 2639 3176 2695; x_wconf 89' lang='lat' dir='ltr'><strong>habere</strong></span> <span class='ocrx_word' id='word_1_523' title='bbox 3202 2641 3567 2696; x_wconf 81' lang='lat' dir='ltr'><strong>existimanda</strong></span> <span class='ocrx_word' id='word_1_524' title='bbox 3590 2650 3716 2692; x_wconf 90' lang='lat' dir='ltr'><strong>sunt</strong></span> <span class='ocrx_word' id='word_1_525' title='bbox 3732 2636 3758 2688; x_wconf 83' lang='lat'><strong>?</strong></span> 
     </span>
    </p>
   </div>
   <div class='ocr_carea' id='block_1_71' title="bbox 2186 2730 3754 2802">
    <p class='ocr_par' dir='ltr' id='par_1_71' title="bbox 2186 2730 3754 2802">
     <span class='ocr_line' id='line_1_71' title="bbox 2186 2730 3754 2802; baseline -0.002 -17"><span class='ocrx_word' id='word_1_526' title='bbox 2186 2730 2460 2785; x_wconf 91' lang='lat' dir='ltr'><strong>Cherubin</strong></span> <span class='ocrx_word' id='word_1_527' title='bbox 2499 2732 2643 2785; x_wconf 92' lang='lat' dir='ltr'><strong>enim</strong></span> <span class='ocrx_word' id='word_1_528' title='bbox 2679 2731 2734 2784; x_wconf 88' lang='lat' dir='ltr'><strong>in</strong></span> <span class='ocrx_word' id='word_1_529' title='bbox 2770 2740 3008 2785; x_wconf 86' lang='lat' dir='ltr'><strong>nostram</strong></span> <span class='ocrx_word' id='word_1_530' title='bbox 3050 2731 3290 2802; x_wconf 91' lang='lat' dir='ltr'><strong>linguam</strong></span> <span class='ocrx_word' id='word_1_531' title='bbox 3337 2732 3754 2800; x_wconf 89' lang='lat' dir='ltr'><strong>interpretatum</strong></span> 
     </span>
    </p>
   </div>
   <div class='ocr_carea' id='block_1_72' title="bbox 2186 2821 3752 2893">
    <p class='ocr_par' dir='ltr' id='par_1_72' title="bbox 2186 2821 3752 2893">
     <span class='ocr_line' id='line_1_72' title="bbox 2186 2821 3752 2893; baseline -0.001 -19"><span class='ocrx_word' id='word_1_532' title='bbox 2186 2823 2567 2892; x_wconf 80' lang='lat' dir='ltr'><strong>plenitudinem</strong></span> <span class='ocrx_word' id='word_1_533' title='bbox 2597 2825 2936 2878; x_wconf 81' lang='lat' dir='ltr'><strong>scientiarum</strong></span> <span class='ocrx_word' id='word_1_534' title='bbox 2983 2824 3276 2893; x_wconf 78' lang='lat' dir='ltr'><strong>signiﬁcat.</strong></span> <span class='ocrx_word' id='word_1_535' title='bbox 3323 2823 3424 2879; x_wconf 85' lang='lat' dir='ltr'><strong>Ubi</strong></span> <span class='ocrx_word' id='word_1_536' title='bbox 3463 2836 3595 2892; x_wconf 88' lang='lat' dir='ltr'><strong>ergo</strong></span> <span class='ocrx_word' id='word_1_537' title='bbox 3618 2821 3752 2874; x_wconf 90' lang='lat' dir='ltr'><strong>dici-</strong></span> 
     </span>
    </p>
   </div>
   <div class='ocr_carea' id='block_1_73' title="bbox 2187 2914 3752 2984">
    <p class='ocr_par' dir='ltr' id='par_1_73' title="bbox 2187 2914 3752 2984">
     <span class='ocr_line' id='line_1_73' title="bbox 2187 2914 3752 2984; baseline -0.003 -16"><span class='ocrx_word' id='word_1_538' title='bbox 2187 2931 2306 2969; x_wconf 91' lang='lat' dir='ltr'><strong>mus</strong></span> <span class='ocrx_word' id='word_1_539' title='bbox 2335 2914 2722 2984; x_wconf 86' lang='lat' dir='ltr'><strong>plenitudinem</strong></span> <span class='ocrx_word' id='word_1_540' title='bbox 2765 2915 3144 2979; x_wconf 88' lang='lat' dir='ltr'><strong>scientiarum,</strong></span> <span class='ocrx_word' id='word_1_541' title='bbox 3186 2915 3286 2969; x_wconf 89' lang='lat' dir='ltr'><strong>nisi</strong></span> <span class='ocrx_word' id='word_1_542' title='bbox 3324 2915 3375 2967; x_wconf 92' lang='lat' dir='ltr'><strong>in</strong></span> <span class='ocrx_word' id='word_1_543' title='bbox 3421 2929 3486 2968; x_wconf 89' lang='lat' dir='ltr'><strong>eo</strong></span> <span class='ocrx_word' id='word_1_544' title='bbox 3528 2914 3596 2968; x_wconf 87' lang='lat' dir='ltr'><strong>de</strong></span> <span class='ocrx_word' id='word_1_545' title='bbox 3639 2928 3752 2981; x_wconf 88' lang='lat' dir='ltr'><strong>quo</strong></span> 
     </span>
    </p>
   </div>
   <div class='ocr_carea' id='block_1_74' title="bbox 2185 3003 3751 3075">
    <p class='ocr_par' dir='ltr' id='par_1_74' title="bbox 2185 3003 3751 3075">
     <span class='ocr_line' id='line_1_74' title="bbox 2185 3003 3751 3075; baseline -0.003 -16"><span class='ocrx_word' id='word_1_546' title='bbox 2185 3006 2316 3060; x_wconf 94' lang='lat' dir='ltr'><strong>dicit</strong></span> <span class='ocrx_word' id='word_1_547' title='bbox 2352 3006 2684 3075; x_wconf 84' lang='lat' dir='ltr'><strong>Apostolus:</strong></span> <span class='ocrx_word' id='word_1_548' title='bbox 2717 3023 2737 3057; x_wconf 74' lang='grc' dir='ltr'><strong>ι</strong></span> <span class='ocrx_word' id='word_1_549' title='bbox 2777 3005 2832 3059; x_wconf 94' lang='lat' dir='ltr'><strong>ln</strong></span> <span class='ocrx_word' id='word_1_550' title='bbox 2878 3021 2985 3075; x_wconf 90' lang='lat' dir='ltr'><strong>quo</strong></span> <span class='ocrx_word' id='word_1_551' title='bbox 3017 3014 3142 3060; x_wconf 91' lang='lat' dir='ltr'><strong>sunt</strong></span> <span class='ocrx_word' id='word_1_552' title='bbox 3171 3020 3362 3060; x_wconf 91' lang='lat' dir='ltr'><strong>omnes</strong></span> <span class='ocrx_word' id='word_1_553' title='bbox 3394 3003 3630 3059; x_wconf 89' lang='lat' dir='ltr'><strong>thesauri</strong></span> <span class='ocrx_word' id='word_1_554' title='bbox 3669 3019 3751 3056; x_wconf 86' lang='lat' dir='ltr'><strong>sa-</strong></span> 
     </span>
    </p>
   </div>
   <div class='ocr_carea' id='block_1_75' title="bbox 797 3095 3747 3178">
    <p class='ocr_par' dir='ltr' id='par_1_75' title="bbox 797 3095 3747 3178">
     <span class='ocr_line' id='line_1_75' title="bbox 797 3095 3747 3178; baseline 0 -31"><span class='ocrx_word' id='word_1_555' title='bbox 797 3115 816 3147; x_wconf 79' lang='grc' dir='ltr'><strong>ι</strong></span> <span class='ocrx_word' id='word_1_556' title='bbox 848 3105 902 3150; x_wconf 91' lang='lat' dir='ltr'><strong>et</strong></span> <span class='ocrx_word' id='word_1_557' title='bbox 935 3097 1036 3165; x_wconf 87' lang='lat' dir='ltr'><strong>ipsi</strong></span> <span class='ocrx_word' id='word_1_558' title='bbox 1082 3097 1409 3153; x_wconf 88' lang='lat' dir='ltr'><strong>conveniant</strong></span> <span class='ocrx_word' id='word_1_559' title='bbox 1441 3115 1708 3154; x_wconf 71' lang='lat' dir='ltr'><strong>mensura:</strong></span> <span class='ocrx_word' id='word_1_560' title='bbox 1741 3102 1860 3156; x_wconf 67' lang='lat' dir='ltr'><strong>ista:</strong></span> <span class='ocrx_word' id='word_1_561' title='bbox 1902 3103 2078 3173; x_wconf 86' lang='lat' dir='ltr'><strong>longi-</strong></span> <span class='ocrx_word' id='word_1_562' title='bbox 2107 3121 2151 3178; x_wconf 68' lang='grc' dir='ltr'><strong>ρ</strong></span> <span class='ocrx_word' id='word_1_563' title='bbox 2185 3095 2402 3164; x_wconf 72' lang='lat' dir='ltr'><strong>pientiaa</strong></span> <span class='ocrx_word' id='word_1_564' title='bbox 2425 3096 2734 3151; x_wconf 74' lang='lat' dir='ltr'><strong>etscientiie</strong></span> <span class='ocrx_word' id='word_1_565' title='bbox 2755 3096 3154 3150; x_wconf 74' lang='lat' dir='ltr'><strong>absconditi“?</strong></span> <span class='ocrx_word' id='word_1_566' title='bbox 3193 3114 3212 3146; x_wconf 82' lang='grc'><strong>›</strong></span> <span class='ocrx_word' id='word_1_567' title='bbox 3251 3096 3325 3149; x_wconf 89' lang='lat' dir='ltr'><strong>De</strong></span> <span class='ocrx_word' id='word_1_568' title='bbox 3350 3096 3531 3150; x_wconf 83' lang='lat' dir='ltr'><strong>Verbo</strong></span> <span class='ocrx_word' id='word_1_569' title='bbox 3559 3097 3747 3164; x_wconf 90' lang='lat' dir='ltr'><strong>utique</strong></span> 
     </span>
    </p>
   </div>
   <div class='ocr_carea' id='block_1_76' title="bbox 2191 3186 3749 3257">
    <p class='ocr_par' dir='ltr' id='par_1_76' title="bbox 2191 3186 3749 3257">
     <span class='ocr_line' id='line_1_76' title="bbox 2191 3186 3749 3257; baseline -0.002 -16"><span class='ocrx_word' id='word_1_570' title='bbox 2191 3187 2284 3241; x_wconf 89' lang='lat' dir='ltr'><strong>Dei</strong></span> <span class='ocrx_word' id='word_1_571' title='bbox 2311 3188 2425 3242; x_wconf 61' lang='lat' dir='ltr'><strong>haec</strong></span> <span class='ocrx_word' id='word_1_572' title='bbox 2454 3187 2585 3241; x_wconf 92' lang='lat' dir='ltr'><strong>dicit</strong></span> <span class='ocrx_word' id='word_1_573' title='bbox 2613 3186 2924 3256; x_wconf 85' lang='lat' dir='ltr'><strong>Apostolus.</strong></span> <span class='ocrx_word' id='word_1_574' title='bbox 2963 3187 3070 3242; x_wconf 88' lang='lat' dir='ltr'><strong>Sed</strong></span> <span class='ocrx_word' id='word_1_575' title='bbox 3111 3197 3164 3238; x_wconf 92' lang='lat' dir='ltr'><strong>et</strong></span> <span class='ocrx_word' id='word_1_576' title='bbox 3206 3188 3271 3240; x_wconf 91' lang='lat' dir='ltr'><strong>de</strong></span> <span class='ocrx_word' id='word_1_577' title='bbox 3323 3186 3525 3257; x_wconf 89' lang='lat' dir='ltr'><strong>Spiritu</strong></span> <span class='ocrx_word' id='word_1_578' title='bbox 3560 3197 3749 3242; x_wconf 88' lang='lat' dir='ltr'><strong>sancto</strong></span> 
     </span>
    </p>
   </div>
   <div class='ocr_carea' id='block_1_77' title="bbox 2186 3277 3748 3333">
    <p class='ocr_par' dir='ltr' id='par_1_77' title="bbox 2186 3277 3748 3333">
     <span class='ocr_line' id='line_1_77' title="bbox 2186 3277 3748 3333; baseline -0.002 -1"><span class='ocrx_word' id='word_1_579' title='bbox 2186 3278 2384 3332; x_wconf 89' lang='lat' dir='ltr'><strong>similia</strong></span> <span class='ocrx_word' id='word_1_580' title='bbox 2420 3279 2610 3332; x_wconf 87' lang='lat' dir='ltr'><strong>scribit</strong></span> <span class='ocrx_word' id='word_1_581' title='bbox 2647 3294 2770 3333; x_wconf 90' lang='lat' dir='ltr'><strong>cum</strong></span> <span class='ocrx_word' id='word_1_582' title='bbox 2814 3279 2982 3333; x_wconf 88' lang='lat' dir='ltr'><strong>dicit:</strong></span> <span class='ocrx_word' id='word_1_583' title='bbox 3026 3296 3044 3328; x_wconf 79' lang='grc' dir='ltr'><strong>ι</strong></span> <span class='ocrx_word' id='word_1_584' title='bbox 3076 3277 3241 3332; x_wconf 85' lang='lat' dir='ltr'><strong>Nobis</strong></span> <span class='ocrx_word' id='word_1_585' title='bbox 3273 3289 3451 3332; x_wconf 90' lang='lat' dir='ltr'><strong>autem</strong></span> <span class='ocrx_word' id='word_1_586' title='bbox 3493 3278 3748 3332; x_wconf 85' lang='lat' dir='ltr'><strong>revelavit</strong></span> 
     </span>
    </p>
   </div>
   <div class='ocr_carea' id='block_1_78' title="bbox 2186 3370 3748 3440">
    <p class='ocr_par' dir='ltr' id='par_1_78' title="bbox 2186 3370 3748 3440">
     <span class='ocr_line' id='line_1_78' title="bbox 2186 3370 3748 3440; baseline -0.001 -17"><span class='ocrx_word' id='word_1_587' title='bbox 2186 3370 2326 3425; x_wconf 84' lang='lat' dir='ltr'><strong>Deus</strong></span> <span class='ocrx_word' id='word_1_588' title='bbox 2343 3385 2438 3439; x_wconf 91' lang='lat' dir='ltr'><strong>per</strong></span> <span class='ocrx_word' id='word_1_589' title='bbox 2454 3370 2718 3440; x_wconf 86' lang='lat' dir='ltr'><strong>Spiritum</strong></span> <span class='ocrx_word' id='word_1_590' title='bbox 2749 3386 2904 3424; x_wconf 88' lang='lat' dir='ltr'><strong>suum</strong></span> <span class='ocrx_word' id='word_1_591' title='bbox 2932 3387 2945 3423; x_wconf 91' lang='lat'>:</span> <span class='ocrx_word' id='word_1_592' title='bbox 2973 3370 3205 3439; x_wconf 84' lang='lat' dir='ltr'><strong>Spiritus</strong></span> <span class='ocrx_word' id='word_1_593' title='bbox 3226 3372 3368 3424; x_wconf 90' lang='lat' dir='ltr'><strong>enim</strong></span> <span class='ocrx_word' id='word_1_594' title='bbox 3393 3370 3573 3423; x_wconf 90' lang='lat' dir='ltr'><strong>omnia</strong></span> <span class='ocrx_word' id='word_1_595' title='bbox 3595 3383 3748 3425; x_wconf 86' lang='lat' dir='ltr'><strong>scru-</strong></span> 
     </span>
    </p>
   </div>
   <div class='ocr_carea' id='block_1_79' title="bbox 2185 3461 3749 3531">
    <p class='ocr_par' dir='ltr' id='par_1_79' title="bbox 2185 3461 3749 3531">
     <span class='ocr_line' id='line_1_79' title="bbox 2185 3461 3749 3531; baseline -0.003 -13"><span class='ocrx_word' id='word_1_596' title='bbox 2185 3475 2352 3529; x_wconf 91' lang='lat' dir='ltr'><strong>tatur,</strong></span> <span class='ocrx_word' id='word_1_597' title='bbox 2404 3465 2566 3517; x_wconf 91' lang='lat' dir='ltr'><strong>etiatu</strong></span> <span class='ocrx_word' id='word_1_598' title='bbox 2610 3463 2715 3516; x_wconf 89' lang='lat' dir='ltr'><strong>alta</strong></span> <span class='ocrx_word' id='word_1_599' title='bbox 2759 3463 2851 3516; x_wconf 92' lang='lat' dir='ltr'><strong>Dei</strong></span> <span class='ocrx_word' id='word_1_600' title='bbox 2882 3463 2948 3516; x_wconf 80' lang='grc'><strong>⁸⁵.</strong></span> <span class='ocrx_word' id='word_1_601' title='bbox 2990 3481 3009 3514; x_wconf 74' lang='grc' dir='ltr'><strong>ι</strong></span> <span class='ocrx_word' id='word_1_602' title='bbox 3045 3463 3399 3531; x_wconf 88' lang='lat' dir='ltr'><strong>Signilicatur</strong></span> <span class='ocrx_word' id='word_1_603' title='bbox 3453 3461 3644 3529; x_wconf 87' lang='lat' dir='ltr'><strong>igitur,</strong></span> <span class='ocrx_word' id='word_1_604' title='bbox 3689 3471 3749 3513; x_wconf 89' lang='lat' dir='ltr'><strong>ut</strong></span> 
     </span>
    </p>
   </div>
   <div class='ocr_carea' id='block_1_80' title="bbox 2182 3552 3745 3623">
    <p class='ocr_par' dir='ltr' id='par_1_80' title="bbox 2182 3552 3745 3623">
     <span class='ocr_line' id='line_1_80' title="bbox 2182 3552 3745 3623; baseline -0.002 -17"><span class='ocrx_word' id='word_1_605' title='bbox 2182 3568 2285 3623; x_wconf 90' lang='lat' dir='ltr'><strong>ego</strong></span> <span class='ocrx_word' id='word_1_606' title='bbox 2319 3554 2575 3617; x_wconf 88' lang='lat' dir='ltr'><strong>arbitror,</strong></span> <span class='ocrx_word' id='word_1_607' title='bbox 2605 3555 2655 3606; x_wconf 89' lang='lat' dir='ltr'><strong>iii</strong></span> <span class='ocrx_word' id='word_1_608' title='bbox 2686 3554 2790 3608; x_wconf 87' lang='lat' dir='ltr'><strong>isto</strong></span> <span class='ocrx_word' id='word_1_609' title='bbox 2807 3554 3207 3623; x_wconf 88' lang='lat' dir='ltr'><strong>pr0pitialorio,</strong></span> <span class='ocrx_word' id='word_1_610' title='bbox 3236 3554 3336 3605; x_wconf 90' lang='lat' dir='ltr'><strong>hoc</strong></span> <span class='ocrx_word' id='word_1_611' title='bbox 3366 3562 3449 3606; x_wconf 88' lang='lat' dir='ltr'><strong>est</strong></span> <span class='ocrx_word' id='word_1_612' title='bbox 3487 3553 3539 3604; x_wconf 88' lang='lat' dir='ltr'><strong>itt</strong></span> <span class='ocrx_word' id='word_1_613' title='bbox 3564 3552 3745 3604; x_wconf 85' lang='lat' dir='ltr'><strong>anima</strong></span> 
     </span>
    </p>
   </div>
   <div class='ocr_carea' id='block_1_81' title="bbox 2179 3643 3745 3716">
    <p class='ocr_par' dir='ltr' id='par_1_81' title="bbox 2179 3643 3745 3716">
     <span class='ocr_line' id='line_1_81' title="bbox 2179 3643 3745 3716; baseline -0.004 -17"><span class='ocrx_word' id='word_1_614' title='bbox 2179 3643 2329 3709; x_wconf 77' lang='lat' dir='ltr'><strong>Jesu,</strong></span> <span class='ocrx_word' id='word_1_615' title='bbox 2357 3646 2588 3700; x_wconf 80' lang='lat' dir='ltr'><strong>Verbum</strong></span> <span class='ocrx_word' id='word_1_616' title='bbox 2624 3645 2736 3705; x_wconf 85' lang='lat' dir='ltr'><strong>Dei,</strong></span> <span class='ocrx_word' id='word_1_617' title='bbox 2763 3647 2852 3713; x_wconf 92' lang='lat' dir='ltr'><strong>qui</strong></span> <span class='ocrx_word' id='word_1_618' title='bbox 2883 3647 3292 3716; x_wconf 85' lang='lat' dir='ltr'><strong>estunigenitus</strong></span> <span class='ocrx_word' id='word_1_619' title='bbox 3322 3644 3512 3708; x_wconf 85' lang='lat' dir='ltr'><strong>Filius,</strong></span> <span class='ocrx_word' id='word_1_620' title='bbox 3536 3653 3592 3698; x_wconf 87' lang='lat' dir='ltr'><strong>et</strong></span> <span class='ocrx_word' id='word_1_621' title='bbox 3620 3643 3745 3711; x_wconf 88' lang='lat' dir='ltr'><strong>Spi-</strong></span> 
     </span>
    </p>
   </div>
   <div class='ocr_carea' id='block_1_82' title="bbox 2181 3736 3745 3806">
    <p class='ocr_par' dir='ltr' id='par_1_82' title="bbox 2181 3736 3745 3806">
     <span class='ocr_line' id='line_1_82' title="bbox 2181 3736 3745 3806; baseline -0.001 -17"><span class='ocrx_word' id='word_1_622' title='bbox 2181 3737 2344 3789; x_wconf 90' lang='lat' dir='ltr'><strong>ritum</strong></span> <span class='ocrx_word' id='word_1_623' title='bbox 2382 3736 2499 3806; x_wconf 87' lang='lat' dir='ltr'><strong>ejus</strong></span> <span class='ocrx_word' id='word_1_624' title='bbox 2545 3746 2790 3790; x_wconf 86' lang='lat' dir='ltr'><strong>sanctum</strong></span> <span class='ocrx_word' id='word_1_625' title='bbox 2831 3753 3045 3806; x_wconf 84' lang='lat' dir='ltr'><strong>semper</strong></span> <span class='ocrx_word' id='word_1_626' title='bbox 3095 3739 3384 3790; x_wconf 86' lang='lat' dir='ltr'><strong>habitare:</strong></span> <span class='ocrx_word' id='word_1_627' title='bbox 3425 3746 3480 3788; x_wconf 91' lang='lat' dir='ltr'><strong>et</strong></span> <span class='ocrx_word' id='word_1_628' title='bbox 3518 3737 3620 3790; x_wconf 91' lang='lat' dir='ltr'><strong>hoc</strong></span> <span class='ocrx_word' id='word_1_629' title='bbox 3660 3745 3745 3788; x_wconf 89' lang='lat' dir='ltr'><strong>est</strong></span> 
     </span>
    </p>
   </div>
   <div class='ocr_carea' id='block_1_83' title="bbox 2179 3816 3806 3898">
    <p class='ocr_par' dir='ltr' id='par_1_83' title="bbox 2179 3816 3806 3898">
     <span class='ocr_line' id='line_1_83' title="bbox 2179 3816 3806 3898; baseline 0.001 -19"><span class='ocrx_word' id='word_1_630' title='bbox 2179 3828 2324 3897; x_wconf 82' lang='lat' dir='ltr'><strong>quod</strong></span> <span class='ocrx_word' id='word_1_631' title='bbox 2351 3828 2597 3882; x_wconf 90' lang='lat' dir='ltr'><strong>indicant</strong></span> <span class='ocrx_word' id='word_1_632' title='bbox 2627 3829 2736 3882; x_wconf 93' lang='lat' dir='ltr'><strong>duo</strong></span> <span class='ocrx_word' id='word_1_633' title='bbox 2768 3827 3034 3882; x_wconf 86' lang='lat' dir='ltr'><strong>cherubin</strong></span> <span class='ocrx_word' id='word_1_634' title='bbox 3066 3828 3444 3898; x_wconf 88' lang='lat' dir='ltr'><strong>pr0pitiatorio</strong></span> <span class='ocrx_word' id='word_1_635' title='bbox 3476 3841 3743 3897; x_wconf 84' lang='lat' dir='ltr'><strong>superpo-</strong></span> <span class='ocrx_word' id='word_1_636' title='bbox 3803 3816 3806 3818; x_wconf 63' lang='grc'><em>’</em></span> 
     </span>
    </p>
   </div>
   <div class='ocr_carea' id='block_1_84' title="bbox 2177 3919 3744 3989">
    <p class='ocr_par' dir='ltr' id='par_1_84' title="bbox 2177 3919 3744 3989">
     <span class='ocr_line' id='line_1_84' title="bbox 2177 3919 3744 3989; baseline 0.001 -16"><span class='ocrx_word' id='word_1_637' title='bbox 2177 3919 2305 3973; x_wconf 88' lang='lat' dir='ltr'><strong>sita.</strong></span> <span class='ocrx_word' id='word_1_638' title='bbox 2343 3919 2447 3987; x_wconf 82' lang='lat' dir='ltr'><strong>Sed</strong></span> <span class='ocrx_word' id='word_1_639' title='bbox 2479 3929 2550 3972; x_wconf 91' lang='lat' dir='ltr'><strong>et.</strong></span> <span class='ocrx_word' id='word_1_640' title='bbox 2575 3919 2705 3973; x_wconf 91' lang='lat' dir='ltr'><strong>illud</strong></span> <span class='ocrx_word' id='word_1_641' title='bbox 2740 3920 3002 3989; x_wconf 88' lang='lat' dir='ltr'><strong>observa,</strong></span> <span class='ocrx_word' id='word_1_642' title='bbox 3050 3921 3193 3987; x_wconf 88' lang='lat' dir='ltr'><strong>quod</strong></span> <span class='ocrx_word' id='word_1_643' title='bbox 3233 3935 3336 3974; x_wconf 92' lang='lat' dir='ltr'><strong>non</strong></span> <span class='ocrx_word' id='word_1_644' title='bbox 3378 3919 3517 3973; x_wconf 83' lang='lat' dir='ltr'><strong>dixit</strong></span> <span class='ocrx_word' id='word_1_645' title='bbox 3549 3936 3564 3974; x_wconf 88' lang='lat'><strong>:</strong></span> <span class='ocrx_word' id='word_1_646' title='bbox 3605 3921 3744 3974; x_wconf 81' lang='lat' dir='ltr'><strong>Che-</strong></span> 
     </span>
    </p>
   </div>
   <div class='ocr_carea' id='block_1_85' title="bbox 2178 4002 3743 4073">
    <p class='ocr_par' dir='ltr' id='par_1_85' title="bbox 2178 4002 3743 4073">
     <span class='ocr_line' id='line_1_85' title="bbox 2178 4002 3743 4073; baseline 0 -10"><span class='ocrx_word' id='word_1_647' title='bbox 2178 4010 2334 4063; x_wconf 86' lang='lat' dir='ltr'><strong>rubin</strong></span> <span class='ocrx_word' id='word_1_648' title='bbox 2369 4027 2533 4063; x_wconf 88' lang='lat' dir='ltr'><strong>untttn</strong></span> <span class='ocrx_word' id='word_1_649' title='bbox 2563 4025 2628 4065; x_wconf 84' lang='lat' dir='ltr'><strong>ex</strong></span> <span class='ocrx_word' id='word_1_650' title='bbox 2665 4011 2832 4064; x_wconf 88' lang='lat' dir='ltr'><strong>latere</strong></span> <span class='ocrx_word' id='word_1_651' title='bbox 2859 4013 3074 4073; x_wconf 86' lang='lat' dir='ltr'><strong>dextro,</strong></span> <span class='ocrx_word' id='word_1_652' title='bbox 3107 4021 3161 4064; x_wconf 88' lang='lat' dir='ltr'><strong>et</strong></span> <span class='ocrx_word' id='word_1_653' title='bbox 3192 4002 3458 4065; x_wconf 66' lang='lat' dir='ltr'><strong>cherubin</strong></span> <span class='ocrx_word' id='word_1_654' title='bbox 3489 4009 3634 4064; x_wconf 82' lang='lat' dir='ltr'><strong>aliud</strong></span> <span class='ocrx_word' id='word_1_655' title='bbox 3672 4024 3743 4064; x_wconf 74' lang='lat' dir='ltr'><strong>ex</strong></span> 
     </span>
    </p>
   </div>
   <div class='ocr_carea' id='block_1_86' title="bbox 2177 4098 3740 4166">
    <p class='ocr_par' dir='ltr' id='par_1_86' title="bbox 2177 4098 3740 4166">
     <span class='ocr_line' id='line_1_86' title="bbox 2177 4098 3740 4166; baseline 0.002 -14"><span class='ocrx_word' id='word_1_656' title='bbox 2177 4098 2354 4156; x_wconf 88' lang='lat' dir='ltr'><strong>latere</strong></span> <span class='ocrx_word' id='word_1_657' title='bbox 2388 4102 2650 4166; x_wconf 89' lang='lat' dir='ltr'><strong>sinistro;</strong></span> <span class='ocrx_word' id='word_1_658' title='bbox 2685 4107 2779 4156; x_wconf 87' lang='lat' dir='ltr'><strong>sed</strong></span> <span class='ocrx_word' id='word_1_659' title='bbox 2817 4104 2892 4154; x_wconf 90' lang='lat' dir='ltr'><strong>ait</strong></span> <span class='ocrx_word' id='word_1_660' title='bbox 2925 4120 2936 4155; x_wconf 95' lang='lat'>:</span> <span class='ocrx_word' id='word_1_661' title='bbox 2976 4121 2993 4152; x_wconf 83' lang='grc' dir='ltr'><strong>ι</strong></span> <span class='ocrx_word' id='word_1_662' title='bbox 3026 4102 3298 4156; x_wconf 88' lang='lat' dir='ltr'><strong>Cherubin</strong></span> <span class='ocrx_word' id='word_1_663' title='bbox 3345 4117 3509 4155; x_wconf 91' lang='lat' dir='ltr'><strong>unum</strong></span> <span class='ocrx_word' id='word_1_664' title='bbox 3541 4116 3610 4155; x_wconf 80' lang='lat' dir='ltr'><strong>ex</strong></span> <span class='ocrx_word' id='word_1_665' title='bbox 3658 4101 3740 4155; x_wconf 89' lang='lat' dir='ltr'><strong>la-</strong></span> 
     </span>
    </p>
   </div>
   <div class='ocr_carea' id='block_1_87' title="bbox 2179 4193 3749 4253">
    <p class='ocr_par' dir='ltr' id='par_1_87' title="bbox 2179 4193 3749 4253">
     <span class='ocr_line' id='line_1_87' title="bbox 2179 4193 3749 4253; baseline 0 -9"><span class='ocrx_word' id='word_1_666' title='bbox 2179 4200 2293 4246; x_wconf 88' lang='lat' dir='ltr'><strong>tere</strong></span> <span class='ocrx_word' id='word_1_667' title='bbox 2342 4193 2474 4253; x_wconf 84' lang='lat' dir='ltr'><strong>hoc,</strong></span> <span class='ocrx_word' id='word_1_668' title='bbox 2513 4203 2568 4246; x_wconf 90' lang='lat' dir='ltr'><strong>et</strong></span> <span class='ocrx_word' id='word_1_669' title='bbox 2605 4195 2868 4247; x_wconf 85' lang='lat' dir='ltr'><strong>cherubin</strong></span> <span class='ocrx_word' id='word_1_670' title='bbox 2923 4194 3067 4247; x_wconf 90' lang='lat' dir='ltr'><strong>aliud</strong></span> <span class='ocrx_word' id='word_1_671' title='bbox 3109 4209 3176 4248; x_wconf 81' lang='lat' dir='ltr'><strong>ex</strong></span> <span class='ocrx_word' id='word_1_672' title='bbox 3222 4193 3390 4248; x_wconf 89' lang='lat' dir='ltr'><strong>latere</strong></span> <span class='ocrx_word' id='word_1_673' title='bbox 3436 4193 3666 4247; x_wconf 69' lang='lat' dir='ltr'><strong>alterozi</strong></span> <span class='ocrx_word' id='word_1_674' title='bbox 3689 4199 3749 4244; x_wconf 94' lang='lat' dir='ltr'><strong>ut</strong></span> 
     </span>
    </p>
   </div>
   <div class='ocr_carea' id='block_1_88' title="bbox 2173 4283 3738 4353">
    <p class='ocr_par' dir='ltr' id='par_1_88' title="bbox 2173 4283 3738 4353">
     <span class='ocr_line' id='line_1_88' title="bbox 2173 4283 3738 4353; baseline -0.001 -15"><span class='ocrx_word' id='word_1_675' title='bbox 2173 4283 2490 4338; x_wconf 88' lang='lat' dir='ltr'><strong>ostenderet</strong></span> <span class='ocrx_word' id='word_1_676' title='bbox 2521 4285 2576 4338; x_wconf 91' lang='lat' dir='ltr'><strong>in</strong></span> <span class='ocrx_word' id='word_1_677' title='bbox 2617 4285 2708 4338; x_wconf 87' lang='lat' dir='ltr'><strong>illo</strong></span> <span class='ocrx_word' id='word_1_678' title='bbox 2739 4284 3152 4353; x_wconf 86' lang='lat' dir='ltr'><strong>propitiatorio,</strong></span> <span class='ocrx_word' id='word_1_679' title='bbox 3206 4285 3309 4340; x_wconf 92' lang='lat' dir='ltr'><strong>hoc</strong></span> <span class='ocrx_word' id='word_1_680' title='bbox 3339 4294 3424 4339; x_wconf 90' lang='lat' dir='ltr'><strong>est</strong></span> <span class='ocrx_word' id='word_1_681' title='bbox 3463 4286 3518 4339; x_wconf 93' lang='lat' dir='ltr'><strong>in</strong></span> <span class='ocrx_word' id='word_1_682' title='bbox 3559 4284 3738 4338; x_wconf 87' lang='lat' dir='ltr'><strong>anima</strong></span> 
     </span>
    </p>
   </div>
   <div class='ocr_carea' id='block_1_89' title="bbox 2173 4375 3742 4446">
    <p class='ocr_par' dir='ltr' id='par_1_89' title="bbox 2173 4375 3742 4446">
     <span class='ocr_line' id='line_1_89' title="bbox 2173 4375 3742 4446; baseline -0.001 -16"><span class='ocrx_word' id='word_1_683' title='bbox 2173 4375 2398 4445; x_wconf 86' lang='lat' dir='ltr'><strong>Christi,</strong></span> <span class='ocrx_word' id='word_1_684' title='bbox 2429 4377 2710 4432; x_wconf 87' lang='lat' dir='ltr'><strong>sinistrum</strong></span> <span class='ocrx_word' id='word_1_685' title='bbox 2753 4378 2883 4431; x_wconf 93' lang='lat' dir='ltr'><strong>nihil</strong></span> <span class='ocrx_word' id='word_1_686' title='bbox 2922 4376 3109 4432; x_wconf 82' lang='lat' dir='ltr'><strong>fuisse.</strong></span> <span class='ocrx_word' id='word_1_687' title='bbox 3138 4377 3481 4431; x_wconf 89' lang='lat' dir='ltr'><strong>Suntautem</strong></span> <span class='ocrx_word' id='word_1_688' title='bbox 3513 4386 3568 4432; x_wconf 91' lang='lat' dir='ltr'><strong>et</strong></span> <span class='ocrx_word' id='word_1_689' title='bbox 3607 4391 3742 4446; x_wconf 90' lang='lat' dir='ltr'><strong>pen-</strong></span> 
     </span>
    </p>
   </div>
   <div class='ocr_carea' id='block_1_90' title="bbox 502 4455 3738 4534">
    <p class='ocr_par' dir='ltr' id='par_1_90' title="bbox 502 4455 3738 4534">
     <span class='ocr_line' id='line_1_90' title="bbox 502 4455 3738 4534; baseline 0 -18"><span class='ocrx_word' id='word_1_690' title='bbox 502 4476 626 4532; x_wconf 62' lang='lat' dir='ltr'><strong>qua</strong></span> <span class='ocrx_word' id='word_1_691' title='bbox 648 4460 873 4518; x_wconf 91' lang='lat' dir='ltr'><strong>inferior</strong></span> <span class='ocrx_word' id='word_1_692' title='bbox 918 4463 1134 4532; x_wconf 86' lang='lat' dir='ltr'><strong>quidem</strong></span> <span class='ocrx_word' id='word_1_693' title='bbox 1160 4465 1290 4519; x_wconf 90' lang='lat' dir='ltr'><strong>sita</strong></span> <span class='ocrx_word' id='word_1_694' title='bbox 1318 4466 1600 4522; x_wconf 87' lang='lat' dir='ltr'><strong>Trinitatis</strong></span> <span class='ocrx_word' id='word_1_695' title='bbox 1630 4478 1819 4522; x_wconf 88' lang='lat' dir='ltr'><strong>natura</strong></span> <span class='ocrx_word' id='word_1_696' title='bbox 1845 4507 1862 4534; x_wconf 91' lang='lat'><strong>,</strong></span> <span class='ocrx_word' id='word_1_697' title='bbox 1895 4471 2072 4524; x_wconf 89' lang='lat' dir='ltr'><strong>minus</strong></span> <span class='ocrx_word' id='word_1_698' title='bbox 2107 4455 2146 4509; x_wconf 76' lang='grc' dir='ltr'>θ</span> <span class='ocrx_word' id='word_1_699' title='bbox 2181 4479 2310 4522; x_wconf 89' lang='lat' dir='ltr'><strong>nata</strong></span> <span class='ocrx_word' id='word_1_700' title='bbox 2350 4469 2457 4523; x_wconf 89' lang='lat' dir='ltr'><strong>duo</strong></span> <span class='ocrx_word' id='word_1_701' title='bbox 2507 4469 2619 4522; x_wconf 71' lang='lat' dir='ltr'><strong>hinc</strong></span> <span class='ocrx_word' id='word_1_702' title='bbox 2659 4468 2953 4532; x_wconf 86' lang='lat' dir='ltr'><strong>cherubin;</strong></span> <span class='ocrx_word' id='word_1_703' title='bbox 2997 4477 3051 4521; x_wconf 92' lang='lat' dir='ltr'><strong>et</strong></span> <span class='ocrx_word' id='word_1_704' title='bbox 3096 4482 3201 4520; x_wconf 90' lang='lat' dir='ltr'><strong>non</strong></span> <span class='ocrx_word' id='word_1_705' title='bbox 3244 4467 3420 4521; x_wconf 91' lang='lat' dir='ltr'><strong>solum</strong></span> <span class='ocrx_word' id='word_1_706' title='bbox 3461 4473 3690 4534; x_wconf 87' lang='lat' dir='ltr'><strong>pennata</strong></span> <span class='ocrx_word' id='word_1_707' title='bbox 3721 4502 3738 4527; x_wconf 91' lang='lat'><strong>,</strong></span> 
     </span>
    </p>
   </div>
   <div class='ocr_carea' id='block_1_91' title="bbox 502 4554 2069 4629">
    <p class='ocr_par' dir='ltr' id='par_1_91' title="bbox 502 4554 2069 4629">
     <span class='ocr_line' id='line_1_91' title="bbox 502 4554 2069 4629; baseline 0.004 -20"><span class='ocrx_word' id='word_1_708' title='bbox 502 4554 708 4624; x_wconf 85' lang='lat' dir='ltr'><strong>aliquid</strong></span> <span class='ocrx_word' id='word_1_709' title='bbox 731 4554 955 4621; x_wconf 86' lang='lat' dir='ltr'><strong>habens,</strong></span> <span class='ocrx_word' id='word_1_710' title='bbox 986 4570 1086 4612; x_wconf 89' lang='lat' dir='ltr'><strong>nee</strong></span> <span class='ocrx_word' id='word_1_711' title='bbox 1118 4569 1293 4612; x_wconf 89' lang='lat' dir='ltr'><strong>tamen</strong></span> <span class='ocrx_word' id='word_1_712' title='bbox 1329 4573 1448 4612; x_wconf 90' lang='lat' dir='ltr'><strong>cum</strong></span> <span class='ocrx_word' id='word_1_713' title='bbox 1478 4559 1602 4613; x_wconf 87' lang='lat' dir='ltr'><strong>inde</strong></span> <span class='ocrx_word' id='word_1_714' title='bbox 1627 4561 1770 4613; x_wconf 86' lang='lat' dir='ltr'><strong>infra</strong></span> <span class='ocrx_word' id='word_1_715' title='bbox 1803 4562 1896 4629; x_wconf 91' lang='lat' dir='ltr'><strong>sit,</strong></span> <span class='ocrx_word' id='word_1_716' title='bbox 1928 4564 2069 4616; x_wconf 87' lang='lat' dir='ltr'><strong>duali</strong></span> 
     </span>
    </p>
   </div>
   <div class='ocr_carea' id='block_1_92' title="bbox 501 4647 2071 4724">
    <p class='ocr_par' dir='ltr' id='par_1_92' title="bbox 501 4647 2071 4724">
     <span class='ocr_line' id='line_1_92' title="bbox 501 4647 2071 4724; baseline 0.006 -23"><span class='ocrx_word' id='word_1_717' title='bbox 501 4661 729 4703; x_wconf 89' lang='lat' dir='ltr'><strong>numero</strong></span> <span class='ocrx_word' id='word_1_718' title='bbox 744 4648 832 4718; x_wconf 90' lang='lat' dir='ltr'><strong>qui</strong></span> <span class='ocrx_word' id='word_1_719' title='bbox 849 4647 904 4701; x_wconf 92' lang='lat' dir='ltr'><strong>in</strong></span> <span class='ocrx_word' id='word_1_720' title='bbox 930 4663 1160 4720; x_wconf 87' lang='lat' dir='ltr'><strong>corpore</strong></span> <span class='ocrx_word' id='word_1_721' title='bbox 1181 4650 1369 4716; x_wconf 90' lang='lat' dir='ltr'><strong>positis</strong></span> <span class='ocrx_word' id='word_1_722' title='bbox 1395 4649 1687 4720; x_wconf 88' lang='lat' dir='ltr'><strong>deputatur</strong></span> <span class='ocrx_word' id='word_1_723' title='bbox 1711 4654 1848 4724; x_wconf 85' lang='lat'><strong>(79),</strong></span> <span class='ocrx_word' id='word_1_724' title='bbox 1869 4655 2071 4724; x_wconf 86' lang='lat' dir='ltr'><strong>absque</strong></span> 
     </span>
    </p>
   </div>
   <div class='ocr_carea' id='block_1_93' title="bbox 499 4741 2066 4811">
    <p class='ocr_par' dir='ltr' id='par_1_93' title="bbox 499 4741 2066 4811">
     <span class='ocr_line' id='line_1_93' title="bbox 499 4741 2066 4811; baseline 0.004 -15"><span class='ocrx_word' id='word_1_725' title='bbox 499 4741 700 4796; x_wconf 83' lang='lat' dir='ltr'><strong>eximia</strong></span> <span class='ocrx_word' id='word_1_726' title='bbox 737 4750 792 4796; x_wconf 91' lang='lat' dir='ltr'><strong>et</strong></span> <span class='ocrx_word' id='word_1_727' title='bbox 822 4743 1150 4811; x_wconf 66' lang='lat' dir='ltr'><strong>praecellenti</strong></span> <span class='ocrx_word' id='word_1_728' title='bbox 1205 4745 1464 4800; x_wconf 91' lang='lat' dir='ltr'><strong>virtutum</strong></span> <span class='ocrx_word' id='word_1_729' title='bbox 1503 4762 1728 4802; x_wconf 86' lang='lat' dir='ltr'><strong>suarum</strong></span> <span class='ocrx_word' id='word_1_730' title='bbox 1767 4748 2066 4804; x_wconf 85' lang='lat' dir='ltr'><strong>eminentia</strong></span> 
     </span>
    </p>
   </div>
   <div class='ocr_carea' id='block_1_94' title="bbox 500 4831 2068 4907">
    <p class='ocr_par' dir='ltr' id='par_1_94' title="bbox 500 4831 2068 4907">
     <span class='ocr_line' id='line_1_94' title="bbox 500 4831 2068 4907; baseline 0.005 -20"><span class='ocrx_word' id='word_1_731' title='bbox 500 4831 810 4888; x_wconf 74' lang='lat' dir='ltr'><strong>misceatur.</strong></span> <span class='ocrx_word' id='word_1_732' title='bbox 836 4833 948 4888; x_wconf 84' lang='lat' dir='ltr'><strong>Hoc</strong></span> <span class='ocrx_word' id='word_1_733' title='bbox 976 4835 1120 4890; x_wconf 86' lang='lat' dir='ltr'><strong>euint</strong></span> <span class='ocrx_word' id='word_1_734' title='bbox 1159 4837 1466 4892; x_wconf 87' lang='lat' dir='ltr'><strong>ostenditur</strong></span> <span class='ocrx_word' id='word_1_735' title='bbox 1501 4839 1642 4907; x_wconf 89' lang='lat' dir='ltr'><strong>quod</strong></span> <span class='ocrx_word' id='word_1_736' title='bbox 1671 4853 1922 4894; x_wconf 90' lang='lat' dir='ltr'><strong>mensura</strong></span> <span class='ocrx_word' id='word_1_737' title='bbox 1951 4839 2068 4907; x_wconf 85' lang='lat' dir='ltr'><strong>ejus</strong></span> 
     </span>
    </p>
   </div>
   <div class='ocr_carea' id='block_1_95' title="bbox 569 4995 1748 5068">
    <p class='ocr_par' dir='ltr' id='par_1_95' title="bbox 569 4995 1748 5068">
     <span class='ocr_line' id='line_1_95' title="bbox 569 4995 1748 5068; baseline 0.005 -18"><span class='ocrx_word' id='word_1_738' title='bbox 569 4995 802 5052; x_wconf 67' lang='lat' dir='ltr'><strong>“Exod.</strong></span> <span class='ocrx_word' id='word_1_739' title='bbox 825 5013 959 5062; x_wconf 78' lang='lat' dir='ltr'><strong>xxv,</strong></span> <span class='ocrx_word' id='word_1_740' title='bbox 989 5000 1058 5053; x_wconf 73' lang='grc'>17</span> <span class='ocrx_word' id='word_1_741' title='bbox 1083 5015 1197 5068; x_wconf 87' lang='lat' dir='ltr'><strong>seq.</strong></span> <span class='ocrx_word' id='word_1_742' title='bbox 1274 5002 1320 5037; x_wconf 77' lang='grc'><strong>⁵⁸</strong></span> <span class='ocrx_word' id='word_1_743' title='bbox 1349 5001 1504 5056; x_wconf 76' lang='lat' dir='ltr'><strong>Boni.</strong></span> <span class='ocrx_word' id='word_1_744' title='bbox 1543 5019 1625 5065; x_wconf 87' lang='grc' dir='ltr'>ιιι.</span> <span class='ocrx_word' id='word_1_745' title='bbox 1656 5005 1748 5058; x_wconf 71' lang='lat'><strong>‘25.</strong></span> 
     </span>
    </p>
   </div>
   <div class='ocr_carea' id='block_1_96' title="bbox 488 5069 1905 5140">
    <p class='ocr_par' dir='ltr' id='par_1_96' title="bbox 488 5069 1905 5140">
     <span class='ocr_line' id='line_1_96' title="bbox 488 5069 1905 5140; baseline 0.005 -18"><span class='ocrx_word' id='word_1_746' title='bbox 488 5083 625 5136; x_wconf 52' lang='lat' dir='ltr'><strong>,xxv,</strong></span> <span class='ocrx_word' id='word_1_747' title='bbox 659 5070 747 5136; x_wconf 78' lang='grc'><strong>18,</strong></span> <span class='ocrx_word' id='word_1_748' title='bbox 777 5070 862 5125; x_wconf 77' lang='grc'><strong>19.</strong></span> <span class='ocrx_word' id='word_1_749' title='bbox 941 5069 986 5100; x_wconf 63' lang='grc' dir='ltr'>εδ</span> <span class='ocrx_word' id='word_1_750' title='bbox 1012 5070 1220 5125; x_wconf 83' lang='lat' dir='ltr'><strong>Coloss.</strong></span> <span class='ocrx_word' id='word_1_751' title='bbox 1249 5087 1309 5137; x_wconf 89' lang='lat' dir='ltr'><strong>ll,</strong></span> <span class='ocrx_word' id='word_1_752' title='bbox 1335 5073 1390 5127; x_wconf 81' lang='grc'><strong>5.</strong></span> <span class='ocrx_word' id='word_1_753' title='bbox 1464 5072 1548 5126; x_wconf 74' lang='lat' dir='ltr'><strong>&quot;l</strong></span> <span class='ocrx_word' id='word_1_754' title='bbox 1577 5073 1705 5132; x_wconf 87' lang='lat' dir='ltr'><strong>Cor.</strong></span> <span class='ocrx_word' id='word_1_755' title='bbox 1743 5089 1801 5140; x_wconf 90' lang='lat' dir='ltr'><strong>ll,</strong></span> <span class='ocrx_word' id='word_1_756' title='bbox 1821 5074 1905 5129; x_wconf 66' lang='lat'><strong>&#39;10.</strong></span> 
     </span>
    </p>
   </div>
   <div class='ocr_carea' id='block_1_97' title="bbox 567 5230 2056 5302">
    <p class='ocr_par' dir='ltr' id='par_1_97' title="bbox 567 5230 2056 5302">
     <span class='ocr_line' id='line_1_97' title="bbox 567 5230 2056 5302; baseline 0.003 -18"><span class='ocrx_word' id='word_1_757' title='bbox 567 5230 688 5302; x_wconf 79' lang='lat'><strong>(&#39;76)</strong></span> <span class='ocrx_word' id='word_1_758' title='bbox 722 5231 838 5302; x_wconf 81' lang='lat' dir='ltr'><strong>AL,</strong></span> <span class='ocrx_word' id='word_1_759' title='bbox 867 5249 886 5282; x_wconf 79' lang='grc' dir='ltr'><strong>ι</strong></span> <span class='ocrx_word' id='word_1_760' title='bbox 929 5230 1104 5286; x_wconf 89' lang='lat' dir='ltr'><strong>Unum</strong></span> <span class='ocrx_word' id='word_1_761' title='bbox 1141 5234 1349 5287; x_wconf 85' lang='lat' dir='ltr'><strong>cherub</strong></span> <span class='ocrx_word' id='word_1_762' title='bbox 1380 5250 1443 5286; x_wconf 85' lang='lat' dir='ltr'><strong>ex</strong></span> <span class='ocrx_word' id='word_1_763' title='bbox 1475 5235 1644 5289; x_wconf 89' lang='lat' dir='ltr'><strong>latere</strong></span> <span class='ocrx_word' id='word_1_764' title='bbox 1665 5235 1793 5297; x_wconf 85' lang='lat' dir='ltr'><strong>hoc,</strong></span> <span class='ocrx_word' id='word_1_765' title='bbox 1827 5245 1881 5289; x_wconf 90' lang='lat' dir='ltr'><strong>et</strong></span> <span class='ocrx_word' id='word_1_766' title='bbox 1913 5235 2056 5288; x_wconf 85' lang='lat' dir='ltr'><strong>aliud</strong></span> 
     </span>
    </p>
   </div>
   <div class='ocr_carea' id='block_1_98' title="bbox 495 5301 2056 5372">
    <p class='ocr_par' dir='ltr' id='par_1_98' title="bbox 495 5301 2056 5372">
     <span class='ocr_line' id='line_1_98' title="bbox 495 5301 2056 5372; baseline 0.003 -18"><span class='ocrx_word' id='word_1_767' title='bbox 495 5301 702 5356; x_wconf 86' lang='lat' dir='ltr'><strong>cherub</strong></span> <span class='ocrx_word' id='word_1_768' title='bbox 728 5318 793 5354; x_wconf 87' lang='lat' dir='ltr'><strong>ex</strong></span> <span class='ocrx_word' id='word_1_769' title='bbox 829 5301 1004 5356; x_wconf 89' lang='lat' dir='ltr'><strong>latere</strong></span> <span class='ocrx_word' id='word_1_770' title='bbox 1029 5305 1202 5359; x_wconf 88' lang='lat' dir='ltr'><strong>altero</strong></span> <span class='ocrx_word' id='word_1_771' title='bbox 1231 5306 1617 5372; x_wconf 82' lang='lat' dir='ltr'><strong>propitiatorii.</strong></span> <span class='ocrx_word' id='word_1_772' title='bbox 1652 5324 1671 5355; x_wconf 75' lang='grc' dir='ltr'><strong>ι</strong></span> <span class='ocrx_word' id='word_1_773' title='bbox 1700 5307 1806 5360; x_wconf 81' lang='lat' dir='ltr'><strong>Sed</strong></span> <span class='ocrx_word' id='word_1_774' title='bbox 1825 5307 1940 5360; x_wconf 70' lang='lat' dir='ltr'><strong>haec</strong></span> <span class='ocrx_word' id='word_1_775' title='bbox 1965 5309 2056 5358; x_wconf 90' lang='lat' dir='ltr'><strong>de-</strong></span> 
     </span>
    </p>
   </div>
   <div class='ocr_carea' id='block_1_99' title="bbox 493 5372 1284 5427">
    <p class='ocr_par' dir='ltr' id='par_1_99' title="bbox 493 5372 1284 5427">
     <span class='ocr_line' id='line_1_99' title="bbox 493 5372 1284 5427; baseline 0.001 -1"><span class='ocrx_word' id='word_1_776' title='bbox 493 5382 623 5426; x_wconf 80' lang='lat' dir='ltr'><strong>sunt</strong></span> <span class='ocrx_word' id='word_1_777' title='bbox 652 5374 704 5426; x_wconf 92' lang='lat' dir='ltr'><strong>in</strong></span> <span class='ocrx_word' id='word_1_778' title='bbox 735 5372 887 5427; x_wconf 90' lang='lat' dir='ltr'><strong>libris</strong></span> <span class='ocrx_word' id='word_1_779' title='bbox 921 5385 1077 5427; x_wconf 88' lang='lat' dir='ltr'><strong>antea</strong></span> <span class='ocrx_word' id='word_1_780' title='bbox 1102 5373 1284 5427; x_wconf 89' lang='lat' dir='ltr'><strong>editis.</strong></span> 
     </span>
    </p>
   </div>
   <div class='ocr_carea' id='block_1_100' title="bbox 562 5442 1599 5578">
    <p class='ocr_par' dir='ltr' id='par_1_100' title="bbox 562 5442 1599 5578">
     <span class='ocr_line' id='line_1_100' title="bbox 562 5442 1599 5578; baseline 0.003 -83"><span class='ocrx_word' id='word_1_781' title='bbox 562 5442 678 5578; x_wconf 64' lang='grc'>(77)</span> <span class='ocrx_word' id='word_1_782' title='bbox 714 5443 882 5512; x_wconf 84' lang='lat' dir='ltr'><strong>Alias,</strong></span> <span class='ocrx_word' id='word_1_783' title='bbox 927 5460 946 5492; x_wconf 75' lang='grc' dir='ltr'><strong>ι</strong></span> <span class='ocrx_word' id='word_1_784' title='bbox 989 5444 1351 5505; x_wconf 88' lang='lat' dir='ltr'><strong>inuotescaut,</strong></span> <span class='ocrx_word' id='word_1_785' title='bbox 1383 5461 1403 5495; x_wconf 79' lang='grc' dir='ltr'><strong>ι</strong></span> <span class='ocrx_word' id='word_1_786' title='bbox 1441 5443 1599 5498; x_wconf 90' lang='lat' dir='ltr'><strong>male.</strong></span> 
     </span>
     <span class='ocr_line' id='line_1_101' title="bbox 562 5513 1589 5578; baseline 0.002 -14"><span class='ocrx_word' id='word_1_787' title='bbox 562 5513 653 5578; x_wconf 83' lang='lat'><strong>(78</strong></span> <span class='ocrx_word' id='word_1_788' title='bbox 716 5513 886 5578; x_wconf 85' lang='lat' dir='ltr'><strong>Alias,</strong></span> <span class='ocrx_word' id='word_1_789' title='bbox 924 5529 944 5562; x_wconf 75' lang='grc' dir='ltr'><strong>ι</strong></span> <span class='ocrx_word' id='word_1_790' title='bbox 976 5527 1142 5578; x_wconf 89' lang='lat' dir='ltr'><strong>opera</strong></span> <span class='ocrx_word' id='word_1_791' title='bbox 1173 5531 1192 5564; x_wconf 77' lang='grc' dir='ltr'><strong>ι</strong></span> <span class='ocrx_word' id='word_1_792' title='bbox 1229 5527 1328 5578; x_wconf 81' lang='lat' dir='ltr'><strong>pro</strong></span> <span class='ocrx_word' id='word_1_793' title='bbox 1351 5531 1370 5563; x_wconf 77' lang='grc' dir='ltr'><strong>ι</strong></span> <span class='ocrx_word' id='word_1_794' title='bbox 1407 5514 1589 5568; x_wconf 88' lang='lat' dir='ltr'><strong>omnia</strong></span> 
     </span>
    </p>
   </div>
   <div class='ocr_carea' id='block_1_101' title="bbox 561 5513 1671 5582">
    <p class='ocr_par' dir='ltr' id='par_1_101' title="bbox 561 5513 1671 5582">
     <span class='ocr_line' id='line_1_102' title="bbox 561 5513 1671 5582; baseline 0.002 -18"><span class='ocrx_word' id='word_1_795' title='bbox 561 5513 676 5582; x_wconf 87' lang='grc'><strong>(78)</strong></span> <span class='ocrx_word' id='word_1_796' title='bbox 716 5513 886 5579; x_wconf 86' lang='lat' dir='ltr'><strong>Alias,</strong></span> <span class='ocrx_word' id='word_1_797' title='bbox 924 5529 944 5562; x_wconf 73' lang='grc' dir='ltr'>ί</span> <span class='ocrx_word' id='word_1_798' title='bbox 976 5527 1142 5581; x_wconf 90' lang='lat' dir='ltr'><strong>opera</strong></span> <span class='ocrx_word' id='word_1_799' title='bbox 1173 5531 1192 5564; x_wconf 76' lang='grc' dir='ltr'><strong>ι</strong></span> <span class='ocrx_word' id='word_1_800' title='bbox 1229 5527 1370 5582; x_wconf 72' lang='lat' dir='ltr'><strong>pret</strong></span> <span class='ocrx_word' id='word_1_801' title='bbox 1407 5514 1614 5570; x_wconf 89' lang='lat' dir='ltr'><strong>omnia.</strong></span> <span class='ocrx_word' id='word_1_802' title='bbox 1652 5534 1671 5566; x_wconf 77' lang='grc' dir='ltr'><strong>ι</strong></span> 
     </span>
    </p>
   </div>
   <div class='ocr_carea' id='block_1_102' title="bbox 560 5581 2060 5653">
    <p class='ocr_par' dir='ltr' id='par_1_102' title="bbox 560 5581 2060 5653">
     <span class='ocr_line' id='line_1_103' title="bbox 560 5581 2060 5653; baseline 0.001 -19"><span class='ocrx_word' id='word_1_803' title='bbox 560 5581 694 5653; x_wconf 80' lang='grc'>(79)</span> <span class='ocrx_word' id='word_1_804' title='bbox 721 5582 810 5636; x_wconf 76' lang='lat' dir='ltr'><strong>Sic</strong></span> <span class='ocrx_word' id='word_1_805' title='bbox 842 5585 1100 5639; x_wconf 84' lang='lat' dir='ltr'><strong>Erasmus</strong></span> <span class='ocrx_word' id='word_1_806' title='bbox 1123 5594 1179 5635; x_wconf 90' lang='lat' dir='ltr'><strong>et</strong></span> <span class='ocrx_word' id='word_1_807' title='bbox 1226 5581 1634 5647; x_wconf 87' lang='lat' dir='ltr'><strong>Geuebrardus,</strong></span> <span class='ocrx_word' id='word_1_808' title='bbox 1667 5595 1722 5638; x_wconf 89' lang='lat' dir='ltr'><strong>et</strong></span> <span class='ocrx_word' id='word_1_809' title='bbox 1755 5595 1904 5642; x_wconf 74' lang='lat' dir='ltr'><strong>necte</strong></span> <span class='ocrx_word' id='word_1_810' title='bbox 1933 5585 2060 5653; x_wconf 89' lang='lat' dir='ltr'><strong>qui-</strong></span> 
     </span>
    </p>
   </div>
   <div class='ocr_carea' id='block_1_103' title="bbox 491 5652 2054 5722">
    <p class='ocr_par' dir='ltr' id='par_1_103' title="bbox 491 5652 2054 5722">
     <span class='ocr_line' id='line_1_104' title="bbox 491 5652 2054 5722; baseline 0.003 -19"><span class='ocrx_word' id='word_1_811' title='bbox 491 5653 637 5722; x_wconf 82' lang='lat' dir='ltr'><strong>dem.</strong></span> <span class='ocrx_word' id='word_1_812' title='bbox 670 5652 861 5707; x_wconf 67' lang='lat' dir='ltr'><strong>Caneri</strong></span> <span class='ocrx_word' id='word_1_813' title='bbox 896 5669 1025 5707; x_wconf 89' lang='lat' dir='ltr'><strong>vero</strong></span> <span class='ocrx_word' id='word_1_814' title='bbox 1048 5654 1175 5706; x_wconf 89' lang='lat' dir='ltr'><strong>editi</strong></span> <span class='ocrx_word' id='word_1_815' title='bbox 1199 5664 1254 5708; x_wconf 90' lang='lat' dir='ltr'><strong>et</strong></span> <span class='ocrx_word' id='word_1_816' title='bbox 1291 5668 1422 5706; x_wconf 86' lang='lat' dir='ltr'><strong>mss.</strong></span> <span class='ocrx_word' id='word_1_817' title='bbox 1457 5657 1630 5708; x_wconf 89' lang='lat' dir='ltr'><strong>nostri</strong></span> <span class='ocrx_word' id='word_1_818' title='bbox 1657 5671 1868 5721; x_wconf 89' lang='lat' dir='ltr'><strong>omnes,</strong></span> <span class='ocrx_word' id='word_1_819' title='bbox 1906 5675 1926 5707; x_wconf 76' lang='grc' dir='ltr'><strong>ι</strong></span> <span class='ocrx_word' id='word_1_820' title='bbox 1953 5652 2054 5722; x_wconf 74' lang='lat' dir='ltr'><strong>qui</strong></span> 
     </span>
    </p>
   </div>
   <div class='ocr_carea' id='block_1_104' title="bbox 494 5720 2055 5792">
    <p class='ocr_par' dir='ltr' id='par_1_104' title="bbox 494 5720 2055 5792">
     <span class='ocr_line' id='line_1_105' title="bbox 494 5720 2055 5792; baseline 0.004 -19"><span class='ocrx_word' id='word_1_821' title='bbox 494 5720 547 5773; x_wconf 90' lang='lat' dir='ltr'><strong>in</strong></span> <span class='ocrx_word' id='word_1_822' title='bbox 578 5736 804 5790; x_wconf 86' lang='lat' dir='ltr'><strong>corpore</strong></span> <span class='ocrx_word' id='word_1_823' title='bbox 834 5725 1041 5792; x_wconf 87' lang='lat' dir='ltr'><strong>positus</strong></span> <span class='ocrx_word' id='word_1_824' title='bbox 1071 5726 1378 5782; x_wconf 77' lang='lat' dir='ltr'><strong>deputatur.</strong></span> <span class='ocrx_word' id='word_1_825' title='bbox 1419 5743 1438 5774; x_wconf 75' lang='grc' dir='ltr'><strong>ι</strong></span> <span class='ocrx_word' id='word_1_826' title='bbox 1483 5725 1687 5781; x_wconf 82' lang='lat' dir='ltr'><strong>Deinde</strong></span> <span class='ocrx_word' id='word_1_827' title='bbox 1728 5743 1825 5781; x_wconf 78' lang='lat' dir='ltr'><strong>ius.</strong></span> <span class='ocrx_word' id='word_1_828' title='bbox 1856 5720 2016 5782; x_wconf 80' lang='lat' dir='ltr'><strong>unus</strong></span> <span class='ocrx_word' id='word_1_829' title='bbox 2041 5767 2055 5792; x_wconf 89' lang='lat'><strong>,</strong></span> 
     </span>
    </p>
   </div>
   <div class='ocr_carea' id='block_1_105' title="bbox 1827 4996 3417 5067">
    <p class='ocr_par' dir='ltr' id='par_1_105' title="bbox 1827 4996 3417 5067">
     <span class='ocr_line' id='line_1_106' title="bbox 1827 4996 3417 5067; baseline -0.004 -10"><span class='ocrx_word' id='word_1_830' title='bbox 1827 5005 1870 5035; x_wconf 82' lang='grc'><strong>⁶⁰</strong></span> <span class='ocrx_word' id='word_1_831' title='bbox 1900 5004 2067 5058; x_wconf 87' lang='lat' dir='ltr'><strong>Exod.</strong></span> <span class='ocrx_word' id='word_1_832' title='bbox 2102 5020 2231 5067; x_wconf 80' lang='lat' dir='ltr'><strong>xxv,</strong></span> <span class='ocrx_word' id='word_1_833' title='bbox 2262 5003 2343 5058; x_wconf 84' lang='lat' dir='ltr'><strong>l‘l.</strong></span> <span class='ocrx_word' id='word_1_834' title='bbox 2424 5002 2469 5034; x_wconf 75' lang='grc'><strong>⁸⁸</strong></span> <span class='ocrx_word' id='word_1_835' title='bbox 2493 5001 2509 5054; x_wconf 97' lang='lat' dir='ltr'><strong>l</strong></span> <span class='ocrx_word' id='word_1_836' title='bbox 2534 5000 2678 5054; x_wconf 84' lang='lat' dir='ltr'><strong>Petr.</strong></span> <span class='ocrx_word' id='word_1_837' title='bbox 2707 5015 2770 5063; x_wconf 86' lang='lat' dir='ltr'><strong>tt,</strong></span> <span class='ocrx_word' id='word_1_838' title='bbox 2797 4997 2888 5052; x_wconf 74' lang='lat'><strong>22.</strong></span> <span class='ocrx_word' id='word_1_839' title='bbox 2963 4998 3053 5053; x_wconf 71' lang='grc'><strong>⁸³1</strong></span> <span class='ocrx_word' id='word_1_840' title='bbox 3084 4998 3224 5054; x_wconf 88' lang='lat' dir='ltr'><strong>Tim.</strong></span> <span class='ocrx_word' id='word_1_841' title='bbox 3263 5014 3323 5062; x_wconf 86' lang='lat' dir='ltr'><strong>ii,</strong></span> <span class='ocrx_word' id='word_1_842' title='bbox 3361 4996 3417 5051; x_wconf 85' lang='lat'><strong>5.</strong></span> 
     </span>
    </p>
   </div>
   <div class='ocr_carea' id='block_1_106' title="bbox 2016 5074 2400 5141">
    <p class='ocr_par' dir='ltr' id='par_1_106' title="bbox 2016 5074 2400 5141">
     <span class='ocr_line' id='line_1_107' title="bbox 2016 5074 2400 5141; baseline -0.01 -10"><span class='ocrx_word' id='word_1_843' title='bbox 2016 5075 2060 5106; x_wconf 82' lang='lat'><strong>“</strong></span> <span class='ocrx_word' id='word_1_844' title='bbox 2085 5074 2248 5130; x_wconf 66' lang='lat' dir='ltr'><strong>Iosue</strong></span> <span class='ocrx_word' id='word_1_845' title='bbox 2276 5091 2314 5141; x_wconf 85' lang='grc' dir='ltr'>ι,</span> <span class='ocrx_word' id='word_1_846' title='bbox 2348 5074 2400 5128; x_wconf 76' lang='grc' dir='ltr'><strong>ὅ.</strong></span> 
     </span>
    </p>
   </div>
   <div class='ocr_carea' id='block_1_107' title="bbox 2179 4558 3737 4628">
    <p class='ocr_par' dir='ltr' id='par_1_107' title="bbox 2179 4558 3737 4628">
     <span class='ocr_line' id='line_1_108' title="bbox 2179 4558 3737 4628; baseline -0.004 -15"><span class='ocrx_word' id='word_1_847' title='bbox 2179 4560 2273 4613; x_wconf 89' lang='lat' dir='ltr'><strong>sed</strong></span> <span class='ocrx_word' id='word_1_848' title='bbox 2297 4568 2353 4612; x_wconf 89' lang='lat' dir='ltr'><strong>et</strong></span> <span class='ocrx_word' id='word_1_849' title='bbox 2375 4559 2489 4612; x_wconf 88' lang='lat' dir='ltr'><strong>alas</strong></span> <span class='ocrx_word' id='word_1_850' title='bbox 2509 4575 2634 4613; x_wconf 86' lang='lat' dir='ltr'><strong>suas</strong></span> <span class='ocrx_word' id='word_1_851' title='bbox 2658 4559 2968 4628; x_wconf 81' lang='lat' dir='ltr'><strong>pandentia.</strong></span> <span class='ocrx_word' id='word_1_852' title='bbox 3010 4559 3068 4612; x_wconf 87' lang='lat' dir='ltr'><strong>Si</strong></span> <span class='ocrx_word' id='word_1_853' title='bbox 3101 4558 3221 4625; x_wconf 89' lang='lat' dir='ltr'><strong>quis</strong></span> <span class='ocrx_word' id='word_1_854' title='bbox 3251 4566 3560 4612; x_wconf 89' lang='lat' dir='ltr'><strong>sanctorum</strong></span> <span class='ocrx_word' id='word_1_855' title='bbox 3588 4571 3737 4609; x_wconf 83' lang='lat' dir='ltr'><strong>sum—</strong></span> 
     </span>
    </p>
   </div>
   <div class='ocr_carea' id='block_1_108' title="bbox 2177 4647 3740 4718">
    <p class='ocr_par' dir='ltr' id='par_1_108' title="bbox 2177 4647 3740 4718">
     <span class='ocr_line' id='line_1_109' title="bbox 2177 4647 3740 4718; baseline -0.001 -15"><span class='ocrx_word' id='word_1_856' title='bbox 2177 4665 2320 4703; x_wconf 88' lang='lat' dir='ltr'><strong>ntum</strong></span> <span class='ocrx_word' id='word_1_857' title='bbox 2354 4647 2515 4718; x_wconf 80' lang='lat'><strong>515</strong></span> <span class='ocrx_word' id='word_1_858' title='bbox 2549 4651 2750 4704; x_wconf 88' lang='lat' dir='ltr'><strong>habere</strong></span> <span class='ocrx_word' id='word_1_859' title='bbox 2773 4665 2802 4702; x_wconf 88' lang='lat' dir='ltr'><strong>a</strong></span> <span class='ocrx_word' id='word_1_860' title='bbox 2837 4650 2944 4703; x_wconf 86' lang='lat' dir='ltr'><strong>Deo</strong></span> <span class='ocrx_word' id='word_1_861' title='bbox 2978 4649 3343 4718; x_wconf 48' lang='lat' dir='ltr'><strong>testimoniiim</strong></span> <span class='ocrx_word' id='word_1_862' title='bbox 3397 4651 3624 4712; x_wconf 86' lang='lat' dir='ltr'><strong>meruit,</strong></span> <span class='ocrx_word' id='word_1_863' title='bbox 3659 4649 3740 4702; x_wconf 90' lang='lat' dir='ltr'><strong>di-</strong></span> 
     </span>
    </p>
   </div>
   <div class='ocr_carea' id='block_1_109' title="bbox 2173 4738 3736 4822">
    <p class='ocr_par' dir='ltr' id='par_1_109' title="bbox 2173 4738 3736 4822">
     <span class='ocr_line' id='line_1_110' title="bbox 2173 4738 3736 4822; baseline -0.002 -26"><span class='ocrx_word' id='word_1_864' title='bbox 2173 4751 2318 4796; x_wconf 91' lang='lat' dir='ltr'><strong>ctum</strong></span> <span class='ocrx_word' id='word_1_865' title='bbox 2353 4745 2606 4810; x_wconf 82' lang='lat' dir='ltr'><strong>estquod</strong></span> <span class='ocrx_word' id='word_1_866' title='bbox 2640 4741 2782 4796; x_wconf 89' lang='lat' dir='ltr'><strong>Deus</strong></span> <span class='ocrx_word' id='word_1_867' title='bbox 2811 4752 2956 4796; x_wconf 89' lang='lat' dir='ltr'><strong>esset</strong></span> <span class='ocrx_word' id='word_1_868' title='bbox 2997 4757 3121 4796; x_wconf 91' lang='lat' dir='ltr'><strong>eum</strong></span> <span class='ocrx_word' id='word_1_869' title='bbox 3167 4759 3231 4797; x_wconf 87' lang='lat' dir='ltr'><strong>eo</strong></span> <span class='ocrx_word' id='word_1_870' title='bbox 3248 4738 3452 4822; x_wconf 53' lang='grc' dir='ltr'>,ωλι</span> <span class='ocrx_word' id='word_1_871' title='bbox 3497 4743 3562 4795; x_wconf 91' lang='lat' dir='ltr'><strong>de</strong></span> <span class='ocrx_word' id='word_1_872' title='bbox 3608 4738 3736 4794; x_wconf 76' lang='lat' dir='ltr'><strong>Jesu</strong></span> 
     </span>
    </p>
   </div>
   <div class='ocr_carea' id='block_1_110' title="bbox 2172 4833 3740 4908">
    <p class='ocr_par' dir='ltr' id='par_1_110' title="bbox 2172 4833 3740 4908">
     <span class='ocr_line' id='line_1_111' title="bbox 2172 4833 3740 4908; baseline 0.002 -21"><span class='ocrx_word' id='word_1_873' title='bbox 2172 4833 2320 4889; x_wconf 84' lang='lat' dir='ltr'><strong>Nave</strong></span> <span class='ocrx_word' id='word_1_874' title='bbox 2343 4837 2542 4891; x_wconf 90' lang='lat' dir='ltr'><strong>dicitur</strong></span> <span class='ocrx_word' id='word_1_875' title='bbox 2571 4837 2616 4868; x_wconf 80' lang='lat'><strong>‘°</strong></span> <span class='ocrx_word' id='word_1_876' title='bbox 2647 4853 2662 4889; x_wconf 87' lang='lat'><strong>:</strong></span> <span class='ocrx_word' id='word_1_877' title='bbox 2699 4853 2719 4887; x_wconf 77' lang='grc' dir='ltr'><strong>ι</strong></span> <span class='ocrx_word' id='word_1_878' title='bbox 2756 4835 2822 4888; x_wconf 90' lang='lat' dir='ltr'><strong>Et</strong></span> <span class='ocrx_word' id='word_1_879' title='bbox 2842 4835 2983 4892; x_wconf 90' lang='lat' dir='ltr'><strong>Deus</strong></span> <span class='ocrx_word' id='word_1_880' title='bbox 3006 4845 3270 4892; x_wconf 88' lang='lat' dir='ltr'><strong>eratcum</strong></span> <span class='ocrx_word' id='word_1_881' title='bbox 3301 4833 3439 4908; x_wconf 58' lang='lat' dir='ltr'><strong>ipso,</strong></span> <span class='ocrx_word' id='word_1_882' title='bbox 3469 4839 3613 4894; x_wconf 90' lang='lat' dir='ltr'><strong>sicut</strong></span> <span class='ocrx_word' id='word_1_883' title='bbox 3639 4837 3740 4891; x_wconf 87' lang='lat' dir='ltr'><strong>fuit</strong></span> 
     </span>
    </p>
   </div>
   <div class='ocr_carea' id='block_1_111' title="bbox 3494 4999 3734 5052">
    <p class='ocr_par' dir='ltr' id='par_1_111' title="bbox 3494 4999 3734 5052">
     <span class='ocr_line' id='line_1_112' title="bbox 3494 4999 3734 5052; baseline -0.008 0"><span class='ocrx_word' id='word_1_884' title='bbox 3494 4999 3538 5032; x_wconf 64' lang='grc'><strong>⁸³</strong></span> <span class='ocrx_word' id='word_1_885' title='bbox 3567 5000 3734 5052; x_wconf 72' lang='lat' dir='ltr'><strong>Exod.</strong></span> 
     </span>
    </p>
   </div>
   <div class='ocr_carea' id='block_1_112' title="bbox 2170 5235 2777 5303">
    <p class='ocr_par' dir='ltr' id='par_1_112' title="bbox 2170 5235 2777 5303">
     <span class='ocr_line' id='line_1_113' title="bbox 2170 5235 2777 5303; baseline -0.002 -17"><span class='ocrx_word' id='word_1_886' title='bbox 2170 5253 2189 5286; x_wconf 76' lang='grc' dir='ltr'><strong>ι</strong></span> <span class='ocrx_word' id='word_1_887' title='bbox 2222 5251 2320 5303; x_wconf 91' lang='lat' dir='ltr'><strong>pro</strong></span> <span class='ocrx_word' id='word_1_888' title='bbox 2349 5235 2572 5294; x_wconf 87' lang='lat' dir='ltr'><strong>eximia,</strong></span> <span class='ocrx_word' id='word_1_889' title='bbox 2609 5253 2627 5284; x_wconf 74' lang='grc' dir='ltr'><strong>ι</strong></span> <span class='ocrx_word' id='word_1_890' title='bbox 2671 5241 2777 5285; x_wconf 81' lang='lat' dir='ltr'><strong>etc.</strong></span> 
     </span>
    </p>
   </div>
   <div class='ocr_carea' id='block_1_113' title="bbox 2235 5299 3720 5371">
    <p class='ocr_par' dir='ltr' id='par_1_113' title="bbox 2235 5299 3720 5371">
     <span class='ocr_line' id='line_1_114' title="bbox 2235 5299 3720 5371; baseline -0.005 -13"><span class='ocrx_word' id='word_1_891' title='bbox 2235 5304 2348 5371; x_wconf 81' lang='grc'>(80)</span> <span class='ocrx_word' id='word_1_892' title='bbox 2387 5305 2496 5366; x_wconf 81' lang='lat' dir='ltr'><strong>AL,</strong></span> <span class='ocrx_word' id='word_1_893' title='bbox 2526 5322 2544 5353; x_wconf 73' lang='grc' dir='ltr'><strong>ι</strong></span> <span class='ocrx_word' id='word_1_894' title='bbox 2575 5304 2814 5356; x_wconf 88' lang='lat' dir='ltr'><strong>cubitum</strong></span> <span class='ocrx_word' id='word_1_895' title='bbox 2841 5299 3040 5356; x_wconf 81' lang='lat' dir='ltr'><strong>habere</strong></span> <span class='ocrx_word' id='word_1_896' title='bbox 3065 5315 3096 5353; x_wconf 88' lang='lat' dir='ltr'><strong>a</strong></span> <span class='ocrx_word' id='word_1_897' title='bbox 3119 5299 3404 5368; x_wconf 86' lang='lat' dir='ltr'><strong>prOpheta,</strong></span> <span class='ocrx_word' id='word_1_898' title='bbox 3441 5308 3720 5364; x_wconf 84' lang='lat' dir='ltr'><strong>propterea</strong></span> 
     </span>
    </p>
   </div>
   <div class='ocr_carea' id='block_1_114' title="bbox 2143 5372 3722 5445">
    <p class='ocr_par' dir='ltr' id='par_1_114' title="bbox 2143 5372 3722 5445">
     <span class='ocr_line' id='line_1_115' title="bbox 2143 5372 3722 5445; baseline -0.001 -21"><span class='ocrx_word' id='word_1_899' title='bbox 2143 5373 2360 5445; x_wconf 81' lang='lat' dir='ltr'><strong>quidem</strong></span> <span class='ocrx_word' id='word_1_900' title='bbox 2392 5372 2506 5445; x_wconf 59' lang='grc' dir='ltr'>(ιιι,</span> <span class='ocrx_word' id='word_1_901' title='bbox 2544 5393 2561 5423; x_wconf 79' lang='grc' dir='ltr'><strong>ι</strong></span> <span class='ocrx_word' id='word_1_902' title='bbox 2592 5375 2834 5445; x_wconf 89' lang='lat' dir='ltr'><strong>cubitum</strong></span> <span class='ocrx_word' id='word_1_903' title='bbox 2860 5376 3086 5445; x_wconf 82' lang='lat' dir='ltr'><strong>habere,</strong></span> <span class='ocrx_word' id='word_1_904' title='bbox 3112 5375 3398 5445; x_wconf 77' lang='lat' dir='ltr'><strong>prophetia</strong></span> <span class='ocrx_word' id='word_1_905' title='bbox 3428 5374 3645 5445; x_wconf 82' lang='lat' dir='ltr'><strong>quidem</strong></span> <span class='ocrx_word' id='word_1_906' title='bbox 3678 5375 3722 5445; x_wconf 73' lang='grc' dir='ltr'>ι]</span> 
     </span>
    </p>
   </div>
   <div class='ocr_carea' id='block_1_115' title="bbox 2145 5442 3724 5515">
    <p class='ocr_par' dir='ltr' id='par_1_115' title="bbox 2145 5442 3724 5515">
     <span class='ocr_line' id='line_1_116' title="bbox 2145 5442 3724 5515; baseline 0.001 -20"><span class='ocrx_word' id='word_1_907' title='bbox 2145 5443 2213 5515; x_wconf 77' lang='lat' dir='ltr'><strong>de</strong></span> <span class='ocrx_word' id='word_1_908' title='bbox 2228 5443 2504 5515; x_wconf 89' lang='lat' dir='ltr'><strong>_monade,_</strong></span> <span class='ocrx_word' id='word_1_909' title='bbox 2525 5459 2590 5496; x_wconf 88' lang='lat' dir='ltr'><strong>ac</strong></span> <span class='ocrx_word' id='word_1_910' title='bbox 2617 5443 2874 5515; x_wconf 83' lang='lat' dir='ltr'><strong>singulari</strong></span> <span class='ocrx_word' id='word_1_911' title='bbox 2921 5459 3020 5497; x_wconf 86' lang='lat' dir='ltr'><strong>sua</strong></span> <span class='ocrx_word' id='word_1_912' title='bbox 3063 5443 3295 5515; x_wconf 85' lang='lat' dir='ltr'><strong>statione</strong></span> <span class='ocrx_word' id='word_1_913' title='bbox 3333 5442 3402 5515; x_wconf 85' lang='lat' dir='ltr'><strong>[al</strong></span> <span class='ocrx_word' id='word_1_914' title='bbox 3434 5480 3447 5502; x_wconf 90' lang='lat'><strong>,</strong></span> <span class='ocrx_word' id='word_1_915' title='bbox 3487 5464 3502 5494; x_wconf 78' lang='grc' dir='ltr'><strong>ι</strong></span> <span class='ocrx_word' id='word_1_916' title='bbox 3540 5442 3724 5515; x_wconf 63' lang='grc' dir='ltr'>ξίιιςιιξ</span> 
     </span>
    </p>
   </div>
   <div class='ocr_carea' id='block_1_116' title="bbox 2144 5512 3723 5584">
    <p class='ocr_par' dir='ltr' id='par_1_116' title="bbox 2144 5512 3723 5584">
     <span class='ocr_line' id='line_1_117' title="bbox 2144 5512 3723 5584; baseline -0.002 -18"><span class='ocrx_word' id='word_1_917' title='bbox 2144 5512 2272 5584; x_wconf 81' lang='lat' dir='ltr'><strong>laris</strong></span> <span class='ocrx_word' id='word_1_918' title='bbox 2306 5513 2648 5584; x_wconf 68' lang='lat' dir='ltr'><strong>vastatione,</strong></span> <span class='ocrx_word' id='word_1_919' title='bbox 2692 5512 2850 5577; x_wconf 64' lang='lat' dir='ltr'><strong>{al.,</strong></span> <span class='ocrx_word' id='word_1_920' title='bbox 2887 5535 2904 5565; x_wconf 76' lang='grc' dir='ltr'><strong>ι</strong></span> <span class='ocrx_word' id='word_1_921' title='bbox 2952 5514 3208 5584; x_wconf 87' lang='lat' dir='ltr'><strong>singulari</strong></span> <span class='ocrx_word' id='word_1_922' title='bbox 3249 5514 3376 5582; x_wconf 92' lang='lat' dir='ltr'><strong>quid</strong></span> <span class='ocrx_word' id='word_1_923' title='bbox 3419 5512 3644 5567; x_wconf 84' lang='lat' dir='ltr'><strong>vastius</strong></span> <span class='ocrx_word' id='word_1_924' title='bbox 3677 5512 3723 5583; x_wconf 70' lang='grc' dir='ltr'>ι]</span> 
     </span>
    </p>
   </div>
   <div class='ocr_carea' id='block_1_117' title="bbox 2144 5583 3723 5655">
    <p class='ocr_par' dir='ltr' id='par_1_117' title="bbox 2144 5583 3723 5655">
     <span class='ocr_line' id='line_1_118' title="bbox 2144 5583 3723 5655; baseline 0.001 -19"><span class='ocrx_word' id='word_1_925' title='bbox 2144 5583 2502 5649; x_wconf 88' lang='lat' dir='ltr'><strong>describitur,</strong></span> <span class='ocrx_word' id='word_1_926' title='bbox 2542 5603 2559 5635; x_wconf 78' lang='grc' dir='ltr'><strong>ι</strong></span> <span class='ocrx_word' id='word_1_927' title='bbox 2591 5595 2698 5639; x_wconf 90' lang='lat' dir='ltr'><strong>etc.</strong></span> <span class='ocrx_word' id='word_1_928' title='bbox 2729 5584 2933 5638; x_wconf 91' lang='lat' dir='ltr'><strong>Deinde</strong></span> <span class='ocrx_word' id='word_1_929' title='bbox 2981 5583 3109 5638; x_wconf 78' lang='lat' dir='ltr'><strong>mss.</strong></span> <span class='ocrx_word' id='word_1_930' title='bbox 3158 5585 3331 5637; x_wconf 89' lang='lat' dir='ltr'><strong>nostri</strong></span> <span class='ocrx_word' id='word_1_931' title='bbox 3377 5600 3568 5639; x_wconf 89' lang='lat' dir='ltr'><strong>omnes</strong></span> <span class='ocrx_word' id='word_1_932' title='bbox 3599 5599 3723 5655; x_wconf 88' lang='lat' dir='ltr'><strong>per-</strong></span> 
     </span>
    </p>
   </div>
   <div class='ocr_carea' id='block_1_118' title="bbox 2144 5655 3296 5724">
    <p class='ocr_par' dir='ltr' id='par_1_118' title="bbox 2144 5655 3296 5724">
     <span class='ocr_line' id='line_1_119' title="bbox 2144 5655 3296 5724; baseline -0.002 -18"><span class='ocrx_word' id='word_1_933' title='bbox 2144 5669 2408 5724; x_wconf 66' lang='lat' dir='ltr'><strong>peratn,_r</strong></span> <span class='ocrx_word' id='word_1_934' title='bbox 2442 5655 2712 5709; x_wconf 79' lang='lat' dir='ltr'><strong>corruisse</strong></span> <span class='ocrx_word' id='word_1_935' title='bbox 2751 5675 2766 5704; x_wconf 78' lang='grc' dir='ltr'><strong>ι</strong></span> <span class='ocrx_word' id='word_1_936' title='bbox 2801 5671 2898 5723; x_wconf 87' lang='lat' dir='ltr'><strong>pro</strong></span> <span class='ocrx_word' id='word_1_937' title='bbox 2933 5675 2950 5704; x_wconf 75' lang='grc' dir='ltr'><strong>ι</strong></span> <span class='ocrx_word' id='word_1_938' title='bbox 2984 5655 3242 5708; x_wconf 77' lang='lat' dir='ltr'><strong>crevisse.</strong></span> <span class='ocrx_word' id='word_1_939' title='bbox 3279 5673 3296 5704; x_wconf 78' lang='grc' dir='ltr'><strong>ι</strong></span> 
     </span>
    </p>
   </div>
   <div class='ocr_carea' id='block_1_119' title="bbox 2217 5722 3515 5792">
    <p class='ocr_par' dir='ltr' id='par_1_119' title="bbox 2217 5722 3515 5792">
     <span class='ocr_line' id='line_1_120' title="bbox 2217 5722 3515 5792; baseline 0 -16"><span class='ocrx_word' id='word_1_940' title='bbox 2217 5724 2326 5792; x_wconf 79' lang='grc'>(81)</span> <span class='ocrx_word' id='word_1_941' title='bbox 2356 5722 2516 5791; x_wconf 80' lang='lat' dir='ltr'><strong>Alias,</strong></span> <span class='ocrx_word' id='word_1_942' title='bbox 2556 5747 2572 5777; x_wconf 88' lang='grc' dir='ltr'><strong>ι</strong></span> <span class='ocrx_word' id='word_1_943' title='bbox 2609 5722 2839 5780; x_wconf 67' lang='lat' dir='ltr'><strong>unus-ex</strong></span> <span class='ocrx_word' id='word_1_944' title='bbox 2867 5725 3032 5781; x_wconf 85' lang='lat' dir='ltr'><strong>latere</strong></span> <span class='ocrx_word' id='word_1_945' title='bbox 3063 5727 3184 5790; x_wconf 82' lang='lat' dir='ltr'><strong>hoc,</strong></span> <span class='ocrx_word' id='word_1_946' title='bbox 3213 5735 3268 5780; x_wconf 88' lang='lat' dir='ltr'><strong>et</strong></span> <span class='ocrx_word' id='word_1_947' title='bbox 3295 5741 3454 5780; x_wconf 87' lang='lat' dir='ltr'><strong>unus.</strong></span> <span class='ocrx_word' id='word_1_948' title='bbox 3497 5745 3515 5776; x_wconf 73' lang='grc' dir='ltr'><strong>ι</strong></span> 
     </span>
    </p>
   </div>
  </div>
