4170 6346
455 307 558 362 919

1402 293 1758 352 COMMENT.
1794 293 1860 348 IN
1891 292 2110 348 EPIST.
2151 292 2240 347 AD
2275 289 2446 346 ROM.
2482 288 2611 344 LIB.
2640 289 2727 343 Ill.

3586 285 3690 340 950

456 437 581 476 cum
611 417 796 490 Moyse
827 415 1028 472 famulo
1058 413 1195 483 eius.
1235 431 1254 466 ι
1295 411 1480 468 Sicubi
1540 429 1667 469 vero
1707 412 2027 482 pollicitatio
2053 426 2098 481 Α
2129 418 2211 466 est
2237 427 2252 464 :
2283 408 2379 464 sed
2405 409 2470 462 de
2499 407 2678 462 anima
2708 405 2857 474 ejus,
2884 419 3003 474 quae
3030 404 3156 457 licet
3205 401 3582 471 inseparabilis
3620 401 3692 454 sit

460 512 682 582 majoris
727 527 756 564 a
805 511 916 564 Deo
955 509 1196 564 muneris
1239 507 1427 574 datur,
1472 509 1602 561 dicit
1652 507 1842 560 Deus:
1900 523 1918 556 ι
1957 504 2023 558 Ει

457 620 553 660 ero
588 606 639 658 in
674 605 774 669 eis,
807 613 862 658 et
883 601 1170 656 ambulabo
1202 601 1341 654 inter
1371 615 1463 654 eos
1490 599 1557 652 ⁸⁷.
1592 617 1611 650 ι
1644 597 1858 651 Nullam
1893 610 2022 650 vero

458 696 598 753 inter
636 695 884 752 homines
924 693 1000 747 ita
1031 693 1244 748 beatam
1283 699 1339 746 et
1384 691 1457 745 ita
1485 690 1753 746 excelsam
1785 687 2023 755 reperies

458 787 720 848 animam,
749 784 855 839 nisi
885 783 1024 838 hanc
1051 781 1240 847 solam,
1271 783 1321 835 in
1343 795 1448 850 qua
1477 789 1680 835 tantum
1703 778 2020 843 latitudinis,

463 886 673 932 tantum
711 875 1030 946 capacitatis
1061 873 1264 928 invenit
1293 870 1526 927 Verbum
1554 871 1682 936 Dei,
1711 879 1765 924 et
1788 869 2026 939 Spiritus

463 977 705 1032 sanctus,
725 977 786 1022 ut
810 982 918 1023 non
940 965 1112 1021 solum
1137 964 1402 1028 habitare,
1427 964 1520 1018 sed
1545 973 1598 1017 et
1625 962 1739 1017 alas
1762 961 2022 1032 pandere,

463 1072 520 1116 et
545 1074 683 1114 novo
710 1054 1038 1114 sacramenti
1101 1055 1209 1110 ritu
1240 1055 1535 1124 aliquando
1584 1053 1748 1107 etiam
1799 1051 2025 1107 volitare

463 1153 699 1206 dicatur.
760 1148 978 1204 Faciem
1029 1161 1244 1217 quoque
1289 1155 1480 1200 contra
1517 1160 1576 1200 se
1606 1145 1834 1200 invicem
1867 1159 2027 1214 super

466 1246 609 1301 hanc
637 1246 849 1300 beatam
880 1241 1114 1295 animam
1144 1240 1406 1294 cherubin
1441 1246 1667 1308 utraque
1713 1239 1912 1292 habere
1946 1238 2028 1290 di-

465 1349 690 1403 cuntur,
717 1349 815 1406 per
844 1335 984 1404 quod
1008 1347 1233 1387 concors
1263 1332 1313 1386 ei
1342 1339 1396 1386 et
1411 1345 1679 1386 consonus
1709 1329 1887 1384 aFilio
1911 1329 2024 1394 Dei,

467 1439 524 1484 et
552 1443 582 1482 a
615 1427 820 1496 Spiritu
861 1432 1052 1479 sancto
1097 1422 1392 1478 divinitatis
1422 1435 1614 1476 sensus
1642 1419 1755 1492 (82)
1793 1421 2029 1474 infundi-

466 1529 577 1575 tur.
625 1516 722 1572 Ubi
761 1523 941 1569 autem
968 1511 1348 1582 superponitur
1371 1511 1484 1565 haec
1512 1509 1689 1563 anima
1708 1509 1816 1562 Deo
1851 1506 2026 1577 plena.

471 1609 528 1664 in
579 1622 682 1676 qua
713 1603 1041 1674 complacuit
1080 1602 1330 1657 habitare
1373 1614 1588 1654 omnem
1640 1599 2028 1668 plenitudinem

468 1698 695 1754 Deitatis
710 1697 798 1750 ⁸⁸⁸1
829 1714 849 1748 ι
873 1695 1046 1765 Super
1087 1708 1292 1759 arcam,
1328 1692 1538 1761 inquit,
1581 1690 1890 1745 testamenti
1909 1690 1976 1745 ⁸³.
2004 1708 2023 1741 ι

2127 516 2157 554 a
2186 499 2366 554 Verbo
2396 498 2513 566 Dei,
2555 506 2735 553 creata
2773 506 2950 550 tamen
2974 505 3080 559 est,
3103 504 3156 548 et
3190 493 3465 564 Unigeniti
3491 493 3692 553 deitate

2127 592 2398 663 posterior
2448 607 2462 643 :
2530 605 2630 644 nec
2679 590 3123 643 inconvenienter
3175 587 3448 641 videbitur
3507 585 3574 639 de
3625 598 3689 638 ea

2129 684 2355 748 dictum,
2386 683 2530 752 quod
2562 691 2852 750 antequam
2883 688 3033 734 esset
3065 677 3340 748 proposita
3365 687 3448 733 est
3475 685 3529 732 et
3554 691 3694 746 pra:-

2127 776 2375 828 ordinata
2405 781 2464 827 ut
2488 781 2632 828 esset
2656 770 3111 842 propitiatorium.
3145 769 3280 836 Quia
3310 782 3460 839 ergo,
3501 782 3696 822 secun-

2129 868 2256 924 dum
2308 880 2371 921 ea
2426 880 2545 933 quae
2583 879 2744 933 supra
2773 861 3150 933 exposuimus,
3194 859 3377 916 Jesum
3417 859 3692 912 Christum

2135 973 2155 1006 ι
2201 954 2481 1026 proposuit
2513 955 2652 1008 Deus
2685 951 3119 1022 propitiatorium
3149 965 3245 1019 per
3277 951 3433 1004 (idem
3467 950 3519 1003 in
3569 962 3697 1002 san-

2129 1045 2290 1115 guine
2320 1044 2532 1113 ejus",
2576 1063 2594 1095 ι
2634 1043 3000 1097 necessarium
3045 1040 3258 1096 videtur
3302 1040 3584 1110 requirere
3629 1037 3697 1091 de

2132 1135 2332 1189 divinis
2383 1134 2592 1204 legibus
2639 1148 2759 1202 quae
2815 1132 2886 1186 sit
2941 1131 3252 1201 propitiatio
3282 1144 3402 1200 qua:
3447 1142 3540 1198 per
3575 1142 3698 1181 san-

2133 1225 2348 1294 guinem
2381 1224 2505 1292 ﬁat,
2538 1235 2597 1278 ut
2625 1239 2693 1278 ex
2728 1224 2814 1278 bis
2842 1223 3095 1293 colligere
3137 1222 3402 1292 possimus
3429 1219 3699 1288 quomodo

2133 1315 2294 1368 etiam
2341 1329 2436 1384 per
2498 1315 2812 1384 sanguinem
2869 1313 2995 1368 Jesu
3046 1311 3358 1383 propitiatio
3403 1309 3544 1364 facta
3606 1307 3695 1362 sit.

2135 1402 2408 1472 Scriptum
2439 1413 2526 1458 est
2556 1405 2608 1457 in
2643 1402 2888 1456 Levitico
2932 1413 3050 1469 post
3090 1399 3359 1470 pontiﬁcis
3409 1398 3644 1452 hostiam
3682 1411 3700 1449 :

2140 1514 2159 1547 ι
2198 1493 2352 1560 Quod
2381 1494 2424 1548 si
2451 1495 2628 1550 omnis
2654 1494 2934 1564 Synagoga
2968 1492 3130 1547 Israel
3163 1490 3526 1561 ignoraverit,
3550 1498 3605 1542 et
3631 1488 3707 1541 la-

2139 1587 2304 1641 tuerit
2325 1602 2502 1642 sermo
2522 1589 2590 1643 ab
2613 1588 2786 1642 oculis
2810 1587 2952 1658 ejus,
2978 1597 3031 1641 et
3054 1586 3245 1642 fecerit
3274 1601 3437 1640 unum
3461 1585 3526 1638 de
3550 1598 3704 1636 man.

2139 1678 2280 1732 datis
2311 1679 2522 1734 Domini
2552 1679 2697 1748 quod
2732 1695 2836 1734 non
2873 1679 2996 1743 ﬁet,
3027 1687 3082 1733 et
3111 1677 3432 1747 deliquerit,
3465 1684 3519 1729 et
3547 1675 3704 1729 innoo

470 1789 656 1846 Potest
711 1803 838 1844 arca
887 1761 1200 1842 testamenti
1245 1793 1432 1840 sancta
1486 1782 1600 1853 ejus
1649 1796 1779 1836 caro
1799 1820 1814 1845 ,
1846 1781 1898 1834 in
1927 1796 2030 1850 qua
2062 1777 2109 1837 Β
2139 1769 2302 1822 “lem
2325 1768 2405 1824 eis
2433 1777 2711 1838 Peccatum
2740 1771 2882 1836 QUOd
2913 1775 3307 1836 Ρεοοθνθτυηιν
3343 1765 3575 1820 adducet
3607 1761 3704 1833 εἴ·

470 1884 628 1938 beata
674 1882 788 1937 haec
835 1881 1016 1934 anima
1058 1877 1389 1938 collocatur,
1420 1873 1672 1944 intelligi,
1710 1873 1918 1928 habens
1975 1872 2029 1926 in

461 1986 522 2026 se
552 1970 859 2027 testimonia
887 1969 1006 2035 Dei,
1033 1984 1154 2040 qure
1197 1969 1569 2041 intelliguntur
1591 1967 1793 2024 Christi
1821 1985 1956 2039 quas
1985 1970 2040 2024 in

462 2079 628 2118 carne
656 2065 880 2134 pertulit
907 2065 1190 2134 passiones
1221 2063 1418 2120 divinis
1451 2063 1578 2118 olim
1611 2062 1880 2132 praedictae
1926 2061 2037 2133 (85)

465 2154 814 2208 testimoniis.
843 2153 1078 2208 Possunt
1117 2153 1278 2209 etiam
1320 2154 1550 2208 virtutes
1593 2153 1842 2208 caelestes
1881 2152 2043 2206 intel-

471 2234 562 2304 ligi
603 2250 729 2290 arca
764 2233 900 2302 Dei,
936 2249 1056 2302 quae
1107 2243 1163 2287 et
1210 2233 1340 2302 ipsae
1381 2244 1611 2299 capaces
1644 2227 1858 2298 quidem
1909 2237 2034 2282 sunt

472 2325 633 2381 Verbi
666 2326 782 2388 Dei,
809 2335 864 2381 et
898 2324 1134 2394 Spiritus
1178 2323 1384 2384 sancti,
1433 2321 1526 2377 sed
1571 2321 1906 2390 praeponitur
1956 2321 2036 2375 eis

475 2419 656 2472 anima
696 2417 857 2482 Jesu,
899 2427 952 2471 et
1001 2418 1113 2486 ipsa
1143 2415 1537 2486 quodammodo
1564 2413 1879 2466 mediatrice
1911 2427 2036 2482 gra-

473 2513 604 2564 tiam
629 2511 823 2564 divina:
858 2509 1160 2580 largitionis
1190 2505 1482 2574 accipiunt.
1532 2504 1660 2559 Post
1702 2505 1818 2559 hzee
1855 2521 1868 2556 :
1907 2522 1928 2555 ι
1971 2504 2036 2557 Ει

471 2595 804 2651 innotescam
863 2595 992 2660 tibi,
1041 2595 1252 2663 inquit,
1304 2593 1462 2658 inde,
1523 2602 1577 2647 et
1624 2593 1815 2662 loquar
1865 2594 1932 2647 ad
1984 2602 2036 2647 te

473 2686 706 2755 desuper
755 2685 1131 2756 propitiatorio
1156 2685 1225 2738 ⁷ο.
1268 2702 1288 2735 ι
1338 2683 1455 2738 Νοιι
1501 2685 1670 2740 solum
1703 2685 1907 2758 Moysi,
1941 2683 2043 2741 sed

471 2786 527 2829 et
560 2778 852 2846 unicuique
891 2786 1206 2832 sanctorum
1257 2776 1348 2846 qui
1379 2774 1612 2831 famulus
1639 2779 1730 2832 Dei
1779 2789 1896 2844 est,
1930 2794 2034 2832 non

471 2867 688 2923 aliunde
713 2869 1003 2923 innotescit
1052 2870 1228 2933 Deus,
1287 2885 1384 2924 nec
1421 2869 1636 2924 aliunde
1665 2871 2034 2938 cognoscitur,

475 2959 576 3013 nisi
613 2958 678 3012 de
707 2958 1078 3028 propitiatorio
1126 2959 1226 3012 isto
1272 2961 1416 3027 quod
1458 2974 1620 3029 supra
1663 2961 2034 3028 expOSuimus,

472 3047 622 3102 etde
661 3048 841 3102 medio
880 3047 1165 3104 cherubin.
1213 3048 1324 3102 Hoc
1369 3057 1425 3102 et
1466 3048 1719 3103 llabacuc
1776 3049 2035 3120 propheta

473 3138 745 3209 signiﬁcat
776 3138 864 3193 ubi
898 3138 1028 3193 dicit
1059 3154 1074 3191 :
1114 3156 1133 3189 ι
1163 3137 1220 3192 Ιιι
1254 3137 1434 3193 medio
1470 3138 1695 3193 duorum
1726 3139 2037 3192 animalium
2065 3131 2107 3189 (Ξ

471 3230 820 3300 cognosceris
843 3248 856 3284 :
887 3229 1012 3283 dum
1038 3229 1582 3300 appropinquaverint
1603 3230 1730 3283 anni
1749 3244 2040 3300 cognosce-

474 3324 584 3388 ris,
633 3333 688 3379 et
726 3339 850 3378 cum
890 3322 1126 3377 adfuerit
1165 3332 1376 3398 tempus
1424 3323 1723 3377 ostenderis
1750 3323 1819 3375 '“.
1872 3321 2040 3376 Nemo

471 3413 617 3467 enim
669 3413 772 3468 scit
807 3411 1019 3467 Patrem
1062 3411 1166 3465 nisi
1208 3411 1414 3476 Filius,
1441 3421 1496 3465 et
1538 3411 1624 3465 cui
1669 3410 1904 3465 voluerit
1946 3411 2038 3465 Fi-

471 3503 578 3557 lius
610 3504 849 3558 revelare
871 3503 939 3556 τ’.
977 3521 996 3554 ι
1035 3501 1140 3556 Sed
1169 3511 1222 3556 et
1248 3501 1449 3557 Paulus
1480 3502 1631 3566 dicit,
1667 3503 1792 3571 quia
1826 3521 1845 3554 ι
1886 3506 2039 3558 nobis

473 3595 736 3650 revelavit
766 3596 908 3650 Deus
954 3610 1051 3666 per
1086 3595 1350 3666 Spiritum
1394 3611 1550 3651 suum
1575 3596 1641 3650 ⁷³.
1693 3615 1710 3648 ι
1750 3596 2037 3667 Propterea

472 3703 600 3758 ergo
623 3688 756 3742 dicit
786 3689 928 3757 quod
963 3706 982 3738 ι
1017 3689 1352 3744 innotescam
1397 3689 1498 3744 tibi
1534 3689 1692 3753 inde,
1739 3699 1794 3744 et
1846 3689 2040 3760 loquar

471 3782 570 3836 tibi
619 3783 846 3850 desuper
871 3782 1245 3852 propitiatorio
1287 3783 1430 3837 inter
1464 3781 1572 3838 duo
1616 3782 1879 3845 cherubin
1921 3798 2040 3852 qua;

471 3880 600 3926 sunt
633 3885 794 3939 super
819 3885 1005 3925 arcam
1031 3873 1338 3926 testamenti
1363 3874 1428 3930 ⁷⁸.
1469 3891 1487 3925 ι
1521 3873 1657 3928 Ριιῑο
1687 3881 1867 3928 autem
1895 3873 2038 3942 quod

469 3975 579 4014 non
619 3960 922 4030 importune
948 3974 1009 4014 ea
1039 3975 1160 4029 quae
1192 3962 1258 4015 de
1301 3962 1484 4016 Exodo
1522 3962 1914 4032 assumpsimus
1942 3977 2039 4016 ex-

468 4047 691 4118 planata
720 4049 852 4116 sint,
879 4055 938 4102 ut
958 4049 1180 4103 evidens
1210 4047 1363 4105 ﬁeret
1386 4064 1578 4105 sensus
1603 4054 1874 4120 quomodo
1897 4051 2039 4121 Apo-

470 4137 641 4195 stolus
662 4139 713 4192 in
735 4138 984 4207 praesenti
1004 4137 1124 4192 loco
1145 4139 1505 4206 propitiatorii
1522 4153 1712 4194 nomen
1732 4154 2040 4209 assumpse-

470 4230 543 4286 rit
561 4245 684 4286 cum
707 4229 876 4285 dicit:
907 4245 927 4278 ι
955 4227 1123 4295 Quem
1146 4230 1423 4298 proposuit
1440 4228 1579 4284 Deus
1603 4231 2036 4299 propitiatorinm

469 4340 566 4395 per
592 4325 774 4382 ﬁdem.
803 4346 822 4380 ι
864 4325 968 4383 Sed
995 4337 1048 4382 et
1072 4329 1172 4384 hoc
1195 4328 1370 4398 ipsum
1395 4329 1540 4398 quod
1569 4328 1707 4382 dixit
1733 4366 1749 4393 ,
1789 4345 1809 4378 ι
1840 4342 2036 4398 propo-

471 4418 616 4483 suit,
652 4437 672 4471 ι
709 4419 879 4490 magis
931 4420 996 4475 de
1052 4421 1230 4474 anima
1292 4419 1458 4487 Jesu,
1509 4435 1670 4490 quam
1727 4420 1795 4474 de
1836 4419 2036 4474 deitate

469 4506 588 4574 eius
624 4507 829 4564 dictum
871 4511 1100 4565 sentitur
1129 4509 1266 4582 (84).
1320 4505 1339 4560 'r
1375 4510 1667 4578 Proposuit
1710 4527 1730 4562 ι
1763 4509 1908 4564 enim
1945 4510 2032 4563 in-

474 4597 729 4668 telligitur
761 4601 914 4669 quasi
961 4602 1115 4671 prius
1148 4603 1371 4672 posuit,
1426 4604 1527 4657 hoc
1568 4610 1653 4657 est
1723 4601 2036 4671 priusquam

468 4695 637 4740 esset.
678 4687 831 4754 Quod
875 4691 1020 4744 enim
1050 4702 1132 4746 est
1166 4693 1425 4762 ponitur,
1475 4693 1614 4761 quod
1661 4694 1895 4746 nondum
1954 4703 2039 4748 est

473 4779 812 4848 proponitur.
853 4778 970 4835 Non
1021 4795 1151 4851 ergo
1197 4783 1452 4837 convenit
1487 4783 1552 4837 de
1584 4797 1649 4836 eo
1695 4782 1784 4850 qui
1825 4797 2038 4849 semper

471 4877 626 4936 erat,
656 4868 710 4924 id
760 4878 844 4925 est
889 4871 957 4927 de
998 4869 1176 4928 Verbo
1209 4872 1349 4940 Dei,
1401 4873 1507 4929 dici
1557 4875 1680 4943 quia
1727 4875 2037 4944 propositus

534 5006 578 5087 ξ’
602 5005 776 5063 Levit.
806 5025 961 5075 xxvi,
985 5012 1075 5066 12.
1150 5013 1424 5068 “Coloss.
1467 5029 1507 5077 ι,
1545 5014 1635 5067 19.
1712 5014 1756 5044 ⁶⁹
1792 5013 1960 5067 Exod.
2004 5033 2132 5077 xw.
2163 5017 2256 5070 ‘2'-

542 5115 558 5130 .
631 5077 678 5109 ⁷³
708 5078 880 5134 lCor.
912 5095 974 5140 ιι.
1005 5082 1094 5136 10.
1173 5082 1222 5114 ⁷⁸
1255 5083 1423 5138 Exod.
1452 5098 1580 5140 xxv.
1611 5083 1699 5136 22.
1801 5084 1846 5114 ⁷⁵
1882 5083 2038 5139 Rom.
2080 5103 2161 5140 Ill.
2188 5086 2258 5140 25

1930 5100 2038 5139 οηι.
2080 5103 2161 5149 Ill,
2188 5100 2278 5141 20.

465 5075 558 5130 27.
631 5077 678 5109 ⁷³
708 5078 880 5134 lCor.
912 5095 974 5144 ιι.
1005 5082 1094 5136 10.
1173 5082 1222 5114 ⁷⁸
1255 5083 1423 5138 Exod.
1452 5075 1580 5146 xxv,
1611 5083 1699 5136 22.

2139 1874 2344 1930 nagoga
2386 1861 2613 1916 vitulum
2669 1877 2737 1916 ex
2783 1862 2955 1917 bobus
3001 1861 3114 1932 (85)
3160 1874 3258 1930 pro
3295 1869 3560 1929 peccato;
3597 1875 3616 1909 ι
3651 1866 3706 1910 et

2140 1961 2261 2020 post
2293 1968 2463 2021 pauca
2499 1971 2512 2008 :
2547 1972 2566 2003 ι
2607 1955 2674 2008 Et
2705 1954 2901 2008 inferet
2947 1955 3201 2009 sacerdos
3230 1953 3322 2022 qui
3365 1961 3562 2005 unctus
3599 1961 3702 2016 est,

2139 2058 2206 2098 ex
2235 2047 2497 2115 sanguine
2539 2046 2689 2100 vituli
2747 2049 2800 2101 in
2848 2045 3249 2101 tabernaculum
3305 2043 3638 2107 testimonii;
3679 2061 3698 2093 ι

2140 2143 2194 2189 et
2245 2145 2366 2203 post
2418 2152 2588 2206 pauca
2636 2138 2830 2192 iterum
2865 2157 2878 2192 :
2919 2157 2937 2189 ‹
2978 2137 3043 2192 Ει
3094 2137 3287 2201 faciet,
3345 2135 3553 2204 inquit,
3627 2133 3708 2186 vi-

2141 2227 2346 2294 tulum,
2378 2233 2828 2298 quemadmodum
2888 2231 3018 2287 fecit
3061 2232 3288 2286 vitulum
3327 2244 3424 2299 pro
3453 2238 3697 2299 peccato,

2142 2328 2195 2373 et
2216 2321 2590 2389 repropitiabit
2606 2338 2702 2394 pro
2718 2325 2802 2378 his
2819 2323 3092 2388 sacerdos,
3109 2332 3163 2377 et
3181 2323 3487 2378 remittetur
3504 2321 3584 2375 eis
3601 2321 3669 2375 ⁷⁸.
3683 2339 3702 2372 ι

2143 2407 2250 2462 Per
2296 2413 2617 2480 sanguinem
2667 2428 2795 2484 ergo
2829 2415 2939 2487 (86)
2971 2415 3286 2483 repropitiat
3333 2414 3582 2468 sacerdos
3610 2427 3708 2482 pro

2141 2501 2286 2552 omni
2316 2500 2602 2573 Synagoga
2630 2514 2690 2557 ut
2721 2507 3030 2560 remittatur
3055 2506 3154 2560 eis.
3181 2505 3538 2573 chuiramus
3566 2517 3709 2561 nunc

2143 2589 2353 2660 singula
2392 2609 2621 2662 quaeque
2647 2597 2866 2650 nomina
2908 2612 3028 2666 quae
3076 2596 3142 2650 de
3183 2596 3469 2651 Salvatore
3505 2593 3706 2663 scripta

2144 2694 2312 2750 sunt,
2346 2696 2402 2740 et
2429 2687 2484 2741 in
2513 2689 2739 2756 singulis
2771 2689 3220 2760 appellationibus
3269 2702 3389 2756 quae
3435 2686 3542 2740 sint
3590 2701 3710 2754 qua:

2143 2774 2491 2842 designentur
2513 2777 2821 2848 diligentius
2851 2778 3297 2848 contemplemur.
3328 2776 3575 2830 Invenies
3606 2776 3711 2846 igi-

2144 2871 2268 2931 tur,
2308 2868 2562 2935 quoniam
2610 2873 2825 2939 quidem
2875 2873 2926 2924 in
2975 2871 3088 2939 ipso
3118 2867 3708 2937 complacuithabitare

2143 2970 2355 3010 onmem
2387 2959 2778 3026 plenitudinem
2829 2962 3126 3017 divinitatis
3151 2959 3533 3029 corporaliter,
3587 2973 3710 3013 esse

2146 3049 2320 3117 ipsum
2357 3054 2909 3130 et'propitiatorium,
2939 3064 2994 3108 et
3021 3051 3359 3124 pontiﬁcem,
3391 3061 3445 3104 et
3473 3051 3711 3105 hostiam

2141 3167 2259 3222 qua:
2285 3147 2508 3204 oﬁertur
2533 3163 2630 3218 pro
2659 3148 2854 3218 populo
2885 3149 2952 3198 ".
2987 3147 3053 3201 Et
3085 3147 3302 3217 quidem
3339 3147 3404 3200 de
3443 3143 3708 3214 propitia-

2143 3245 2282 3298 torio
2308 3244 2420 3312 jam
2455 3243 2587 3297 satis
2615 3250 2698 3296 est
2729 3241 2958 3297 dictum.
3000 3241 3106 3295 Sed
3142 3252 3196 3294 et
3224 3241 3288 3294 de
3312 3239 3565 3308 pontiﬁce
3595 3237 3710 3290 evi-

2141 3340 2330 3392 denter
2357 3336 2523 3390 David
2556 3334 2609 3388 in
2637 3332 2853 3389 Psalmo
2883 3333 2949 3398 '3,
3001 3342 3056 3388 et
3104 3333 3383 3402 apostolus
3416 3330 3615 3385 Paulus
3643 3330 3706 3382 ad

2143 3428 2400 3483 Hebraeos
2427 3427 2474 3459 "°
2504 3424 2714 3481 scribit.
2754 3423 2906 3490 Quod
2937 3433 3117 3478 autem
3144 3424 3212 3478 sit
3238 3434 3293 3478 et
3317 3421 3519 3488 hostia,
3545 3429 3712 3475 testa-

2143 3530 2232 3574 tur
2255 3518 2513 3583 Joannes,
2549 3518 2774 3570 dicens:
2811 3533 2830 3566 ι
2864 3513 2965 3568 ilic
2994 3525 3077 3568 est
3106 3515 3288 3584 Agnus
3311 3512 3402 3568 Dei
3443 3513 3532 3580 qui
3568 3510 3710 3564 tollit

2142 3619 2365 3681 peccata
2395 3609 2578 3663 mundi
2608 3608 2676 3661 ⁸ο.
2730 3625 2747 3657 ι
2784 3605 3095 3661 Secundum
3131 3605 3234 3660 hoc
3262 3619 3392 3675 ergo
3430 3604 3572 3673 quod
3611 3603 3710 3657 ho-

2142 3701 2242 3755 stia
2271 3707 2378 3763 est,
2406 3697 2721 3768 profusione
2749 3696 3027 3765 sanguinis
3040 3694 3125 3751 sui
3143 3693 3453 3764 propitiatio
3479 3690 3708 3747 eﬁicitur

2141 3791 2193 3844 in
2226 3805 2290 3844 co
2337 3789 2480 3858 quod
2521 3788 2614 3842 dat
2644 3787 3017 3842 remissionem
3038 3783 3458 3856 praecedentium
3483 3782 3708 3837 delicto-

2143 3896 2307 3933 rum:
2364 3892 2487 3948 qua:
2535 3887 2711 3931 tamen
2766 3873 3078 3946 propitiatio
3138 3875 3206 3929 ad
3267 3888 3706 3943 unumquemque

2141 3974 2475 4027 credentium
2509 3984 2606 4037 per
2655 3969 2796 4022 viam
2833 3968 2956 4021 ﬁdei
2996 3967 3164 4022 venit.
3206 3965 3319 4020 Nisi
3367 3968 3510 4022 enim
3549 3966 3706 4019 daret

2145 4061 2521 4117 remissionem
2559 4059 2980 4129 prmcedentium
3009 4058 3357 4124 delictorum,
3391 4058 3708 4126 propitiatio

2141 4171 2246 4208 non
2283 4153 2606 4221 probaretur
2644 4151 2854 4204 eﬁ‘ecta.
2881 4150 3015 4204 Cum
3051 4164 3181 4204 vero
3229 4158 3572 4218 peccatorum
3619 4164 3707 4202 rc-

2142 4246 2327 4300 missio
2357 4245 2665 4310 tribuatur,
2701 4251 2908 4297 certum
2962 4249 3046 4297 est
3077 4241 3516 4311 propitiationem
3573 4238 3710 4294 eﬁ‘u-

2139 4340 2291 4392 sione
2319 4336 2460 4392 sacri
2486 4335 2765 4405 sanguinis
2794 4335 3137 4404 adimpletam
3168 4335 3211 4365 ⁸¹
3247 4349 3260 4386 :
3298 4351 3318 4385 ι
3343 4334 3560 4401 Absque
3583 4346 3708 4386 san-

2141 4426 2318 4498 guinis
2351 4445 2370 4478 ι
2400 4426 2545 4480 enim
2580 4443 2598 4476 ι
2630 4423 2926 4490 eﬁusione,
2989 4444 3009 4477 ι
3044 4425 3184 4480 sicut
3225 4423 3513 4494 Apostolus
3553 4421 3704 4486 dicit,

2145 4537 2163 4569 ι
2206 4533 2309 4572 non
2336 4518 2393 4570 ﬁt
2430 4517 2678 4572 remissio
2711 4535 2729 4568 ι
2772 4525 3140 4585 peccatorum.
3171 4514 3370 4570 Verum
3405 4530 3472 4569 ne
3501 4513 3702 4568 Paulus

2141 4611 2234 4663 tibi
2265 4613 2411 4666 solus
2463 4610 2876 4678 praesumpsisse
2925 4609 3036 4681 (87)
3088 4607 3251 4677 516
3303 4607 3706 4676 propitiationis

2141 4717 2334 4757 nomen
2371 4703 2618 4756 videatur
2653 4701 2704 4754 in
2730 4700 2970 4766 Christo,
2998 4701 3123 4754 audi
3149 4698 3420 4769 quomodo
3457 4708 3512 4753 et
3539 4697 3706 4752 Joan«

2141 4809 2236 4847 nes
2260 4808 2496 4848 consone
2523 4791 2636 4863 (88)
2669 4793 2734 4846 de
2763 4793 2865 4846 hoc
2895 4807 3057 4846 sensu
3097 4791 3351 4860 loquatur
3383 4805 3504 4844 cum
3540 4789 3705 4842 dicit:

2144 4905 2162 4938 ι
2208 4885 2384 4940 Filioli
2419 4886 2561 4950 mei,
2611 4886 2725 4939 haec
2753 4885 2932 4939 scribo
2959 4883 3144 4950 vobis,
3182 4892 3240 4937 ut
3288 4898 3392 4937 non
3447 4882 3710 4952 peccetis.

2331 5016 2376 5047 ⁷⁰
2413 5015 2543 5069 ibid.
2583 5015 2677 5068 22.
2750 5014 2795 5045 ⁷⁸
2839 5013 3039 5068 llabac.
3069 5027 3151 5076 ιιι,
3185 5011 3240 5064 2.
3315 5013 3359 5043 ⁷²
3397 5009 3584 5065 Matth.
3627 5025 3707 5072 ιιι,

2409 5086 2458 5117 ⁷⁸
2487 5084 2658 5141 Levit.
2696 5098 2772 5146 tv,
2803 5083 2891 5145 15,
2935 5083 3025 5145 14,
3065 5084 3153 5150 l6,
3183 5081 3275 5136 20.
3421 5081 3464 5112 ⁷⁷
3495 5080 3708 5135 Coloss.

465 5163 510 5213 ι,
553 5146 650 5214 l9;
694 5164 756 5215 ιι,
786 5148 841 5206 9.
915 5149 960 5182 ⁷³
997 5151 1141 5208 Psal.
1171 5167 1280 5221 cut,
1307 5152 1362 5207 4.
1437 5154 1480 5186 ⁷⁸
1515 5152 1675 5208 Hebr.
1717 5168 1752 5206 ιι
1789 5164 1846 5208 et
1883 5169 1996 5223 seq.

2151 5146 2314 5212 'Joan.
2342 5172 2382 5221 ι,
2421 5153 2510 5209 29.
2585 5155 2628 5186 “
2668 5153 2830 5208 Hebr.
2875 5168 2952 5219 Ix,
2984 5152 3076 5209 22.

542 5265 658 5405 (82}
695 5265 876 5332 Alias,
911 5284 931 5319 ε
967 5283 1188 5336 pensus,
1231 5286 1250 5320 ι
1287 5269 1447 5324 male.

542 5336 631 5405 (83
690 5335 800 5401 AL,
829 5355 849 5389 ι
885 5340 1195 5405 praedicata,
1233 5357 1253 5391 ι
1286 5339 1447 5394 Deind

505 5335 653 5416 _(83)
690 5335 849 5416 Al.,.¢
885 5335 1195 5416 praedicata,
1231 5357 1261 5416 ι
1286 5339 1528 5416 Deinde_,_
1555 5359 1574 5392 ι
1601 5341 1836 5416 Possunt
1867 5341 2031 5416 etiam

466 5407 698 5459 virtutes
727 5407 996 5470 ccelestes,
1032 5426 1050 5458 ι
1087 5418 1194 5462 etc.
1229 5409 1465 5464 Sanctus
1494 5411 1743 5474 Basilius,
1778 5411 1873 5466 lib.
1906 5429 1926 5462 ‹
1957 5411 2032 5466 De

467 5474 670 5545 Spiritu
701 5485 913 5540 sancto,
943 5495 962 5528 ι
1001 5493 1122 5545 cap.
1156 5479 1248 5542 29,
1281 5479 1455 5532 locum
1487 5481 1631 5534 hunc
1663 5481 1744 5534 sic
1788 5495 2026 5535 comme-

464 5545 750 5625 rttoratzAi
770 5546 1189 5625 Espatﬂuvépstg
1216 5550 1520 5625 xwpqrtatat
1544 5549 1641 5603 τοῦ
1669 5549 2024 5625 Μρνογενοῖις,

465 5615 679 5684 καὶτῆς
703 5615 798 5668 τοῦ
827 5615 982 5684 ἁγίου
1013 5615 1326 5690 [ξῇεύμὰῖτοξ
1349 5615 1621 5690 θεότητος.
1658 5639 1676 5690 ι
1708 5615 1892 5675 Sacra:
1921 5622 2029 5674 vir-

465 5692 607 5740 tutes
633 5699 859 5757 capaces
891 5699 1011 5742 sunt
1043 5687 1337 5759 Unigeniti,
1368 5700 1421 5746 ct
1449 5687 1625 5747 sancti
1648 5689 1887 5756 Spiritus
1915 5691 2027 5748 dei-

2149 5273 2298 5327 tatis.
2350 5292 2368 5324 ι

2235 5345 2326 5412 8i)
2363 5342 2534 5406 Alias,
2580 5360 2600 5392 ι
2635 5341 2918 5412 sentietur.
2965 5358 2986 5391 ι

2235 5345 2326 5412 8i)
2363 5345 2534 5406 Alias,
2580 5360 2600 5392 ‹
2635 5345 2918 5394 sentietur.
2965 5358 2986 5391 ι

2212 5345 2325 5486 ἓδῦ)
2361 5413 2540 5486 alias,
2558 5429 2596 5486 _t
2620 5411 2869 5486 duobus,
2902 5429 2922 5462 ι
2959 5408 3117 5464 male.

2231 5480 2321 5552 86)
2360 5481 2523 5551 Ergo.
2555 5480 2718 5544 Editi,
2754 5498 2773 5532 ι
2815 5495 2964 5552 vero.
2997 5498 3016 5530 ι

2232 5550 2323 5620 87)
2360 5550 2531 5616 Alias,
2573 5569 2592 5603 ι
2637 5550 3066 5620 proposuisse.)

2207 5617 2318 5695 (88)
2358 5623 2543 5690 Alias,
2577 5641 2596 5676 ι
2633 5617 2890 5695 consona,
2931 5639 2950 5673 ι
2987 5617 3084 5696 a_l.,
3125 5637 3140 5671 ι
3174 5634 3434 5691 consono.
3472 5634 3496 5667 ι
