4170 6410
429 339 527 397 θειι
1914 335 2074 391 ORlG

2038 336 2234 394 [ΞΕΝΙὸ
3167 349 3169 351 ’
3578 337 3685 393 952

431 459 538 516 Sed
566 465 621 514 et
649 456 692 512 si
725 455 850 527 quis
881 454 1210 528 peccaverit,
1232 455 1553 510 advocatum
1581 455 1841 510 habemus
1865 459 2007 526 apud
2037 458 2084 513 A
2107 455 2371 524 judicium
2420 465 2721 520 statuerat,
2771 470 3010 524 prmscns
3057 456 3442 511 sustentationi
3487 465 3544 511 et
3589 471 3687 526 pa-

427 549 672 616 Patrem,
699 546 882 603 Iesum
915 547 1190 602 Christum
1211 546 1415 616 iustum
1452 565 1464 601 :
1499 556 1554 601 ct
1599 547 1716 616 ipse
1761 558 1842 601 est
1880 562 2006 615 pro-
2112 549 2319 603 tientia:
2347 549 2658 618 deputaret.
2702 547 2836 602 Nam
2871 549 2915 602 si
2954 549 3170 616 puniret
3218 549 3272 603 in
3305 551 3408 604 hoc
3437 559 3688 620 tempore

429 644 644 714 pitiatio
679 655 779 712 pro
810 642 1050 712 peccatis
1073 640 1274 696 nostris
1305 658 1321 704 ;
1361 657 1467 694 non
1500 639 1670 695 solmn
1694 649 1874 695 autem
1907 655 2007 710 pro
2106 650 2451 710 peccatorem
2475 681 2490 704 ,
2509 639 2712 708 iustum
2762 656 2864 693 nou
2919 642 3194 695 videretur
3227 640 3341 713 (92)
3377 643 3576 696 iterum
3616 645 3684 698 ad

429 735 635 794 nostris
663 778 678 802 ,
715 735 809 790 sed
846 745 897 790 et
926 749 1022 806 pro
1062 734 1299 790 universi
1333 735 1516 789 mundi
1546 734 1612 791 θ’.
1648 753 1667 786 ι
1698 733 1818 790 Uno
1843 734 2007 804 igitur
2101 731 2366 800 judicium
2397 747 2554 800 quem
2594 733 2841 802 puniet-at
2865 747 3117 788 evocare.
3160 733 3215 787 Si
3248 749 3374 788 vero
3405 743 3682 790 sustentet

429 826 730 898 eodemque
749 841 911 882 sensu
933 825 1157 896 apostoli
1185 826 1704 896 «propitiatoriumg
1732 825 1812 880 vel
1837 844 1856 876 ι
1881 841 2007 896 pro—
2105 833 2161 878 et
2190 825 2428 892 patiatur
2453 824 2504 877 in
2537 826 2784 892 praesenti
2824 824 3040 886 saeculo,
3073 835 3221 882 recte
3248 827 3354 880 erit
3381 827 3559 894 iustus
3583 827 3680 898 iu-

425 919 792 990 pitiationem,
828 938 848 972 ι
881 919 990 985 vel,
1019 929 1077 973 ut
1111 920 1166 974 in
1198 919 1415 975 Latinis
1445 918 1724 973 codicibus
1754 917 2007 986 frequen-
2108 914 2210 970 dex
2251 917 2303 969 in
2337 915 2539 972 l'utmo.
2580 916 2850 972 Justiﬁcat
2880 932 3011 986 ergo
3040 933 3163 973 eum
3193 922 3284 990 qui
3333 936 3402 974 ex
3444 920 3548 976 ﬁde
3577 930 3683 985 est,

425 1011 537 1066 tius
562 1011 895 1078 invenitur,¢
918 1009 1338 1080 Propitiatorem
1363 1030 1382 1064 ι
1413 1009 2003 1065 nomiltanlChristum.
2108 1010 2248 1062 sicut
2293 1011 2437 1063 etde
2468 1010 2740 1063 Abraham
2777 1011 3037 1080 scriptum
3071 1022 3187 1078 est,
3229 1014 3353 1082 quia
3388 1031 3406 1064 ι
3452 1015 3684 1069 credidit

427 1101 540 1157 Sed
591 1101 726 1157 nihil
765 1102 995 1157 interest
1021 1103 1136 1156 sive
1182 1121 1201 1152 ι
1238 1103 1591 1174 propitiator,
1629 1120 1649 1153 ι
1684 1102 1797 1156 sive
1829 1120 1848 1153 ι
1879 1115 2005 1171 pro-
2107 1099 2379 1154 Abraham
2412 1100 2538 1163 Deo,
2571 1111 2952 1170 etreputatmn
2975 1113 3058 1157 est
3085 1103 3132 1157 ei
3163 1105 3226 1156 ad
3252 1104 3518 1173 justitiam
3550 1105 3617 1157 9°.
3658 1122 3680 1157 ι

426 1193 784 1263 pitiatorium,
818 1213 838 1247 ι
868 1195 982 1249 sive
1013 1213 1032 1245 ι
1063 1196 1394 1264 pr0pitiatio,
1433 1214 1450 1246 ι
1501 1194 1616 1249 sive
1647 1195 1811 1249 etiam
1857 1211 1877 1245 ι
1917 1209 2007 1248 ex-
2107 1188 2260 1256 Quod
2287 1190 2330 1244 si
2365 1191 2640 1244 Abraham
2689 1191 2957 1256 credidit,
2989 1201 3042 1246 et
3081 1207 3149 1248 ex
3201 1192 3307 1247 ﬁde
3351 1192 3686 1262 iustiﬁcatus

426 1288 603 1342 oratio
627 1306 646 1340 ι
684 1287 946 1358 scripturn
972 1289 1066 1354 sit,
1095 1304 1217 1345 cum
1251 1289 1389 1356 apud
1407 1285 1628 1343 Graecos
1660 1302 1767 1342 uno
1793 1302 2007 1357 semper
2106 1291 2209 1346 est,
2241 1297 2580 1351 consequens
2617 1283 2737 1338 sine
2766 1284 2934 1339 dubio
2962 1284 3068 1339 erit
3097 1294 3158 1338 ut
3186 1293 3241 1340 et
3268 1301 3409 1340 nunc
3433 1287 3526 1356 qui
3561 1301 3684 1342 cre-

427 1379 724 1450 eodemque
773 1394 1027 1436 sermone
1049 1381 1376 1451 proferatur.
1420 1379 1534 1436 Nisi
1568 1379 1710 1435 forte
1754 1381 2007 1435 videatur
2106 1379 2185 1433 dit
2214 1375 2329 1449 (93)
2359 1379 2484 1443 Deo,
2522 1392 2618 1448 per
2642 1378 2798 1433 ﬁdem
2820 1375 2950 1435 Jesu
2973 1379 3176 1434 Christi
3196 1378 3530 1448 iustiﬁcetur
3557 1395 3682 1436 cum

427 1472 749 1542 quibusdam
790 1491 808 1524 ι
841 1472 1153 1541 propitiatio
1195 1490 1214 1524 ι
1247 1470 1360 1540 ipsa
1400 1469 1516 1541 ejus
1544 1470 1724 1525 divina
1756 1469 2006 1525 substan-
2108 1473 2248 1527 tideli
2287 1472 2563 1526 Abraham
2596 1472 2663 1526 ⁸¹.

427 1564 543 1631 tia;
599 1580 620 1614 ι
653 1563 976 1633 propitiator
1014 1581 1031 1613 ι
1070 1577 1234 1625 vero,
1289 1575 1411 1615 cum
1463 1561 1897 1630 dispensationes
1950 1561 2002 1614 in
2171 1563 2226 1618 9.
2274 1584 2292 1616 ι
2331 1563 2429 1618 Ubi
2456 1573 2538 1618 est
2571 1579 2700 1634 ergo
2733 1561 2987 1634 gloriatio
3023 1563 3153 1617 tua?
3178 1561 3410 1616 Exclusa
3441 1572 3544 1617 est.
3580 1562 3684 1618 Per

424 1653 737 1708 hominibus
768 1652 949 1722 explet
978 1651 1110 1724 (89),
1140 1652 1390 1722 intelligi.
1432 1651 1541 1708 Sed
1569 1663 1624 1707 et
1667 1653 1810 1721 quod
1867 1651 2004 1707 dixit
2105 1671 2266 1726 quam
2297 1655 2514 1724 legem?
2539 1652 2779 1723 Operum
2811 1652 2834 1704 ’ἔ
2867 1652 2984 1708 Non
3020 1671 3034 1707 :
3072 1654 3166 1708 sed
3203 1668 3298 1722 per
3325 1653 3496 1722 legem
3531 1653 3679 1711 ﬁdei.

423 1744 680 1810 Joannes,
703 1745 826 1813 quia
858 1765 876 1797 ι
905 1745 1020 1814 ipse
1040 1755 1123 1800 est
1147 1747 1389 1800 exoratio
1412 1745 1548 1815 (sive
1580 1764 1598 1798 ι
1622 1745 1934 1815 propitiatio
1954 1742 2000 1816 ι)
2037 1808 2072 1816 _
2104 1748 2454 1803 Arbitramur
2505 1749 2652 1806 enim
2706 1744 2998 1813 iustiﬁcari
3050 1745 3322 1799 hominem
3379 1761 3475 1814 per
3521 1747 3680 1799 ﬁdem

422 1850 522 1906 pro
550 1837 788 1906 peccatis
811 1838 1014 1891 nostris
1041 1853 1057 1902 ;
1083 1851 1188 1891 non
1227 1837 1403 1892 solum
1431 1848 1610 1892 autem
1638 1853 1734 1907 pro
1773 1836 1997 1904 nostris,
2035 1808 2075 1862 Β
2105 1840 2225 1895 sine
2252 1841 2510 1910 operibus
2543 1837 2678 1909 legis
2699 1838 2766 1891 ".
2807 1854 2827 1888 ι
2870 1835 3067 1889 Iterqu
3110 1852 3172 1889 ac
3200 1839 3400 1906 saepius
3433 1853 3681 1892 commo-

419 1928 516 1984 sed
545 1936 600 1983 et
639 1941 739 1999 pro
764 1928 1002 1984 universi
1040 1930 1262 1998 mundi,
1300 1948 1320 1982 ι
1366 1933 1612 2000 quaedam
1648 1933 1807 1987 nobis
1852 1932 1999 1986 intu-
2105 1947 2295 1986 nemus
2343 1946 2438 1986 eos
2467 1931 2558 2000 qui
2607 1929 2811 1998 scripta
2846 1927 2997 1982 Pauli
3030 1927 3347 1998 diligentius
3397 1932 3684 1986 advertere

421 2020 550 2075 lisse
589 2020 808 2075 videtur
841 2029 1126 2091 augmenta
1151 2025 1422 2094 mysterii,
1450 2034 1509 2078 ut
1536 2025 1785 2080 ostendat
1813 2023 1998 2079 Jesum
2099 2023 2360 2093 cupiunt.
2393 2022 2798 2076 distinctionem
2832 2019 3003 2083 illam,
3029 2036 3190 2089 quam
3225 2035 3388 2090 supra
3415 2019 3681 2087 diximus,

421 2111 830 2181 propitiatorem
876 2128 998 2170 esse
1032 2129 1138 2171 non
1195 2114 1369 2170 solum
1402 2116 1770 2179 credentium,
1809 2131 1997 2170 verum
2098 2113 2398 2166 observare
2426 2113 2671 2166 tenacius
2697 2152 2713 2176 ,
2743 2111 3018 2178 quomodo
3049 2111 3161 2181 (94)
3192 2128 3335 2165 nunc
3380 2113 3682 2167 circumci-

417 2210 475 2256 ιιι
503 2203 670 2257 totius
707 2205 926 2273 mundi;
965 2222 1070 2262 non
1115 2216 1294 2264 tamen
1345 2209 1499 2278 prius
1532 2208 1756 2273 mundi,
1786 2217 1840 2263 et
1872 2217 1998 2262 tunc

2099 2203 2271 2257 sionis
2299 2217 2519 2257 causam
2539 2242 2554 2267 ,
2587 2217 2731 2257 nunc
2759 2202 3034 2273 praeputii,
3068 2203 3120 2257 id
3153 2213 3235 2257 est
3261 2201 3571 2257 Iudaeorum
3596 2202 3680 2258 vel

422 2304 710 2360 nostrum;
750 2297 844 2352 sed
898 2299 1050 2368 prius
1074 2311 1347 2365 nostrum,
1377 2311 1432 2356 et
1465 2301 1536 2354 ita
1565 2301 1785 2355 demum
1837 2301 2000 2356 totius
2098 2295 2651 2366 gentilium,discreto
2687 2310 2904 2364 semper
2941 2297 3158 2350 tramite
3197 2306 3584 2366 prosequatur.
3620 2295 3678 2350 Si

418 2386 626 2440 nmndi.
651 2385 908 2454 Quamvis
928 2390 1073 2444 enim
1099 2391 1352 2446 universa
1371 2401 1618 2447 creatura
1643 2392 1874 2462 gratiam
1894 2391 1998 2446 Re-
2097 2388 2240 2441 enim
2276 2385 2554 2457 paululum
2591 2387 2719 2456 quid
2756 2387 2954 2459 fugerit
2980 2389 3272 2458 legentem,
3297 2389 3556 2443 continuo
3581 2403 3680 2440 an-

418 2477 716 2547 demptoris
741 2490 1045 2549 exspectet,
1077 2483 1452 2551 unusquisque
1485 2493 1666 2538 tamen
1696 2484 1747 2539 in
1777 2499 1875 2539 suo
1907 2500 1995 2539 or.
2099 2489 2250 2549 gusta
2285 2481 2401 2533 haec
2430 2489 2486 2535 et
2530 2479 2688 2534 exilis
2738 2480 3111 2549 intelligentiae
3163 2481 3357 2534 semita
3403 2478 3519 2548 (95)
3555 2493 3680 2547 per-

416 2569 544 2624 dine
571 2570 752 2624 veniet
790 2574 857 2626 ad
883 2571 1133 2627 salutem.
1167 2573 1280 2628 lloc
1310 2573 1541 2628 indicari
1592 2575 1834 2632 arbitror
1855 2586 1908 2631 et
1941 2577 1993 2630 iu
2100 2571 2428 2627 turbabitur.
2468 2569 2635 2642 igitur
2661 2588 2783 2627 cum
2816 2575 3069 2640 superius
3099 2572 3147 2603 "
3173 2574 3504 2627 ostendi-sset
3529 2573 3677 2643 Apo-

417 2659 658 2717 Levitico
675 2662 742 2726 ⁸³,
767 2663 1338 2734 nbirepropitiationis
1367 2667 1554 2722 hostire
1572 2667 1992 2738 per-pontiﬁcem
2097 2663 2270 2718 stolns
2296 2664 2423 2732 quid
2467 2672 2613 2716 esset
2644 2663 2877 2731 amplius
2926 2661 3150 2727 Judzeo,
3188 2673 3282 2717 aut
3321 2678 3441 2731 qua:
3473 2663 3678 2717 utilitas

418 2751 746 2806 mandantur
769 2751 974 2809 offerri.
1018 2755 1127 2810 Nec
1186 2757 1444 2812 tamenin
1480 2760 1564 2814 his
1595 2759 1992 2815 sacriﬁciorum
2096 2755 2526 2810 circumcisiouis
2557 2769 2570 2805 τ
2603 2764 2658 2809 et
2693 2753 2972 2809 docuisset
3006 2756 3132 2824 quia
3176 2754 3367 2824 primis
3414 2755 3520 2808 illis
3557 2769 3674 2808 cre-

414 2842 680 2900 conl’usus
711 2847 845 2901 ordo
881 2848 1232 2917 proponitur;
1267 2850 1360 2903 sed
1392 2852 1569 2918 primo
1611 2852 1832 2920 quidem
1863 2852 1994 2906 dicit
2095 2847 2206 2900 dita
2239 2858 2368 2902 sunt
2397 2847 2608 2917 eloquia
2645 2847 2772 2909 Dei,
2806 2856 2998 2914 et.per
3032 2845 3144 2900 haec
3178 2845 3327 2898 visus
3367 2844 3559 2898 luisset
3583 2858 3678 2898 ex-

417 2949 537 3002 qua!
565 2936 636 2990 sit
680 2939 1028 3007 propitiatio,
1069 2951 1123 2994 et
1165 2941 1341 3010 qualis
1377 2942 1588 3008 hostia,
1639 2944 1685 2999 si
1736 2943 1992 2999 sacerdos
2097 2939 2290 2994 tollere
2339 2956 2530 2995 eorum
2579 2939 2900 3009 iactantiam
2949 2953 3056 3008 qua
3103 2939 3392 2994 adversum
3446 2937 3676 3008 gentiles

417 3025 756 3094 peccaverit,
787 3026 1049 3084 offeratur
1091 3029 1156 3082 ⁸⁸.
1192 3030 1476 3097 Secundo,
1511 3032 1556 3087 si
1605 3033 1784 3090 omnis
1814 3033 1990 3105 Syna-
2094 3033 2229 3104 erigi
2258 3033 2441 3087 solent
2468 3049 2481 3086 :
2508 3042 2563 3086 et
2588 3048 2799 3086 rursum
2822 3042 3014 3084 contra
3040 3032 3155 3084 hinc
3179 3031 3231 3084 in
3263 3029 3678 3098 sequentibus“

416 3131 554 3217 goga
583 3117 871 3217 deliquerit
907 3135 1004 3190 per
1047 3122 1444 3192 ignorantiam,
1487 3124 1789 3194 cuiusmodi
1836 3127 1995 3182 victi-
2021 3155 2066 3217 ρ
2097 3128 2389 3195 obiecisset
2409 3126 2678 3198 justitiam
2707 3125 2802 3181 Dei
2833 3140 2931 3195 per
2968 3124 3126 3177 ﬁdem
3165 3122 3290 3179 .lesu
3325 3123 3526 3178 Christi
3553 3138 3678 3176 esse

416 3209 520 3263 mis
558 3209 804 3279 placetur
839 3213 980 3266 Deus
1006 3213 1072 3267 ⁸⁸.
1115 3213 1333 3281 Tertio,
1367 3215 1411 3271 si
1447 3216 1700 3286 princeps
1733 3232 1993 3286 peccave-
2027 3209 2065 3217 ⁷
2100 3224 2150 3276 iu
2181 3237 2372 3277 onmes
2396 3221 2487 3292 qui
2538 3223 2792 3282 credunt,
2829 3233 3003 3286 neque
3051 3217 3251 3271 habere
3289 3215 3528 3285 aliquam
3561 3216 3676 3269 dis-

417 3303 510 3368 rit,
544 3317 652 3370 quo
681 3304 872 3360 ordine
900 3306 1268 3374 puriﬁcandus
1291 3309 1363 3362 sit
1382 3310 1644 3365 scribitur
1662 3311 1733 3364 ⁸⁸.
1763 3310 1992 3379 Quarto,
2099 3316 2410 3370 tinctionem
2433 3354 2449 3377 ,
2474 3313 2569 3368 sed
2618 3325 2810 3366 omnes
2855 3309 3151 3376 deliquisse
3183 3305 3400 3362 Iudaeos
3427 3317 3482 3361 et
3525 3305 3678 3360 Grae-

416 3395 460 3447 si
495 3394 676 3449 anima
709 3411 815 3450 una
851 3398 1184 3466 peccaverit,
1213 3399 1376 3456 etiam
1410 3399 1478 3454 de
1507 3401 1613 3454 hoc
1641 3401 1764 3472 quis
1792 3403 1864 3456 sit
1893 3416 1992 3457 ει·
2095 3423 2222 3474 cos,
2255 3419 2310 3462 et
2349 3420 2508 3477 egere
2538 3406 2706 3475 gloria
2731 3403 2824 3457 Dei
2853 3444 2866 3468 ,
2900 3414 2955 3456 et
2976 3401 3265 3470 iustiﬁcari
3316 3415 3410 3469 per
3445 3399 3676 3470 gratiam

416 3489 597 3557 piandi
627 3491 765 3545 ritus
790 3492 1085 3559 exponitur
1117 3491 1183 3546 ⁸⁷.
1216 3492 1350 3560 Quae
1392 3493 1603 3564 singula
1634 3495 1866 3565 mystico
1911 3495 1993 3549 in-
2095 3517 2158 3556 ac
2191 3499 2619 3570 redemptionem
2651 3514 2770 3568 quae
2805 3506 2888 3550 est
2919 3496 2971 3550 in
3003 3490 3224 3550 Christo
3261 3494 3386 3548 .Iesu
3423 3513 3436 3547 :
3472 3494 3678 3562 ipsum-

415 3583 632 3639 tellectu
670 3583 908 3639 futuram
957 3585 1163 3640 Christi
1209 3586 1324 3657 (90)
1377 3588 1818 3657 propitiationem
1883 3603 1990 3643 non
2093 3611 2200 3663 que
2229 3609 2350 3648 esse
2385 3591 2822 3662 propitiatorimn
2861 3607 2957 3662 per
2989 3590 3171 3654 ﬁdem,
3207 3597 3258 3642 ct
3281 3585 3574 3656 iustiﬁcari
3609 3584 3679 3639 ab

414 3678 589 3732 solum
637 3693 736 3748 pro
785 3679 1026 3748 peccatis
1077 3679 1312 3745 nostris,
1365 3679 1458 3734 sed
1490 3689 1550 3735 et
1598 3696 1697 3750 pro
1735 3682 1994 3736 universo
2093 3696 2160 3736 eo
2198 3696 2417 3736 omnem
2464 3680 2576 3752 (96)
2632 3682 2724 3750 qui
2763 3697 2826 3736 ex
2886 3682 2991 3735 lide
3037 3689 3161 3733 est:
3198 3693 3342 3732 nunc
3377 3677 3486 3744 iam
3530 3677 3677 3728 velut

417 3771 620 3824 nntndo
653 3770 822 3824 certis
852 3770 1163 3840 quibusque
1195 3771 1517 3837 ordinibus,
1554 3783 1610 3829 et
1661 3773 1838 3829 modis
1865 3789 1991 3829 cau-
2093 3773 2499 3828 conclusionem
2537 3775 2898 3828 assertiouum
2949 3788 3170 3826 suarum
3216 3786 3424 3840 ponens
3458 3771 3512 3822 in
3564 3769 3668 3821 hoc

412 3864 598 3933 sisque
623 3863 910 3933 designant
945 3880 959 3917 :
993 3865 1036 3918 si
1069 3865 1194 3936 quis
1227 3874 1405 3921 tamen
1439 3867 1553 3921 haec
1581 3869 1881 3922 secundum
1929 3867 1988 3921 il-
2093 3867 2211 3921 loco
2240 3867 2370 3921 dicit
2407 3883 2420 3918 :
2456 3884 2474 3916 ι
2507 3865 2604 3920 Ubi
2640 3877 2724 3920 est
2755 3881 2886 3936 ergo
2926 3865 3179 3936 gloriatio
3209 3873 3297 3916 tua
3323 3862 3345 3915 ?
3368 3879 3387 3912 ι
3439 3859 3676 3916 Exclusa

414 3957 519 4009 lam
548 3955 930 4011 revelationem
965 3972 1084 4026 quae
1118 3957 1288 4029 Moysi
1320 3960 1371 4012 in
1405 3969 1589 4012 monte
1617 3961 1988 4014 demonstrata
2089 3971 2192 4014 est.
2238 3957 2340 4012 Per
2363 3974 2522 4027 quam
2551 3958 2758 4028 legem?
2792 3956 3065 4025 Operam?
3111 3953 3225 4010 Non
3263 3970 3276 4006 :
3315 3955 3410 4011 sed
3452 3969 3549 4024 per
3600 3953 3674 4005 le-

409 4060 535 4102 esse
582 4045 814 4110 dicitur,
858 4057 1048 4103 sancto
1099 4046 1303 4120 Spiritu
1350 4049 1684 4105 illuminatns
1735 4052 1986 4121 aspiciat.
2095 4067 2212 4119 gem
2249 4049 2394 4103 tidei.
2428 4048 2775 4103 Arbitramur
2801 4050 2943 4101 enim
2966 4048 3252 4118 iustiﬁcari
3280 4047 3553 4100 hominem
3580 4057 3674 4112 per

411 4135 501 4191 Fit
524 4150 657 4208 ergo
681 4152 780 4207 per
803 4139 1299 4208 repropitiationem
1347 4141 1632 4210 sanguinis
1668 4141 1872 4196 Christi
1900 4157 1988 4196 re-
2096 4145 2252 4197 lidem
2281 4142 2397 4196 sine
2423 4141 2677 4208 operibus
2709 4140 2841 4209 legis
2868 4141 2914 4172 “
2941 4157 2956 4194 :
2987 4152 3038 4196 ct
3067 4141 3197 4193 dicit
3222 4138 3478 4194 sufﬁcere
3504 4137 3673 4189 solius

409 4227 599 4284 missio
628 4248 647 4280 ι
679 4231 1104 4298 prmcedentium
1131 4231 1478 4296 delictorum,
1512 4234 1563 4287 in
1590 4233 1990 4288 sustentatione
2095 4234 2702 4300 ﬁdciinstiﬁcationem,
2721 4236 2795 4288 ita
2819 4237 3124 4289 utcredcns
3145 4229 3672 4303 quistantunnuodo,

409 4322 543 4388 Dei,
575 4324 642 4377 ad
684 4325 1054 4380 ostensionem
1079 4323 1308 4391 iustitiae
1333 4339 1446 4380 suae
1470 4326 1538 4380 ⁸⁸.
1578 4345 1597 4377 ι
1645 4327 1988 4381 Sustentatio
2085 4326 2416 4394 iustiﬁcetur
2436 4367 2451 4391 ,
2479 4327 2695 4380 etiamsi
2743 4327 2877 4380 nihil
2915 4328 2983 4381 ab
3006 4341 3072 4380 eo
3094 4325 3277 4394 cperis
3300 4322 3466 4376 fuerit
3495 4320 3674 4389 exple-

408 4414 506 4471 Dei
543 4423 650 4478 est,
685 4417 774 4471 ubi
806 4427 1062 4485 peccator
1091 4433 1199 4474 non
1230 4419 1412 4474 statim
1443 4418 1666 4488 punitur
1687 4426 1745 4472 ut
1776 4429 1984 4487 peccat,
2095 4430 2229 4474 tum.
2261 4419 2512 4474 Imminet
2545 4421 2708 4490 igitur
2750 4420 2907 4474 nobis
2951 4419 3042 4488 qui
3077 4419 3337 4486 integram
3367 4431 3486 4471 esse
3525 4414 3673 4467 Scri-

407 4505 504 4560 sed
545 4508 843 4562 secundum
871 4508 1016 4577 quod
1051 4509 1247 4565 ibidem
1273 4511 1565 4579 Apostolus
1597 4511 1738 4565 dixit
1773 4510 1820 4543 ⁸⁸
1841 4551 1856 4576 ,
1888 4526 1987 4578 per
2021 4529 2063 4583 ι)
2097 4521 2308 4581 pturam
2340 4511 2500 4588 517
2527 4511 2768 4582 Apustoli
2800 4526 3061 4565 conamur
3091 4524 3358 4574 asserere,
3395 4519 3450 4562 et
3478 4509 3673 4562 ordine

407 4597 725 4668 patientiam
779 4598 873 4653 Dei
911 4601 1202 4656 adducitur
1250 4602 1318 4657 ad
1357 4603 1730 4672 paenitentiam
1780 4621 1794 4659 :
1841 4613 1896 4657 et
1930 4604 1983 4657 iu
2097 4620 2196 4658 suo
2227 4616 2423 4659 cuncta
2462 4614 2736 4668 constare,
2773 4612 2832 4656 ut
2865 4604 3208 4673 requiramus
3236 4602 3359 4670 quis
3397 4600 3518 4654 sine
3546 4613 3674 4666 ope-

407 4687 515 4742 hoc
566 4690 856 4743 csteudere
897 4690 1098 4745 dicitur
1134 4689 1406 4758 justitiam
1454 4708 1605 4748 suam
1642 4693 1804 4748 Deus.
1839 4692 1986 4748 Bene
2097 4697 2249 4750 ribus
2278 4695 2391 4750 sola
2440 4696 2545 4750 ﬁde
2585 4697 2917 4766 iustilicatns
2954 4695 3045 4746 sit.
3102 4694 3377 4761 Quantmn
3408 4692 3573 4763 igitur
3605 4690 3671 4742 ad

405 4788 587 4835 autem
616 4780 848 4845 addidit,
885 4799 904 4834 ι
935 4781 988 4837 in
1019 4783 1122 4838 hoc
1155 4793 1436 4854 tempore;
1473 4805 1493 4837 ι
1523 4785 1808 4854 praesentis
1839 4784 1983 4838 enim
2095 4785 2400 4854 exemplum
2424 4787 2678 4856 pertinet,
2703 4786 2949 4840 sullicere
2972 4786 3210 4840 arbitror
3233 4785 3382 4838 illum
3407 4784 3669 4838 latronem

406 4874 592 4929 saeculi
629 4884 871 4946 tempore
921 4879 976 4932 in
1039 4881 1435 4935 sustentatione
1475 4889 1561 4934 est
1601 4880 1808 4949 iustitia
1847 4879 1936 4934 Dei
1967 4897 1980 4939 ;
2094 4883 2186 4948 qui
2219 4894 2343 4932 cum
2393 4877 2611 4932 Christo
2644 4880 2939 4934 cruciﬁxus
2989 4880 3245 4935 clamavit
3275 4879 3323 4932 ei
3356 4879 3424 4931 de
3455 4892 3618 4931 crucc
3655 4893 3668 4930 :

403 4965 571 5023 futuri
621 4983 751 5023 vero
803 4969 856 5023 in
918 4973 1271 5025 retributione
1303 4971 1435 5041 (9i).
1498 4971 1711 5027 Jusnnm
1749 4985 1984 5038 namque
2099 4991 2117 5023 ι
2167 4971 2395 5026 Domine
2425 4971 2578 5037 Jesu,
2624 4985 2896 5028 memento
2934 4975 3038 5030 mei
3088 4991 3212 5029 cum
3252 4973 3468 5027 veneris
3501 4973 3551 5023 in
3584 4986 3673 5022 re-

403 5059 549 5128 apud
573 5058 740 5114 Deum
770 5060 942 5115 visum
969 5075 1072 5127 est,
1106 5075 1163 5117 ut
1184 5065 1307 5134 quia
1349 5064 1588 5119 futurum
1620 5063 1877 5119 saeculum
1914 5062 1981 5115 ad
2092 5081 2258 5134 gnum
2299 5075 2448 5120 tuum
2472 5065 2539 5119 ".
2577 5085 2595 5118 ι
2636 5065 2747 5120 Nec
2798 5067 2945 5122 aliud
2988 5069 3284 5137 quidquam
3339 5065 3672 5119 describitur

475 5199 523 5232 θ’
555 5197 755 5276 licam.
787 5217 850 5266 ιι,
884 5203 935 5265 1,
968 5203 1049 5276 2_.__
1106 5204 1182 5276 ff
1210 5202 1383 5276 Levii.
1418 5219 1492 5268 Iv,
1519 5203 1612 5257 20.
1648 5275 1657 5276 ί
1699 5203 1748 5235 ⁸⁵
1774 5202 1911 5276 ibid:
1933 5206 1966 5260 5
1994 5222 2110 5276 seq.

2017 5222 2110 5276 neq.
2203 5201 2263 5276 ξ’
2290 5199 2678 5276 ἰὶιῑῂηἱῗινεοῃ.
2741 5201 2801 5276 f‘
2823 5201 2960 5276 ibid.
2993 5201 3085 5262 22,
3122 5215 3235 5276 s_e_q.
3265 5199 3372 5276 ηπ

403 5286 524 5334 seq.
601 5268 648 5301 ⁸³
678 5271 835 5324 Rom.
871 5287 954 5335 ttt,
979 5273 1073 5338 25,
1099 5273 1190 5327 26.
1269 5275 1314 5306 ⁸⁸
1343 5273 1502 5327 Rom.
1544 5291 1603 5336 ιι,
1633 5275 1686 5327 4.
1789 5275 1835 5307 ⁹⁰
1875 5274 2050 5330 Galat.

2017 5268 2165 5334 ι.ἰιι,
2195 5270 2250 5324 6.
2361 5272 2406 5303 ⁹¹
2437 5273 2570 5328 ibid.
2609 5275 2662 5328 9.
2737 5273 2784 5306 θ’
2822 5271 2979 5326 Rom.
3015 5288 3095 5338 ιιι,
3128 5268 3219 5336 27,
3259 5270 3350 5326 28.
3453 5271 3500 5304 ⁸³
3531 5271 3659 5324 ibiu'.

404 5339 456 5400 1,
496 5339 554 5393 2.
628 5338 676 5371 "
701 5341 829 5396 ibid.
866 5341 1054 5400 22-26.
1129 5345 1326 5400 "ibid.
1352 5345 1445 5409 27,
1483 5344 1576 5400 28.
1683 5345 1730 5376 ⁸³⁸
1757 5344 1888 5398 Luc.
1926 5363 2051 5401 xm:

701 5341 829 5396 ibid.
866 5341 1054 5400 22-26.
1129 5345 1326 5400 "ibid.
1352 5345 1445 5409 27,
1483 5344 1576 5400 28.
1683 5345 1730 5376 ⁸³⁸
1757 5344 1888 5398 Luc.
1926 5363 2086 5412 χχιιι,
2124 5343 2217 5406 42,
2253 5343 2343 5398 45.

481 5431 1066 5512 (8_9)_Dispensatip_nes
1101 5475 1114 5490 .
1153 5475 1169 5489 .
1200 5476 1216 5492 .
1247 5437 1574 5512 explet._Si_c
1615 5452 1803 5492 omnes
1850 5439 1981 5512 editi
2161 5439 2272 5512 (92')
2313 5437 2487 5512 Alias,
2525 5455 2545 5489 ι
2577 5437 2825 5512 videtur,
2858 5455 2876 5488 ι
2913 5436 3070 5492 male.

408 5513 458 5552 et
493 5502 742 5578 plerique
773 5521 904 5578 mss.
934 5506 1033 5562 Ms.
1081 5518 1260 5562 tamen
1295 5502 1433 5563 unus
1456 5508 1642 5570 habet,
1674 5526 1694 5560 ι
1719 5524 1840 5563 cum
1871 5509 1983 5561 dis-
2159 5502 2272 5578 (95)
2307 5502 2491 5575 Alias,
2530 5525 2550 5558 ι
2582 5502 2833 5562 credidit.
2871 5528 2888 5559 ι

407 5572 800 5660 pensationem
830 5575 1187 5660 humanitatis
1246 5595 1299 5632 tn
1345 5580 1655 5634 hominibus
1711 5579 1922 5649 explet;
1955 5599 1972 5631 ι
2312 5572 2485 5660 A_|_i_a3.
2520 5596 2540 5629 ι
2572 5593 2680 5660 quo
2707 5593 2879 5660 unite.
2916 5595 2934 5628 ι

409 5642 727 5718 (ιιιῖεεεερρ.
751 5648 952 5718 rectior
979 5649 1212 5706 videtur.
1782 5642 1797 5649 ’
1908 5642 1918 5646 ⁷
2161 5642 2274 5718 (95)
2318 5650 2488 5710 Alias,
2527 5668 2545 5699 ι
2579 5642 2678 5702 hac
2707 5648 3081 5717 intelligentia:
3111 5649 3325 5704 semita.
3360 5667 3382 5703 ο

635 5710 811 5793 ῌςξὶιὶ,
849 5734 868 5765 ι
901 5733 1006 5793 per
1040 5719 1268 5793 ﬁgurant
1296 5718 1520 5774 Christi.
1558 5737 1578 5772 ι
2158 5709 2269 5793 (96)
2311 5709 2553 5776 Omnem.
2599 5722 2756 5772 Deest
2783 5718 2833 5771 in
2866 5709 3043 5771 cilius.

483 5777 598 5847 (91)
635 5780 810 5846 Alias,
849 5803 866 5834 ι
901 5777 952 5838 in
981 5777 1414 5844 retributionem.
1456 5809 1475 5841 ι
