4170 6418
435 320 543 379 353

1390 319 1749 378 COMMENT.
1785 322 1852 377 IN
1888 323 2106 380 EPIST.
2149 324 2240 378 AD
2271 325 2436 382 ROM.
2480 325 2612 382 LIB.
2650 323 2740 379 III.

3598 327 3707 385 954

437 435 568 492 boni
597 437 779 507 operis
801 435 918 505 ejus
951 437 1004 491 in
1042 437 1372 511 Evangeliis,
1399 443 1492 496 sed
1523 457 1622 511 pro
1659 443 1762 498 hac
1785 444 1896 498 sola
1923 445 2026 499 ﬁde
2052 449 2099 505 A
2132 445 2220 499 Dei
2254 461 2376 514 qum
2405 445 2536 500 mihi
2578 448 2700 502 data
2733 451 2838 505 est,
2885 442 3064 498 inanis
3095 457 3208 498 non
3250 443 3351 498 fuit
3372 443 3415 500 ⁸.
3454 462 3475 498 3
3503 443 3705 503 Exclu-

437 530 514 584 ait
539 529 585 584 ei
612 529 772 584 .lesus
808 545 823 584 :
858 548 877 582 ι
930 532 1099 584 Amen
1130 531 1251 586 dico
1283 533 1380 587 tibi
1413 547 1428 586 :
1457 532 1633 590 Hodie
1665 549 1877 589 mecum
1910 536 2022 590 eris

435 621 489 674 in
527 623 803 691 paradiso.
851 641 870 674 3
905 625 1168 691 Aptemus
1233 639 1403 688 nunc,
1461 625 1505 679 si
1555 627 1792 691 videtur,
1843 642 2021 682 causa!

435 713 597 780 hujus
626 715 855 770 latronis
891 717 1058 770 verba
1084 716 1311 784 apostoli
1346 716 1458 786 (97)
1483 716 1656 783 Pauli,
1694 730 1744 772 et
1774 718 2020 773 dicamus

435 809 498 861 ad
519 805 762 861 Judaaum
791 825 806 863 :
846 828 865 859 ι
900 808 1002 863 Ubi
1039 818 1124 863 est
1149 824 1280 878 ergo
1309 810 1560 880 gloriatio
1596 819 1686 866 tua
1723 811 1804 864 ’7?
1834 831 1852 864 3
1887 812 2020 865 Cer-

436 908 546 952 tum
577 901 705 969 quia
735 900 954 955 exclusa
1012 909 1131 965 est;
1183 901 1402 956 exclusa
1441 912 1622 957 autem
1671 918 1776 956 non
1815 920 1910 973 per
1941 903 2018 956 le-

433 1004 550 1056 gem
582 1005 828 1059 operum.
863 991 956 1045 sed
991 1007 1086 1059 per
1130 991 1302 1060 legem
1354 991 1504 1047 ﬁdei.
1542 993 1647 1046 Per
1684 993 1840 1047 ﬁdem
1870 996 2015 1048 enim

427 1078 756 1147 justiﬁcatus
795 1091 878 1135 est
912 1082 1001 1137 hic
1044 1081 1182 1134 latro
1225 1083 1342 1136 sine
1371 1084 1632 1152 operibus
1684 1085 1817 1154 legis
1847 1102 1862 1137 :
1889 1087 2015 1154 quia

431 1187 594 1238 super
617 1172 718 1227 hoc
744 1174 1004 1228 Dominus
1036 1191 1141 1229 non
1169 1176 1456 1245 requisivit
1488 1177 1617 1244 quid
1643 1177 1794 1244 prius
1824 1192 2016 1245 Opera-

432 1271 519 1316 tus
545 1273 721 1328 esset;
758 1281 858 1320 nec
884 1267 1222 1334 exspectavit
1245 1267 1373 1334 quid
1401 1267 1579 1335 operis
1602 1282 1724 1320 cum
1750 1268 2017 1322 credidis-

431 1366 514 1409 set
553 1356 818 1424 expleret,
860 1359 952 1412 sed
1001 1358 1112 1411 sola
1143 1357 1877 1428 confessionejustiiicatum
1917 1373 2012 1415 c0-

433 1448 619 1502 mitem
666 1449 768 1503 sibi
817 1463 962 1514 eum,
1016 1451 1332 1518 paradisum
1364 1451 1476 1522 (98)
1508 1452 1878 1520 ingressurus,
1925 1467 2014 1506 as-

429 1539 679 1609 sumpsit.
714 1539 820 1594 Sed
855 1551 911 1596 et
942 1543 1135 1596 mulier
1163 1543 1250 1596 illa
1289 1544 1354 1598 de
1381 1560 1485 1613 qua
1519 1545 1570 1598 in
1607 1543 1898 1613 Evangelio
1927 1559 2014 1598 se-

428 1633 667 1686 cundum
709 1633 909 1689 Lucam
955 1633 1222 1699 refertur,
1266 1637 1392 1704 quia
1439 1656 1458 1687 ι
1503 1653 1624 1690 cum
1667 1638 2014 1706 cognovisset

428 1727 570 1793 quod
597 1725 756 1781 Jesns
787 1726 1034 1782 recubuit
1061 1728 1112 1780 in
1153 1729 1312 1780 domo
1345 1726 1641 1791 Pharisaei,
1681 1727 1872 1782 detulit
1915 1741 2011 1782 vas

2122 535 2264 588 ditur
2313 551 2446 604 ergo
2484 536 2664 591 omnis
2708 533 2961 606 gloriatio
3015 548 3136 604 qua:
3171 549 3238 589 ex
3285 534 3419 605 legis
3447 535 3706 604 operibus

2122 626 2289 680 venit.
2319 625 2387 678 Et
2429 636 2488 680 ut
2517 628 2694 681 adhuc
2749 625 3093 680 manifestius
3127 625 3221 678 ﬁat
3253 627 3398 695 quod
3444 627 3704 691 dicimus,

2090 758 2093 759 ν
2119 718 2424 786 exemplum
2456 718 2706 773 dabimus
2735 733 2802 772 ex
2839 718 2923 770 his
2948 732 3069 785 qua:
3094 717 3146 769 in
3175 717 3468 787 Evangelia
3496 719 3703 786 scripta

2119 819 2273 873 sunt,
2303 810 2394 862 ubi
2430 810 2676 864 ascendit
2696 808 3005 863 Pharisaaus
3033 817 3087 862 et
3114 807 3446 863 Publi'canus
3471 811 3536 862 ad
3567 820 3703 863 tem-

2120 900 2264 968 plum
2301 902 2428 966 Dei;
2461 922 2478 950 ι
2509 911 2563 954 ει
2615 910 2788 964 stans,
2848 901 3043 969 inquit,
3100 899 3411 954 Phariseeus
3473 901 3525 953 in
3587 917 3704 954 mea
3751 958 3756 967 ,

2119 993 2231 1055 dio,
2265 994 2480 1048 dicebat
2514 1013 2527 1049 :
2566 995 2733 1060 Deus,
2773 993 2980 1064 gratias
3023 1008 3125 1062 ago
3160 992 3278 1057 tibi,
3310 995 3569 1062 quoniam
3597 1008 3705 1046 non

2117 1101 2237 1140 sum
2271 1089 2414 1140 sicut
2460 1087 2644 1141 caueri
2683 1087 2955 1148 homines,
2994 1095 3264 1154 raptores,
3318 1083 3528 1150 injusti,
3557 1085 3708 1140 adul-

2119 1178 2241 1239 teri,
2296 1178 2378 1232 vel
2425 1188 2484 1231 ut
2524 1178 2689 1233 etiam
2731 1179 3056 1248 publicanus
3097 1178 3242 1230 iste:
3282 1174 3469 1244 jejuno
3517 1175 3600 1230 bis
3650 1177 3702 1230 in

2118 1270 2398 1328 Sabbato;
2431 1271 2677 1324 decimas
2701 1271 2770 1326 do
2801 1269 3043 1322 omnium
3074 1283 3193 1336 quae
3223 1267 3475 1336 possideo
3503 1267 3546 1331 ⁸,
3595 1286 3614 1318 3
3649 1277 3704 1321 et

2117 1363 2350 1430 reliqua.
2396 1363 2458 1416 Et
2508 1364 2618 1417 haec
2666 1362 2926 1417 fortassis
2956 1376 3084 1416 vere
3118 1361 3341 1426 dixerit,
3382 1362 3475 1416 sed
3510 1375 3705 1414 secun-

2113 1455 2242 1508 dum
2283 1456 2497 1509 Domini
2536 1457 2859 1510 sententiam
2884 1455 3162 1525 jactantise
3187 1456 3379 1508 morbo
3411 1462 3704 1519 corruptus

2114 1563 2221 1600 non
2275 1548 2554 1602 descendit
2592 1546 2928 1615 justiﬁcatus
2976 1547 3042 1600 de
3105 1547 3327 1616 templo.
3369 1547 3520 1601 Talis
3573 1560 3704 1616 ergo

2114 1639 2371 1710 gloriatio
2419 1657 2540 1709 quae
2568 1640 2822 1694 veniebat
2865 1656 2931 1694 ex
2975 1639 3233 1708 operibus
3279 1639 3432 1710 legis,
3464 1638 3706 1692 excludi-

2119 1743 2205 1786 tur
2240 1734 2338 1806 (l),
2365 1736 2493 1802 quia
2518 1750 2623 1787 non
2656 1732 2820 1788 habet
2847 1733 3210 1787 humilitatem
3243 1733 3424 1786 crucis
3454 1731 3700 1794 Christi;

429 1817 713 1886 unguenti.
755 1830 809 1872 el
855 1828 1012 1873 Siaﬂs
1065 1829 1214 1872 Γθινο
1249 1819 1315 1873 ad
1357 1819 1522 1887 Pedt's
1550 1820 1689 1887 eius,
1734 1833 1798 1873 ac
1851 1817 2009 1882 ﬂenS,
2041 1800 2084 1856 Β
2117 1827 2170 1880 in
2204 1843 2310 1897 qua
2339 1829 2429 1896 qui
2463 1827 2727 1896 gloriatur
2770 1829 2898 1881 audi
2923 1829 3051 1896 quid
3088 1827 3219 1880 dicit
3255 1844 3267 1880 :
3305 1844 3323 1876 ι
3361 1825 3489 1878 Mihi
3519 1833 3702 1879 autem

428 1909 686 1981 lacrymis
720 1910 849 1964 lavit
897 1912 1064 1980 pedes
1121 1909 1264 1979 ejus,
1317 1921 1370 1965 et
1435 1910 1647 1980 capillis
1705 1909 1899 1978 capitis
1927 1911 2010 1964 sui

431 2001 680 2070 detersit,
729 2013 784 2056 et
827 2004 1180 2058 osculabatur
1217 2011 1386 2072 atque
1425 2004 1664 2073 ungebat
1710 2012 2009 2069 unguento.

434 2091 633 2146 Videtis
661 2105 843 2148 autem
882 2094 1188 2148 Pharisaaus
1211 2094 1306 2162 qui
1341 2109 1466 2147 eum
1518 2103 1841 2160 vocaverat,
1875 2093 2013 2146 dixit

429 2185 573 2240 intra
616 2187 967 2254 semetipsum
1021 2206 1034 2242 :
1079 2187 1174 2241 Hic
1222 2187 1267 2241 si
1305 2199 1453 2242 esset
1499 2188 1797 2256 propheta,
1844 2186 2013 2241 sciret

430 2279 619 2345 utique
653 2294 772 2348 quae
811 2289 865 2332 et
903 2279 1080 2347 qualis
1131 2289 1217 2334 est
1260 2280 1455 2333 mulier
1481 2295 1601 2349 qua:
1637 2278 1811 2348 tangit
1850 2279 2012 2347 pedes

426 2369 564 2436 ejus,
608 2372 733 2440 quia
781 2373 1055 2440 peccatrix
1101 2374 1276 2429 est".
1309 2394 1326 2425 3
1363 2372 1523 2427 Jesus
1567 2382 1746 2427 autem
1778 2372 1914 2425 dixit
1941 2371 2010 2424 ad

426 2477 551 2516 eum
617 2465 928 2533 parabolam
999 2465 1442 2534 quingentorum.
1475 2466 1559 2518 vel
1612 2465 2009 2535 quinquaginta

427 2557 808 2622 denariorum;
844 2568 900 2612 et
957 2576 1023 2614 ex
1076 2560 1225 2614 nullo
1255 2560 1390 2627 legis
1421 2575 1605 2629 opere,
1647 2557 1740 2612 sed
1772 2573 1869 2628 pro
1895 2556 2007 2610 sola

426 2646 533 2702 ﬁde
555 2649 631 2701 ait
659 2651 726 2703 ad
757 2665 912 2705 eam:
942 2669 960 2702 ι
992 2653 1364 2707 llemittumur
1395 2651 1487 2704 tibi
1517 2661 1734 2720 peccata
1764 2649 1949 2716 tua”;
1984 2672 2004 2703 3

423 2749 480 2792 et
508 2740 703 2794 iterum
752 2759 764 2794 :
816 2760 836 2794 ι
895 2742 1057 2802 Fides
1112 2755 1200 2798 tua
1251 2755 1301 2797 te
1346 2745 1552 2798 salvam
1599 2742 1748 2805 fecit,
1785 2745 1924 2799 vade
1956 2746 2007 2798 in

425 2846 564 2902 pace
596 2835 636 2888 ‘.
669 2853 688 2886 3
725 2833 830 2890 Sed
863 2846 918 2890 et
955 2839 1004 2891 in
1047 2837 1230 2892 inultis
1257 2837 1537 2908 Evangelii
1589 2837 1722 2892 locis
1759 2839 1861 2892 hoc
1893 2853 2010 2891 ser-

423 2941 584 2980 mone
617 2943 770 2982 usum
809 2929 1034 2998 legimus
1059 2929 1422 2996 Salvatorem,
1453 2940 1512 2984 ut
1538 2933 1815 2986 credentis
1841 2931 2006 2985 ﬁdem

423 3035 642 3074 causam
671 3022 818 3076 dicat
845 3039 965 3077 esse
997 3026 1192 3080 salutis
1221 3025 1356 3094 ejus.
1391 3025 1471 3078 Ex
1521 3026 1721 3095 quibus
1753 3027 2007 3081 omnibus

421 3112 592 3167 claret
635 3115 776 3184 quod
832 3127 977 3171 recte
1020 3119 1322 3172 arbitratur
1365 3120 1657 3186 Apostolus
1716 3118 2004 3188 justiﬁcari
2033 3150 2074 3206 ε

422 3203 697 3257 hominem
739 3220 833 3273 per
866 3206 1026 3259 fidem
1057 3208 1176 3260 sine
1223 3211 1483 3278 operibus
1515 3211 1650 3281 legis
1681 3212 1725 3264 ⁸.
1755 3209 1860 3264 Sed
1894 3211 2006 3263 for-

422 3297 584 3351 tassis
605 3297 716 3351 haec
739 3297 938 3368 aliquis
961 3300 1191 3356 audiens
1215 3302 1539 3365 resolvatur,
1563 3313 1617 3356 et
1648 3305 1783 3356 bene
1809 3303 2002 3374 agendi

418 3388 804 3459 negligentiam
861 3392 1079 3460 capiat,
1156 3394 1423 3463 siquidem
1490 3396 1557 3449 ad
1597 3395 2004 3462 jnstiﬁcandum

419 3479 554 3535 ﬁdes
588 3481 703 3536 sola
755 3481 1005 3540 sulliciat.
1065 3485 1148 3539 Ad
1203 3499 1366 3555 quem
1417 3486 1664 3541 dicemus
1720 3488 1846 3554 quia
1881 3496 2004 3556 post

411 3571 863 3642 justiﬁcationem
919 3577 966 3632 si
1022 3577 1226 3647 injuste
1279 3579 1402 3648 quis
1460 3589 1609 3648 agat,
1657 3579 1778 3634 sine
1835 3580 2001 3633 dubio

413 3667 828 3736 justiﬁeationis
857 3671 1093 3740 gratiam
1123 3673 1351 3742 sprevit.
1387 3671 1574 3741 Neque
1615 3672 1760 3725 enim
1795 3671 1864 3726 ob
1901 3673 2004 3725 hoc

415 3759 540 3828 quis
585 3761 782 3828 accipit
828 3763 1044 3816 veniam
1095 3773 1470 3832 peccatorum,
1524 3770 1582 3817 ut
1631 3777 1844 3815 rursum
1897 3761 2001 3816 sibi

417 3860 569 3920 putet
601 3855 868 3919 peccandi
903 3855 1181 3909 licentiam
1230 3855 1436 3910 datam.
1484 3855 1820 3926 Indulgentia
1851 3870 2004 3907 nam-

414 3959 522 4013 que
577 3960 683 3998 non
726 3944 1055 4011 futurorum,
1098 3947 1190 4000 sed
1246 3949 1650 4017 praeteritorum
1697 3947 1994 4001 criminum

413 4036 598 4091 datur.
640 4037 812 4107 Igitur
851 4048 909 4092 ut
935 4040 1000 4091 ad
1033 4041 1372 4109 propositum
1404 4040 2002 4110 redeanms,justiiica-

415 4139 505 4184 tur
537 4132 700 4184 homo
728 4145 824 4198 per
856 4131 1041 4191 ﬁdem,
1064 4133 1147 4184 cui
1176 4132 1680 4200 adjustiﬁeandum
1708 4134 1842 4187 nihil
1868 4150 2002 4188 con-

411 4219 595 4274 ferunt
625 4234 788 4287 opera
818 4221 970 4289 legis.
1009 4220 1106 4275 Ubi
1138 4237 1268 4277 vero
1305 4223 1442 4278 ﬁdes
1490 4239 1594 4277 non
1620 4235 1705 4278 est
1727 4239 1849 4294 qua:
1880 4240 2002 4280 cre-

411 4313 633 4367 dentem
670 4311 968 4382 justiﬁce‘t,
1014 4313 1230 4366 etiamsi
1279 4329 1446 4382 opera
1495 4315 1622 4384 quis
1671 4315 1872 4370 habeat
1931 4331 1997 4370 ex

411 4403 549 4475 lege,
583 4415 761 4459 tamen
795 4405 924 4475 quia
965 4420 1067 4458 non
1109 4415 1236 4460 sunt
1281 4405 1552 4462 aediﬁcata
1594 4423 1760 4476 supra
1807 4409 2001 4461 liuida-

2115 1918 2258 1972 absit
2297 1919 2544 1988 gloriari.
2594 1920 2696 1972 nisi
2737 1919 2789 1971 in
2843 1936 3008 1974 cruce
3057 1920 3269 1974 Domini
3304 1936 3322 1968 ι
3360 1918 3464 1971 ιιιεί
3508 1937 3526 1970 3
3571 1915 3699 1973 Jesu

2115 2011 2342 2072 Chrisri,
2377 2026 2472 2078 per
2514 2026 2674 2080 quem
2725 2012 2854 2064 mihi
2901 2012 3135 2065 mundus
3181 2009 3478 2065 cruciﬁxus
3510 2019 3614 2073 est,
3649 2019 3704 2063 et

2113 2119 2214 2172 ego
2265 2103 2463 2156 mundo
2495 2104 2536 2156 ⁸.
2569 2123 2587 2155 3
2622 2105 2787 2158 Vides
2841 2103 3162 2173 Apostolum
3211 2118 3318 2156 non
3375 2102 3699 2169 gloriantem

2113 2210 2277 2265 super
2328 2195 2536 2263 justitia
2588 2211 2709 2259 sua,
2759 2210 2936 2263 neque
2991 2210 3158 2264 super
3185 2195 3461 2258 castitate,
3519 2209 3696 2262 neque

2113 2303 2279 2356 super
2318 2289 2582 2358 sapientia
2606 2329 2619 2348 .
2652 2302 2827 2356 neque
2860 2303 3022 2357 super
3049 2287 3262 2341 Carleris
3292 2287 3589 2339 virtutibus
3614 2285 3700 2340 vel

2112 2382 2326 2436 actibus
2353 2383 2489 2446 suis,
2517 2383 2612 2436 sed
2669 2381 3014 2450 apertissime
3055 2380 3498 2447 pronuntiantem
3536 2387 3590 2431 et
3622 2378 3702 2430 di-

2112 2483 2328 2527 ecutem
2358 2491 2372 2530 :
2411 2491 2430 2524 ι
2476 2473 2577 2541 Qui
2609 2474 2899 2543 gloriatur,
2950 2473 3003 2525 in
3033 2472 3266 2524 Domino
3293 2472 3561 2540 glorietur
3590 2471 3632 2525 ⁷.
3675 2489 3697 2525 ι

2115 2566 2178 2620 Ει
2203 2566 2282 2620 sic
2323 2565 2546 2620 exclusa
2577 2576 2661 2619 est
2688 2563 2910 2620 .Iudaica
2938 2565 3210 2632 gloriatio,
3244 2580 3348 2617 non
3377 2579 3473 2633 per
3517 2564 3690 2632 legem

2111 2673 2358 2726 Operam,
2391 2658 2484 2712 sed
2527 2672 2624 2728 per
2664 2657 2835 2727 legem
2883 2657 3004 2712 ﬁdei
3053 2657 3075 2687 ⁸
3124 2671 3242 2726 quae
3279 2656 3442 2711 estin
3477 2655 3700 2710 Christo

2111 2751 2259 2817 Jesu,
2295 2751 2348 2804 in
2374 2750 2531 2817 cujus
2556 2766 2718 2805 cruce
2748 2751 3012 2820 gloriatur
3039 2749 3352 2814 Apostolus.
3393 2748 3527 2815 Quis
3548 2750 3692 2802 enim

2115 2849 2259 2896 recte
2287 2841 2375 2895 vel
2400 2856 2571 2912 super
2595 2843 2852 2896 castitate
2882 2857 2976 2894 sua
3020 2841 3368 2910 gloriabitur,
3408 2854 3529 2892 cum
3558 2841 3698 2895 scri-

2112 2944 2261 3002 plum
2319 2932 2479 3003 legat,
2510 2933 2637 3002 quia
2674 2951 2693 2983 ι
2725 2931 2768 2985 si
2805 2932 2928 3001 quis
2977 2932 3254 3000 aspexerit
3289 2932 3573 2986 mulierem
3631 2937 3693 2986 ad

2111 3026 2610 3094 concupiscendum
2655 3039 2795 3087 eam,
2841 3022 2957 3092 jam
3003 3023 3308 3078 moechatus
3353 3034 3439 3078 est
3485 3039 3606 3095 eam
3645 3026 3694 3076 in

2109 3121 2276 3172 corde
2305 3135 2405 3172 suo
2439 3118 2497 3170 ’?
2535 3138 2552 3170 3
2586 3115 2741 3169 Unde
2767 3127 2821 3169 et
2855 3119 3117 3186 propheta
3147 3117 3318 3171 dicit:
3355 3133 3375 3167 ι
3417 3115 3698 3181 Quomodo

2109 3211 2431 3279 gloriabitur
2455 3211 2581 3279 quis
2603 3220 2812 3264 castum
2837 3225 2894 3262 se
2924 3209 3126 3263 habere
3153 3223 3248 3261 cor
3275 3207 3358 3260 '°?
3391 3225 3409 3258 3
3437 3209 3544 3260 Aut
3570 3207 3697 3276 quis

2108 3301 2432 3370 gloriabitur
2461 3316 2628 3369 super
2684 3301 2949 3368 sapientia
2974 3339 2990 3364 ,
3040 3314 3165 3354 cum
3196 3301 3456 3368 scriptum
3492 3299 3694 3364 videat,

2108 3392 2236 3462 quia
2273 3411 2292 3444 ι
2332 3387 2566 3446 mundus
2589 3407 2687 3460 per
2709 3393 3029 3458 sapientiam
3059 3407 3166 3444 non
3195 3391 3444 3460 cognovit
3481 3390 3648 3444 Deum
3677 3406 3692 3443 :

2105 3493 2159 3535 et
2185 3484 2306 3536 ideo
2343 3483 2546 3553 placuit
2581 3483 2689 3536 Deo
2713 3499 2807 3550 per
2835 3480 3124 3534 stultitiam
3151 3479 3560 3548 praedicationis
3585 3478 3696 3533 sal-

2106 3592 2200 3628 vos
2237 3573 2419 3630 facere
2450 3577 2736 3629 credentes
2765 3573 2850 3626 “?
2883 3591 2902 3624 3
2937 3572 3008 3626 Et
3039 3574 3232 3626 iterum
3261 3591 3274 3625 :
3315 3591 3332 3624 ι
3364 3572 3494 3639 Qua:
3524 3573 3690 3626 stulta

2103 3676 2230 3719 sunt
2260 3667 2442 3720 lllIllltII
2468 3667 2630 3736 elegit
2657 3669 2818 3728 Deus,
2847 3675 2905 3717 ut
2935 3663 3233 3720 confundat
3258 3665 3532 3734 sapientes
3556 3665 3634 3718 "?
3665 3683 3688 3719 3

2103 3759 2237 3822 Quis
2266 3768 2447 3811 autem
2477 3758 2559 3811 vel
2587 3774 2756 3826 super
2787 3757 3001 3824 justitia
3046 3772 3141 3809 sua
3183 3756 3528 3826 gloriabitur,
3564 3773 3690 3808 cum

2103 3853 2288 3905 audiat
2311 3853 2474 3905 Deum
2500 3867 2596 3919 per
2622 3853 2942 3920 prophetam
2968 3851 3262 3912 dicentem,
3296 3849 3422 3917 quia
3465 3866 3485 3899 ι
3513 3851 3693 3902 oninis

2095 3942 2303 4011 justitia
2327 3953 2505 3998 vestra
2533 3945 2675 3998 sicut
2692 3958 2904 4012 pannus
2929 3941 3174 3995 mulieris
3199 3951 3549 3993 menstruam:
3574 3939 3648 3993 ‘3?
3666 3957 3686 3991 3

2105 4035 2229 4089 Sola
2265 4036 2594 4106 igiturjusla
2631 4034 2884 4102 gloriatio
2911 4044 2994 4087 cst
3027 4033 3080 4085 in
3119 4033 3221 4085 ﬁde
3247 4031 3434 4085 crucis
3460 4030 3689 4095 Christi,

2101 4142 2222 4196 qua:
2254 4127 2495 4180 excludit
2522 4126 2687 4195 518
2709 4141 2926 4179 onmem
2967 4124 3111 4176 illam
3143 4123 3543 4192 gloriationem,
3569 4137 3690 4190 qua:

2102 4219 2384 4272 descendit
2439 4234 2502 4270 ex
2536 4221 2792 4287 operibus
2849 4219 3003 4285 legis.
3046 4215 3171 4270 "th
3217 4226 3403 4268 autem
3452 4229 3481 4268 a
3535 4214 3692 4268 nobis

2103 4311 2247 4365 dicta
2275 4321 2404 4363 sunt
2433 4327 2530 4380 pro
2569 4327 2635 4364 eo
2665 4311 2810 4380 quod
2854 4321 3110 4378 umquam
3150 4305 3537 4376 interrogantis
3581 4321 3692 4360 ser-
3767 4347 3770 4350 .

2102 4417 2263 4456 mone
2290 4404 2428 4456 dixit
2462 4402 2540 4472 (ἓ)
2570 4401 2864 4471 Apostolus
2898 4422 2910 4456 :
2957 4421 2974 4452 ι
3020 4399 3120 4456 Ubi
3159 4409 3243 4453 est
3273 4413 3406 4468 ergo
3435 4398 3689 4470 gloriatio

411 4505 650 4550 mentum
676 4496 819 4560 ﬁdei,
850 4495 1101 4564 quamvis
1125 4496 1419 4552 videantur
1446 4513 1569 4555 esse
1603 4500 1770 4563 bona,
1813 4508 1996 4554 tamen
2027 4509 2076 4567 ι)
2105 4503 2193 4546 tua
2225 4493 2310 4550 “1'
2348 4512 2366 4544 3
2403 4494 2470 4548 Et
2494 4497 2561 4548 ad
2601 4496 2717 4548 haec
2755 4495 2856 4549 sibi
2894 4496 3008 4564 ipse
3041 4492 3322 4560 respondit
3351 4509 3365 4543 :
3398 4510 3415 4541 ι
3456 4490 3684 4544 Exclusa

408 4599 749 4656 operatorem
778 4605 932 4643 suum
967 4588 1404 4659 (99)justiﬁcare
1433 4606 1542 4645 non
1575 4602 1822 4661 possunt,
1849 4593 1991 4661 quod

408 4681 489 4734 eis
518 4680 670 4735 deest
697 4680 850 4746 ﬁdes,
879 4696 1001 4750 quae
1029 4693 1111 4736 est
1138 4683 1477 4753 signaculum
1501 4697 1688 4738 eorum
1722 4686 1814 4754 qui
1839 4683 1997 4752 justi-

409 4771 647 4826 ﬁcantur
672 4787 701 4824 a
737 4773 868 4835 Deo,
894 4773 1038 4828 sicut
1067 4777 1321 4845 superius
1359 4776 1618 4839 diximus,
1664 4777 1790 4846 quia
1821 4797 1839 4830 ι
1875 4793 1994 4832 cre-

408 4865 546 4918 didit
587 4864 861 4920 Abraham
902 4868 1034 4930 Deo,
1089 4877 1143 4922 et
1172 4877 1480 4937 reputatum
1513 4877 1602 4922 est
1639 4870 1688 4922 ei
1723 4869 1790 4922 ad
1827 4869 1990 4937 justi-

410 4957 539 5010 tiam
569 4956 611 5010 ⁸.
648 4975 666 5007 3
699 4957 934 5011 Tantum
969 4967 1078 5022 est,
1114 4966 1171 5011 ut
1197 4959 1242 5012 is
1263 4960 1354 5028 qui
1377 4959 1715 5028 justiﬁeatur
1738 4974 1832 5027 per
1860 4974 1990 5027 gra-

410 5048 540 5102 tiam
582 5047 728 5118 ﬁdei,
761 5049 907 5104 dicat
945 5052 1244 5105 secundum
1287 5049 1546 5118 Paulum,
1595 5051 1721 5122 quia
1752 5070 1772 5102 ‹
1811 5053 1984 5121 gratia

474 5189 521 5221 ⁸⁷
545 5187 704 5244 Rom.
743 5205 829 5255 ιιι,
854 5187 946 5243 27.
1023 5189 1068 5221 ’⁸
1095 5188 1225 5245 Luc.
1256 5206 1354 5256 vn,
1385 5190 1454 5245 57
1482 5206 1598 5258 seq.

403 5275 495 5318 xv.
532 5260 622 5314 10.
752 5262 774 5294 ⁸
808 5260 938 5314 Luc.
989 5275 1141 5326 xvut,
1187 5263 1370 5317 10-14.
1479 5262 1499 5292 ⁸
1537 5261 1718 5316 Galat.
1766 5278 1837 5327 vt,
1875 5264 1960 5316 Ν.

407 5330 451 5361 ιο
481 5329 642 5386 Prov.
669 5347 762 5399 xx,
796 5331 850 5386 9.
928 5330 1174 5386 “ICor.
1216 5332 1376 5400 ι,21.
1458 5332 1500 5364 ι’
1547 5333 1678 5388 ibid.
1713 5331 1808 5387 27.

477 5450 564 5529 (9'_7
597 5452 764 5529 Editi,
807 5477 824 5504 ι
868 5454 1129 5529 Aplemus
1157 5471 1320 5529 nunc,
1349 5456 1392 5511 si
1449 5457 1681 5524 videtur,
1715 5458 1875 5529 hujus
1905 5457 1985 5514 Ia-

406 5524 578 5576 trouis
610 5525 772 5577 verba
802 5541 980 5578 causae
1009 5527 1270 5592 Apostoli,
1314 5547 1331 5580 3
1373 5540 1480 5582 etc.
1735 5548 1738 5552 ‘

780 5635 796 5656 ,
833 5598 1251 5668 temnite-mque
1288 5599 1390 5651 sibi
1445 5601 1781 5668 paradisum,
1819 5619 1836 5650 3
1873 5609 1980 5657 etc.

475 5663 586 5736 (99)
619 5665 780 5732 Editi,
818 5686 835 5718 ι
867 5667 1004 5720 bona
1040 5663 1227 5736 opera,
1260 5663 1604 5738 operatorem
1641 5686 1798 5725 suum
1824 5712 1837 5734 ,
1875 5691 1896 5723 3
1929 5681 1986 5726 et

405 5739 666 5816 omittunt
692 5755 711 5789 ι
745 5746 961 5803 tamen,
1005 5757 1024 5789 3
1055 5739 1283 5806 deimle,
1321 5759 1338 5790 ι
1378 5742 1422 5795 si
1458 5743 1539 5797 eis
1585 5761 1604 5792 3
1640 5757 1738 5812 pro
1775 5759 1793 5793 ι
1841 5743 1984 5812 quod

403 5820 502 5860 eis.
542 5825 563 5857 ι

1673 5190 1718 5225 ⁹⁹
1760 5191 1889 5245 ibid.
1917 5190 2008 5244 48.

1892 5333 1935 5363 ¹³
1967 5330 2066 5386 lsa.
2109 5349 2256 5401 inv,
2287 5331 2339 5389 6.

2101 4595 2207 4640 est.
2241 4605 2260 4638 3
2290 4586 2359 4639 Et
2399 4602 2616 4641 rursum
2663 4588 2820 4658 quasi
2873 4589 2984 4654 ipse
3016 4601 3074 4639 se
3104 4585 3181 4654 (5)
3216 4584 3516 4652 interroget
3553 4584 3631 4636 ait
3669 4598 3684 4634 :

2103 4697 2124 4730 ι
2157 4679 2260 4734 Per
2298 4695 2462 4749 quam
2517 4679 2732 4748 legem?
2781 4679 3060 4744 Operam?
3092 4698 3110 4730 3
3147 4679 3210 4732 Et
3263 4675 3538 4745 respondit
3582 4675 3684 4729 sibi

2099 4773 2199 4841 Ipsi
2227 4792 2241 4827 :
2276 4793 2294 4824 ι
2333 4773 2448 4827 Non
2483 4792 2497 4829 :
2530 4776 2624 4828 sed
2661 4789 2757 4844 per
2785 4773 2954 4840 legem
2989 4772 3133 4825 ﬁdei.
3166 4768 3683 4825 Arbitramurcnim

2093 4866 2378 4935 justiiieari
2411 4868 2682 4920 hominem
2710 4881 2805 4934 per
2825 4867 2980 4918 Iidem
3001 4866 3118 4917 sine
3141 4863 3398 4931 operibus
3426 4861 3559 4930 legis
3578 4860 3678 4914 ".3

2099 4956 2174 5012 De
2209 4957 2291 5012 bis
2315 4958 2426 5028 jam
2463 4958 2714 5026 superius
2742 4957 2979 5010 diximus
3016 4956 3116 5028 (-i).
3169 4955 3322 5022 Quod
3351 4967 3480 5008 vero
3514 4953 3681 5006 etiam

2097 5051 2148 5104 in
2196 5051 2446 5122 prteseuti
2483 5051 2600 5106 loco
2634 5053 2863 5106 duarum
2913 5051 3089 5120 legum
3134 5048 3267 5102 facit
3301 5047 3496 5102 itermn
3527 5061 3681 5100 men-

2089 5191 2106 5221 ί
2150 5191 2281 5247 ibid.
2326 5192 2416 5249 50.
2492 5193 2513 5223 ¹
2547 5189 2918 5254 llmn.m,28.
2995 5189 3016 5221 ³
3045 5189 3202 5245 Rom.
3235 5187 3389 5250 tv.5.
3463 5184 3678 5241 ‘ICor.

2078 5261 2141 5294 71
2187 5266 2295 5294 1⁸η..
2359 5279 2374 5294 ι
2431 5263 2490 5294 τι
2636 5263 2658 5294 8
2707 5263 2840 5294 Dn...
2900 5277 2956 5294 In
3019 5261 3088 5294 0⁸7
3231 5260 3253 5292 9
3285 5258 3449 5294 υιιιιι.
3503 5273 3532 5294 ν
3583 5260 3654 5294 ιη(

2127 5263 2141 5315 l
2187 5266 2314 5318 (lor.
2359 5279 2397 5326 ι,
2431 5263 2521 5317 ⁸51.
2636 5263 2658 5294 ⁸
2707 5263 2864 5317 Rom.
2899 5277 2980 5321 Ill,
3019 5261 3110 5315 27.
3231 5260 3253 5292 ⁹
3284 5258 3473 5316 Matth.
3503 5273 3554 5319 v,
3583 5260 3678 5312 ‘28.

2127 5349 2256 5398 .xlv,
2287 5331 2339 5389 6.
2422 5333 2466 5366 “
2497 5335 2653 5389 Rom.
2684 5350 2766 5398 Ill,
2800 5333 2893 5397 27,
2923 5331 3014 5387 98.
3091 5331 3136 5365 "
3164 5330 3295 5386 ibid.
3322 5329 3414 5392 29.
3441 5326 3532 5384 ’50.

2085 5477 2087 5480 ‘
2169 5461 2244 5532 (1)
2286 5459 2629 5517 Excluditur.
2671 5459 3020 5516 Desideratur
3067 5459 3124 5514 in
3175 5459 3328 5514 libris
3365 5469 3524 5514 antea
3562 5460 3675 5514 edi-

2099 5540 2244 5669 ῃεξὲ)
2281 5599 2454 5661 Alias,
2487 5617 2506 5650 ι
2542 5599 2890 5668 interriti!“ns
2921 5599 3078 5652 θῆκ’
3119 5614 3140 5648 ’

2189 5665 2242 5736 5)
2273 5670 2395 5738 Ipse
2441 5687 2516 5724 se.
2583 5669 2704 5721 ll;ec
2758 5665 2920 5722 verba
2989 5669 3041 5720 in
3098 5666 3260 5722 editis
3311 5665 3642 5724 omittuntur

2168 5740 2245 5813 (4)
2273 5741 2384 5808 AL,
2419 5760 2436 5792 ι
2473 5742 2545 5795 De
2577 5742 2658 5794 bis
2686 5742 2934 5809 superius
2960 5740 3114 5793 dixit.
3153 5755 3174 5790 3
