4170 6398
532 284 669 352 955

2009 291 2328 350 ORIGENIS

3675 291 3782 348 956

532 414 760 477 tionem,
808 423 864 468 et
911 412 1044 468 dicit
1094 413 1267 483 legem
1315 429 1540 486 operum
1570 424 1624 470 ct
1648 416 1819 485 legem
1854 415 1976 470 ﬁdei
2006 414 2106 486 (5),
2136 419 2181 473 A
2210 413 2510 482 sapientiae,
2565 410 2657 465 alii
2697 423 2878 466 sermo
2906 409 3149 466 scientiae
3196 410 3490 465 secundum
3525 411 3779 465 eumdem

531 504 816 558 considera
865 506 1031 558 etiam
1079 505 1213 573 ipse,
1251 507 1342 575 qui
1395 507 1555 578 legis,
1607 518 1785 562 utrtttn
1833 509 1899 562 ad
1932 509 2102 576 legem

533 588 702 658 Moysi
738 603 793 645 et
844 592 1013 661 legem
1064 595 1364 650 naturalem
1395 612 1576 651 sermo
1601 599 1688 652 hic
1720 599 1913 652 debeat
1943 597 2104 652 incli-

533 681 688 743 nari;
715 696 784 734 an
823 683 890 738 ad
934 684 1103 754 legem
1132 685 1341 748 ilittertr
1372 697 1427 742 et
1473 688 1646 757 legem
1679 689 1901 757 spiritus
1935 704 1948 740 :
1976 689 2104 756 quia

531 767 617 822 lex
650 770 846 827 litterae
869 773 1091 840 occidit,
1117 784 1173 830 et
1197 785 1445 844 mortem;
1470 787 1762 846 operatur;
1809 777 1896 832 lex
1923 785 2103 832 autem

529 857 756 927 Spiritus
781 862 904 917 vita:
929 863 1126 919 liberat
1153 881 1182 919 a
1209 865 1326 936 lege
1361 869 1572 936 peccati
1607 877 1662 922 et
1691 867 1903 922 mortis.

600 951 689 1006 10.
720 952 871 1008 Unde
907 963 962 1008 et
989 957 1378 1013 convenienter
1422 959 1476 1012 in
1509 961 1969 1029 consequentibus
2009 975 2104 1029 po-

529 1041 611 1096 nit
646 1058 660 1094 :
691 1060 710 1093 t
751 1044 832 1098 An
855 1043 1160 1102 Iudaeorum
1193 1049 1332 1104 Deus
1362 1051 1612 1104 tantum?
1664 1051 1852 1106 Nonne
1883 1065 1938 1108 et
1969 1070 2102 1121 gen-

530 1133 699 1188 tium?
730 1133 840 1189 lmo
869 1144 924 1190 et
950 1141 1210 1207 gentium.
1242 1141 1506 1207 Quoniam
1536 1143 1756 1212 quidem
1785 1159 1924 1197 unus
1959 1145 2105 1198 Deus

529 1221 908 1290 quijustilicat
931 1228 1402 1284 circumcisionem
1434 1247 1498 1292 ex
1528 1233 1632 1286 fide
1655 1272 1671 1296 ,
1699 1242 1756 1288 et
1784 1237 2101 1303 prmputium

529 1326 627 1380 per
658 1314 815 1368 fidem
870 1314 935 1368 ".
976 1335 995 1367 ι
1036 1316 1130 1373 llis
1178 1321 1391 1387 quidem
1437 1323 1528 1390 qui
1573 1322 1737 1376 alium
1771 1324 2104 1380 voluntesse

529 1400 838 1458 Iudaeorum
878 1405 1068 1470 Deum,
1111 1417 1166 1462 et
1198 1410 1358 1462 alium
1385 1413 1651 1480 gentium,
1703 1414 1754 1468 id
1793 1424 1880 1469 est
1931 1416 2098 1469 alium

533 1491 712 1558 Legis,
745 1506 800 1551 et
842 1498 1007 1552 alium
1062 1500 1503 1571 Evangeliorum,
1555 1507 1691 1560 satis
1736 1506 1804 1561 de
1854 1508 1956 1563 hoc
1996 1509 2105 1562 erit

532 1595 760 1652 angusta
805 1599 860 1642 et
899 1603 1048 1647 arcta
1100 1596 1401 1662 responsio,
1441 1599 1690 1665 apostolo
1720 1598 1886 1654 Paulo
1930 1602 2102 1655 abun-

532 1675 748 1732 dantius
795 1681 928 1736 satis
983 1685 1143 1739 dante
1176 1689 1503 1742 sententiam
1540 1705 1692 1745 suam
1721 1692 1797 1762 (ϐ)
1827 1708 1950 1747 cum
1991 1710 2098 1748 non

2213 505 2500 573 Spiritum,
2540 503 2628 557 alii
2676 503 2810 557 fides
2843 503 2896 554 in
2930 503 3117 556 eodem
3161 501 3363 570 Spiritu
3396 503 3463 554 ιθ.
3511 519 3532 553 ι
3566 501 3634 555 Ει
3672 517 3778 556 ιιοη

2211 594 2358 648 solus
2393 592 2591 647 Paulus
2622 592 2901 662 apostolus
2924 592 3114 644 barum
3143 590 3556 645 distinctionum
3599 590 3781 645 obser-

2209 684 2423 739 vantias
2472 693 2638 750 tenet,
2684 683 2781 739 sed
2822 693 2878 738 et
2920 681 3178 746 Joannes,
3212 683 3302 751 qui
3349 697 3472 736 cum
3501 682 3566 736 de
3603 680 3778 736 Verbo

2209 773 2306 828 Dei
2351 771 2496 828 dicat
2521 772 2645 842 quia
2686 789 2707 824 ι
2758 771 2940 826 omnia
2967 785 3062 840 per
3089 770 3261 840 ipsum
3312 767 3456 823 facta
3491 777 3621 824 sunt
3650 769 3718 834 ’°,
3753 787 3772 822 ι

2209 865 2374 918 vitam
2403 878 2511 918 non
2543 877 2638 933 per
2667 863 2866 932 ipsum,
2895 861 2990 916 sed
3013 861 3065 915 in
3093 860 3210 930 ipso
3241 860 3438 914 factam
3471 874 3594 915 esse
3617 868 3779 914 testa-

2211 966 2318 1018 tur,
2340 955 2527 1010 dicens
2557 971 2572 1009 :
2603 971 2622 1006 ι
2650 953 2800 1019 Quod
2824 953 3024 1008 factum
3051 963 3156 1018 est,
3180 953 3233 1008 in
3263 954 3380 1023 ipso
3399 951 3507 1007 vita
3535 961 3652 1007 erat
3674 953 3772 1007 “.i

2210 1045 2277 1100 Et
2313 1047 2570 1115 quoniam
2625 1047 2850 1100 multum
2901 1054 2984 1099 est
3033 1055 3179 1099 utea
3209 1059 3328 1114 quae
3361 1058 3504 1098 nunc
3544 1043 3777 1112 exempli

2209 1151 2374 1192 causa
2429 1137 2753 1208 protulimus
2782 1145 3145 1205 exponantur,
3199 1151 3414 1191 sensum
3449 1151 3637 1191 eorum
3679 1151 3779 1205 pro

2209 1237 2368 1298 captu
2403 1238 2594 1284 nostro
2622 1229 2862 1283 breviter
2888 1227 3225 1297 colligamus.
3259 1227 3393 1282 Cum
3425 1227 3647 1290 dicitur,
3670 1245 3690 1278 ι
3710 1241 3778 1280 ex

2209 1321 2349 1392 ipso,
2385 1340 2404 1374 ι
2439 1321 2736 1391 principale
2769 1320 2972 1391 aliquid
3014 1320 3174 1388 hujus
3205 1319 3607 1388 praepositionis
3635 1319 3778 1373 indi-

2208 1413 2292 1466 cio
2345 1412 2556 1466 videtur
2588 1411 2820 1466 ostendi.
2860 1409 2995 1466 Cum
3028 1425 3157 1464 vero
3193 1427 3213 1460 ι
3243 1425 3340 1478 per
3390 1411 3562 1480 ipsum
3597 1427 3618 1462 ι
3653 1411 3779 1464 dici-

2210 1512 2317 1565 tur,
2344 1502 2619 1571 sequentis
2647 1516 2846 1564 causae,
2876 1499 2927 1553 id
2967 1508 3051 1554 est
3105 1499 3225 1568 ejus
3259 1515 3380 1567 quae
3408 1508 3532 1568 post
3574 1499 3778 1568 princi-

2208 1593 2382 1662 palem
2435 1603 2542 1654 est,
2601 1593 2954 1663 intelligentia
3009 1591 3324 1661 designatur
3353 1590 3486 1660 (ll).
3518 1590 3588 1645 Ut
3621 1591 3773 1644 verbi

2208 1701 2374 1739 causa
2403 1684 2649 1740 dicamus
2678 1685 2820 1754 quod
2859 1684 2954 1748 ait,
2989 1703 3007 1736 t
3039 1683 3116 1737 Ex
3142 1685 3278 1753 ipso,
3302 1693 3356 1737 et
3379 1697 3474 1751 per
3503 1685 3699 1748 ipsum,
3721 1693 3777 1736 et

532 1765 706 1820 solum
738 1785 900 1825 unum
949 1773 1092 1828 dicat
1138 1791 1260 1831 esse
1309 1777 1476 1834 Deum
1532 1780 1842 1836 Judaaorum
1881 1794 1936 1838 et
1967 1800 2098 1854 gen.

2202 1776 2252 1828 in
2287 1777 2402 1843 ipso
2425 1782 2548 1829 sunt
2587 1775 2765 1828 omnia
2787 1775 2831 1805 ’³
2852 1793 2866 1828 :
2889 1790 3014 1826 ι--ι
3037 1788 3100 1826 ex
3122 1774 3260 1841 ipso,
3282 1792 3301 1825 ι
3325 1774 3513 1842 prima:
3542 1775 3776 1828 creatio-

535 1855 691 1944 tium,
735 1861 829 1915 sed
859 1872 914 1916 et
960 1866 1121 1919 addat
1163 1871 1305 1936 quod
1352 1870 1492 1924 idem
1537 1882 1699 1941 atque
1746 1877 1858 1944 ipse
1901 1875 1972 1928 sit
2009 1876 2100 1944 qui

527 1942 788 2012 justiflcat
816 1950 1286 2010 circumcisionem
1325 1973 1392 2013 ex
1420 1960 1545 2028 fide,
1576 1971 1631 2017 et
1659 1942 1980 2034 pneputium
2007 1942 2102 2034 per

533 2036 720 2091 fidem.
767 2041 919 2106 Quod
950 2053 1004 2098 et
1037 2047 1082 2100 si
1128 2048 1602 2106 circumcisionem
1651 2070 1751 2124 per
1784 2055 2100 2125 allegoriam

533 2129 814 2199 suscipere
866 2133 1156 2204 voluerint,
1215 2141 1286 2194 ita
1345 2153 1403 2196 ut
1461 2153 1682 2200 sanctos
1731 2156 1785 2200 et
1827 2149 2103 2216 spiritales

532 2233 776 2290 quosque
808 2223 878 2279 ab
906 2240 972 2280 eo
993 2229 1460 2287 circumcisionem
1486 2235 1669 2288 dicant
1697 2251 1817 2291 esse
1860 2239 2065 2307 appella
2083 2271 2097 2280 -

534 2319 638 2376 tos,
670 2317 850 2369 statim
897 2320 949 2372 in
983 2323 1434 2390 consequentibus
1469 2325 1742 2382 invenient
1769 2330 1977 2384 obicem
2001 2331 2102 2401 (7).

535 2403 592 2456 Si
619 2407 762 2460 enim
795 2409 1264 2469 circumcisionem
1314 2431 1555 2484 sanctos,
1596 2421 1702 2488 vel,
1733 2432 1790 2475 ut
1821 2421 1894 2475 illi
1927 2424 2091 2476 nomi-

534 2505 685 2560 naut,
713 2499 984 2568 spiritales
1031 2506 1335 2574 appellavit,
1369 2526 1706 2582 consequens
1755 2523 1836 2568 est
1870 2523 1926 2567 ut
1960 2530 2099 2582 prte-

533 2587 743 2652 putium
796 2602 1110 2658 peccatores
1145 2599 1363 2664 dixerit,
1415 2617 1551 2668 quos
1599 2603 1676 2656 illi
1707 2605 1974 2660 animales
2003 2620 2099 2659 vo-

531 2689 656 2731 cant
685 2679 782 2750 (8).
816 2683 879 2736 Et
908 2691 1176 2752 quomodo
1207 2695 1512 2758 conveniet,
1543 2706 1599 2748 ut
1626 2697 1798 2750 bonus
1827 2699 1969 2753 Deus
2003 2713 2097 2767 pa-

535 2767 669 2858 riter
713 2773 987 2838 spiritales
1028 2778 1402 2852 auimalesquc
1453 2786 1757 2854 justilicet?
1807 2788 1918 2844 Illis
1970 2805 2100 2858 ergo

531 2855 587 2910 in
637 2860 720 2914 bis
768 2864 1008 2931 Aposwli
1068 2875 1415 2926 sermonibus
1463 2877 1634 2931 nodus
1701 2855 2100 2936 inextricabilis

532 2949 658 3002 erit.
708 2953 1012 3010 Secundum
1042 2975 1138 3014 nos
1167 2977 1315 3027 vero,
1350 2966 1440 3034 qui
1485 2968 1953 3025 circumcisionem
2007 2989 2099 3029 eos

532 3041 624 3107 qui
665 3057 728 3096 ex
757 3041 956 3102 Iudaeis
979 3053 1348 3122 crediderunt,
1379 3071 1430 3112 et
1480 3065 1798 3130 praeputium
1831 3067 2099 3122 nihilomi-

536 3144 638 3183 nus
665 3148 758 3186 eos
778 3136 868 3204 qui
903 3139 969 3192 ad
1007 3140 1166 3196 fidem
1201 3159 1266 3198 ex
1301 3149 1555 3212 gentibus
1599 3153 1774 3207 vocati
1811 3165 1937 3208 sunt
1975 3155 2101 3209 dici-
2125 3131 2168 3188 (ἶ
2203 3161 2534 3204 memoretur
2574 3167 2588 3203 :

540 3235 682 3288 mus,
709 3223 867 3292 plana
891 3231 995 3285 erit
1017 3243 1070 3286 et
1107 3234 1280 3289 facilis
1302 3241 1589 3307 expositio.
1636 3242 1779 3296 Idem
1811 3246 1957 3300 enim
1985 3247 2099 3316 ipse

533 3312 674 3368 Deus
700 3329 765 3368 ex
793 3326 1017 3389 utroque
1047 3326 1241 3394 populo
1263 3331 1548 3386 credentes
1577 3347 1683 3388 non
1719 3312 2095 3392 circumcisio-

531 3403 616 3456 nis
650 3415 742 3458 aut
772 3415 1018 3480 praaputii
1049 3417 1353 3489 privilegio,
1376 3425 1468 3475 sed
1501 3424 1671 3479 solius
1700 3427 1821 3480 fidei
1849 3438 2095 3482 contem-

529 3491 1066 3566 plationejustilicat.
1107 3507 1366 3576 Superest
1400 3523 1453 3565 et
1487 3514 1646 3568 unius
1684 3516 1908 3586 syllaba:
1943 3518 2098 3574 diffe—

529 3586 724 3651 rentia,
751 3587 806 3642 in
839 3606 941 3660 qua
970 3598 1208 3653 variasse
1239 3602 1453 3656 videtur
1484 3606 1795 3673 Apostolus.
1851 3609 1967 3664 Non
1997 3627 2098 3667 nos

526 3675 699 3732 otiose
725 3691 1010 3748 praetereat
1036 3690 1177 3755 quod
1204 3691 1334 3746 dicit
1356 3694 1455 3767 (9),
1475 3699 1599 3766 quia
1629 3699 2096 3758 circumcisionem

527 3779 592 3865 ex
621 3769 1004 3837 fidejustificet
1034 3780 1193 3844 Deus,
1228 3795 1285 3838 et
1319 3803 1423 3840 non
1457 3805 1553 3856 per
1581 3791 1740 3846 fidem
1775 3795 1849 3858 "';
1885 3811 2098 3865 praepu-

530 3863 661 3910 tium
690 3874 820 3916 vero
840 3879 936 3932 per
964 3869 1145 3935 fidem,
1179 3882 1232 3926 et
1255 3889 1359 3929 non
1393 3893 1455 3931 ex
1489 3881 1610 3934 title.
1640 3880 1756 3936 Non
1787 3863 1930 3937 enim
1966 3863 2095 3938 mihi

528 3949 743 4003 videtur
775 3959 1042 4024 superflua
1081 3965 1219 4028 apud
1246 3980 1369 4017 eum
1401 3968 1588 4022 haberi
1623 3971 1727 4024 ista
1763 3976 2097 4042 przepositio-

528 4056 655 4094 nttm
683 4051 1034 4103 commutatio
1066 4053 1198 4123 (l0),
1230 4056 1352 4123 quia
1399 4059 1704 4117 invenimus
1741 4068 1808 4116 ab
1848 4079 1913 4118 eo
1957 4076 2010 4119 et
2042 4067 2093 4120 in

527 4131 646 4186 aliis
670 4133 824 4201 locis,
850 4154 956 4193 non
985 4151 1038 4195 ut
1069 4143 1215 4208 libet,
1244 4148 1337 4200 sed
1368 4150 1722 4206 observanter
1750 4155 1867 4209 bam
1903 4157 2093 4225 posita,

2205 1867 2291 1920 nis
2318 1867 2583 1932 omnium,
2611 1876 2667 1921 et
2699 1867 2802 1921 hoc
2829 1866 3004 1935 ipsum
3030 1867 3174 1935 quod
3205 1881 3325 1933 quae
3360 1872 3506 1929 sunt,
3544 1881 3610 1919 ex
3660 1865 3770 1920 Deo

2203 1974 2326 2013 esse
2355 1968 2664 2028 cmperunt,
2691 1957 3112 2027 signiﬁcantiam
3143 1956 3328 2015 dedit:
3358 1975 3375 2007 ι
3407 1971 3504 2024 per
3525 1957 3719 2025 ipsum,
3749 1972 3770 2008 ι

2203 2051 2342 2119 quod
2372 2066 2435 2104 ea
2465 2064 2585 2118 qua:
2627 2049 2778 2119 prius
2824 2046 2972 2102 facta
3014 2046 3249 2110 fuerant,
3289 2058 3550 2117 reguntur
3580 2056 3635 2102 et
3661 2049 3773 2103 dis-

2203 2153 2497 2210 pensantur
2536 2158 2634 2212 per
2658 2157 2780 2198 eum
2831 2157 2861 2194 a
2895 2154 3002 2209 quo
3053 2140 3384 2195 subsistendi
3421 2139 3635 2194 initium
3661 2149 3771 2194 tra-

2202 2234 2371 2302 hunt;
2413 2253 2430 2285 ι
2467 2234 2520 2288 in
2577 2235 2713 2304 ipso,
2754 2253 2773 2287 ι
2813 2233 2955 2303 quod
3010 2231 3062 2285 bi
3125 2231 3214 2301 qui
3259 2230 3372 2299 jam
3433 2231 3665 2286 correcti
3718 2242 3774 2286 et

2202 2325 2472 2380 emendati
2500 2335 2646 2392 sunt,
2677 2326 2730 2379 iu
2760 2325 2928 2396 ipsius
2959 2322 3292 2393 perfectione
3325 2323 3651 2379 consistunt.
3680 2323 3771 2376 Sic

2200 2431 2329 2486 ergo
2369 2417 2481 2472 haec
2528 2417 2855 2485 plenissima:
2912 2420 3139 2473 rationis
3191 2427 3393 2490 tenere
3435 2411 3773 2469 diﬂ‘erentias

2200 2507 2493 2562 edocentur
2519 2508 2654 2579 (12),
2714 2518 2771 2564 ut
2821 2510 2966 2579 quod
3021 2510 3386 2574 subsistimus,
3420 2525 3439 2559 ι
3473 2519 3543 2560 ex
3602 2505 3713 2560 Deo
3743 2523 3766 2558 ι

2202 2597 2402 2652 habere
2455 2598 2704 2653 dicamur
2751 2600 2944 2668 :quod
2995 2601 3373 2668 dispensamur
3421 2605 3476 2652 et
3507 2597 3767 2663 regimur,

2207 2710 2227 2744 ι
2268 2706 2366 2762 per
2397 2693 2569 2762 ipsum
2593 2712 2613 2745 ι
2643 2692 2759 2747 ﬁeri
2789 2693 3134 2763 designetur:
3161 2694 3305 2760 quod
3334 2703 3462 2744 vero
3486 2689 3537 2742 in
3557 2703 3766 2742 summa

2202 2784 2554 2852 perfectionis
2575 2785 2944 2850 consistimus,
2970 2802 2989 2836 ι
3027 2784 3079 2837 in
3109 2783 3226 2852 ipso
3251 2801 3270 2834 ι
3292 2796 3414 2836 esse
3435 2779 3766 2835 declaretur.

2202 2875 2388 2931 Potest
2417 2886 2472 2932 et
2502 2877 2554 2930 in
2597 2876 2853 2946 prmsenti
2890 2875 3007 2931 loco
3048 2875 3172 2931 talis
3217 2874 3464 2944 quaedam
3491 2871 3772 2928 observari

2203 2968 2524 3034 differentia,
2543 2978 2599 3022 ut
2619 2968 2965 3023 circumcisio
2983 2983 3103 3038 quae
3119 2967 3263 3023 velut
3281 2967 3453 3036 primo
3472 2964 3588 3020 loco
3611 2974 3665 3018 et
3681 2977 3772 3016 or-

2205 3058 2768 3128 dinejustificatur,ex
2788 3060 2910 3124 fide,
2928 3069 2981 3114 et
3003 3075 3107 3113 non
3128 3074 3223 3128 per
3249 3058 3404 3112 fidem
3423 3055 3768 3125 justificanda

2638 3152 2959 3222 praeputium
3007 3166 3136 3205 vero
3182 3151 3327 3220 quod
3364 3149 3603 3204 secundo
3647 3147 3769 3202 loco

2201 3243 2266 3295 ad
2319 3241 2763 3309 iustificationem
2831 3243 3100 3309 trahitur,
3152 3257 3259 3295 non
3315 3256 3380 3295 ex
3452 3239 3589 3306 fide,
3671 3239 3764 3293 sed

2201 3331 2363 3402 519
2390 3347 2486 3401 per
2512 3332 2670 3387 fidem
2695 3333 3100 3403 justilicandum
3128 3333 3366 3388 dicatur.
3405 3333 3540 3388 Puto
3586 3340 3768 3386 autem

2199 3425 2344 3492 quod
2380 3432 2434 3478 et
2479 3423 2534 3478 in
2577 3438 2640 3478 ea
2695 3422 3024 3490 differentia,
3063 3440 3226 3494 quam
3277 3441 3437 3496 supra
3489 3426 3764 3479 diximus:

2206 3533 2225 3564 ι
2256 3513 2410 3570 Sicut
2436 3514 2581 3569 enim
2627 3515 2822 3570 mulier
2854 3531 2921 3572 ex
2953 3517 3091 3580 viro,
3127 3516 3201 3570 ita
3233 3525 3287 3572 et
3334 3518 3420 3570 vir
3452 3531 3548 3584 per
3576 3515 3769 3570 mulie-

2200 3621 2312 3658 rem
2331 3605 2442 3669 ",3
2489 3605 2700 3675 plenius
2739 3607 2842 3660 ista
2889 3607 3262 3676 designentur.
3326 3606 3508 3661 Primo
3567 3607 3769 3661 etenim

2198 3695 2317 3751 loco
2359 3697 2446 3750 vir
2476 3705 2580 3765 est,
2607 3713 2677 3752 ex
2724 3711 2832 3767 quo
2879 3697 3214 3754 descendere
3241 3698 3436 3752 mulier
3460 3696 3680 3759 dicitur,
3715 3704 3769 3750 et

2201 3803 2304 3841 non
2335 3802 2432 3857 per
2459 3787 2655 3842 virum.
2683 3788 2934 3843 Secundo
2957 3803 3084 3843 vero
3117 3789 3168 3842 in
3204 3787 3322 3842 loco
3359 3803 3456 3857 per
3486 3785 3766 3840 mulierem

2197 3881 2320 3946 vir;
2349 3879 2472 3948 quia
2523 3878 2720 3933 mulier
2774 3879 3084 3934 ministrare
3124 3878 3524 3948 quodammodo
3555 3877 3770 3931 videtur

2198 3972 2408 4027 auctori
2439 3971 2578 4038 viro,
2609 3981 2665 4025 et
2713 3971 2837 4026 ideo
2877 3985 2973 4042 per
3007 3970 3290 4026 mulierem
3321 3971 3406 4024 vir
3446 3970 3648 4024 dicitur
3672 3984 3768 4022 na-

2197 4065 2295 4131 sci,
2314 4072 2369 4117 et
2398 4077 2504 4116 non
2525 4077 2591 4116 ex
2619 4061 2867 4117 muliere.
2889 4061 2996 4116 Sed
3023 4061 3272 4117 fortassis
3293 4069 3547 4115 occurrat
3575 4059 3769 4126 aliquis

2198 4155 2323 4208 huic
2358 4155 2424 4208 de
2462 4153 2688 4207 muliere
2721 4161 2777 4206 et
2822 4152 2943 4207 viro
2973 4150 3304 4220 expositioni
3342 4159 3560 4212 nostrae,
3587 4157 3640 4203 et
3671 4147 3767 4200 ob-

525 4233 582 4278 et
614 4232 920 4286 necessario
968 4234 1329 4290 differentiam
1378 4240 1746 4298 distinctionis
1787 4245 1948 4314 hujus
1975 4262 2095 4302 esse
2190 4245 2348 4313 jiciat
2377 4243 2529 4306 illud,
2560 4243 2702 4312 quod
2737 4243 2876 4298 dixit
2904 4242 3194 4314 Apostolus
3218 4243 3287 4296 de
3319 4241 3572 4296 Christo:
3610 4257 3629 4291 t
3655 4237 3764 4293 Fa»

525 4328 823 4388 servatam,
860 4324 1001 4378 sicut
1027 4342 1147 4381 cum
1179 4327 1247 4382 de
1272 4327 1384 4383 Deo
1416 4328 1644 4400 loquens
1675 4335 1808 4388 dicit
1842 4354 1855 4389 :
1893 4355 1913 4386 ‹
1951 4336 2096 4404 Quo-

525 4406 670 4462 niam
722 4426 789 4466 ex
844 4413 981 4484 ipso,
1046 4426 1103 4473 et
1159 4435 1257 4489 per
1304 4425 1566 4493 seipsutn,
1600 4434 1656 4480 et
1703 4427 1756 4479 in
1814 4426 1931 4496 ipso
1967 4440 2093 4481 sunt

523 4501 708 4556 omnia
734 4504 799 4554 ¹⁷.
847 4522 867 4558 ι
908 4508 974 4560 Et
1021 4509 1218 4566 iterum
1274 4516 1400 4570 alibi
1463 4519 1636 4572 dicit:
1677 4536 1695 4570 t
1738 4518 1893 4574 Sicut
1943 4521 2088 4574 enim

526 4591 719 4648 mulier
762 4612 828 4652 ex
887 4599 1026 4664 viro,
1064 4605 1144 4658 sic
1185 4615 1240 4660 et
1275 4607 1356 4660 vir
1413 4625 1507 4677 per
1551 4609 1831 4664 mulierem
1867 4612 2093 4666 :omnia

523 4695 704 4740 autem
729 4705 794 4745 ex
829 4693 932 4747 Deo
960 4696 1022 4750 ¹³.
1055 4713 1075 4748 ι
1111 4695 1239 4751 Tale
1270 4708 1349 4752 est
1401 4708 1456 4752 et
1510 4702 1653 4769 quod
1681 4703 1749 4755 ad
1782 4701 2094 4756 Corinthios

522 4771 710 4827 scribit
741 4791 756 4828 :
792 4797 810 4829 t
842 4779 949 4835 Alii
1002 4785 1220 4853 quidem
1277 4800 1372 4854 per
1427 4785 1687 4856 Spiritutu
1717 4789 1878 4843 datur
1910 4805 2091 4846 sermo

597 4911 642 4985 ’ἦ
672 4913 826 4985 Βοιιι.
861 4933 939 4984 ιιι,
963 4919 1052 4975 50.
1118 4922 1158 4953 ³⁷
1183 4922 1337 4981 Rom.
1372 4940 1446 4985 xt.
1475 4926 1561 4979 56.

524 4995 602 5046 XI,
631 4984 721 5038 56.
798 4987 843 5018 ”
871 4988 892 5042 ι
925 4989 1050 5045 Cor.
1083 5007 1161 5056 xt,
1191 4994 1278 5048 12.

590 5104 669 5176 (5)
693 5107 855 5176 Editi,
891 5127 910 5161 t
949 5110 1063 5166 Dei.
1106 5129 1125 5164 ι

591 5176 669 5246 (6)
697 5177 787 5232 Sic
809 5194 998 5234 omnes
1032 5198 1161 5238 mss.
1200 5186 1389 5242 nostri.
1441 5187 1580 5240 Editi
1613 5202 1761 5254 vero,
1797 5205 1820 5241 ι
1852 5189 1988 5244 satis
2019 5190 2088 5244 de

523 5245 626 5332 hoc
651 5245 892 5332 angusta
939 5259 995 5332 et
1036 5264 1186 5306 arcta
1219 5257 1498 5332 responsio
1539 5259 1607 5332 ab
1645 5245 1890 5327 apostolo
1920 5259 2088 5314 Paulo

522 5327 810 5385 praestatur
838 5333 854 5372 :
885 5325 1023 5375 satis
1054 5325 1292 5378 ostendit
1318 5328 1643 5382 sententiam
1673 5325 1848 5383 suam.
1885 5347 1904 5380 ι

615 5387 668 5454 7)
694 5388 800 5450 AL,
835 5407 856 5440 ι
891 5391 1164 5458 objicere,
1205 5412 1223 5446 ι
1255 5396 1416 5449 male.

696 5459 870 5526 Alias,
901 5476 920 5509 ι
958 5476 1096 5528 quos
1119 5464 1208 5517 ille
1234 5464 1495 5520 animales
1519 5475 1697 5520 vocat.
1731 5485 1749 5518 ι

594 5526 671 5596 (9)
700 5528 807 5593 AL,
857 5548 883 5609 ε
936 5526 1197 5609 Superest
1258 5541 1317 5587 ut
1366 5535 1760 5609 unius...__non
1809 5552 1907 5591 nos
1953 5537 2083 5609 [al.,

527 5611 546 5644 ι
578 5610 799 5682 ttee‘nos
831 5598 880 5671 ι]
911 5598 1084 5655 otiose
1107 5611 1398 5682 praetereat
1427 5606 1554 5672 quid
1582 5607 1731 5661 dicit.
1769 5625 1789 5659 ι

591 5667 704 5738 (10)
727 5667 890 5739 Λ1.,’‹
926 5667 1321 5741 prtepositionis
1353 5692 1372 5726 ι
1401 5667 1544 5732 nunc
1588 5693 1608 5728 ι
1643 5679 2013 5740 commutatio.
2060 5697 2082 5731 ι

1375 4994 1422 5026 ’³
1451 4996 1625 5050 Galat.
1663 5012 1737 5063 tv,
1765 4998 1822 5052 4.

1645 4928 1687 4959 ⁸⁸
1715 4927 1877 4983 lCor.
1906 4943 1983 4992 XI,
2014 4928 2100 4984 19..
2175 4931 2218 4962 ¹⁹
2247 4929 2265 4984 l
2296 4930 2421 4986 Cor.
2445 4947 2543 4998 xtt,
2566 4935 2622 4992 8.
2696 4933 2742 4964 ¹⁰
2767 4932 2925 4989 Joan.
2960 4947 2998 4998 ι,
3032 4935 3088 4990 5.
3161 4934 3206 4966 ³⁸
3239 4933 3367 4989 ibid.
3391 4932 3446 4986 ι.

2196 4345 2342 4390 ctum
2373 4350 2441 4389 ex
2474 4334 2722 4400 muliere,
2755 4334 2958 4388 factum
2985 4332 3086 4388 sub
3112 4333 3227 4403 lege
3244 4331 3326 4397 ἰς
3357 4350 3376 4383 ι
3401 4340 3577 4386 etnon
3606 4330 3763 4394 dixit,

2198 4425 2402 4478 factum
2422 4439 2520 4494 per
2547 4425 2850 4480 mulierem.
2881 4424 2980 4480 Cui
3009 4425 3110 4478 hoc
3142 4425 3303 4478 modo
3329 4420 3763 4490 respondendum

2197 4526 2344 4588 puto.
2373 4516 2449 4572 De
2487 4513 2634 4572 omni
2673 4517 2889 4587 quidem
2921 4516 3141 4571 homine
3168 4515 3456 4571 conveniet
3488 4512 3590 4568 dici
3619 4512 3762 4581 quod

2197 4624 2292 4679 per
2319 4609 2597 4664 mulierem
2620 4609 2798 4663 factus
2821 4608 2912 4674 sit,
2930 4609 3186 4677 quoniam
3209 4607 3427 4676 quidem
3451 4607 3765 4674 priusquam

2196 4712 2294 4766 per
2321 4698 2600 4754 mulierem
2623 4707 2962 4762 nasceretur,
2987 4713 3050 4752 ex
3075 4699 3188 4752 viro
3213 4698 3421 4766 accepit
3438 4697 3714 4751 exordiqu
3743 4711 3759 4759 ;

2197 4791 2449 4848 Christus
2483 4807 2631 4859 vero,
2669 4795 2758 4862 qui
2795 4809 2899 4848 non
2933 4809 2999 4848 ex
3031 4794 3238 4849 semine
3287 4792 3390 4847 viri
3433 4791 3613 4846 carnis
3652 4804 3766 4844 suae

3523 4932 3568 4962 ”
3601 4929 3758 4983 Rom.

2195 5117 2475 5185 Rabanus,
2506 5134 2524 5166 ι
2558 5116 2955 5184 praepositionis
2995 5136 3014 5170 ι
3044 5131 3140 5185 per
3166 5133 3186 5166 ι
3220 5118 3587 5172 commutatio.
3625 5135 3645 5168 ι

2265 5184 2378 5256 (11)
2406 5185 2584 5256 Codex
2618 5185 2960 5241 Ebroiccnsis
2999 5184 3058 5240 et
3107 5185 3385 5248 Merlinus,
3423 5204 3442 5237 ι
3483 5201 3610 5256 qua;
3641 5195 3760 5253 post

2195 5254 2494 5324 principale
2546 5263 2650 5320 est,
2702 5256 3058 5324 intelligentia
3109 5257 3458 5326 designatur;
3510 5275 3531 5307 ι
3582 5255 3759 5311 Gene-

2194 5327 2426 5397 brardus
2465 5340 2618 5389 vero,
2655 5342 2675 5376 ι
2725 5341 2845 5394 quae
2886 5337 3009 5394 post
3049 5325 3343 5395 principale
3388 5326 3757 5397 intelligentia,

2195 5396 2462 5464 designat,
2500 5413 2520 5445 ι
2557 5398 2756 5451 rectius
2807 5397 2899 5450 alii
2946 5410 3082 5450 mss.
3129 5397 3302 5450 nostri
3360 5405 3420 5449 ut
3466 5396 3521 5450 in
3571 5396 3761 5450 nostro

2193 5473 2359 5520 lcxtu.

2261 5534 2374 5601 (12)
2405 5531 2500 5589 Sic
2541 5534 2782 5602 potiores
2824 5549 2952 5590 mss.
3001 5535 3172 5591 nostri
3212 5545 3268 5590 ct
3310 5533 3586 5590 Rabanus.
3646 5536 3757 5602 AL,

2195 5623 2214 5655 ι
2251 5606 2559 5661 edocemur.
2605 5623 2624 5656 ι
