  <div class='ocr_page' id='page_1' title='image "/cluster/home/n/w/nwhite01/storage/ocr_20150623/14:no.4/coo.31924054872928/491.png"; bbox 0 0 4170 6412; ppageno 0'>
   <div class='ocr_carea' id='block_1_1' title="bbox 489 305 596 365">
    <p class='ocr_par' dir='ltr' id='par_1_1' title="bbox 489 305 596 365">
     <span class='ocr_line' id='line_1_1' title="bbox 489 305 596 365; baseline -0.047 0"><span class='ocrx_word' id='word_1_1' title='bbox 489 305 596 365; x_wconf 84' lang='lat'><strong>959</strong></span> 
     </span>
    </p>
   </div>
   <div class='ocr_carea' id='block_1_2' title="bbox 484 516 2064 589">
    <p class='ocr_par' dir='ltr' id='par_1_2' title="bbox 484 516 2064 589">
     <span class='ocr_line' id='line_1_2' title="bbox 484 516 2064 589; baseline -0.004 -13"><span class='ocrx_word' id='word_1_2' title='bbox 484 532 542 576; x_wconf 87' lang='lat' dir='ltr'><strong>et</strong></span> <span class='ocrx_word' id='word_1_3' title='bbox 578 520 718 574; x_wconf 98' lang='lat' dir='ltr'><strong>ﬁlius</strong></span> <span class='ocrx_word' id='word_1_4' title='bbox 743 519 834 589; x_wconf 88' lang='lat' dir='ltr'><strong>qui</strong></span> <span class='ocrx_word' id='word_1_5' title='bbox 864 518 1153 588; x_wconf 83' lang='lat' dir='ltr'><strong>aliquando</strong></span> <span class='ocrx_word' id='word_1_6' title='bbox 1188 518 1322 572; x_wconf 89' lang='lat' dir='ltr'><strong>nihil</strong></span> <span class='ocrx_word' id='word_1_7' title='bbox 1367 519 1654 572; x_wconf 78' lang='lat' dir='ltr'><strong>differebat</strong></span> <span class='ocrx_word' id='word_1_8' title='bbox 1681 534 1709 570; x_wconf 94' lang='lat' dir='ltr'><strong>a</strong></span> <span class='ocrx_word' id='word_1_9' title='bbox 1739 532 1919 581; x_wconf 81' lang='lat' dir='ltr'><strong>servo,</strong></span> <span class='ocrx_word' id='word_1_10' title='bbox 1955 516 2064 570; x_wconf 79' lang='lat' dir='ltr'><strong>ha:-</strong></span> 
     </span>
    </p>
   </div>
   <div class='ocr_carea' id='block_1_3' title="bbox 471 608 2064 680">
    <p class='ocr_par' dir='ltr' id='par_1_3' title="bbox 471 608 2064 680">
     <span class='ocr_line' id='line_1_3' title="bbox 471 608 2064 680; baseline -0.004 -12"><span class='ocrx_word' id='word_1_11' title='bbox 471 628 576 668; x_wconf 88' lang='lat' dir='ltr'><strong>.res</strong></span> <span class='ocrx_word' id='word_1_12' title='bbox 607 611 782 666; x_wconf 80' lang='lat' dir='ltr'><strong>factus</strong></span> <span class='ocrx_word' id='word_1_13' title='bbox 804 620 888 665; x_wconf 91' lang='lat' dir='ltr'><strong>est</strong></span> <span class='ocrx_word' id='word_1_14' title='bbox 915 619 1156 680; x_wconf 61' lang='lat' dir='ltr'><strong>paternae</strong></span> <span class='ocrx_word' id='word_1_15' title='bbox 1181 611 1522 664; x_wconf 72' lang='lat' dir='ltr'><strong>substantize.</strong></span> <span class='ocrx_word' id='word_1_16' title='bbox 1555 610 1707 674; x_wconf 82' lang='lat' dir='ltr'><strong>Quod</strong></span> <span class='ocrx_word' id='word_1_17' title='bbox 1741 620 1922 664; x_wconf 90' lang='lat' dir='ltr'><strong>autem</strong></span> <span class='ocrx_word' id='word_1_18' title='bbox 1946 608 2064 661; x_wconf 76' lang='lat' dir='ltr'><strong>ltzec</strong></span> 
     </span>
    </p>
   </div>
   <div class='ocr_carea' id='block_1_4' title="bbox 485 699 2065 777">
    <p class='ocr_par' dir='ltr' id='par_1_4' title="bbox 485 699 2065 777">
     <span class='ocr_line' id='line_1_4' title="bbox 485 699 2065 777; baseline -0.005 -17"><span class='ocrx_word' id='word_1_19' title='bbox 485 706 562 761; x_wconf 89' lang='lat' dir='ltr'><strong>ita</strong></span> <span class='ocrx_word' id='word_1_20' title='bbox 587 705 700 777; x_wconf 75' lang='lat' dir='ltr'><strong>(2i)</strong></span> <span class='ocrx_word' id='word_1_21' title='bbox 731 705 967 760; x_wconf 82' lang='lat' dir='ltr'><strong>debeam</strong></span> <span class='ocrx_word' id='word_1_22' title='bbox 1003 703 1232 771; x_wconf 84' lang='lat' dir='ltr'><strong>intelligi</strong></span> <span class='ocrx_word' id='word_1_23' title='bbox 1261 716 1385 770; x_wconf 75' lang='lat' dir='ltr'><strong>qua:</strong></span> <span class='ocrx_word' id='word_1_24' title='bbox 1439 702 1769 756; x_wconf 88' lang='lat' dir='ltr'><strong>destruenda</strong></span> <span class='ocrx_word' id='word_1_25' title='bbox 1827 699 2065 768; x_wconf 88' lang='lat' dir='ltr'><strong>appellat</strong></span> 
     </span>
    </p>
   </div>
   <div class='ocr_carea' id='block_1_5' title="bbox 484 790 2063 866">
    <p class='ocr_par' dir='ltr' id='par_1_5' title="bbox 484 790 2063 866">
     <span class='ocr_line' id='line_1_5' title="bbox 484 790 2063 866; baseline -0.004 -16"><span class='ocrx_word' id='word_1_26' title='bbox 484 795 799 866; x_wconf 77' lang='lat' dir='ltr'><strong>Apostolus,</strong></span> <span class='ocrx_word' id='word_1_27' title='bbox 825 793 1274 848; x_wconf 72' lang='lat' dir='ltr'><strong>consuetudinem</strong></span> <span class='ocrx_word' id='word_1_28' title='bbox 1306 793 1426 860; x_wconf 83' lang='lat' dir='ltr'><strong>ejus</strong></span> <span class='ocrx_word' id='word_1_29' title='bbox 1467 807 1635 860; x_wconf 84' lang='lat' dir='ltr'><strong>super</strong></span> <span class='ocrx_word' id='word_1_30' title='bbox 1669 792 1772 844; x_wconf 87' lang='lat' dir='ltr'><strong>hoc</strong></span> <span class='ocrx_word' id='word_1_31' title='bbox 1802 790 2063 845; x_wconf 89' lang='lat' dir='ltr'><strong>vocabulo</strong></span> 
     </span>
    </p>
   </div>
   <div class='ocr_carea' id='block_1_6' title="bbox 485 885 2060 952">
    <p class='ocr_par' dir='ltr' id='par_1_6' title="bbox 485 885 2060 952">
     <span class='ocr_line' id='line_1_6' title="bbox 485 885 2060 952; baseline -0.003 -10"><span class='ocrx_word' id='word_1_32' title='bbox 485 890 648 943; x_wconf 91' lang='lat' dir='ltr'><strong>etiam</strong></span> <span class='ocrx_word' id='word_1_33' title='bbox 683 888 734 940; x_wconf 92' lang='lat' dir='ltr'><strong>in</strong></span> <span class='ocrx_word' id='word_1_34' title='bbox 777 887 901 940; x_wconf 87' lang='lat' dir='ltr'><strong>aliis</strong></span> <span class='ocrx_word' id='word_1_35' title='bbox 935 887 1104 949; x_wconf 82' lang='lat' dir='ltr'><strong>disce,</strong></span> <span class='ocrx_word' id='word_1_36' title='bbox 1135 886 1222 939; x_wconf 91' lang='lat' dir='ltr'><strong>ubi</strong></span> <span class='ocrx_word' id='word_1_37' title='bbox 1273 885 1438 940; x_wconf 95' lang='lat' dir='ltr'><strong>dicit:</strong></span> <span class='ocrx_word' id='word_1_38' title='bbox 1478 902 1497 934; x_wconf 80' lang='grc' dir='ltr'><strong>ι</strong></span> <span class='ocrx_word' id='word_1_39' title='bbox 1527 885 1602 937; x_wconf 81' lang='lat' dir='ltr'><strong>Ex</strong></span> <span class='ocrx_word' id='word_1_40' title='bbox 1649 892 1800 952; x_wconf 88' lang='lat' dir='ltr'><strong>parte</strong></span> <span class='ocrx_word' id='word_1_41' title='bbox 1833 886 2060 948; x_wconf 82' lang='lat' dir='ltr'><strong>scimus,</strong></span> 
     </span>
    </p>
   </div>
   <div class='ocr_carea' id='block_1_7' title="bbox 486 975 2060 1048">
    <p class='ocr_par' dir='ltr' id='par_1_7' title="bbox 486 975 2060 1048">
     <span class='ocr_line' id='line_1_7' title="bbox 486 975 2060 1048; baseline -0.004 -14"><span class='ocrx_word' id='word_1_42' title='bbox 486 989 536 1034; x_wconf 90' lang='lat' dir='ltr'><strong>et</strong></span> <span class='ocrx_word' id='word_1_43' title='bbox 565 995 630 1032; x_wconf 79' lang='lat' dir='ltr'><strong>ex</strong></span> <span class='ocrx_word' id='word_1_44' title='bbox 667 988 821 1048; x_wconf 90' lang='lat' dir='ltr'><strong>parte</strong></span> <span class='ocrx_word' id='word_1_45' title='bbox 850 978 1264 1048; x_wconf 84' lang='lat' dir='ltr'><strong>prophetamus.</strong></span> <span class='ocrx_word' id='word_1_46' title='bbox 1291 975 1426 1030; x_wconf 89' lang='lat' dir='ltr'><strong>Cum</strong></span> <span class='ocrx_word' id='word_1_47' title='bbox 1459 987 1641 1029; x_wconf 83' lang='lat' dir='ltr'><strong>autem</strong></span> <span class='ocrx_word' id='word_1_48' title='bbox 1672 976 1878 1030; x_wconf 89' lang='lat' dir='ltr'><strong>venerit</strong></span> <span class='ocrx_word' id='word_1_49' title='bbox 1915 977 2060 1045; x_wconf 89' lang='lat' dir='ltr'><strong>quod</strong></span> 
     </span>
    </p>
   </div>
   <div class='ocr_carea' id='block_1_8' title="bbox 485 1069 2056 1140">
    <p class='ocr_par' dir='ltr' id='par_1_8' title="bbox 485 1069 2056 1140">
     <span class='ocr_line' id='line_1_8' title="bbox 485 1069 2056 1140; baseline -0.004 -16"><span class='ocrx_word' id='word_1_50' title='bbox 485 1072 780 1140; x_wconf 74' lang='lat' dir='ltr'><strong>perfectura</strong></span> <span class='ocrx_word' id='word_1_51' title='bbox 800 1078 902 1135; x_wconf 89' lang='lat' dir='ltr'><strong>est,</strong></span> <span class='ocrx_word' id='word_1_52' title='bbox 923 1071 1272 1122; x_wconf 90' lang='lat' dir='ltr'><strong>destruentur</strong></span> <span class='ocrx_word' id='word_1_53' title='bbox 1295 1083 1359 1123; x_wconf 88' lang='lat' dir='ltr'><strong>ea</strong></span> <span class='ocrx_word' id='word_1_54' title='bbox 1389 1083 1511 1138; x_wconf 75' lang='lat' dir='ltr'><strong>qua:</strong></span> <span class='ocrx_word' id='word_1_55' title='bbox 1538 1083 1602 1122; x_wconf 82' lang='lat' dir='ltr'><strong>ex</strong></span> <span class='ocrx_word' id='word_1_56' title='bbox 1633 1077 1789 1135; x_wconf 88' lang='lat' dir='ltr'><strong>parte</strong></span> <span class='ocrx_word' id='word_1_57' title='bbox 1807 1078 1935 1121; x_wconf 92' lang='lat' dir='ltr'><strong>sunt</strong></span> <span class='ocrx_word' id='word_1_58' title='bbox 1955 1069 2018 1121; x_wconf 70' lang='grc'><strong>³⁷.</strong></span> <span class='ocrx_word' id='word_1_59' title='bbox 2035 1085 2056 1118; x_wconf 70' lang='grc' dir='ltr'><strong><em>ο</em></strong></span> 
     </span>
    </p>
   </div>
   <div class='ocr_carea' id='block_1_9' title="bbox 484 1159 2057 1230">
    <p class='ocr_par' dir='ltr' id='par_1_9' title="bbox 484 1159 2057 1230">
     <span class='ocr_line' id='line_1_9' title="bbox 484 1159 2057 1230; baseline -0.003 -14"><span class='ocrx_word' id='word_1_60' title='bbox 484 1163 550 1216; x_wconf 89' lang='grc' dir='ltr'>Ει</span> <span class='ocrx_word' id='word_1_61' title='bbox 574 1162 626 1215; x_wconf 91' lang='lat' dir='ltr'><strong>in</strong></span> <span class='ocrx_word' id='word_1_62' title='bbox 665 1163 765 1216; x_wconf 89' lang='lat' dir='ltr'><strong>hoc</strong></span> <span class='ocrx_word' id='word_1_63' title='bbox 793 1161 911 1216; x_wconf 88' lang='lat' dir='ltr'><strong>loco</strong></span> <span class='ocrx_word' id='word_1_64' title='bbox 941 1161 1169 1217; x_wconf 89' lang='lat' dir='ltr'><strong>scientia</strong></span> <span class='ocrx_word' id='word_1_65' title='bbox 1202 1160 1354 1215; x_wconf 83' lang='lat' dir='ltr'><strong>Pauli</strong></span> <span class='ocrx_word' id='word_1_66' title='bbox 1397 1161 1482 1213; x_wconf 96' lang='lat' dir='ltr'><strong>vel</strong></span> <span class='ocrx_word' id='word_1_67' title='bbox 1515 1161 1800 1230; x_wconf 84' lang='lat' dir='ltr'><strong>prophetia</strong></span> <span class='ocrx_word' id='word_1_68' title='bbox 1853 1159 2057 1213; x_wconf 89' lang='lat' dir='ltr'><strong>destrui</strong></span> 
     </span>
    </p>
   </div>
   <div class='ocr_carea' id='block_1_10' title="bbox 482 1253 2060 1322">
    <p class='ocr_par' dir='ltr' id='par_1_10' title="bbox 482 1253 2060 1322">
     <span class='ocr_line' id='line_1_10' title="bbox 482 1253 2060 1322; baseline 0.001 -16"><span class='ocrx_word' id='word_1_69' title='bbox 482 1254 684 1307; x_wconf 91' lang='lat' dir='ltr'><strong>dicitur</strong></span> <span class='ocrx_word' id='word_1_70' title='bbox 708 1255 919 1322; x_wconf 91' lang='lat' dir='ltr'><strong>absque</strong></span> <span class='ocrx_word' id='word_1_71' title='bbox 972 1253 1170 1320; x_wconf 88' lang='lat' dir='ltr'><strong>injuria</strong></span> <span class='ocrx_word' id='word_1_72' title='bbox 1206 1253 1517 1320; x_wconf 68' lang='lat' dir='ltr'><strong>apostolica:</strong></span> <span class='ocrx_word' id='word_1_73' title='bbox 1545 1254 1735 1322; x_wconf 74' lang='lat' dir='ltr'><strong>gratiae</strong></span> <span class='ocrx_word' id='word_1_74' title='bbox 1764 1269 1776 1302; x_wconf 90' lang='lat'><strong>:</strong></span> <span class='ocrx_word' id='word_1_75' title='bbox 1811 1268 1919 1321; x_wconf 90' lang='lat' dir='ltr'><strong>quo</strong></span> <span class='ocrx_word' id='word_1_76' title='bbox 1951 1253 2060 1306; x_wconf 88' lang='lat' dir='ltr'><strong>sci-</strong></span> 
     </span>
    </p>
   </div>
   <div class='ocr_carea' id='block_1_11' title="bbox 482 1343 2058 1414">
    <p class='ocr_par' dir='ltr' id='par_1_11' title="bbox 482 1343 2058 1414">
     <span class='ocr_line' id='line_1_11' title="bbox 482 1343 2058 1414; baseline -0.003 -16"><span class='ocrx_word' id='word_1_77' title='bbox 482 1343 612 1398; x_wconf 87' lang='lat' dir='ltr'><strong>licet</strong></span> <span class='ocrx_word' id='word_1_78' title='bbox 666 1344 1034 1414; x_wconf 81' lang='lat' dir='ltr'><strong>intelligamus</strong></span> <span class='ocrx_word' id='word_1_79' title='bbox 1085 1345 1150 1398; x_wconf 89' lang='lat' dir='ltr'><strong>ad</strong></span> <span class='ocrx_word' id='word_1_80' title='bbox 1204 1344 1666 1412; x_wconf 86' lang='lat' dir='ltr'><strong>comparationem</strong></span> <span class='ocrx_word' id='word_1_81' title='bbox 1693 1343 2058 1412; x_wconf 79' lang='lat' dir='ltr'><strong>perfectorum</strong></span> 
     </span>
    </p>
   </div>
   <div class='ocr_carea' id='block_1_12' title="bbox 479 1433 2058 1504">
    <p class='ocr_par' dir='ltr' id='par_1_12' title="bbox 479 1433 2058 1504">
     <span class='ocr_line' id='line_1_12' title="bbox 479 1433 2058 1504; baseline 0.002 -17"><span class='ocrx_word' id='word_1_82' title='bbox 479 1449 683 1491; x_wconf 91' lang='lat' dir='ltr'><strong>vacare</strong></span> <span class='ocrx_word' id='word_1_83' title='bbox 711 1446 767 1489; x_wconf 91' lang='lat' dir='ltr'><strong>et</strong></span> <span class='ocrx_word' id='word_1_84' title='bbox 797 1438 969 1490; x_wconf 90' lang='lat' dir='ltr'><strong>otiosa</strong></span> <span class='ocrx_word' id='word_1_85' title='bbox 1003 1450 1123 1490; x_wconf 89' lang='lat' dir='ltr'><strong>esse</strong></span> <span class='ocrx_word' id='word_1_86' title='bbox 1162 1451 1224 1491; x_wconf 89' lang='lat' dir='ltr'><strong>ea</strong></span> <span class='ocrx_word' id='word_1_87' title='bbox 1263 1451 1385 1503; x_wconf 73' lang='lat' dir='ltr'><strong>qua:</strong></span> <span class='ocrx_word' id='word_1_88' title='bbox 1431 1435 1749 1504; x_wconf 79' lang='lat' dir='ltr'><strong>imperfecta</strong></span> <span class='ocrx_word' id='word_1_89' title='bbox 1793 1444 1936 1488; x_wconf 90' lang='lat' dir='ltr'><strong>sunt.</strong></span> <span class='ocrx_word' id='word_1_90' title='bbox 1979 1433 2058 1490; x_wconf 88' lang='lat' dir='ltr'><strong>Ita</strong></span> 
     </span>
    </p>
   </div>
   <div class='ocr_carea' id='block_1_13' title="bbox 479 1525 2056 1596">
    <p class='ocr_par' dir='ltr' id='par_1_13' title="bbox 479 1525 2056 1596">
     <span class='ocr_line' id='line_1_13' title="bbox 479 1525 2056 1596; baseline -0.001 -16"><span class='ocrx_word' id='word_1_91' title='bbox 479 1541 610 1596; x_wconf 84' lang='lat' dir='ltr'><strong>ergo</strong></span> <span class='ocrx_word' id='word_1_92' title='bbox 645 1537 700 1580; x_wconf 92' lang='lat' dir='ltr'><strong>et</strong></span> <span class='ocrx_word' id='word_1_93' title='bbox 728 1527 781 1580; x_wconf 91' lang='lat' dir='ltr'><strong>in</strong></span> <span class='ocrx_word' id='word_1_94' title='bbox 814 1527 1068 1595; x_wconf 60' lang='lat' dir='ltr'><strong>praesenti</strong></span> <span class='ocrx_word' id='word_1_95' title='bbox 1113 1543 1372 1582; x_wconf 83' lang='lat' dir='ltr'><strong>sermone</strong></span> <span class='ocrx_word' id='word_1_96' title='bbox 1403 1526 1602 1580; x_wconf 91' lang='lat' dir='ltr'><strong>Paulus</strong></span> <span class='ocrx_word' id='word_1_97' title='bbox 1633 1527 1852 1595; x_wconf 85' lang='lat' dir='ltr'><strong>quidem</strong></span> <span class='ocrx_word' id='word_1_98' title='bbox 1886 1525 2056 1596; x_wconf 85' lang='lat' dir='ltr'><strong>legem</strong></span> 
     </span>
    </p>
   </div>
   <div class='ocr_carea' id='block_1_14' title="bbox 481 1616 2056 1678">
    <p class='ocr_par' dir='ltr' id='par_1_14' title="bbox 481 1616 2056 1678">
     <span class='ocr_line' id='line_1_14' title="bbox 481 1616 2056 1678; baseline -0.001 -6"><span class='ocrx_word' id='word_1_99' title='bbox 481 1633 591 1672; x_wconf 90' lang='lat' dir='ltr'><strong>non</strong></span> <span class='ocrx_word' id='word_1_100' title='bbox 627 1617 888 1678; x_wconf 88' lang='lat' dir='ltr'><strong>destruit.</strong></span> <span class='ocrx_word' id='word_1_101' title='bbox 941 1618 1035 1672; x_wconf 89' lang='lat' dir='ltr'><strong>sed</strong></span> <span class='ocrx_word' id='word_1_102' title='bbox 1088 1618 1394 1673; x_wconf 78' lang='lat' dir='ltr'><strong>confirmat.</strong></span> <span class='ocrx_word' id='word_1_103' title='bbox 1428 1617 1612 1674; x_wconf 84' lang='lat' dir='ltr'><strong>Gloria</strong></span> <span class='ocrx_word' id='word_1_104' title='bbox 1645 1630 1822 1671; x_wconf 89' lang='lat' dir='ltr'><strong>autem</strong></span> <span class='ocrx_word' id='word_1_105' title='bbox 1853 1616 2056 1672; x_wconf 83' lang='lat' dir='ltr'><strong>Christi</strong></span> 
     </span>
    </p>
   </div>
   <div class='ocr_carea' id='block_1_15' title="bbox 478 1709 2054 1780">
    <p class='ocr_par' dir='ltr' id='par_1_15' title="bbox 478 1709 2054 1780">
     <span class='ocr_line' id='line_1_15' title="bbox 478 1709 2054 1780; baseline -0.003 -14"><span class='ocrx_word' id='word_1_106' title='bbox 478 1726 600 1766; x_wconf 90' lang='lat' dir='ltr'><strong>cum</strong></span> <span class='ocrx_word' id='word_1_107' title='bbox 625 1710 866 1765; x_wconf 85' lang='lat' dir='ltr'><strong>revelata</strong></span> <span class='ocrx_word' id='word_1_108' title='bbox 903 1711 1089 1773; x_wconf 79' lang='lat' dir='ltr'><strong>fuerit,</strong></span> <span class='ocrx_word' id='word_1_109' title='bbox 1114 1727 1234 1765; x_wconf 88' lang='lat' dir='ltr'><strong>eam</strong></span> <span class='ocrx_word' id='word_1_110' title='bbox 1267 1711 1499 1779; x_wconf 89' lang='lat' dir='ltr'><strong>gloriam</strong></span> <span class='ocrx_word' id='word_1_111' title='bbox 1535 1724 1658 1780; x_wconf 64' lang='lat' dir='ltr'><strong>quae</strong></span> <span class='ocrx_word' id='word_1_112' title='bbox 1700 1709 1960 1778; x_wconf 85' lang='lat' dir='ltr'><strong>apparuit</strong></span> <span class='ocrx_word' id='word_1_113' title='bbox 2002 1709 2054 1762; x_wconf 93' lang='lat' dir='ltr'><strong>in</strong></span> 
     </span>
    </p>
   </div>
   <div class='ocr_carea' id='block_1_16' title="bbox 1962 302 2282 359">
    <p class='ocr_par' dir='ltr' id='par_1_16' title="bbox 1962 302 2282 359">
     <span class='ocr_line' id='line_1_16' title="bbox 1962 302 2282 359; baseline -0.006 0"><span class='ocrx_word' id='word_1_114' title='bbox 1962 302 2282 359; x_wconf 74' lang='lat' dir='ltr'><strong>ORIGENIS</strong></span> 
     </span>
    </p>
   </div>
   <div class='ocr_carea' id='block_1_17' title="bbox 480 423 2785 499">
    <p class='ocr_par' dir='ltr' id='par_1_17' title="bbox 480 423 2785 499">
     <span class='ocr_line' id='line_1_17' title="bbox 480 423 2785 499; baseline -0.002 -17"><span class='ocrx_word' id='word_1_115' title='bbox 480 429 594 499; x_wconf 85' lang='lat' dir='ltr'><strong>jam</strong></span> <span class='ocrx_word' id='word_1_116' title='bbox 616 441 752 496; x_wconf 86' lang='lat' dir='ltr'><strong>opus</strong></span> <span class='ocrx_word' id='word_1_117' title='bbox 774 425 906 496; x_wconf 87' lang='lat' dir='ltr'><strong>legis</strong></span> <span class='ocrx_word' id='word_1_118' title='bbox 939 444 958 473; x_wconf 78' lang='grc' dir='ltr'>σ</span> <span class='ocrx_word' id='word_1_119' title='bbox 984 425 1074 480; x_wconf 89' lang='lat' dir='ltr'><strong>ubi</strong></span> <span class='ocrx_word' id='word_1_120' title='bbox 1104 423 1328 481; x_wconf 76' lang='lat' dir='ltr'><strong>advenit</strong></span> <span class='ocrx_word' id='word_1_121' title='bbox 1354 425 1637 496; x_wconf 88' lang='lat' dir='ltr'><strong>plenitudo</strong></span> <span class='ocrx_word' id='word_1_122' title='bbox 1675 424 1934 493; x_wconf 88' lang='lat' dir='ltr'><strong>temporis</strong></span> <span class='ocrx_word' id='word_1_123' title='bbox 1952 424 2018 486; x_wconf 80' lang='lat'><strong>“,</strong></span> <span class='ocrx_word' id='word_1_124' title='bbox 2043 440 2060 472; x_wconf 74' lang='grc' dir='ltr'><strong>ι</strong></span> <span class='ocrx_word' id='word_1_125' title='bbox 2096 431 2141 485; x_wconf 79' lang='grc' dir='ltr'>Α</span> <span class='ocrx_word' id='word_1_126' title='bbox 2169 427 2312 494; x_wconf 88' lang='lat' dir='ltr'><strong>quod</strong></span> <span class='ocrx_word' id='word_1_127' title='bbox 2354 423 2481 480; x_wconf 86' lang='lat' dir='ltr'><strong>alibi</strong></span> <span class='ocrx_word' id='word_1_128' title='bbox 2523 423 2726 479; x_wconf 89' lang='lat' dir='ltr'><strong>dicitur</strong></span> <span class='ocrx_word' id='word_1_129' title='bbox 2771 442 2785 478; x_wconf 93' lang='lat'><strong>:</strong></span> 
     </span>
    </p>
   </div>
   <div class='ocr_carea' id='block_1_18' title="bbox 3644 303 3751 359">
    <p class='ocr_par' dir='ltr' id='par_1_18' title="bbox 3644 303 3751 359">
     <span class='ocr_line' id='line_1_18' title="bbox 3644 303 3751 359; baseline 0.019 -2"><span class='ocrx_word' id='word_1_130' title='bbox 3644 303 3751 359; x_wconf 81' lang='lat'><strong>960</strong></span> 
     </span>
    </p>
   </div>
   <div class='ocr_carea' id='block_1_19' title="bbox 2837 423 3748 492">
    <p class='ocr_par' dir='ltr' id='par_1_19' title="bbox 2837 423 3748 492">
     <span class='ocr_line' id='line_1_19' title="bbox 2837 423 3748 492; baseline 0.002 -16"><span class='ocrx_word' id='word_1_131' title='bbox 2837 423 3028 477; x_wconf 73' lang='lat' dir='ltr'><strong>«Illum</strong></span> <span class='ocrx_word' id='word_1_132' title='bbox 3073 430 3292 492; x_wconf 82' lang='lat' dir='ltr'><strong>oportet</strong></span> <span class='ocrx_word' id='word_1_133' title='bbox 3336 435 3611 484; x_wconf 88' lang='lat' dir='ltr'><strong>crescere,</strong></span> <span class='ocrx_word' id='word_1_134' title='bbox 3659 441 3748 479; x_wconf 87' lang='lat' dir='ltr'><strong>me</strong></span> 
     </span>
    </p>
   </div>
   <div class='ocr_carea' id='block_1_20' title="bbox 2171 515 3742 586">
    <p class='ocr_par' dir='ltr' id='par_1_20' title="bbox 2171 515 3742 586">
     <span class='ocr_line' id='line_1_20' title="bbox 2171 515 3742 586; baseline -0.002 -14"><span class='ocrx_word' id='word_1_135' title='bbox 2171 531 2350 574; x_wconf 90' lang='lat' dir='ltr'><strong>autem</strong></span> <span class='ocrx_word' id='word_1_136' title='bbox 2379 519 2545 572; x_wconf 88' lang='lat' dir='ltr'><strong>minui</strong></span> <span class='ocrx_word' id='word_1_137' title='bbox 2568 517 2646 582; x_wconf 63' lang='lat'><strong>&#39;3;</strong></span> <span class='ocrx_word' id='word_1_138' title='bbox 2680 537 2700 570; x_wconf 86' lang='grc'><strong>›</strong></span> <span class='ocrx_word' id='word_1_139' title='bbox 2733 527 2789 571; x_wconf 87' lang='grc' dir='ltr'><strong>ει</strong></span> <span class='ocrx_word' id='word_1_140' title='bbox 2815 517 2959 586; x_wconf 89' lang='lat' dir='ltr'><strong>quod</strong></span> <span class='ocrx_word' id='word_1_141' title='bbox 2988 516 3107 584; x_wconf 88' lang='lat' dir='ltr'><strong>ipse</strong></span> <span class='ocrx_word' id='word_1_142' title='bbox 3137 515 3336 568; x_wconf 85' lang='lat' dir='ltr'><strong>Paulus</strong></span> <span class='ocrx_word' id='word_1_143' title='bbox 3363 516 3494 570; x_wconf 88' lang='lat' dir='ltr'><strong>dicit</strong></span> <span class='ocrx_word' id='word_1_144' title='bbox 3525 534 3538 570; x_wconf 93' lang='lat'><strong>:</strong></span> <span class='ocrx_word' id='word_1_145' title='bbox 3564 535 3583 567; x_wconf 78' lang='grc' dir='ltr'><strong>ι</strong></span> <span class='ocrx_word' id='word_1_146' title='bbox 3607 516 3742 571; x_wconf 89' lang='lat' dir='ltr'><strong>Cum</strong></span> 
     </span>
    </p>
   </div>
   <div class='ocr_carea' id='block_1_21' title="bbox 2170 607 3748 678">
    <p class='ocr_par' dir='ltr' id='par_1_21' title="bbox 2170 607 3748 678">
     <span class='ocr_line' id='line_1_21' title="bbox 2170 607 3748 678; baseline -0.001 -15"><span class='ocrx_word' id='word_1_147' title='bbox 2170 620 2348 663; x_wconf 81' lang='lat' dir='ltr'><strong>autem</strong></span> <span class='ocrx_word' id='word_1_148' title='bbox 2384 607 2562 662; x_wconf 85' lang='lat' dir='ltr'><strong>factus</strong></span> <span class='ocrx_word' id='word_1_149' title='bbox 2596 624 2716 662; x_wconf 90' lang='lat' dir='ltr'><strong>sum</strong></span> <span class='ocrx_word' id='word_1_150' title='bbox 2761 609 2866 669; x_wconf 86' lang='lat' dir='ltr'><strong>vir,</strong></span> <span class='ocrx_word' id='word_1_151' title='bbox 2900 608 3143 662; x_wconf 77' lang='lat' dir='ltr'><strong>destruxi</strong></span> <span class='ocrx_word' id='word_1_152' title='bbox 3183 624 3304 678; x_wconf 58' lang='lat' dir='ltr'><strong>qua!</strong></span> <span class='ocrx_word' id='word_1_153' title='bbox 3348 619 3506 662; x_wconf 89' lang='lat' dir='ltr'><strong>erant</strong></span> <span class='ocrx_word' id='word_1_154' title='bbox 3549 625 3748 677; x_wconf 83' lang='lat' dir='ltr'><strong>parvu-</strong></span> 
     </span>
    </p>
   </div>
   <div class='ocr_carea' id='block_1_22' title="bbox 2170 698 3746 773">
    <p class='ocr_par' dir='ltr' id='par_1_22' title="bbox 2170 698 3746 773">
     <span class='ocr_line' id='line_1_22' title="bbox 2170 698 3746 773; baseline 0.002 -20"><span class='ocrx_word' id='word_1_155' title='bbox 2170 699 2332 754; x_wconf 67' lang='grc' dir='ltr'><strong>ιμ’.»</strong></span> <span class='ocrx_word' id='word_1_156' title='bbox 2371 698 2486 753; x_wconf 83' lang='lat' dir='ltr'><strong>Hoc</strong></span> <span class='ocrx_word' id='word_1_157' title='bbox 2529 701 2768 754; x_wconf 77' lang='lat' dir='ltr'><strong>ostendit</strong></span> <span class='ocrx_word' id='word_1_158' title='bbox 2810 709 2866 754; x_wconf 91' lang='lat' dir='ltr'><strong>et</strong></span> <span class='ocrx_word' id='word_1_159' title='bbox 2907 699 3211 753; x_wconf 90' lang='lat' dir='ltr'><strong>similitudo</strong></span> <span class='ocrx_word' id='word_1_160' title='bbox 3257 702 3558 771; x_wconf 73' lang='lat' dir='ltr'><strong>pmdagogi,</strong></span> <span class='ocrx_word' id='word_1_161' title='bbox 3588 700 3746 773; x_wconf 81' lang='lat' dir='ltr'><strong>cujus</strong></span> 
     </span>
    </p>
   </div>
   <div class='ocr_carea' id='block_1_23' title="bbox 2167 792 3749 862">
    <p class='ocr_par' dir='ltr' id='par_1_23' title="bbox 2167 792 3749 862">
     <span class='ocr_line' id='line_1_23' title="bbox 2167 792 3749 862; baseline -0.001 -16"><span class='ocrx_word' id='word_1_162' title='bbox 2167 806 2304 861; x_wconf 82' lang='lat' dir='ltr'><strong>opus</strong></span> <span class='ocrx_word' id='word_1_163' title='bbox 2340 792 2639 846; x_wconf 91' lang='lat' dir='ltr'><strong>destruitnr</strong></span> <span class='ocrx_word' id='word_1_164' title='bbox 2661 803 2713 846; x_wconf 85' lang='lat' dir='ltr'><strong>et</strong></span> <span class='ocrx_word' id='word_1_165' title='bbox 2741 801 2922 846; x_wconf 85' lang='lat' dir='ltr'><strong>cessat</strong></span> <span class='ocrx_word' id='word_1_166' title='bbox 2951 808 3072 846; x_wconf 90' lang='lat' dir='ltr'><strong>cum</strong></span> <span class='ocrx_word' id='word_1_167' title='bbox 3102 792 3168 846; x_wconf 89' lang='lat' dir='ltr'><strong>ad</strong></span> <span class='ocrx_word' id='word_1_168' title='bbox 3194 793 3490 862; x_wconf 74' lang='lat' dir='ltr'><strong>perfectam</strong></span> <span class='ocrx_word' id='word_1_169' title='bbox 3531 801 3749 846; x_wconf 72' lang='lat' dir='ltr'><strong>aetatem</strong></span> 
     </span>
    </p>
   </div>
   <div class='ocr_carea' id='block_1_24' title="bbox 2168 883 3750 953">
    <p class='ocr_par' dir='ltr' id='par_1_24' title="bbox 2168 883 3750 953">
     <span class='ocr_line' id='line_1_24' title="bbox 2168 883 3750 953; baseline 0.004 -20"><span class='ocrx_word' id='word_1_170' title='bbox 2168 885 2387 938; x_wconf 84' lang='lat' dir='ltr'><strong>venerit</strong></span> <span class='ocrx_word' id='word_1_171' title='bbox 2416 884 2699 953; x_wconf 88' lang='lat' dir='ltr'><strong>parvulus.</strong></span> <span class='ocrx_word' id='word_1_172' title='bbox 2748 883 3044 953; x_wconf 86' lang='lat' dir='ltr'><strong>Propterea</strong></span> <span class='ocrx_word' id='word_1_173' title='bbox 3081 899 3214 953; x_wconf 83' lang='lat' dir='ltr'><strong>ergo</strong></span> <span class='ocrx_word' id='word_1_174' title='bbox 3244 885 3558 940; x_wconf 86' lang='lat' dir='ltr'><strong>cautissime</strong></span> <span class='ocrx_word' id='word_1_175' title='bbox 3610 885 3750 939; x_wconf 80' lang='lat' dir='ltr'><strong>dixit</strong></span> 
     </span>
    </p>
   </div>
   <div class='ocr_carea' id='block_1_25' title="bbox 2168 975 3750 1045">
    <p class='ocr_par' dir='ltr' id='par_1_25' title="bbox 2168 975 3750 1045">
     <span class='ocr_line' id='line_1_25' title="bbox 2168 975 3750 1045; baseline 0.001 -14"><span class='ocrx_word' id='word_1_176' title='bbox 2168 975 2508 1045; x_wconf 80' lang='lat' dir='ltr'><strong>Apostolus:</strong></span> <span class='ocrx_word' id='word_1_177' title='bbox 2567 993 2587 1027; x_wconf 73' lang='grc' dir='ltr'><strong>ι</strong></span> <span class='ocrx_word' id='word_1_178' title='bbox 2636 976 2807 1044; x_wconf 81' lang='lat' dir='ltr'><strong>legem</strong></span> <span class='ocrx_word' id='word_1_179' title='bbox 2847 990 2977 1044; x_wconf 87' lang='lat' dir='ltr'><strong>ergo</strong></span> <span class='ocrx_word' id='word_1_180' title='bbox 3026 976 3360 1030; x_wconf 88' lang='lat' dir='ltr'><strong>destrnimus</strong></span> <span class='ocrx_word' id='word_1_181' title='bbox 3405 990 3503 1044; x_wconf 89' lang='lat' dir='ltr'><strong>per</strong></span> <span class='ocrx_word' id='word_1_182' title='bbox 3552 975 3750 1032; x_wconf 67' lang='lat' dir='ltr'><strong>ﬁdem?</strong></span> 
     </span>
    </p>
   </div>
   <div class='ocr_carea' id='block_1_26' title="bbox 2166 1067 3749 1136">
    <p class='ocr_par' dir='ltr' id='par_1_26' title="bbox 2166 1067 3749 1136">
     <span class='ocr_line' id='line_1_26' title="bbox 2166 1067 3749 1136; baseline -0.002 -13"><span class='ocrx_word' id='word_1_183' title='bbox 2166 1067 2421 1124; x_wconf 75' lang='lat' dir='ltr'><strong>Absit“!</strong></span> <span class='ocrx_word' id='word_1_184' title='bbox 2459 1086 2478 1119; x_wconf 77' lang='grc' dir='ltr'><strong>ι</strong></span> <span class='ocrx_word' id='word_1_185' title='bbox 2513 1075 2587 1132; x_wconf 87' lang='grc' dir='ltr'><strong>ει,</strong></span> <span class='ocrx_word' id='word_1_186' title='bbox 2623 1083 2727 1120; x_wconf 88' lang='lat' dir='ltr'><strong>non</strong></span> <span class='ocrx_word' id='word_1_187' title='bbox 2771 1067 2948 1122; x_wconf 79' lang='lat' dir='ltr'><strong>dixit:</strong></span> <span class='ocrx_word' id='word_1_188' title='bbox 3001 1067 3089 1121; x_wconf 76' lang='lat' dir='ltr'><strong>lex</strong></span> <span class='ocrx_word' id='word_1_189' title='bbox 3145 1083 3276 1136; x_wconf 87' lang='lat' dir='ltr'><strong>ergo</strong></span> <span class='ocrx_word' id='word_1_190' title='bbox 3319 1067 3624 1120; x_wconf 86' lang='lat' dir='ltr'><strong>destruitnr</strong></span> <span class='ocrx_word' id='word_1_191' title='bbox 3652 1083 3749 1131; x_wconf 90' lang='lat' dir='ltr'><strong>per</strong></span> 
     </span>
    </p>
   </div>
   <div class='ocr_carea' id='block_1_27' title="bbox 2170 1158 3748 1229">
    <p class='ocr_par' dir='ltr' id='par_1_27' title="bbox 2170 1158 3748 1229">
     <span class='ocr_line' id='line_1_27' title="bbox 2170 1158 3748 1229; baseline 0 -15"><span class='ocrx_word' id='word_1_192' title='bbox 2170 1159 2354 1221; x_wconf 87' lang='lat' dir='ltr'><strong>ﬁdem,</strong></span> <span class='ocrx_word' id='word_1_193' title='bbox 2387 1163 2478 1215; x_wconf 88' lang='lat' dir='ltr'><strong>sed</strong></span> <span class='ocrx_word' id='word_1_194' title='bbox 2517 1179 2528 1214; x_wconf 93' lang='lat'><strong>:</strong></span> <span class='ocrx_word' id='word_1_195' title='bbox 2599 1180 2616 1211; x_wconf 78' lang='grc' dir='ltr'><strong>ι</strong></span> <span class='ocrx_word' id='word_1_196' title='bbox 2644 1160 2814 1229; x_wconf 79' lang='lat' dir='ltr'><strong>legem</strong></span> <span class='ocrx_word' id='word_1_197' title='bbox 2842 1174 2972 1229; x_wconf 84' lang='lat' dir='ltr'><strong>ergo</strong></span> <span class='ocrx_word' id='word_1_198' title='bbox 3005 1159 3379 1214; x_wconf 84' lang='lat' dir='ltr'><strong>destruimus?</strong></span> <span class='ocrx_word' id='word_1_199' title='bbox 3408 1177 3427 1210; x_wconf 75' lang='grc' dir='ltr'><strong>ι</strong></span> <span class='ocrx_word' id='word_1_200' title='bbox 3465 1158 3532 1212; x_wconf 87' lang='grc' dir='ltr'>Ει</span> <span class='ocrx_word' id='word_1_201' title='bbox 3559 1174 3748 1214; x_wconf 91' lang='lat' dir='ltr'><strong>rursus</strong></span> 
     </span>
    </p>
   </div>
   <div class='ocr_carea' id='block_1_28' title="bbox 2169 1249 3746 1320">
    <p class='ocr_par' dir='ltr' id='par_1_28' title="bbox 2169 1249 3746 1320">
     <span class='ocr_line' id='line_1_28' title="bbox 2169 1249 3746 1320; baseline -0.003 -14"><span class='ocrx_word' id='word_1_202' title='bbox 2169 1253 2220 1306; x_wconf 92' lang='lat' dir='ltr'><strong>in</strong></span> <span class='ocrx_word' id='word_1_203' title='bbox 2251 1252 2610 1320; x_wconf 75' lang='grc' dir='ltr'>ερίιιιειιιίιιιιε</span> <span class='ocrx_word' id='word_1_204' title='bbox 2641 1270 2654 1306; x_wconf 95' lang='lat'><strong>:</strong></span> <span class='ocrx_word' id='word_1_205' title='bbox 2688 1270 2706 1300; x_wconf 77' lang='grc' dir='ltr'><strong>ι</strong></span> <span class='ocrx_word' id='word_1_206' title='bbox 2733 1249 2882 1317; x_wconf 83' lang='grc' dir='ltr'>Νοιι;</span> <span class='ocrx_word' id='word_1_207' title='bbox 2919 1251 3012 1305; x_wconf 82' lang='grc' dir='ltr'>εει]</span> <span class='ocrx_word' id='word_1_208' title='bbox 3044 1249 3214 1320; x_wconf 89' lang='lat' dir='ltr'><strong>legem</strong></span> <span class='ocrx_word' id='word_1_209' title='bbox 3241 1250 3587 1304; x_wconf 62' lang='lat' dir='ltr'><strong>statuimus.»</strong></span> <span class='ocrx_word' id='word_1_210' title='bbox 3611 1250 3746 1303; x_wconf 83' lang='lat' dir='ltr'><strong>Nam</strong></span> 
     </span>
    </p>
   </div>
   <div class='ocr_carea' id='block_1_29' title="bbox 2166 1341 3747 1411">
    <p class='ocr_par' dir='ltr' id='par_1_29' title="bbox 2166 1341 3747 1411">
     <span class='ocr_line' id='line_1_29' title="bbox 2166 1341 3747 1411; baseline 0.001 -15"><span class='ocrx_word' id='word_1_211' title='bbox 2166 1352 2222 1396; x_wconf 89' lang='lat' dir='ltr'><strong>et</strong></span> <span class='ocrx_word' id='word_1_212' title='bbox 2253 1343 2297 1396; x_wconf 88' lang='lat' dir='ltr'><strong>si</strong></span> <span class='ocrx_word' id='word_1_213' title='bbox 2338 1344 2638 1396; x_wconf 86' lang='lat' dir='ltr'><strong>destruitnr</strong></span> <span class='ocrx_word' id='word_1_214' title='bbox 2673 1343 2782 1407; x_wconf 77' lang='lat' dir='ltr'><strong>lex,</strong></span> <span class='ocrx_word' id='word_1_215' title='bbox 2816 1357 2922 1396; x_wconf 93' lang='lat' dir='ltr'><strong>non</strong></span> <span class='ocrx_word' id='word_1_216' title='bbox 2965 1356 3063 1411; x_wconf 87' lang='lat' dir='ltr'><strong>per</strong></span> <span class='ocrx_word' id='word_1_217' title='bbox 3095 1341 3256 1396; x_wconf 89' lang='lat' dir='ltr'><strong>ﬁdem</strong></span> <span class='ocrx_word' id='word_1_218' title='bbox 3297 1341 3622 1406; x_wconf 90' lang='lat' dir='ltr'><strong>destruitnr,</strong></span> <span class='ocrx_word' id='word_1_219' title='bbox 3653 1344 3747 1397; x_wconf 93' lang='lat' dir='ltr'><strong>sed</strong></span> 
     </span>
    </p>
   </div>
   <div class='ocr_carea' id='block_1_30' title="bbox 2168 1433 3745 1502">
    <p class='ocr_par' dir='ltr' id='par_1_30' title="bbox 2168 1433 3745 1502">
     <span class='ocr_line' id='line_1_30' title="bbox 2168 1433 3745 1502; baseline 0.001 -15"><span class='ocrx_word' id='word_1_220' title='bbox 2168 1450 2264 1502; x_wconf 91' lang='lat' dir='ltr'><strong>per</strong></span> <span class='ocrx_word' id='word_1_221' title='bbox 2293 1435 2793 1501; x_wconf 81' lang='lat' dir='ltr'><strong>superetninentem</strong></span> <span class='ocrx_word' id='word_1_222' title='bbox 2823 1433 3070 1502; x_wconf 81' lang='lat' dir='ltr'><strong>gloriam.</strong></span> <span class='ocrx_word' id='word_1_223' title='bbox 3099 1433 3206 1488; x_wconf 90' lang='lat' dir='ltr'><strong>Per</strong></span> <span class='ocrx_word' id='word_1_224' title='bbox 3237 1433 3400 1487; x_wconf 88' lang='lat' dir='ltr'><strong>ﬁdem</strong></span> <span class='ocrx_word' id='word_1_225' title='bbox 3429 1443 3610 1488; x_wconf 89' lang='lat' dir='ltr'><strong>autem</strong></span> <span class='ocrx_word' id='word_1_226' title='bbox 3636 1449 3745 1488; x_wconf 91' lang='lat' dir='ltr'><strong>non</strong></span> 
     </span>
    </p>
   </div>
   <div class='ocr_carea' id='block_1_31' title="bbox 2167 1526 3750 1595">
    <p class='ocr_par' dir='ltr' id='par_1_31' title="bbox 2167 1526 3750 1595">
     <span class='ocr_line' id='line_1_31' title="bbox 2167 1526 3750 1595; baseline 0 -15"><span class='ocrx_word' id='word_1_227' title='bbox 2167 1526 2342 1581; x_wconf 87' lang='lat' dir='ltr'><strong>solum</strong></span> <span class='ocrx_word' id='word_1_228' title='bbox 2377 1542 2484 1581; x_wconf 95' lang='lat' dir='ltr'><strong>non</strong></span> <span class='ocrx_word' id='word_1_229' title='bbox 2513 1528 2814 1581; x_wconf 89' lang='lat' dir='ltr'><strong>destruitnr</strong></span> <span class='ocrx_word' id='word_1_230' title='bbox 2843 1527 2950 1591; x_wconf 85' lang='lat' dir='ltr'><strong>lex,</strong></span> <span class='ocrx_word' id='word_1_231' title='bbox 2981 1527 3074 1580; x_wconf 90' lang='lat' dir='ltr'><strong>sed</strong></span> <span class='ocrx_word' id='word_1_232' title='bbox 3119 1526 3378 1580; x_wconf 85' lang='lat' dir='ltr'><strong>statuitur</strong></span> <span class='ocrx_word' id='word_1_233' title='bbox 3401 1541 3495 1595; x_wconf 88' lang='lat' dir='ltr'><strong>per</strong></span> <span class='ocrx_word' id='word_1_234' title='bbox 3528 1537 3750 1594; x_wconf 88' lang='lat' dir='ltr'><strong>aposto-</strong></span> 
     </span>
    </p>
   </div>
   <div class='ocr_carea' id='block_1_32' title="bbox 2164 1615 3748 1686">
    <p class='ocr_par' dir='ltr' id='par_1_32' title="bbox 2164 1615 3748 1686">
     <span class='ocr_line' id='line_1_32' title="bbox 2164 1615 3748 1686; baseline -0.001 -16"><span class='ocrx_word' id='word_1_235' title='bbox 2164 1615 2246 1672; x_wconf 90' lang='lat' dir='ltr'><strong>los</strong></span> <span class='ocrx_word' id='word_1_236' title='bbox 2289 1627 2343 1672; x_wconf 89' lang='lat' dir='ltr'><strong>et</strong></span> <span class='ocrx_word' id='word_1_237' title='bbox 2391 1619 2786 1672; x_wconf 89' lang='lat' dir='ltr'><strong>conﬁrmatur:</strong></span> <span class='ocrx_word' id='word_1_238' title='bbox 2818 1617 2943 1686; x_wconf 89' lang='lat' dir='ltr'><strong>quia</strong></span> <span class='ocrx_word' id='word_1_239' title='bbox 2997 1616 3279 1670; x_wconf 85' lang='lat' dir='ltr'><strong>Christum</strong></span> <span class='ocrx_word' id='word_1_240' title='bbox 3331 1631 3491 1684; x_wconf 90' lang='lat' dir='ltr'><strong>quem</strong></span> <span class='ocrx_word' id='word_1_241' title='bbox 3549 1616 3633 1670; x_wconf 80' lang='lat' dir='ltr'><strong>lex</strong></span> <span class='ocrx_word' id='word_1_242' title='bbox 3693 1625 3748 1670; x_wconf 88' lang='lat' dir='ltr'><strong>et</strong></span> 
     </span>
    </p>
   </div>
   <div class='ocr_carea' id='block_1_33' title="bbox 2166 1709 3746 1779">
    <p class='ocr_par' dir='ltr' id='par_1_33' title="bbox 2166 1709 3746 1779">
     <span class='ocr_line' id='line_1_33' title="bbox 2166 1709 3746 1779; baseline -0.001 -16"><span class='ocrx_word' id='word_1_243' title='bbox 2166 1710 2450 1779; x_wconf 71' lang='lat' dir='ltr'><strong>propheta:</strong></span> <span class='ocrx_word' id='word_1_244' title='bbox 2502 1722 2794 1765; x_wconf 87' lang='lat' dir='ltr'><strong>venturum</strong></span> <span class='ocrx_word' id='word_1_245' title='bbox 2861 1710 3257 1778; x_wconf 63' lang='lat' dir='ltr'><strong>pratdixerunt,</strong></span> <span class='ocrx_word' id='word_1_246' title='bbox 3297 1709 3383 1762; x_wconf 91' lang='lat' dir='ltr'><strong>isti</strong></span> <span class='ocrx_word' id='word_1_247' title='bbox 3445 1710 3746 1776; x_wconf 67' lang='lat' dir='ltr'><strong>praadicant</strong></span> 
     </span>
    </p>
   </div>
   <div class='ocr_carea' id='block_1_34' title="bbox 479 1791 3742 1871">
    <p class='ocr_par' dir='ltr' id='par_1_34' title="bbox 479 1791 3742 1871">
     <span class='ocr_line' id='line_1_34' title="bbox 479 1791 3742 1871; baseline -0 -16"><span class='ocrx_word' id='word_1_248' title='bbox 479 1801 684 1871; x_wconf 83' lang='lat' dir='ltr'><strong>Moyse,</strong></span> <span class='ocrx_word' id='word_1_249' title='bbox 710 1810 768 1855; x_wconf 90' lang='lat' dir='ltr'><strong>et</strong></span> <span class='ocrx_word' id='word_1_250' title='bbox 793 1817 858 1855; x_wconf 85' lang='lat' dir='ltr'><strong>ex</strong></span> <span class='ocrx_word' id='word_1_251' title='bbox 887 1817 992 1870; x_wconf 87' lang='lat' dir='ltr'><strong>qua</strong></span> <span class='ocrx_word' id='word_1_252' title='bbox 1023 1801 1360 1871; x_wconf 89' lang='lat' dir='ltr'><strong>gloriﬁcatns</strong></span> <span class='ocrx_word' id='word_1_253' title='bbox 1391 1802 1591 1864; x_wconf 79' lang='lat' dir='ltr'><strong>fuerat,</strong></span> <span class='ocrx_word' id='word_1_254' title='bbox 1623 1801 1736 1868; x_wconf 88' lang='lat' dir='ltr'><strong>ipsa</strong></span> <span class='ocrx_word' id='word_1_255' title='bbox 1767 1815 2056 1868; x_wconf 89' lang='lat' dir='ltr'><strong>compara-</strong></span> <span class='ocrx_word' id='word_1_256' title='bbox 2091 1791 2132 1846; x_wconf 87' lang='grc' dir='ltr'><strong><em>Β</em></strong></span> <span class='ocrx_word' id='word_1_257' title='bbox 2157 1801 2269 1870; x_wconf 87' lang='lat' dir='ltr'><strong>jam</strong></span> <span class='ocrx_word' id='word_1_258' title='bbox 2297 1802 2517 1858; x_wconf 84' lang='lat' dir='ltr'><strong>venisse</strong></span> <span class='ocrx_word' id='word_1_259' title='bbox 2550 1821 2564 1857; x_wconf 93' lang='lat'><strong>:</strong></span> <span class='ocrx_word' id='word_1_260' title='bbox 2598 1815 2651 1858; x_wconf 93' lang='lat' dir='ltr'><strong>et</strong></span> <span class='ocrx_word' id='word_1_261' title='bbox 2674 1801 3021 1856; x_wconf 88' lang='lat' dir='ltr'><strong>conﬁrmatio</strong></span> <span class='ocrx_word' id='word_1_262' title='bbox 3055 1801 3243 1870; x_wconf 92' lang='lat' dir='ltr'><strong>utique</strong></span> <span class='ocrx_word' id='word_1_263' title='bbox 3296 1801 3603 1870; x_wconf 77' lang='lat' dir='ltr'><strong>prophetia:</strong></span> <span class='ocrx_word' id='word_1_264' title='bbox 3655 1800 3742 1854; x_wconf 88' lang='lat' dir='ltr'><strong>vel</strong></span> 
     </span>
    </p>
   </div>
   <div class='ocr_carea' id='block_1_35' title="bbox 481 1892 2053 1962">
    <p class='ocr_par' dir='ltr' id='par_1_35' title="bbox 481 1892 2053 1962">
     <span class='ocr_line' id='line_1_35' title="bbox 481 1892 2053 1962; baseline 0.001 -18"><span class='ocrx_word' id='word_1_265' title='bbox 481 1895 629 1946; x_wconf 89' lang='lat' dir='ltr'><strong>tione</strong></span> <span class='ocrx_word' id='word_1_266' title='bbox 656 1893 738 1947; x_wconf 90' lang='lat' dir='ltr'><strong>sui</strong></span> <span class='ocrx_word' id='word_1_267' title='bbox 776 1908 881 1962; x_wconf 88' lang='lat' dir='ltr'><strong>qua</strong></span> <span class='ocrx_word' id='word_1_268' title='bbox 912 1893 1306 1958; x_wconf 84' lang='lat' dir='ltr'><strong>supereminet,</strong></span> <span class='ocrx_word' id='word_1_269' title='bbox 1343 1903 1397 1946; x_wconf 92' lang='lat' dir='ltr'><strong>et</strong></span> <span class='ocrx_word' id='word_1_270' title='bbox 1440 1893 1716 1957; x_wconf 82' lang='lat' dir='ltr'><strong>confutat,</strong></span> <span class='ocrx_word' id='word_1_271' title='bbox 1753 1903 1810 1946; x_wconf 90' lang='lat' dir='ltr'><strong>et</strong></span> <span class='ocrx_word' id='word_1_272' title='bbox 1851 1892 2053 1961; x_wconf 89' lang='lat' dir='ltr'><strong>arguit,</strong></span> 
     </span>
    </p>
   </div>
   <div class='ocr_carea' id='block_1_36' title="bbox 479 1983 2056 2054">
    <p class='ocr_par' dir='ltr' id='par_1_36' title="bbox 479 1983 2056 2054">
     <span class='ocr_line' id='line_1_36' title="bbox 479 1983 2056 2054; baseline 0.001 -18"><span class='ocrx_word' id='word_1_273' title='bbox 479 1992 532 2036; x_wconf 90' lang='lat' dir='ltr'><strong>et</strong></span> <span class='ocrx_word' id='word_1_274' title='bbox 557 1983 798 2036; x_wconf 86' lang='lat' dir='ltr'><strong>ostendit</strong></span> <span class='ocrx_word' id='word_1_275' title='bbox 826 1998 925 2039; x_wconf 90' lang='lat' dir='ltr'><strong>nec</strong></span> <span class='ocrx_word' id='word_1_276' title='bbox 950 1984 1180 2054; x_wconf 86' lang='lat' dir='ltr'><strong>gloriam</strong></span> <span class='ocrx_word' id='word_1_277' title='bbox 1224 1987 1668 2054; x_wconf 86' lang='lat' dir='ltr'><strong>compntandam.</strong></span> <span class='ocrx_word' id='word_1_278' title='bbox 1722 1983 1853 2038; x_wconf 90' lang='lat' dir='ltr'><strong>Tale</strong></span> <span class='ocrx_word' id='word_1_279' title='bbox 1885 1994 1969 2038; x_wconf 92' lang='lat' dir='ltr'><strong>est</strong></span> <span class='ocrx_word' id='word_1_280' title='bbox 1999 1993 2056 2039; x_wconf 91' lang='lat' dir='ltr'><strong>et</strong></span> 
     </span>
    </p>
   </div>
   <div class='ocr_carea' id='block_1_37' title="bbox 2162 1891 3745 1964">
    <p class='ocr_par' dir='ltr' id='par_1_37' title="bbox 2162 1891 3745 1964">
     <span class='ocr_line' id='line_1_37' title="bbox 2162 1891 3745 1964; baseline -0.001 -18"><span class='ocrx_word' id='word_1_281' title='bbox 2162 1892 2300 1963; x_wconf 82' lang='lat' dir='ltr'><strong>legis</strong></span> <span class='ocrx_word' id='word_1_282' title='bbox 2348 1904 2453 1958; x_wconf 87' lang='lat' dir='ltr'><strong>est,</strong></span> <span class='ocrx_word' id='word_1_283' title='bbox 2484 1909 2606 1949; x_wconf 90' lang='lat' dir='ltr'><strong>cum</strong></span> <span class='ocrx_word' id='word_1_284' title='bbox 2633 1909 2752 1963; x_wconf 70' lang='lat' dir='ltr'><strong>quae</strong></span> <span class='ocrx_word' id='word_1_285' title='bbox 2777 1893 3039 1964; x_wconf 65' lang='lat' dir='ltr'><strong>pra&#39;dicta</strong></span> <span class='ocrx_word' id='word_1_286' title='bbox 3090 1891 3327 1959; x_wconf 80' lang='lat' dir='ltr'><strong>fuerant,</strong></span> <span class='ocrx_word' id='word_1_287' title='bbox 3368 1901 3745 1946; x_wconf 89' lang='lat' dir='ltr'><strong>monstrantur</strong></span> 
     </span>
    </p>
   </div>
   <div class='ocr_carea' id='block_1_38' title="bbox 2160 1982 2402 2051">
    <p class='ocr_par' dir='ltr' id='par_1_38' title="bbox 2160 1982 2402 2051">
     <span class='ocr_line' id='line_1_38' title="bbox 2160 1982 2402 2051; baseline 0.004 -14"><span class='ocrx_word' id='word_1_288' title='bbox 2160 1982 2402 2051; x_wconf 87' lang='lat' dir='ltr'><strong>impleta.</strong></span> 
     </span>
    </p>
   </div>
   <div class='ocr_carea' id='block_1_39' title="bbox 1605 2319 2624 2422">
    <p class='ocr_par' dir='ltr' id='par_1_39' title="bbox 1605 2319 2624 2422">
     <span class='ocr_line' id='line_1_39' title="bbox 1605 2319 2624 2422; baseline -0.007 -9"><span class='ocrx_word' id='word_1_289' title='bbox 1605 2325 1958 2414; x_wconf 79' lang='lat' dir='ltr'><strong>LIBER</strong></span> <span class='ocrx_word' id='word_1_290' title='bbox 2031 2319 2624 2422; x_wconf 75' lang='lat' dir='ltr'><strong>QUARTUS.</strong></span> 
     </span>
    </p>
   </div>
   <div class='ocr_carea' id='block_1_40' title="bbox 549 2703 2057 2775">
    <p class='ocr_par' dir='ltr' id='par_1_40' title="bbox 549 2703 2057 2775">
     <span class='ocr_line' id='line_1_40' title="bbox 549 2703 2057 2775; baseline -0.003 -16"><span class='ocrx_word' id='word_1_291' title='bbox 549 2704 606 2760; x_wconf 79' lang='grc' dir='ltr'><strong>Ι.</strong></span> <span class='ocrx_word' id='word_1_292' title='bbox 638 2722 658 2756; x_wconf 78' lang='grc' dir='ltr'><strong>ι</strong></span> <span class='ocrx_word' id='word_1_293' title='bbox 687 2703 828 2772; x_wconf 85' lang='lat' dir='ltr'><strong>Quid</strong></span> <span class='ocrx_word' id='word_1_294' title='bbox 860 2720 992 2775; x_wconf 88' lang='lat' dir='ltr'><strong>ergo</strong></span> <span class='ocrx_word' id='word_1_295' title='bbox 1021 2706 1264 2759; x_wconf 87' lang='lat' dir='ltr'><strong>dicemus</strong></span> <span class='ocrx_word' id='word_1_296' title='bbox 1305 2705 1584 2759; x_wconf 84' lang='lat' dir='ltr'><strong>invenisse</strong></span> <span class='ocrx_word' id='word_1_297' title='bbox 1632 2704 1904 2756; x_wconf 89' lang='lat' dir='ltr'><strong>Abraham</strong></span> <span class='ocrx_word' id='word_1_298' title='bbox 1959 2719 2057 2772; x_wconf 87' lang='lat' dir='ltr'><strong>pa-</strong></span> 
     </span>
    </p>
   </div>
   <div class='ocr_carea' id='block_1_41' title="bbox 478 2794 2060 2850">
    <p class='ocr_par' dir='ltr' id='par_1_41' title="bbox 478 2794 2060 2850">
     <span class='ocr_line' id='line_1_41' title="bbox 478 2794 2060 2850; baseline -0.002 -1"><span class='ocrx_word' id='word_1_299' title='bbox 478 2805 617 2850; x_wconf 88' lang='lat' dir='ltr'><strong>trem</strong></span> <span class='ocrx_word' id='word_1_300' title='bbox 669 2807 916 2850; x_wconf 84' lang='lat' dir='ltr'><strong>nostrum</strong></span> <span class='ocrx_word' id='word_1_301' title='bbox 969 2800 1265 2849; x_wconf 63' lang='lat' dir='ltr'><strong>secut&#39;nlutn</strong></span> <span class='ocrx_word' id='word_1_302' title='bbox 1316 2797 1576 2850; x_wconf 82' lang='lat' dir='ltr'><strong>carnem?</strong></span> <span class='ocrx_word' id='word_1_303' title='bbox 1625 2794 1680 2849; x_wconf 91' lang='lat' dir='ltr'><strong>Si</strong></span> <span class='ocrx_word' id='word_1_304' title='bbox 1713 2797 1858 2848; x_wconf 86' lang='lat' dir='ltr'><strong>enim</strong></span> <span class='ocrx_word' id='word_1_305' title='bbox 1892 2797 2060 2848; x_wconf 83' lang='lat' dir='ltr'><strong>Abra-</strong></span> 
     </span>
    </p>
   </div>
   <div class='ocr_carea' id='block_1_42' title="bbox 476 2885 2050 2958">
    <p class='ocr_par' dir='ltr' id='par_1_42' title="bbox 476 2885 2050 2958">
     <span class='ocr_line' id='line_1_42' title="bbox 476 2885 2050 2958; baseline 0.001 -19"><span class='ocrx_word' id='word_1_306' title='bbox 476 2885 603 2941; x_wconf 79' lang='lat' dir='ltr'><strong>ham</strong></span> <span class='ocrx_word' id='word_1_307' title='bbox 650 2903 717 2940; x_wconf 74' lang='lat' dir='ltr'><strong>ev</strong></span> <span class='ocrx_word' id='word_1_308' title='bbox 775 2887 1036 2956; x_wconf 89' lang='lat' dir='ltr'><strong>operibus</strong></span> <span class='ocrx_word' id='word_1_309' title='bbox 1073 2887 1406 2955; x_wconf 85' lang='lat' dir='ltr'><strong>justiﬁcatus</strong></span> <span class='ocrx_word' id='word_1_310' title='bbox 1450 2897 1561 2950; x_wconf 87' lang='lat' dir='ltr'><strong>est,</strong></span> <span class='ocrx_word' id='word_1_311' title='bbox 1607 2889 1771 2942; x_wconf 83' lang='lat' dir='ltr'><strong>habet</strong></span> <span class='ocrx_word' id='word_1_312' title='bbox 1800 2888 2050 2958; x_wconf 90' lang='lat' dir='ltr'><strong>gloriam,</strong></span> 
     </span>
    </p>
   </div>
   <div class='ocr_carea' id='block_1_43' title="bbox 475 2978 2047 3049">
    <p class='ocr_par' dir='ltr' id='par_1_43' title="bbox 475 2978 2047 3049">
     <span class='ocr_line' id='line_1_43' title="bbox 475 2978 2047 3049; baseline -0.001 -17"><span class='ocrx_word' id='word_1_313' title='bbox 475 2978 572 3032; x_wconf 75' lang='lat' dir='ltr'><strong>sed</strong></span> <span class='ocrx_word' id='word_1_314' title='bbox 619 2991 725 3030; x_wconf 92' lang='lat' dir='ltr'><strong>non</strong></span> <span class='ocrx_word' id='word_1_315' title='bbox 767 2978 907 3046; x_wconf 91' lang='lat' dir='ltr'><strong>apud</strong></span> <span class='ocrx_word' id='word_1_316' title='bbox 949 2983 1140 3034; x_wconf 83' lang='lat' dir='ltr'><strong>Deum.</strong></span> <span class='ocrx_word' id='word_1_317' title='bbox 1175 2980 1317 3047; x_wconf 89' lang='lat' dir='ltr'><strong>Quid</strong></span> <span class='ocrx_word' id='word_1_318' title='bbox 1361 2979 1506 3034; x_wconf 88' lang='lat' dir='ltr'><strong>enim</strong></span> <span class='ocrx_word' id='word_1_319' title='bbox 1540 2978 1825 3049; x_wconf 88' lang='lat' dir='ltr'><strong>Scriptura</strong></span> <span class='ocrx_word' id='word_1_320' title='bbox 1865 2979 2047 3034; x_wconf 85' lang='lat' dir='ltr'><strong>dicit?</strong></span> 
     </span>
    </p>
   </div>
   <div class='ocr_carea' id='block_1_44' title="bbox 474 3067 2051 3141">
    <p class='ocr_par' dir='ltr' id='par_1_44' title="bbox 474 3067 2051 3141">
     <span class='ocr_line' id='line_1_44' title="bbox 474 3067 2051 3141; baseline 0.003 -21"><span class='ocrx_word' id='word_1_321' title='bbox 474 3067 718 3121; x_wconf 89' lang='lat' dir='ltr'><strong>Credidit</strong></span> <span class='ocrx_word' id='word_1_322' title='bbox 750 3068 1027 3123; x_wconf 84' lang='lat' dir='ltr'><strong>Abraham</strong></span> <span class='ocrx_word' id='word_1_323' title='bbox 1082 3071 1227 3136; x_wconf 86' lang='lat' dir='ltr'><strong>Deo,</strong></span> <span class='ocrx_word' id='word_1_324' title='bbox 1285 3080 1340 3125; x_wconf 91' lang='lat' dir='ltr'><strong>et</strong></span> <span class='ocrx_word' id='word_1_325' title='bbox 1392 3080 1699 3141; x_wconf 86' lang='lat' dir='ltr'><strong>reputatnnt</strong></span> <span class='ocrx_word' id='word_1_326' title='bbox 1749 3080 1834 3126; x_wconf 88' lang='lat' dir='ltr'><strong>est</strong></span> <span class='ocrx_word' id='word_1_327' title='bbox 1882 3071 1955 3125; x_wconf 92' lang='lat' dir='ltr'><strong>illi</strong></span> <span class='ocrx_word' id='word_1_328' title='bbox 1985 3069 2051 3124; x_wconf 91' lang='lat' dir='ltr'><strong>ad</strong></span> 
     </span>
    </p>
   </div>
   <div class='ocr_carea' id='block_1_45' title="bbox 2160 2699 3742 2767">
    <p class='ocr_par' dir='ltr' id='par_1_45' title="bbox 2160 2699 3742 2767">
     <span class='ocr_line' id='line_1_45' title="bbox 2160 2699 3742 2767; baseline 0.003 -17"><span class='ocrx_word' id='word_1_329' title='bbox 2160 2699 2298 2766; x_wconf 87' lang='lat' dir='ltr'><strong>Quia</strong></span> <span class='ocrx_word' id='word_1_330' title='bbox 2329 2719 2346 2750; x_wconf 80' lang='grc' dir='ltr'><strong>ι</strong></span> <span class='ocrx_word' id='word_1_331' title='bbox 2389 2699 2627 2755; x_wconf 82' lang='lat' dir='ltr'><strong>credidit</strong></span> <span class='ocrx_word' id='word_1_332' title='bbox 2653 2700 2931 2754; x_wconf 85' lang='lat' dir='ltr'><strong>Abraham</strong></span> <span class='ocrx_word' id='word_1_333' title='bbox 2965 2701 3094 2763; x_wconf 89' lang='lat' dir='ltr'><strong>Deo,</strong></span> <span class='ocrx_word' id='word_1_334' title='bbox 3127 2707 3182 2753; x_wconf 88' lang='lat' dir='ltr'><strong>et</strong></span> <span class='ocrx_word' id='word_1_335' title='bbox 3210 2707 3518 2767; x_wconf 90' lang='lat' dir='ltr'><strong>reputatum</strong></span> <span class='ocrx_word' id='word_1_336' title='bbox 3544 2707 3628 2753; x_wconf 87' lang='lat' dir='ltr'><strong>est</strong></span> <span class='ocrx_word' id='word_1_337' title='bbox 3661 2699 3742 2754; x_wconf 82' lang='lat' dir='ltr'><strong>illi</strong></span> 
     </span>
    </p>
   </div>
   <div class='ocr_carea' id='block_1_46' title="bbox 2160 2790 3742 2862">
    <p class='ocr_par' dir='ltr' id='par_1_46' title="bbox 2160 2790 3742 2862">
     <span class='ocr_line' id='line_1_46' title="bbox 2160 2790 3742 2862; baseline 0 -18"><span class='ocrx_word' id='word_1_338' title='bbox 2160 2795 2226 2845; x_wconf 88' lang='lat' dir='ltr'><strong>ad</strong></span> <span class='ocrx_word' id='word_1_339' title='bbox 2249 2793 2520 2862; x_wconf 88' lang='lat' dir='ltr'><strong>justitiam</strong></span> <span class='ocrx_word' id='word_1_340' title='bbox 2550 2792 2618 2848; x_wconf 70' lang='lat'><strong>“.</strong></span> <span class='ocrx_word' id='word_1_341' title='bbox 2649 2813 2668 2845; x_wconf 75' lang='grc' dir='ltr'><strong>ι</strong></span> <span class='ocrx_word' id='word_1_342' title='bbox 2700 2793 2852 2860; x_wconf 86' lang='lat' dir='ltr'><strong>Quod</strong></span> <span class='ocrx_word' id='word_1_343' title='bbox 2883 2795 2926 2848; x_wconf 88' lang='lat' dir='ltr'><strong>si</strong></span> <span class='ocrx_word' id='word_1_344' title='bbox 2968 2793 3107 2847; x_wconf 87' lang='lat' dir='ltr'><strong>Deus</strong></span> <span class='ocrx_word' id='word_1_345' title='bbox 3143 2791 3412 2861; x_wconf 89' lang='lat' dir='ltr'><strong>reputavit</strong></span> <span class='ocrx_word' id='word_1_346' title='bbox 3441 2790 3516 2844; x_wconf 91' lang='lat' dir='ltr'><strong>illi</strong></span> <span class='ocrx_word' id='word_1_347' title='bbox 3546 2792 3613 2844; x_wconf 87' lang='lat' dir='ltr'><strong>ad</strong></span> <span class='ocrx_word' id='word_1_348' title='bbox 3651 2792 3742 2860; x_wconf 90' lang='lat' dir='ltr'><strong>jn-</strong></span> 
     </span>
    </p>
   </div>
   <div class='ocr_carea' id='block_1_47' title="bbox 2158 2882 3738 2957">
    <p class='ocr_par' dir='ltr' id='par_1_47' title="bbox 2158 2882 3738 2957">
     <span class='ocr_line' id='line_1_47' title="bbox 2158 2882 3738 2957; baseline 0.002 -20"><span class='ocrx_word' id='word_1_349' title='bbox 2158 2884 2391 2950; x_wconf 86' lang='lat' dir='ltr'><strong>stitiam,</strong></span> <span class='ocrx_word' id='word_1_350' title='bbox 2424 2885 2544 2949; x_wconf 86' lang='lat' dir='ltr'><strong>sine</strong></span> <span class='ocrx_word' id='word_1_351' title='bbox 2571 2885 2736 2940; x_wconf 90' lang='lat' dir='ltr'><strong>dubio</strong></span> <span class='ocrx_word' id='word_1_352' title='bbox 2785 2896 2842 2941; x_wconf 90' lang='lat' dir='ltr'><strong>et</strong></span> <span class='ocrx_word' id='word_1_353' title='bbox 2885 2885 3054 2957; x_wconf 89' lang='lat' dir='ltr'><strong>gloria</strong></span> <span class='ocrx_word' id='word_1_354' title='bbox 3085 2883 3207 2952; x_wconf 88' lang='lat' dir='ltr'><strong>ejus</strong></span> <span class='ocrx_word' id='word_1_355' title='bbox 3241 2883 3386 2953; x_wconf 85' lang='lat' dir='ltr'><strong>apud</strong></span> <span class='ocrx_word' id='word_1_356' title='bbox 3427 2882 3591 2937; x_wconf 88' lang='lat' dir='ltr'><strong>Deum</strong></span> <span class='ocrx_word' id='word_1_357' title='bbox 3629 2895 3738 2940; x_wconf 89' lang='lat' dir='ltr'><strong>est.</strong></span> 
     </span>
    </p>
   </div>
   <div class='ocr_carea' id='block_1_48' title="bbox 2156 2974 3743 3052">
    <p class='ocr_par' dir='ltr' id='par_1_48' title="bbox 2156 2974 3743 3052">
     <span class='ocr_line' id='line_1_48' title="bbox 2156 2974 3743 3052; baseline 0.002 -23"><span class='ocrx_word' id='word_1_358' title='bbox 2156 2974 2452 3052; x_wconf 83' lang='lat' dir='ltr'><strong>Propterea</strong></span> <span class='ocrx_word' id='word_1_359' title='bbox 2479 2992 2612 3047; x_wconf 86' lang='lat' dir='ltr'><strong>ergo</strong></span> <span class='ocrx_word' id='word_1_360' title='bbox 2648 2979 2944 3047; x_wconf 86' lang='lat' dir='ltr'><strong>Apostolus</strong></span> <span class='ocrx_word' id='word_1_361' title='bbox 2974 2977 3288 3032; x_wconf 90' lang='lat' dir='ltr'><strong>testimonio</strong></span> <span class='ocrx_word' id='word_1_362' title='bbox 3326 2977 3454 3030; x_wconf 91' lang='lat' dir='ltr'><strong>huic</strong></span> <span class='ocrx_word' id='word_1_363' title='bbox 3476 2977 3620 3045; x_wconf 92' lang='lat' dir='ltr'><strong>quod</strong></span> <span class='ocrx_word' id='word_1_364' title='bbox 3649 2991 3743 3032; x_wconf 86' lang='lat' dir='ltr'><strong>as-</strong></span> 
     </span>
    </p>
   </div>
   <div class='ocr_carea' id='block_1_49' title="bbox 2157 3069 3738 3141">
    <p class='ocr_par' dir='ltr' id='par_1_49' title="bbox 2157 3069 3738 3141">
     <span class='ocr_line' id='line_1_49' title="bbox 2157 3069 3738 3141; baseline 0 -17"><span class='ocrx_word' id='word_1_365' title='bbox 2157 3070 2389 3139; x_wconf 88' lang='lat' dir='ltr'><strong>sumpsit</strong></span> <span class='ocrx_word' id='word_1_366' title='bbox 2416 3085 2480 3125; x_wconf 81' lang='lat' dir='ltr'><strong>ex</strong></span> <span class='ocrx_word' id='word_1_367' title='bbox 2510 3069 2649 3124; x_wconf 90' lang='lat' dir='ltr'><strong>libro</strong></span> <span class='ocrx_word' id='word_1_368' title='bbox 2671 3070 2901 3126; x_wconf 88' lang='lat' dir='ltr'><strong>Genesis</strong></span> <span class='ocrx_word' id='word_1_369' title='bbox 2919 3071 3164 3141; x_wconf 84' lang='lat' dir='ltr'><strong>adjungit</strong></span> <span class='ocrx_word' id='word_1_370' title='bbox 3193 3079 3247 3124; x_wconf 93' lang='lat' dir='ltr'><strong>et</strong></span> <span class='ocrx_word' id='word_1_371' title='bbox 3274 3084 3586 3124; x_wconf 89' lang='lat' dir='ltr'><strong>sermonem</strong></span> <span class='ocrx_word' id='word_1_372' title='bbox 3607 3085 3738 3140; x_wconf 84' lang='lat' dir='ltr'><strong>pro-</strong></span> 
     </span>
    </p>
   </div>
   <div class='ocr_carea' id='block_1_50' title="bbox 469 3147 3739 3230">
    <p class='ocr_par' dir='ltr' id='par_1_50' title="bbox 469 3147 3739 3230">
     <span class='ocr_line' id='line_1_50' title="bbox 469 3147 3739 3230; baseline 0.002 -22"><span class='ocrx_word' id='word_1_373' title='bbox 469 3153 763 3223; x_wconf 86' lang='lat' dir='ltr'><strong>justitiam.</strong></span> <span class='ocrx_word' id='word_1_374' title='bbox 794 3158 854 3212; x_wconf 89' lang='lat' dir='ltr'><strong>Ei</strong></span> <span class='ocrx_word' id='word_1_375' title='bbox 893 3170 1073 3214; x_wconf 89' lang='lat' dir='ltr'><strong>autem</strong></span> <span class='ocrx_word' id='word_1_376' title='bbox 1103 3161 1194 3230; x_wconf 89' lang='lat' dir='ltr'><strong>qui</strong></span> <span class='ocrx_word' id='word_1_377' title='bbox 1222 3172 1502 3230; x_wconf 82' lang='lat' dir='ltr'><strong>Operatur,</strong></span> <span class='ocrx_word' id='word_1_378' title='bbox 1531 3177 1742 3218; x_wconf 88' lang='lat' dir='ltr'><strong>merces</strong></span> <span class='ocrx_word' id='word_1_379' title='bbox 1789 3178 1894 3217; x_wconf 93' lang='lat' dir='ltr'><strong>non</strong></span> <span class='ocrx_word' id='word_1_380' title='bbox 1952 3162 2053 3216; x_wconf 87' lang='lat' dir='ltr'><strong>im-</strong></span> <span class='ocrx_word' id='word_1_381' title='bbox 2079 3147 2121 3204; x_wconf 83' lang='lat' dir='ltr'><strong>C</strong></span> <span class='ocrx_word' id='word_1_382' title='bbox 2157 3161 2354 3229; x_wconf 89' lang='lat' dir='ltr'><strong>prium,</strong></span> <span class='ocrx_word' id='word_1_383' title='bbox 2374 3170 2427 3214; x_wconf 90' lang='lat' dir='ltr'><strong>et</strong></span> <span class='ocrx_word' id='word_1_384' title='bbox 2449 3161 2582 3215; x_wconf 92' lang='lat' dir='ltr'><strong>dicit</strong></span> <span class='ocrx_word' id='word_1_385' title='bbox 2609 3161 2733 3230; x_wconf 89' lang='lat' dir='ltr'><strong>quia</strong></span> <span class='ocrx_word' id='word_1_386' title='bbox 2757 3179 2776 3212; x_wconf 78' lang='grc' dir='ltr'><strong>ι</strong></span> <span class='ocrx_word' id='word_1_387' title='bbox 2801 3161 2848 3215; x_wconf 90' lang='lat' dir='ltr'><strong>ei</strong></span> <span class='ocrx_word' id='word_1_388' title='bbox 2873 3163 2963 3230; x_wconf 92' lang='lat' dir='ltr'><strong>qui</strong></span> <span class='ocrx_word' id='word_1_389' title='bbox 2982 3173 3259 3230; x_wconf 88' lang='lat' dir='ltr'><strong>operatur,</strong></span> <span class='ocrx_word' id='word_1_390' title='bbox 3276 3174 3486 3214; x_wconf 88' lang='lat' dir='ltr'><strong>merces</strong></span> <span class='ocrx_word' id='word_1_391' title='bbox 3505 3175 3610 3213; x_wconf 91' lang='lat' dir='ltr'><strong>non</strong></span> <span class='ocrx_word' id='word_1_392' title='bbox 3635 3159 3739 3213; x_wconf 83' lang='lat' dir='ltr'><strong>im-</strong></span> 
     </span>
    </p>
   </div>
   <div class='ocr_carea' id='block_1_51' title="bbox 473 3253 2052 3324">
    <p class='ocr_par' dir='ltr' id='par_1_51' title="bbox 473 3253 2052 3324">
     <span class='ocr_line' id='line_1_51' title="bbox 473 3253 2052 3324; baseline 0.003 -23"><span class='ocrx_word' id='word_1_393' title='bbox 473 3259 699 3318; x_wconf 88' lang='lat' dir='ltr'><strong>putatur</strong></span> <span class='ocrx_word' id='word_1_394' title='bbox 725 3253 1023 3305; x_wconf 90' lang='lat' dir='ltr'><strong>secundum</strong></span> <span class='ocrx_word' id='word_1_395' title='bbox 1056 3256 1311 3324; x_wconf 86' lang='lat' dir='ltr'><strong>gratiam,</strong></span> <span class='ocrx_word' id='word_1_396' title='bbox 1339 3255 1433 3310; x_wconf 86' lang='lat' dir='ltr'><strong>sed</strong></span> <span class='ocrx_word' id='word_1_397' title='bbox 1463 3256 1764 3310; x_wconf 88' lang='lat' dir='ltr'><strong>secundum</strong></span> <span class='ocrx_word' id='word_1_398' title='bbox 1785 3255 2052 3309; x_wconf 86' lang='lat' dir='ltr'><strong>debitum.</strong></span> 
     </span>
    </p>
   </div>
   <div class='ocr_carea' id='block_1_52' title="bbox 467 3340 2052 3418">
    <p class='ocr_par' dir='ltr' id='par_1_52' title="bbox 467 3340 2052 3418">
     <span class='ocr_line' id='line_1_52' title="bbox 467 3340 2052 3418; baseline 0.006 -26"><span class='ocrx_word' id='word_1_399' title='bbox 467 3340 535 3405; x_wconf 51' lang='lat' dir='ltr'><strong>111i</strong></span> <span class='ocrx_word' id='word_1_400' title='bbox 567 3356 694 3397; x_wconf 85' lang='lat' dir='ltr'><strong>vero</strong></span> <span class='ocrx_word' id='word_1_401' title='bbox 722 3346 813 3412; x_wconf 88' lang='lat' dir='ltr'><strong>qui</strong></span> <span class='ocrx_word' id='word_1_402' title='bbox 847 3361 952 3400; x_wconf 92' lang='lat' dir='ltr'><strong>non</strong></span> <span class='ocrx_word' id='word_1_403' title='bbox 983 3359 1264 3416; x_wconf 89' lang='lat' dir='ltr'><strong>operatur,</strong></span> <span class='ocrx_word' id='word_1_404' title='bbox 1291 3350 1464 3403; x_wconf 89' lang='lat' dir='ltr'><strong>credit</strong></span> <span class='ocrx_word' id='word_1_405' title='bbox 1490 3359 1674 3402; x_wconf 91' lang='lat' dir='ltr'><strong>autem</strong></span> <span class='ocrx_word' id='word_1_406' title='bbox 1712 3347 1764 3400; x_wconf 92' lang='lat' dir='ltr'><strong>in</strong></span> <span class='ocrx_word' id='word_1_407' title='bbox 1798 3362 1924 3400; x_wconf 91' lang='lat' dir='ltr'><strong>eum</strong></span> <span class='ocrx_word' id='word_1_408' title='bbox 1956 3347 2052 3418; x_wconf 86' lang='lat' dir='ltr'><strong>qui</strong></span> 
     </span>
    </p>
   </div>
   <div class='ocr_carea' id='block_1_53' title="bbox 468 3431 2048 3509">
    <p class='ocr_par' dir='ltr' id='par_1_53' title="bbox 468 3431 2048 3509">
     <span class='ocr_line' id='line_1_53' title="bbox 468 3431 2048 3509; baseline 0.006 -24"><span class='ocrx_word' id='word_1_409' title='bbox 468 3431 732 3500; x_wconf 88' lang='lat' dir='ltr'><strong>jnstiﬁcat</strong></span> <span class='ocrx_word' id='word_1_410' title='bbox 764 3437 1010 3505; x_wconf 86' lang='lat' dir='ltr'><strong>impium,</strong></span> <span class='ocrx_word' id='word_1_411' title='bbox 1043 3449 1324 3508; x_wconf 86' lang='lat' dir='ltr'><strong>reputatur</strong></span> <span class='ocrx_word' id='word_1_412' title='bbox 1355 3440 1489 3495; x_wconf 89' lang='lat' dir='ltr'><strong>ﬁdes</strong></span> <span class='ocrx_word' id='word_1_413' title='bbox 1505 3441 1625 3508; x_wconf 86' lang='lat' dir='ltr'><strong>ejus</strong></span> <span class='ocrx_word' id='word_1_414' title='bbox 1661 3441 1727 3493; x_wconf 90' lang='lat' dir='ltr'><strong>ad</strong></span> <span class='ocrx_word' id='word_1_415' title='bbox 1755 3439 2048 3509; x_wconf 87' lang='lat' dir='ltr'><strong>justitiam.</strong></span> 
     </span>
    </p>
   </div>
   <div class='ocr_carea' id='block_1_54' title="bbox 475 3524 2052 3596">
    <p class='ocr_par' dir='ltr' id='par_1_54' title="bbox 475 3524 2052 3596">
     <span class='ocr_line' id='line_1_54' title="bbox 475 3524 2052 3596; baseline 0.006 -20"><span class='ocrx_word' id='word_1_416' title='bbox 475 3524 626 3578; x_wconf 88' lang='lat' dir='ltr'><strong>Sicut</strong></span> <span class='ocrx_word' id='word_1_417' title='bbox 648 3535 702 3580; x_wconf 93' lang='lat' dir='ltr'><strong>et</strong></span> <span class='ocrx_word' id='word_1_418' title='bbox 731 3526 898 3583; x_wconf 88' lang='lat' dir='ltr'><strong>David</strong></span> <span class='ocrx_word' id='word_1_419' title='bbox 921 3529 1057 3584; x_wconf 90' lang='lat' dir='ltr'><strong>dicit</strong></span> <span class='ocrx_word' id='word_1_420' title='bbox 1081 3531 1472 3587; x_wconf 85' lang='lat' dir='ltr'><strong>beatitudinem</strong></span> <span class='ocrx_word' id='word_1_421' title='bbox 1499 3532 1762 3596; x_wconf 88' lang='lat' dir='ltr'><strong>hominis,</strong></span> <span class='ocrx_word' id='word_1_422' title='bbox 1795 3532 1883 3586; x_wconf 90' lang='lat' dir='ltr'><strong>cui</strong></span> <span class='ocrx_word' id='word_1_423' title='bbox 1911 3531 2052 3586; x_wconf 90' lang='lat' dir='ltr'><strong>Deus</strong></span> 
     </span>
    </p>
   </div>
   <div class='ocr_carea' id='block_1_55' title="bbox 472 3616 2050 3694">
    <p class='ocr_par' dir='ltr' id='par_1_55' title="bbox 472 3616 2050 3694">
     <span class='ocr_line' id='line_1_55' title="bbox 472 3616 2050 3694; baseline 0.007 -28"><span class='ocrx_word' id='word_1_424' title='bbox 472 3626 695 3686; x_wconf 90' lang='lat' dir='ltr'><strong>accepto</strong></span> <span class='ocrx_word' id='word_1_425' title='bbox 718 3616 823 3673; x_wconf 89' lang='lat' dir='ltr'><strong>l&#39;ert</strong></span> <span class='ocrx_word' id='word_1_426' title='bbox 878 3620 1146 3689; x_wconf 90' lang='lat' dir='ltr'><strong>justitiam</strong></span> <span class='ocrx_word' id='word_1_427' title='bbox 1193 3624 1313 3678; x_wconf 89' lang='lat' dir='ltr'><strong>sine</strong></span> <span class='ocrx_word' id='word_1_428' title='bbox 1337 3625 1613 3694; x_wconf 88' lang='lat' dir='ltr'><strong>operibus.</strong></span> <span class='ocrx_word' id='word_1_429' title='bbox 1636 3623 1789 3677; x_wconf 85' lang='lat' dir='ltr'><strong>Beati</strong></span> <span class='ocrx_word' id='word_1_430' title='bbox 1821 3637 2050 3691; x_wconf 88' lang='lat' dir='ltr'><strong>quorum</strong></span> 
     </span>
    </p>
   </div>
   <div class='ocr_carea' id='block_1_56' title="bbox 473 3706 2051 3781">
    <p class='ocr_par' dir='ltr' id='par_1_56' title="bbox 473 3706 2051 3781">
     <span class='ocr_line' id='line_1_56' title="bbox 473 3706 2051 3781; baseline 0.004 -25"><span class='ocrx_word' id='word_1_431' title='bbox 473 3706 711 3761; x_wconf 73' lang='lat' dir='ltr'><strong>remissae</strong></span> <span class='ocrx_word' id='word_1_432' title='bbox 740 3717 868 3762; x_wconf 90' lang='lat' dir='ltr'><strong>sunt</strong></span> <span class='ocrx_word' id='word_1_433' title='bbox 917 3709 1254 3778; x_wconf 87' lang='lat' dir='ltr'><strong>iniquitates,</strong></span> <span class='ocrx_word' id='word_1_434' title='bbox 1280 3720 1581 3781; x_wconf 90' lang='lat' dir='ltr'><strong>etquorum</strong></span> <span class='ocrx_word' id='word_1_435' title='bbox 1608 3721 1747 3768; x_wconf 86' lang='lat' dir='ltr'><strong>tecta</strong></span> <span class='ocrx_word' id='word_1_436' title='bbox 1783 3722 2051 3780; x_wconf 85' lang='lat' dir='ltr'><strong>suntpec—</strong></span> 
     </span>
    </p>
   </div>
   <div class='ocr_carea' id='block_1_57' title="bbox 471 3797 2050 3873">
    <p class='ocr_par' dir='ltr' id='par_1_57' title="bbox 471 3797 2050 3873">
     <span class='ocr_line' id='line_1_57' title="bbox 471 3797 2050 3873; baseline 0.004 -24"><span class='ocrx_word' id='word_1_437' title='bbox 471 3805 618 3854; x_wconf 89' lang='lat' dir='ltr'><strong>cata.</strong></span> <span class='ocrx_word' id='word_1_438' title='bbox 641 3797 844 3853; x_wconf 89' lang='lat' dir='ltr'><strong>Beatus</strong></span> <span class='ocrx_word' id='word_1_439' title='bbox 878 3801 961 3852; x_wconf 88' lang='lat' dir='ltr'><strong>vir</strong></span> <span class='ocrx_word' id='word_1_440' title='bbox 988 3802 1076 3854; x_wconf 91' lang='lat' dir='ltr'><strong>cui</strong></span> <span class='ocrx_word' id='word_1_441' title='bbox 1104 3817 1210 3855; x_wconf 87' lang='lat' dir='ltr'><strong>non</strong></span> <span class='ocrx_word' id='word_1_442' title='bbox 1237 3803 1527 3873; x_wconf 87' lang='lat' dir='ltr'><strong>imputavit</strong></span> <span class='ocrx_word' id='word_1_443' title='bbox 1551 3803 1820 3860; x_wconf 90' lang='lat' dir='ltr'><strong>Dominus</strong></span> <span class='ocrx_word' id='word_1_444' title='bbox 1853 3819 2050 3869; x_wconf 84' lang='lat' dir='ltr'><strong>pecca-</strong></span> 
     </span>
    </p>
   </div>
   <div class='ocr_carea' id='block_1_58' title="bbox 473 3887 2047 3966">
    <p class='ocr_par' dir='ltr' id='par_1_58' title="bbox 473 3887 2047 3966">
     <span class='ocr_line' id='line_1_58' title="bbox 473 3887 2047 3966; baseline 0.001 -23"><span class='ocrx_word' id='word_1_445' title='bbox 473 3895 584 3940; x_wconf 86' lang='lat' dir='ltr'><strong>tum</strong></span> <span class='ocrx_word' id='word_1_446' title='bbox 603 3887 666 3940; x_wconf 76' lang='lat'><strong>“.</strong></span> <span class='ocrx_word' id='word_1_447' title='bbox 683 3907 701 3940; x_wconf 70' lang='grc' dir='ltr'><strong>ι</strong></span> <span class='ocrx_word' id='word_1_448' title='bbox 723 3889 854 3962; x_wconf 69' lang='lat' dir='ltr'><strong>Cum</strong></span> <span class='ocrx_word' id='word_1_449' title='bbox 875 3894 1183 3960; x_wconf 78' lang='lat' dir='ltr'><strong>superius“</strong></span> <span class='ocrx_word' id='word_1_450' title='bbox 1205 3895 1344 3949; x_wconf 91' lang='lat' dir='ltr'><strong>duas</strong></span> <span class='ocrx_word' id='word_1_451' title='bbox 1359 3899 1703 3966; x_wconf 88' lang='lat' dir='ltr'><strong>proposuerit</strong></span> <span class='ocrx_word' id='word_1_452' title='bbox 1721 3897 1891 3966; x_wconf 90' lang='lat' dir='ltr'><strong>leges,</strong></span> <span class='ocrx_word' id='word_1_453' title='bbox 1915 3911 2047 3962; x_wconf 86' lang='lat' dir='ltr'><strong>qua-</strong></span> 
     </span>
    </p>
   </div>
   <div class='ocr_carea' id='block_1_59' title="bbox 474 3987 2049 4058">
    <p class='ocr_par' dir='ltr' id='par_1_59' title="bbox 474 3987 2049 4058">
     <span class='ocr_line' id='line_1_59' title="bbox 474 3987 2049 4058; baseline 0.003 -23"><span class='ocrx_word' id='word_1_454' title='bbox 474 3995 592 4035; x_wconf 91' lang='lat' dir='ltr'><strong>rum</strong></span> <span class='ocrx_word' id='word_1_455' title='bbox 616 3997 781 4035; x_wconf 87' lang='lat' dir='ltr'><strong>unam</strong></span> <span class='ocrx_word' id='word_1_456' title='bbox 800 3999 1048 4053; x_wconf 83' lang='lat' dir='ltr'><strong>Operum,</strong></span> <span class='ocrx_word' id='word_1_457' title='bbox 1067 3987 1230 4041; x_wconf 88' lang='lat' dir='ltr'><strong>aliam</strong></span> <span class='ocrx_word' id='word_1_458' title='bbox 1264 3989 1384 4042; x_wconf 90' lang='lat' dir='ltr'><strong>lidei</strong></span> <span class='ocrx_word' id='word_1_459' title='bbox 1417 3989 1741 4055; x_wconf 89' lang='lat' dir='ltr'><strong>nominavit,</strong></span> <span class='ocrx_word' id='word_1_460' title='bbox 1764 4003 1858 4058; x_wconf 87' lang='lat' dir='ltr'><strong>per</strong></span> <span class='ocrx_word' id='word_1_461' title='bbox 1887 4003 2049 4056; x_wconf 85' lang='lat' dir='ltr'><strong>quant</strong></span> 
     </span>
    </p>
   </div>
   <div class='ocr_carea' id='block_1_60' title="bbox 472 4072 2050 4149">
    <p class='ocr_par' dir='ltr' id='par_1_60' title="bbox 472 4072 2050 4149">
     <span class='ocr_line' id='line_1_60' title="bbox 472 4072 2050 4149; baseline 0.006 -24"><span class='ocrx_word' id='word_1_462' title='bbox 472 4073 646 4140; x_wconf 75' lang='lat' dir='ltr'><strong>legem</strong></span> <span class='ocrx_word' id='word_1_463' title='bbox 682 4072 804 4128; x_wconf 88' lang='lat' dir='ltr'><strong>ﬁdei</strong></span> <span class='ocrx_word' id='word_1_464' title='bbox 831 4077 1044 4131; x_wconf 87' lang='lat' dir='ltr'><strong>excludi</strong></span> <span class='ocrx_word' id='word_1_465' title='bbox 1083 4079 1462 4146; x_wconf 88' lang='lat' dir='ltr'><strong>gloriationem</strong></span> <span class='ocrx_word' id='word_1_466' title='bbox 1497 4080 1633 4135; x_wconf 90' lang='lat' dir='ltr'><strong>dicit</strong></span> <span class='ocrx_word' id='word_1_467' title='bbox 1655 4095 1844 4135; x_wconf 90' lang='lat' dir='ltr'><strong>eorum</strong></span> <span class='ocrx_word' id='word_1_468' title='bbox 1871 4079 1964 4149; x_wconf 92' lang='lat' dir='ltr'><strong>qui</strong></span> <span class='ocrx_word' id='word_1_469' title='bbox 1998 4081 2050 4134; x_wconf 92' lang='lat' dir='ltr'><strong>in</strong></span> 
     </span>
    </p>
   </div>
   <div class='ocr_carea' id='block_1_61' title="bbox 473 4164 2051 4241">
    <p class='ocr_par' dir='ltr' id='par_1_61' title="bbox 473 4164 2051 4241">
     <span class='ocr_line' id='line_1_61' title="bbox 473 4164 2051 4241; baseline 0.004 -24"><span class='ocrx_word' id='word_1_470' title='bbox 473 4164 609 4233; x_wconf 86' lang='lat' dir='ltr'><strong>legis</strong></span> <span class='ocrx_word' id='word_1_471' title='bbox 663 4167 924 4236; x_wconf 90' lang='lat' dir='ltr'><strong>operibus</strong></span> <span class='ocrx_word' id='word_1_472' title='bbox 979 4171 1315 4237; x_wconf 88' lang='lat' dir='ltr'><strong>gloriantur;</strong></span> <span class='ocrx_word' id='word_1_473' title='bbox 1349 4181 1406 4227; x_wconf 90' lang='lat' dir='ltr'><strong>et</strong></span> <span class='ocrx_word' id='word_1_474' title='bbox 1451 4171 1892 4241; x_wconf 88' lang='lat' dir='ltr'><strong>pronuntiaverit</strong></span> <span class='ocrx_word' id='word_1_475' title='bbox 1945 4171 2051 4226; x_wconf 82' lang='lat' dir='ltr'><strong>ﬁde</strong></span> 
     </span>
    </p>
   </div>
   <div class='ocr_carea' id='block_1_62' title="bbox 472 4255 2041 4332">
    <p class='ocr_par' dir='ltr' id='par_1_62' title="bbox 472 4255 2041 4332">
     <span class='ocr_line' id='line_1_62' title="bbox 472 4255 2041 4332; baseline 0.004 -22"><span class='ocrx_word' id='word_1_476' title='bbox 472 4255 628 4326; x_wconf 76' lang='lat'><strong>521</strong></span> <span class='ocrx_word' id='word_1_477' title='bbox 651 4258 937 4326; x_wconf 76' lang='lat' dir='ltr'><strong>iustiﬁcari</strong></span> <span class='ocrx_word' id='word_1_478' title='bbox 978 4263 1249 4319; x_wconf 87' lang='lat' dir='ltr'><strong>hominem</strong></span> <span class='ocrx_word' id='word_1_479' title='bbox 1272 4265 1391 4320; x_wconf 88' lang='lat' dir='ltr'><strong>sine</strong></span> <span class='ocrx_word' id='word_1_480' title='bbox 1415 4264 1670 4332; x_wconf 86' lang='lat' dir='ltr'><strong>operibus</strong></span> <span class='ocrx_word' id='word_1_481' title='bbox 1697 4263 1832 4330; x_wconf 79' lang='lat' dir='ltr'><strong>legis</strong></span> <span class='ocrx_word' id='word_1_482' title='bbox 1861 4282 1874 4318; x_wconf 92' lang='lat'><strong>:</strong></span> <span class='ocrx_word' id='word_1_483' title='bbox 1903 4278 2006 4318; x_wconf 93' lang='lat' dir='ltr'><strong>con</strong></span> <span class='ocrx_word' id='word_1_484' title='bbox 2025 4292 2041 4302; x_wconf 97' lang='lat'><strong>-</strong></span> 
     </span>
    </p>
   </div>
   <div class='ocr_carea' id='block_1_63' title="bbox 472 4355 2047 4425">
    <p class='ocr_par' dir='ltr' id='par_1_63' title="bbox 472 4355 2047 4425">
     <span class='ocr_line' id='line_1_63' title="bbox 472 4355 2047 4425; baseline 0.004 -24"><span class='ocrx_word' id='word_1_485' title='bbox 472 4361 761 4418; x_wconf 84' lang='lat' dir='ltr'><strong>sequenter</strong></span> <span class='ocrx_word' id='word_1_486' title='bbox 811 4369 956 4408; x_wconf 91' lang='lat' dir='ltr'><strong>nunc</strong></span> <span class='ocrx_word' id='word_1_487' title='bbox 989 4366 1048 4410; x_wconf 92' lang='lat' dir='ltr'><strong>ut</strong></span> <span class='ocrx_word' id='word_1_488' title='bbox 1081 4358 1195 4411; x_wconf 60' lang='lat' dir='ltr'><strong>hac</strong></span> <span class='ocrx_word' id='word_1_489' title='bbox 1231 4358 1296 4410; x_wconf 87' lang='lat' dir='ltr'><strong>de</strong></span> <span class='ocrx_word' id='word_1_490' title='bbox 1345 4355 1651 4425; x_wconf 89' lang='lat' dir='ltr'><strong>Scripturis</strong></span> <span class='ocrx_word' id='word_1_491' title='bbox 1699 4365 2047 4417; x_wconf 78' lang='lat' dir='ltr'><strong>asseruntur,</strong></span> 
     </span>
    </p>
   </div>
   <div class='ocr_carea' id='block_1_64' title="bbox 2156 3251 3730 3321">
    <p class='ocr_par' dir='ltr' id='par_1_64' title="bbox 2156 3251 3730 3321">
     <span class='ocr_line' id='line_1_64' title="bbox 2156 3251 3730 3321; baseline 0 -18"><span class='ocrx_word' id='word_1_492' title='bbox 2156 3261 2379 3320; x_wconf 89' lang='lat' dir='ltr'><strong>putatur</strong></span> <span class='ocrx_word' id='word_1_493' title='bbox 2407 3251 2704 3304; x_wconf 87' lang='lat' dir='ltr'><strong>secundum</strong></span> <span class='ocrx_word' id='word_1_494' title='bbox 2731 3252 2988 3321; x_wconf 88' lang='lat' dir='ltr'><strong>gratiam,</strong></span> <span class='ocrx_word' id='word_1_495' title='bbox 3014 3253 3108 3307; x_wconf 89' lang='lat' dir='ltr'><strong>sed</strong></span> <span class='ocrx_word' id='word_1_496' title='bbox 3128 3253 3425 3306; x_wconf 83' lang='lat' dir='ltr'><strong>secundum</strong></span> <span class='ocrx_word' id='word_1_497' title='bbox 3446 3252 3688 3306; x_wconf 88' lang='lat' dir='ltr'><strong>debitum</strong></span> <span class='ocrx_word' id='word_1_498' title='bbox 3714 3269 3730 3314; x_wconf 89' lang='lat'><strong>;</strong></span> 
     </span>
    </p>
   </div>
   <div class='ocr_carea' id='block_1_65' title="bbox 2155 3345 3741 3415">
    <p class='ocr_par' dir='ltr' id='par_1_65' title="bbox 2155 3345 3741 3415">
     <span class='ocr_line' id='line_1_65' title="bbox 2155 3345 3741 3415; baseline 0 -17"><span class='ocrx_word' id='word_1_499' title='bbox 2155 3347 2204 3399; x_wconf 91' lang='lat' dir='ltr'><strong>ei</strong></span> <span class='ocrx_word' id='word_1_500' title='bbox 2229 3361 2360 3401; x_wconf 86' lang='lat' dir='ltr'><strong>vero</strong></span> <span class='ocrx_word' id='word_1_501' title='bbox 2395 3347 2486 3414; x_wconf 89' lang='lat' dir='ltr'><strong>qui</strong></span> <span class='ocrx_word' id='word_1_502' title='bbox 2519 3362 2627 3402; x_wconf 92' lang='lat' dir='ltr'><strong>non</strong></span> <span class='ocrx_word' id='word_1_503' title='bbox 2651 3355 2935 3415; x_wconf 78' lang='lat' dir='ltr'><strong>cperatnr,</strong></span> <span class='ocrx_word' id='word_1_504' title='bbox 2968 3347 3146 3401; x_wconf 89' lang='lat' dir='ltr'><strong>credit</strong></span> <span class='ocrx_word' id='word_1_505' title='bbox 3177 3356 3357 3400; x_wconf 86' lang='lat' dir='ltr'><strong>autem</strong></span> <span class='ocrx_word' id='word_1_506' title='bbox 3405 3345 3459 3399; x_wconf 91' lang='lat' dir='ltr'><strong>in</strong></span> <span class='ocrx_word' id='word_1_507' title='bbox 3489 3360 3614 3400; x_wconf 88' lang='lat' dir='ltr'><strong>eum</strong></span> <span class='ocrx_word' id='word_1_508' title='bbox 3645 3347 3741 3415; x_wconf 88' lang='lat' dir='ltr'><strong>qui</strong></span> 
     </span>
    </p>
   </div>
   <div class='ocr_carea' id='block_1_66' title="bbox 2149 3435 3739 3508">
    <p class='ocr_par' dir='ltr' id='par_1_66' title="bbox 2149 3435 3739 3508">
     <span class='ocr_line' id='line_1_66' title="bbox 2149 3435 3739 3508; baseline 0 -17"><span class='ocrx_word' id='word_1_509' title='bbox 2149 3435 2418 3506; x_wconf 87' lang='lat' dir='ltr'><strong>justiﬁcat</strong></span> <span class='ocrx_word' id='word_1_510' title='bbox 2471 3439 2722 3507; x_wconf 91' lang='lat' dir='ltr'><strong>impium,</strong></span> <span class='ocrx_word' id='word_1_511' title='bbox 2783 3449 3070 3506; x_wconf 88' lang='lat' dir='ltr'><strong>reputatur</strong></span> <span class='ocrx_word' id='word_1_512' title='bbox 3114 3439 3248 3493; x_wconf 86' lang='lat' dir='ltr'><strong>ﬁdes</strong></span> <span class='ocrx_word' id='word_1_513' title='bbox 3291 3438 3410 3508; x_wconf 88' lang='lat' dir='ltr'><strong>ejus</strong></span> <span class='ocrx_word' id='word_1_514' title='bbox 3459 3437 3527 3491; x_wconf 87' lang='lat' dir='ltr'><strong>ad</strong></span> <span class='ocrx_word' id='word_1_515' title='bbox 3573 3436 3739 3504; x_wconf 86' lang='lat' dir='ltr'><strong>justi-</strong></span> 
     </span>
    </p>
   </div>
   <div class='ocr_carea' id='block_1_67' title="bbox 2159 3529 3742 3603">
    <p class='ocr_par' dir='ltr' id='par_1_67' title="bbox 2159 3529 3742 3603">
     <span class='ocr_line' id='line_1_67' title="bbox 2159 3529 3742 3603; baseline 0.003 -21"><span class='ocrx_word' id='word_1_516' title='bbox 2159 3530 2286 3583; x_wconf 88' lang='lat' dir='ltr'><strong>tiam</strong></span> <span class='ocrx_word' id='word_1_517' title='bbox 2314 3530 2382 3583; x_wconf 69' lang='lat'><strong>“.</strong></span> <span class='ocrx_word' id='word_1_518' title='bbox 2416 3548 2434 3581; x_wconf 76' lang='grc' dir='ltr'><strong>ι</strong></span> <span class='ocrx_word' id='word_1_519' title='bbox 2467 3529 2569 3603; x_wconf 81' lang='lat' dir='ltr'><strong>Per</strong></span> <span class='ocrx_word' id='word_1_520' title='bbox 2596 3544 2813 3584; x_wconf 88' lang='lat' dir='ltr'><strong>omnem</strong></span> <span class='ocrx_word' id='word_1_521' title='bbox 2843 3529 3028 3599; x_wconf 90' lang='lat' dir='ltr'><strong>itaque</strong></span> <span class='ocrx_word' id='word_1_522' title='bbox 3061 3531 3208 3584; x_wconf 93' lang='lat' dir='ltr'><strong>hunc</strong></span> <span class='ocrx_word' id='word_1_523' title='bbox 3239 3531 3416 3584; x_wconf 92' lang='lat' dir='ltr'><strong>locum</strong></span> <span class='ocrx_word' id='word_1_524' title='bbox 3448 3529 3742 3599; x_wconf 83' lang='lat' dir='ltr'><strong>Apostolus</strong></span> 
     </span>
    </p>
   </div>
   <div class='ocr_carea' id='block_1_68' title="bbox 2155 3619 3740 3692">
    <p class='ocr_par' dir='ltr' id='par_1_68' title="bbox 2155 3619 3740 3692">
     <span class='ocr_line' id='line_1_68' title="bbox 2155 3619 3740 3692; baseline 0.001 -18"><span class='ocrx_word' id='word_1_525' title='bbox 2155 3621 2257 3676; x_wconf 89' lang='lat' dir='ltr'><strong>hoc</strong></span> <span class='ocrx_word' id='word_1_526' title='bbox 2293 3622 2507 3675; x_wconf 91' lang='lat' dir='ltr'><strong>videtur</strong></span> <span class='ocrx_word' id='word_1_527' title='bbox 2535 3622 2850 3686; x_wconf 87' lang='lat' dir='ltr'><strong>ostendere,</strong></span> <span class='ocrx_word' id='word_1_528' title='bbox 2876 3623 3020 3692; x_wconf 91' lang='lat' dir='ltr'><strong>quod</strong></span> <span class='ocrx_word' id='word_1_529' title='bbox 3064 3623 3184 3676; x_wconf 68' lang='lat' dir='ltr'><strong>dua:</strong></span> <span class='ocrx_word' id='word_1_530' title='bbox 3218 3622 3467 3692; x_wconf 65' lang='lat' dir='ltr'><strong>quaadam</strong></span> <span class='ocrx_word' id='word_1_531' title='bbox 3499 3622 3612 3675; x_wconf 91' lang='lat' dir='ltr'><strong>sint</strong></span> <span class='ocrx_word' id='word_1_532' title='bbox 3645 3619 3740 3688; x_wconf 84' lang='lat' dir='ltr'><strong>ju-</strong></span> 
     </span>
    </p>
   </div>
   <div class='ocr_carea' id='block_1_69' title="bbox 2155 3713 3732 3784">
    <p class='ocr_par' dir='ltr' id='par_1_69' title="bbox 2155 3713 3732 3784">
     <span class='ocr_line' id='line_1_69' title="bbox 2155 3713 3732 3784; baseline -0.001 -17"><span class='ocrx_word' id='word_1_533' title='bbox 2155 3713 2538 3778; x_wconf 89' lang='lat' dir='ltr'><strong>stiﬁcationes,</strong></span> <span class='ocrx_word' id='word_1_534' title='bbox 2585 3729 2814 3782; x_wconf 90' lang='lat' dir='ltr'><strong>quarum</strong></span> <span class='ocrx_word' id='word_1_535' title='bbox 2852 3729 3015 3766; x_wconf 91' lang='lat' dir='ltr'><strong>unam</strong></span> <span class='ocrx_word' id='word_1_536' title='bbox 3043 3729 3109 3767; x_wconf 78' lang='lat' dir='ltr'><strong>ex</strong></span> <span class='ocrx_word' id='word_1_537' title='bbox 3153 3714 3416 3784; x_wconf 90' lang='lat' dir='ltr'><strong>operibus</strong></span> <span class='ocrx_word' id='word_1_538' title='bbox 3451 3714 3732 3777; x_wconf 91' lang='lat' dir='ltr'><strong>nominat,</strong></span> 
     </span>
    </p>
   </div>
   <div class='ocr_carea' id='block_1_70' title="bbox 2153 3804 3738 3876">
    <p class='ocr_par' dir='ltr' id='par_1_70' title="bbox 2153 3804 3738 3876">
     <span class='ocr_line' id='line_1_70' title="bbox 2153 3804 3738 3876; baseline 0.001 -18"><span class='ocrx_word' id='word_1_539' title='bbox 2153 3804 2314 3858; x_wconf 90' lang='lat' dir='ltr'><strong>aliam</strong></span> <span class='ocrx_word' id='word_1_540' title='bbox 2341 3821 2471 3858; x_wconf 87' lang='lat' dir='ltr'><strong>vero</strong></span> <span class='ocrx_word' id='word_1_541' title='bbox 2505 3821 2568 3858; x_wconf 83' lang='lat' dir='ltr'><strong>ex</strong></span> <span class='ocrx_word' id='word_1_542' title='bbox 2615 3805 2740 3859; x_wconf 88' lang='lat' dir='ltr'><strong>lide.</strong></span> <span class='ocrx_word' id='word_1_543' title='bbox 2777 3805 2843 3858; x_wconf 87' lang='lat' dir='ltr'><strong>Et</strong></span> <span class='ocrx_word' id='word_1_544' title='bbox 2874 3805 3017 3859; x_wconf 91' lang='lat' dir='ltr'><strong>illam</strong></span> <span class='ocrx_word' id='word_1_545' title='bbox 3054 3807 3274 3876; x_wconf 88' lang='lat' dir='ltr'><strong>quidem</strong></span> <span class='ocrx_word' id='word_1_546' title='bbox 3301 3821 3422 3875; x_wconf 73' lang='lat' dir='ltr'><strong>qua:</strong></span> <span class='ocrx_word' id='word_1_547' title='bbox 3445 3821 3513 3860; x_wconf 80' lang='lat' dir='ltr'><strong>ex</strong></span> <span class='ocrx_word' id='word_1_548' title='bbox 3555 3806 3738 3875; x_wconf 89' lang='lat' dir='ltr'><strong>operi-</strong></span> 
     </span>
    </p>
   </div>
   <div class='ocr_carea' id='block_1_71' title="bbox 2155 3896 3738 3965">
    <p class='ocr_par' dir='ltr' id='par_1_71' title="bbox 2155 3896 3738 3965">
     <span class='ocr_line' id='line_1_71' title="bbox 2155 3896 3738 3965; baseline 0.004 -20"><span class='ocrx_word' id='word_1_549' title='bbox 2155 3898 2255 3950; x_wconf 87' lang='lat' dir='ltr'><strong>lms</strong></span> <span class='ocrx_word' id='word_1_550' title='bbox 2283 3908 2386 3958; x_wconf 87' lang='lat' dir='ltr'><strong>est,</strong></span> <span class='ocrx_word' id='word_1_551' title='bbox 2416 3897 2548 3950; x_wconf 87' lang='lat' dir='ltr'><strong>dicit</strong></span> <span class='ocrx_word' id='word_1_552' title='bbox 2577 3897 2776 3951; x_wconf 88' lang='lat' dir='ltr'><strong>habere</strong></span> <span class='ocrx_word' id='word_1_553' title='bbox 2799 3897 3015 3964; x_wconf 84' lang='lat' dir='ltr'><strong>quidem</strong></span> <span class='ocrx_word' id='word_1_554' title='bbox 3041 3899 3294 3965; x_wconf 87' lang='lat' dir='ltr'><strong>gloriam,</strong></span> <span class='ocrx_word' id='word_1_555' title='bbox 3321 3896 3415 3952; x_wconf 85' lang='lat' dir='ltr'><strong>sed</strong></span> <span class='ocrx_word' id='word_1_556' title='bbox 3449 3898 3500 3950; x_wconf 90' lang='lat' dir='ltr'><strong>in</strong></span> <span class='ocrx_word' id='word_1_557' title='bbox 3535 3907 3738 3952; x_wconf 85' lang='lat' dir='ltr'><strong>semet-</strong></span> 
     </span>
    </p>
   </div>
   <div class='ocr_carea' id='block_1_72' title="bbox 2154 3987 3738 4058">
    <p class='ocr_par' dir='ltr' id='par_1_72' title="bbox 2154 3987 3738 4058">
     <span class='ocr_line' id='line_1_72' title="bbox 2154 3987 3738 4058; baseline 0.002 -18"><span class='ocrx_word' id='word_1_558' title='bbox 2154 3987 2269 4054; x_wconf 88' lang='lat' dir='ltr'><strong>ipsa</strong></span> <span class='ocrx_word' id='word_1_559' title='bbox 2296 4027 2312 4051; x_wconf 94' lang='lat'><strong>,</strong></span> <span class='ocrx_word' id='word_1_560' title='bbox 2347 3998 2399 4040; x_wconf 91' lang='lat' dir='ltr'><strong>et</strong></span> <span class='ocrx_word' id='word_1_561' title='bbox 2435 4004 2539 4041; x_wconf 91' lang='lat' dir='ltr'><strong>non</strong></span> <span class='ocrx_word' id='word_1_562' title='bbox 2575 3993 2713 4057; x_wconf 91' lang='lat' dir='ltr'><strong>apud</strong></span> <span class='ocrx_word' id='word_1_563' title='bbox 2761 3987 2930 4042; x_wconf 87' lang='lat' dir='ltr'><strong>Deum</strong></span> <span class='ocrx_word' id='word_1_564' title='bbox 2971 4005 2985 4054; x_wconf 92' lang='lat'><strong>;</strong></span> <span class='ocrx_word' id='word_1_565' title='bbox 3029 3991 3172 4044; x_wconf 89' lang='lat' dir='ltr'><strong>illam</strong></span> <span class='ocrx_word' id='word_1_566' title='bbox 3205 4003 3333 4044; x_wconf 83' lang='lat' dir='ltr'><strong>vero</strong></span> <span class='ocrx_word' id='word_1_567' title='bbox 3374 4003 3496 4058; x_wconf 64' lang='lat' dir='ltr'><strong>quae</strong></span> <span class='ocrx_word' id='word_1_568' title='bbox 3525 4002 3593 4041; x_wconf 77' lang='lat' dir='ltr'><strong>ex</strong></span> <span class='ocrx_word' id='word_1_569' title='bbox 3631 3987 3738 4043; x_wconf 85' lang='lat' dir='ltr'><strong>ﬁde</strong></span> 
     </span>
    </p>
   </div>
   <div class='ocr_carea' id='block_1_73' title="bbox 2153 4081 3736 4152">
    <p class='ocr_par' dir='ltr' id='par_1_73' title="bbox 2153 4081 3736 4152">
     <span class='ocr_line' id='line_1_73' title="bbox 2153 4081 3736 4152; baseline 0.001 -19"><span class='ocrx_word' id='word_1_570' title='bbox 2153 4090 2260 4146; x_wconf 85' lang='lat' dir='ltr'><strong>est,</strong></span> <span class='ocrx_word' id='word_1_571' title='bbox 2289 4081 2492 4135; x_wconf 86' lang='lat' dir='ltr'><strong>habere</strong></span> <span class='ocrx_word' id='word_1_572' title='bbox 2523 4082 2751 4151; x_wconf 88' lang='lat' dir='ltr'><strong>gloriam</strong></span> <span class='ocrx_word' id='word_1_573' title='bbox 2777 4083 2918 4150; x_wconf 90' lang='lat' dir='ltr'><strong>apud</strong></span> <span class='ocrx_word' id='word_1_574' title='bbox 2953 4085 3141 4146; x_wconf 88' lang='lat' dir='ltr'><strong>Deum,</strong></span> <span class='ocrx_word' id='word_1_575' title='bbox 3174 4091 3362 4151; x_wconf 88' lang='lat' dir='ltr'><strong>utpote</strong></span> <span class='ocrx_word' id='word_1_576' title='bbox 3387 4081 3528 4152; x_wconf 87' lang='lat' dir='ltr'><strong>apud</strong></span> <span class='ocrx_word' id='word_1_577' title='bbox 3560 4081 3736 4149; x_wconf 85' lang='lat' dir='ltr'><strong>inspi-</strong></span> 
     </span>
    </p>
   </div>
   <div class='ocr_carea' id='block_1_74' title="bbox 2153 4170 3735 4243">
    <p class='ocr_par' dir='ltr' id='par_1_74' title="bbox 2153 4170 3735 4243">
     <span class='ocr_line' id='line_1_74' title="bbox 2153 4170 3735 4243; baseline 0.001 -19"><span class='ocrx_word' id='word_1_578' title='bbox 2153 4172 2388 4226; x_wconf 87' lang='lat' dir='ltr'><strong>cientem</strong></span> <span class='ocrx_word' id='word_1_579' title='bbox 2421 4175 2584 4227; x_wconf 89' lang='lat' dir='ltr'><strong>corda</strong></span> <span class='ocrx_word' id='word_1_580' title='bbox 2623 4174 2929 4238; x_wconf 89' lang='lat' dir='ltr'><strong>hominum,</strong></span> <span class='ocrx_word' id='word_1_581' title='bbox 2970 4184 3026 4229; x_wconf 88' lang='lat' dir='ltr'><strong>et</strong></span> <span class='ocrx_word' id='word_1_582' title='bbox 3070 4174 3334 4228; x_wconf 89' lang='lat' dir='ltr'><strong>scientem</strong></span> <span class='ocrx_word' id='word_1_583' title='bbox 3361 4174 3483 4243; x_wconf 92' lang='lat' dir='ltr'><strong>quis</strong></span> <span class='ocrx_word' id='word_1_584' title='bbox 3517 4179 3602 4226; x_wconf 90' lang='lat' dir='ltr'><strong>est</strong></span> <span class='ocrx_word' id='word_1_585' title='bbox 3640 4170 3735 4240; x_wconf 91' lang='lat' dir='ltr'><strong>qui</strong></span> 
     </span>
    </p>
   </div>
   <div class='ocr_carea' id='block_1_75' title="bbox 2157 4263 3737 4336">
    <p class='ocr_par' dir='ltr' id='par_1_75' title="bbox 2157 4263 3737 4336">
     <span class='ocr_line' id='line_1_75' title="bbox 2157 4263 3737 4336; baseline 0.001 -21"><span class='ocrx_word' id='word_1_586' title='bbox 2157 4264 2335 4317; x_wconf 88' lang='lat' dir='ltr'><strong>credit</strong></span> <span class='ocrx_word' id='word_1_587' title='bbox 2370 4263 2426 4318; x_wconf 92' lang='lat' dir='ltr'><strong>in</strong></span> <span class='ocrx_word' id='word_1_588' title='bbox 2461 4265 2678 4320; x_wconf 90' lang='lat' dir='ltr'><strong>occulto</strong></span> <span class='ocrx_word' id='word_1_589' title='bbox 2707 4307 2722 4331; x_wconf 95' lang='lat'><strong>,</strong></span> <span class='ocrx_word' id='word_1_590' title='bbox 2758 4274 2814 4320; x_wconf 91' lang='lat' dir='ltr'><strong>et</strong></span> <span class='ocrx_word' id='word_1_591' title='bbox 2845 4268 2968 4336; x_wconf 91' lang='lat' dir='ltr'><strong>quis</strong></span> <span class='ocrx_word' id='word_1_592' title='bbox 3021 4275 3105 4321; x_wconf 90' lang='lat' dir='ltr'><strong>est</strong></span> <span class='ocrx_word' id='word_1_593' title='bbox 3139 4266 3232 4336; x_wconf 90' lang='lat' dir='ltr'><strong>qui</strong></span> <span class='ocrx_word' id='word_1_594' title='bbox 3268 4280 3375 4318; x_wconf 90' lang='lat' dir='ltr'><strong>non</strong></span> <span class='ocrx_word' id='word_1_595' title='bbox 3422 4263 3619 4318; x_wconf 91' lang='lat' dir='ltr'><strong>credit.</strong></span> <span class='ocrx_word' id='word_1_596' title='bbox 3667 4264 3737 4317; x_wconf 84' lang='lat' dir='ltr'><strong>Et</strong></span> 
     </span>
    </p>
   </div>
   <div class='ocr_carea' id='block_1_76' title="bbox 2153 4353 3730 4426">
    <p class='ocr_par' dir='ltr' id='par_1_76' title="bbox 2153 4353 3730 4426">
     <span class='ocr_line' id='line_1_76' title="bbox 2153 4353 3730 4426; baseline 0.001 -20"><span class='ocrx_word' id='word_1_597' title='bbox 2153 4353 2274 4409; x_wconf 87' lang='lat' dir='ltr'><strong>ideo</strong></span> <span class='ocrx_word' id='word_1_598' title='bbox 2337 4359 2534 4411; x_wconf 87' lang='lat' dir='ltr'><strong>merito</strong></span> <span class='ocrx_word' id='word_1_599' title='bbox 2600 4358 2740 4426; x_wconf 88' lang='lat' dir='ltr'><strong>apud</strong></span> <span class='ocrx_word' id='word_1_600' title='bbox 2791 4358 2962 4411; x_wconf 88' lang='lat' dir='ltr'><strong>solum</strong></span> <span class='ocrx_word' id='word_1_601' title='bbox 3015 4359 3180 4412; x_wconf 90' lang='lat' dir='ltr'><strong>Deum</strong></span> <span class='ocrx_word' id='word_1_602' title='bbox 3237 4357 3402 4411; x_wconf 89' lang='lat' dir='ltr'><strong>habet</strong></span> <span class='ocrx_word' id='word_1_603' title='bbox 3456 4355 3730 4422; x_wconf 81' lang='lat' dir='ltr'><strong>gloriam,</strong></span> 
     </span>
    </p>
   </div>
   <div class='ocr_carea' id='block_1_77' title="bbox 469 4442 3732 4548">
    <p class='ocr_par' dir='ltr' id='par_1_77' title="bbox 469 4442 3732 4548">
     <span class='ocr_line' id='line_1_77' title="bbox 469 4442 3732 4548; baseline 0.002 -53"><span class='ocrx_word' id='word_1_604' title='bbox 469 4442 706 4498; x_wconf 70' lang='lat' dir='ltr'><strong>Abrahae</strong></span> <span class='ocrx_word' id='word_1_605' title='bbox 737 4446 990 4513; x_wconf 90' lang='lat' dir='ltr'><strong>producit</strong></span> <span class='ocrx_word' id='word_1_606' title='bbox 1021 4449 1366 4517; x_wconf 82' lang='lat' dir='ltr'><strong>exemplum,</strong></span> <span class='ocrx_word' id='word_1_607' title='bbox 1397 4458 1453 4502; x_wconf 85' lang='lat' dir='ltr'><strong>et</strong></span> <span class='ocrx_word' id='word_1_608' title='bbox 1483 4449 1614 4504; x_wconf 88' lang='lat' dir='ltr'><strong>dicit</strong></span> <span class='ocrx_word' id='word_1_609' title='bbox 1649 4449 1776 4517; x_wconf 89' lang='lat' dir='ltr'><strong>quia</strong></span> <span class='ocrx_word' id='word_1_610' title='bbox 1817 4467 1836 4499; x_wconf 74' lang='grc' dir='ltr'><strong>ι</strong></span> <span class='ocrx_word' id='word_1_611' title='bbox 1871 4448 2049 4501; x_wconf 89' lang='lat' dir='ltr'><strong>Abra-</strong></span> <span class='ocrx_word' id='word_1_612' title='bbox 2080 4495 2124 4548; x_wconf 65' lang='grc' dir='ltr'><strong><em>Β</em></strong></span> <span class='ocrx_word' id='word_1_613' title='bbox 2153 4447 2242 4514; x_wconf 93' lang='lat' dir='ltr'><strong>qui</strong></span> <span class='ocrx_word' id='word_1_614' title='bbox 2275 4446 2526 4501; x_wconf 77' lang='lat' dir='ltr'><strong>aﬁ‘eetutn</strong></span> <span class='ocrx_word' id='word_1_615' title='bbox 2575 4449 2697 4502; x_wconf 90' lang='lat' dir='ltr'><strong>ﬁdei</strong></span> <span class='ocrx_word' id='word_1_616' title='bbox 2749 4449 2866 4517; x_wconf 88' lang='lat' dir='ltr'><strong>ejus</strong></span> <span class='ocrx_word' id='word_1_617' title='bbox 2922 4450 3169 4520; x_wconf 87' lang='lat' dir='ltr'><strong>pervidet</strong></span> <span class='ocrx_word' id='word_1_618' title='bbox 3217 4448 3329 4516; x_wconf 70' lang='grc'><strong>(24)</strong></span> <span class='ocrx_word' id='word_1_619' title='bbox 3365 4448 3419 4500; x_wconf 96' lang='lat' dir='ltr'><strong>in</strong></span> <span class='ocrx_word' id='word_1_620' title='bbox 3454 4447 3680 4501; x_wconf 91' lang='lat' dir='ltr'><strong>occultis</strong></span> <span class='ocrx_word' id='word_1_621' title='bbox 3713 4464 3732 4500; x_wconf 82' lang='lat'><strong>:</strong></span> 
     </span>
    </p>
   </div>
   <div class='ocr_carea' id='block_1_78' title="bbox 470 4537 2048 4610">
    <p class='ocr_par' dir='ltr' id='par_1_78' title="bbox 470 4537 2048 4610">
     <span class='ocr_line' id='line_1_78' title="bbox 470 4537 2048 4610; baseline 0 -20"><span class='ocrx_word' id='word_1_622' title='bbox 470 4537 615 4600; x_wconf 88' lang='lat' dir='ltr'><strong>ham,</strong></span> <span class='ocrx_word' id='word_1_623' title='bbox 647 4539 690 4591; x_wconf 91' lang='lat' dir='ltr'><strong>si</strong></span> <span class='ocrx_word' id='word_1_624' title='bbox 745 4555 810 4592; x_wconf 80' lang='lat' dir='ltr'><strong>ex</strong></span> <span class='ocrx_word' id='word_1_625' title='bbox 857 4541 1117 4608; x_wconf 89' lang='lat' dir='ltr'><strong>operibus</strong></span> <span class='ocrx_word' id='word_1_626' title='bbox 1159 4540 1490 4610; x_wconf 85' lang='lat' dir='ltr'><strong>jnstilicatns</strong></span> <span class='ocrx_word' id='word_1_627' title='bbox 1539 4550 1668 4604; x_wconf 89' lang='lat' dir='ltr'><strong>est,</strong></span> <span class='ocrx_word' id='word_1_628' title='bbox 1721 4540 1885 4593; x_wconf 89' lang='lat' dir='ltr'><strong>habet</strong></span> <span class='ocrx_word' id='word_1_629' title='bbox 1933 4538 2048 4607; x_wconf 81' lang='lat' dir='ltr'><strong>glo-</strong></span> 
     </span>
    </p>
   </div>
   <div class='ocr_carea' id='block_1_79' title="bbox 471 4627 2044 4702">
    <p class='ocr_par' dir='ltr' id='par_1_79' title="bbox 471 4627 2044 4702">
     <span class='ocr_line' id='line_1_79' title="bbox 471 4627 2044 4702; baseline 0.001 -21"><span class='ocrx_word' id='word_1_630' title='bbox 471 4627 608 4681; x_wconf 91' lang='lat' dir='ltr'><strong>riam</strong></span> <span class='ocrx_word' id='word_1_631' title='bbox 647 4627 781 4700; x_wconf 72' lang='lat'><strong>(‘22),</strong></span> <span class='ocrx_word' id='word_1_632' title='bbox 817 4632 912 4684; x_wconf 81' lang='lat' dir='ltr'><strong>sed</strong></span> <span class='ocrx_word' id='word_1_633' title='bbox 955 4647 1059 4685; x_wconf 92' lang='lat' dir='ltr'><strong>non</strong></span> <span class='ocrx_word' id='word_1_634' title='bbox 1096 4633 1236 4702; x_wconf 89' lang='lat' dir='ltr'><strong>apud</strong></span> <span class='ocrx_word' id='word_1_635' title='bbox 1270 4631 1438 4686; x_wconf 90' lang='lat' dir='ltr'><strong>Deum</strong></span> <span class='ocrx_word' id='word_1_636' title='bbox 1467 4631 1534 4686; x_wconf 70' lang='lat'><strong>“.</strong></span> <span class='ocrx_word' id='word_1_637' title='bbox 1567 4652 1585 4685; x_wconf 75' lang='grc' dir='ltr'><strong>ι</strong></span> <span class='ocrx_word' id='word_1_638' title='bbox 1625 4633 1779 4696; x_wconf 85' lang='lat' dir='ltr'><strong>Quod</strong></span> <span class='ocrx_word' id='word_1_639' title='bbox 1825 4630 2044 4700; x_wconf 90' lang='lat' dir='ltr'><strong>quidem</strong></span> 
     </span>
    </p>
   </div>
   <div class='ocr_carea' id='block_1_80' title="bbox 471 4721 2050 4793">
    <p class='ocr_par' dir='ltr' id='par_1_80' title="bbox 471 4721 2050 4793">
     <span class='ocr_line' id='line_1_80' title="bbox 471 4721 2050 4793; baseline 0.003 -23"><span class='ocrx_word' id='word_1_640' title='bbox 471 4733 577 4772; x_wconf 91' lang='lat' dir='ltr'><strong>non</strong></span> <span class='ocrx_word' id='word_1_641' title='bbox 611 4721 729 4774; x_wconf 85' lang='lat' dir='ltr'><strong>sine</strong></span> <span class='ocrx_word' id='word_1_642' title='bbox 761 4732 879 4776; x_wconf 90' lang='lat' dir='ltr'><strong>arte</strong></span> <span class='ocrx_word' id='word_1_643' title='bbox 902 4723 1191 4779; x_wconf 89' lang='lat' dir='ltr'><strong>dialectica</strong></span> <span class='ocrx_word' id='word_1_644' title='bbox 1225 4725 1469 4779; x_wconf 87' lang='lat' dir='ltr'><strong>disserit.</strong></span> <span class='ocrx_word' id='word_1_645' title='bbox 1497 4723 1634 4778; x_wconf 86' lang='lat' dir='ltr'><strong>Nam</strong></span> <span class='ocrx_word' id='word_1_646' title='bbox 1667 4724 1713 4778; x_wconf 92' lang='lat' dir='ltr'><strong>si</strong></span> <span class='ocrx_word' id='word_1_647' title='bbox 1779 4725 1825 4777; x_wconf 93' lang='lat' dir='ltr'><strong>is</strong></span> <span class='ocrx_word' id='word_1_648' title='bbox 1860 4723 1950 4793; x_wconf 90' lang='lat' dir='ltr'><strong>qui</strong></span> <span class='ocrx_word' id='word_1_649' title='bbox 1981 4737 2050 4776; x_wconf 79' lang='lat' dir='ltr'><strong>ex</strong></span> 
     </span>
    </p>
   </div>
   <div class='ocr_carea' id='block_1_81' title="bbox 467 4811 2049 4890">
    <p class='ocr_par' dir='ltr' id='par_1_81' title="bbox 467 4811 2049 4890">
     <span class='ocr_line' id='line_1_81' title="bbox 467 4811 2049 4890; baseline 0.004 -28"><span class='ocrx_word' id='word_1_650' title='bbox 467 4811 1095 4882; x_wconf 83' lang='lat' dir='ltr'><strong>operibusjustiﬁcatur,</strong></span> <span class='ocrx_word' id='word_1_651' title='bbox 1124 4832 1228 4869; x_wconf 91' lang='lat' dir='ltr'><strong>non</strong></span> <span class='ocrx_word' id='word_1_652' title='bbox 1272 4817 1436 4872; x_wconf 86' lang='lat' dir='ltr'><strong>habet</strong></span> <span class='ocrx_word' id='word_1_653' title='bbox 1486 4817 1717 4886; x_wconf 88' lang='lat' dir='ltr'><strong>gloriam</strong></span> <span class='ocrx_word' id='word_1_654' title='bbox 1748 4815 1869 4890; x_wconf 72' lang='grc'><strong>(25)</strong></span> <span class='ocrx_word' id='word_1_655' title='bbox 1905 4815 2049 4886; x_wconf 89' lang='lat' dir='ltr'><strong>apud</strong></span> 
     </span>
    </p>
   </div>
   <div class='ocr_carea' id='block_1_82' title="bbox 468 4897 2042 4980">
    <p class='ocr_par' dir='ltr' id='par_1_82' title="bbox 468 4897 2042 4980">
     <span class='ocr_line' id='line_1_82' title="bbox 468 4897 2042 4980; baseline 0.003 -25"><span class='ocrx_word' id='word_1_656' title='bbox 468 4897 640 4955; x_wconf 85' lang='lat' dir='ltr'><strong>Deum</strong></span> <span class='ocrx_word' id='word_1_657' title='bbox 673 4941 689 4966; x_wconf 92' lang='lat'><strong>,</strong></span> <span class='ocrx_word' id='word_1_658' title='bbox 741 4906 1014 4961; x_wconf 83' lang='lat' dir='ltr'><strong>Abraham</strong></span> <span class='ocrx_word' id='word_1_659' title='bbox 1071 4920 1254 4963; x_wconf 89' lang='lat' dir='ltr'><strong>autem</strong></span> <span class='ocrx_word' id='word_1_660' title='bbox 1303 4920 1519 4964; x_wconf 78' lang='lat' dir='ltr'><strong>constat</strong></span> <span class='ocrx_word' id='word_1_661' title='bbox 1557 4911 1758 4965; x_wconf 90' lang='lat' dir='ltr'><strong>habere</strong></span> <span class='ocrx_word' id='word_1_662' title='bbox 1811 4909 2042 4980; x_wconf 88' lang='lat' dir='ltr'><strong>gloriam</strong></span> 
     </span>
    </p>
   </div>
   <div class='ocr_carea' id='block_1_83' title="bbox 469 4995 2042 5075">
    <p class='ocr_par' dir='ltr' id='par_1_83' title="bbox 469 4995 2042 5075">
     <span class='ocr_line' id='line_1_83' title="bbox 469 4995 2042 5075; baseline 0.003 -26"><span class='ocrx_word' id='word_1_663' title='bbox 469 4995 610 5063; x_wconf 82' lang='lat' dir='ltr'><strong>apud</strong></span> <span class='ocrx_word' id='word_1_664' title='bbox 637 4995 824 5061; x_wconf 85' lang='lat' dir='ltr'><strong>Deum,</strong></span> <span class='ocrx_word' id='word_1_665' title='bbox 853 5015 984 5070; x_wconf 90' lang='lat' dir='ltr'><strong>ergo</strong></span> <span class='ocrx_word' id='word_1_666' title='bbox 1011 5017 1114 5055; x_wconf 92' lang='lat' dir='ltr'><strong>non</strong></span> <span class='ocrx_word' id='word_1_667' title='bbox 1150 5019 1215 5058; x_wconf 84' lang='lat' dir='ltr'><strong>ex</strong></span> <span class='ocrx_word' id='word_1_668' title='bbox 1252 5007 1530 5075; x_wconf 87' lang='lat' dir='ltr'><strong>operibus,</strong></span> <span class='ocrx_word' id='word_1_669' title='bbox 1568 5007 1664 5060; x_wconf 86' lang='lat' dir='ltr'><strong>sed</strong></span> <span class='ocrx_word' id='word_1_670' title='bbox 1693 5019 1761 5059; x_wconf 83' lang='lat' dir='ltr'><strong>ex</strong></span> <span class='ocrx_word' id='word_1_671' title='bbox 1811 5002 1915 5056; x_wconf 91' lang='lat' dir='ltr'><strong>ﬁde</strong></span> <span class='ocrx_word' id='word_1_672' title='bbox 1947 5000 2042 5067; x_wconf 85' lang='lat' dir='ltr'><strong>ju-</strong></span> 
     </span>
    </p>
   </div>
   <div class='ocr_carea' id='block_1_84' title="bbox 467 5086 2043 5164">
    <p class='ocr_par' dir='ltr' id='par_1_84' title="bbox 467 5086 2043 5164">
     <span class='ocr_line' id='line_1_84' title="bbox 467 5086 2043 5164; baseline 0.009 -27"><span class='ocrx_word' id='word_1_673' title='bbox 467 5086 732 5143; x_wconf 87' lang='lat' dir='ltr'><strong>stiﬁcatus</strong></span> <span class='ocrx_word' id='word_1_674' title='bbox 776 5101 860 5144; x_wconf 89' lang='lat' dir='ltr'><strong>est</strong></span> <span class='ocrx_word' id='word_1_675' title='bbox 891 5095 1164 5148; x_wconf 86' lang='lat' dir='ltr'><strong>Abraham</strong></span> <span class='ocrx_word' id='word_1_676' title='bbox 1193 5137 1209 5160; x_wconf 92' lang='lat'><strong>,</strong></span> <span class='ocrx_word' id='word_1_677' title='bbox 1239 5108 1298 5150; x_wconf 92' lang='lat' dir='ltr'><strong>ut</strong></span> <span class='ocrx_word' id='word_1_678' title='bbox 1333 5099 1645 5153; x_wconf 84' lang='lat' dir='ltr'><strong>necessario</strong></span> <span class='ocrx_word' id='word_1_679' title='bbox 1699 5095 1898 5150; x_wconf 87' lang='lat' dir='ltr'><strong>habeat</strong></span> <span class='ocrx_word' id='word_1_680' title='bbox 1925 5093 2043 5164; x_wconf 78' lang='lat' dir='ltr'><strong>glo-</strong></span> 
     </span>
    </p>
   </div>
   <div class='ocr_carea' id='block_1_85' title="bbox 467 5178 2038 5260">
    <p class='ocr_par' dir='ltr' id='par_1_85' title="bbox 467 5178 2038 5260">
     <span class='ocr_line' id='line_1_85' title="bbox 467 5178 2038 5260; baseline 0.004 -29"><span class='ocrx_word' id='word_1_681' title='bbox 467 5178 602 5233; x_wconf 86' lang='lat' dir='ltr'><strong>riam</strong></span> <span class='ocrx_word' id='word_1_682' title='bbox 638 5183 780 5249; x_wconf 92' lang='lat' dir='ltr'><strong>apud</strong></span> <span class='ocrx_word' id='word_1_683' title='bbox 818 5184 1006 5241; x_wconf 87' lang='lat' dir='ltr'><strong>Deum.</strong></span> <span class='ocrx_word' id='word_1_684' title='bbox 1051 5186 1144 5244; x_wconf 88' lang='lat' dir='ltr'><strong>Sic</strong></span> <span class='ocrx_word' id='word_1_685' title='bbox 1169 5190 1312 5244; x_wconf 91' lang='lat' dir='ltr'><strong>enim</strong></span> <span class='ocrx_word' id='word_1_686' title='bbox 1353 5190 1635 5260; x_wconf 84' lang='lat' dir='ltr'><strong>Scriptura</strong></span> <span class='ocrx_word' id='word_1_687' title='bbox 1669 5185 1986 5257; x_wconf 86' lang='lat' dir='ltr'><strong>pronuntiat</strong></span> <span class='ocrx_word' id='word_1_688' title='bbox 2024 5202 2038 5238; x_wconf 96' lang='lat'><strong>:</strong></span> 
     </span>
    </p>
   </div>
   <div class='ocr_carea' id='block_1_86' title="bbox 539 5345 1680 5420">
    <p class='ocr_par' dir='ltr' id='par_1_86' title="bbox 539 5345 1680 5420">
     <span class='ocr_line' id='line_1_86' title="bbox 539 5345 1680 5420; baseline -0.012 2"><span class='ocrx_word' id='word_1_689' title='bbox 539 5345 887 5420; x_wconf 11' lang='lat' dir='ltr'><strong>&quot;.Gitlal-VIV.</strong></span> <span class='ocrx_word' id='word_1_690' title='bbox 920 5351 974 5407; x_wconf 76' lang='grc'><strong>4.</strong></span> <span class='ocrx_word' id='word_1_691' title='bbox 1065 5353 1108 5386; x_wconf 88' lang='grc'><strong>³⁷</strong></span> <span class='ocrx_word' id='word_1_692' title='bbox 1136 5355 1155 5409; x_wconf 92' lang='lat' dir='ltr'><strong>l</strong></span> <span class='ocrx_word' id='word_1_693' title='bbox 1192 5354 1320 5411; x_wconf 90' lang='lat' dir='ltr'><strong>Cor.</strong></span> <span class='ocrx_word' id='word_1_694' title='bbox 1356 5371 1475 5420; x_wconf 84' lang='lat' dir='ltr'><strong>xm,</strong></span> <span class='ocrx_word' id='word_1_695' title='bbox 1506 5356 1560 5419; x_wconf 86' lang='lat'><strong>9,</strong></span> <span class='ocrx_word' id='word_1_696' title='bbox 1592 5355 1680 5411; x_wconf 87' lang='lat' dir='ltr'><strong>lO.</strong></span> 
     </span>
    </p>
   </div>
   <div class='ocr_carea' id='block_1_87' title="bbox 468 5417 1855 5491">
    <p class='ocr_par' dir='ltr' id='par_1_87' title="bbox 468 5417 1855 5491">
     <span class='ocr_line' id='line_1_87' title="bbox 468 5417 1855 5491; baseline 0.007 -21"><span class='ocrx_word' id='word_1_697' title='bbox 468 5431 546 5482; x_wconf 79' lang='lat' dir='ltr'><strong>tv,</strong></span> <span class='ocrx_word' id='word_1_698' title='bbox 574 5417 626 5484; x_wconf 84' lang='lat' dir='ltr'><strong>l,</strong></span> <span class='ocrx_word' id='word_1_699' title='bbox 657 5419 709 5474; x_wconf 91' lang='lat'><strong>8.</strong></span> <span class='ocrx_word' id='word_1_700' title='bbox 786 5419 830 5452; x_wconf 77' lang='lat'><strong>&quot;</strong></span> <span class='ocrx_word' id='word_1_701' title='bbox 857 5422 1019 5479; x_wconf 80' lang='lat' dir='ltr'><strong>Rom.</strong></span> <span class='ocrx_word' id='word_1_702' title='bbox 1051 5441 1132 5491; x_wconf 88' lang='grc' dir='ltr'>ιιι,</span> <span class='ocrx_word' id='word_1_703' title='bbox 1156 5426 1248 5490; x_wconf 76' lang='lat'><strong>9.7,</strong></span> <span class='ocrx_word' id='word_1_704' title='bbox 1276 5426 1368 5482; x_wconf 75' lang='lat'><strong>28.</strong></span> <span class='ocrx_word' id='word_1_705' title='bbox 1443 5417 1488 5458; x_wconf 53' lang='grc'><strong>’⁸⁷³</strong></span> <span class='ocrx_word' id='word_1_706' title='bbox 1513 5417 1666 5481; x_wconf 68' lang='lat' dir='ltr'><strong>item.</strong></span> <span class='ocrx_word' id='word_1_707' title='bbox 1693 5440 1770 5490; x_wconf 89' lang='lat' dir='ltr'><strong>tv,</strong></span> <span class='ocrx_word' id='word_1_708' title='bbox 1797 5426 1855 5480; x_wconf 76' lang='lat'><strong>2.</strong></span> 
     </span>
    </p>
   </div>
   <div class='ocr_carea' id='block_1_88' title="bbox 541 5571 1682 5643">
    <p class='ocr_par' dir='ltr' id='par_1_88' title="bbox 541 5571 1682 5643">
     <span class='ocr_line' id='line_1_88' title="bbox 541 5571 1682 5643; baseline 0.008 -17"><span class='ocrx_word' id='word_1_709' title='bbox 541 5571 654 5643; x_wconf 74' lang='grc'><strong>(21)</strong></span> <span class='ocrx_word' id='word_1_710' title='bbox 686 5577 799 5631; x_wconf 68' lang='lat' dir='ltr'><strong>vlta</strong></span> <span class='ocrx_word' id='word_1_711' title='bbox 827 5597 845 5631; x_wconf 81' lang='grc' dir='ltr'><strong>ι</strong></span> <span class='ocrx_word' id='word_1_712' title='bbox 873 5581 1022 5633; x_wconf 85' lang='lat' dir='ltr'><strong>deest</strong></span> <span class='ocrx_word' id='word_1_713' title='bbox 1048 5581 1101 5634; x_wconf 91' lang='lat' dir='ltr'><strong>in</strong></span> <span class='ocrx_word' id='word_1_714' title='bbox 1134 5580 1287 5636; x_wconf 85' lang='lat' dir='ltr'><strong>libris</strong></span> <span class='ocrx_word' id='word_1_715' title='bbox 1313 5594 1471 5636; x_wconf 87' lang='lat' dir='ltr'><strong>antea</strong></span> <span class='ocrx_word' id='word_1_716' title='bbox 1499 5582 1682 5637; x_wconf 89' lang='lat' dir='ltr'><strong>editis.</strong></span> 
     </span>
    </p>
   </div>
   <div class='ocr_carea' id='block_1_89' title="bbox 547 5645 1859 5723">
    <p class='ocr_par' dir='ltr' id='par_1_89' title="bbox 547 5645 1859 5723">
     <span class='ocr_line' id='line_1_89' title="bbox 547 5645 1859 5723; baseline 0.007 -26"><span class='ocrx_word' id='word_1_717' title='bbox 684 5646 1130 5723; x_wconf 53' lang='lat' dir='ltr'><strong>ﬁditipcrperam</strong></span> <span class='ocrx_word' id='word_1_718' title='bbox 1169 5651 1372 5706; x_wconf 76' lang='lat' dir='ltr'><strong>habent</strong></span> <span class='ocrx_word' id='word_1_719' title='bbox 1412 5674 1430 5704; x_wconf 79' lang='grc' dir='ltr'><strong>ι</strong></span> <span class='ocrx_word' id='word_1_720' title='bbox 1471 5655 1859 5723; x_wconf 69' lang='lat' dir='ltr'><strong>mercedem.)</strong></span> 
     </span>
    </p>
   </div>
   <div class='ocr_carea' id='block_1_90' title="bbox 546 5716 2037 5790">
    <p class='ocr_par' dir='ltr' id='par_1_90' title="bbox 546 5716 2037 5790">
     <span class='ocr_line' id='line_1_90' title="bbox 546 5716 2037 5790; baseline 0.005 -21"><span class='ocrx_word' id='word_1_721' title='bbox 546 5716 660 5786; x_wconf 69' lang='grc' dir='ltr'><strong>(τιὸ)</strong></span> <span class='ocrx_word' id='word_1_722' title='bbox 689 5716 861 5784; x_wconf 68' lang='lat' dir='ltr'><strong>Editi,</strong></span> <span class='ocrx_word' id='word_1_723' title='bbox 891 5739 908 5770; x_wconf 80' lang='grc' dir='ltr'><strong>ι</strong></span> <span class='ocrx_word' id='word_1_724' title='bbox 948 5716 1082 5775; x_wconf 84' lang='lat' dir='ltr'><strong>Nam</strong></span> <span class='ocrx_word' id='word_1_725' title='bbox 1115 5723 1158 5777; x_wconf 88' lang='lat' dir='ltr'><strong>si</strong></span> <span class='ocrx_word' id='word_1_726' title='bbox 1207 5723 1533 5790; x_wconf 84' lang='lat' dir='ltr'><strong>justilicatus</strong></span> <span class='ocrx_word' id='word_1_727' title='bbox 1574 5741 1679 5780; x_wconf 89' lang='lat' dir='ltr'><strong>non</strong></span> <span class='ocrx_word' id='word_1_728' title='bbox 1732 5722 1895 5779; x_wconf 88' lang='lat' dir='ltr'><strong>habet</strong></span> <span class='ocrx_word' id='word_1_729' title='bbox 1925 5722 2037 5790; x_wconf 77' lang='lat' dir='ltr'><strong>glo-</strong></span> 
     </span>
    </p>
   </div>
   <div class='ocr_carea' id='block_1_91' title="bbox 1781 5343 2873 5411">
    <p class='ocr_par' dir='ltr' id='par_1_91' title="bbox 1781 5343 2873 5411">
     <span class='ocr_line' id='line_1_91' title="bbox 1781 5343 2873 5411; baseline -0.011 -1"><span class='ocrx_word' id='word_1_730' title='bbox 1781 5354 1827 5386; x_wconf 78' lang='grc'><em>³³</em></span> <span class='ocrx_word' id='word_1_731' title='bbox 1856 5352 2015 5408; x_wconf 80' lang='lat' dir='ltr'><strong>Joan.</strong></span> <span class='ocrx_word' id='word_1_732' title='bbox 2055 5349 2137 5411; x_wconf 83' lang='lat' dir='ltr'><strong>in,</strong></span> <span class='ocrx_word' id='word_1_733' title='bbox 2177 5348 2268 5402; x_wconf 78' lang='lat'><strong>&#39;50.</strong></span> <span class='ocrx_word' id='word_1_734' title='bbox 2345 5345 2392 5377; x_wconf 80' lang='grc'><strong>⁸⁹</strong></span> <span class='ocrx_word' id='word_1_735' title='bbox 2426 5345 2442 5400; x_wconf 97' lang='grc' dir='ltr'><strong>Ι</strong></span> <span class='ocrx_word' id='word_1_736' title='bbox 2477 5345 2604 5400; x_wconf 89' lang='lat' dir='ltr'><strong>Cor.</strong></span> <span class='ocrx_word' id='word_1_737' title='bbox 2635 5361 2756 5408; x_wconf 78' lang='lat' dir='ltr'><strong>xm,</strong></span> <span class='ocrx_word' id='word_1_738' title='bbox 2785 5343 2873 5398; x_wconf 78' lang='lat' dir='ltr'><strong>ll.</strong></span> 
     </span>
    </p>
   </div>
   <div class='ocr_carea' id='block_1_92' title="bbox 1940 5413 2934 5481">
    <p class='ocr_par' dir='ltr' id='par_1_92' title="bbox 1940 5413 2934 5481">
     <span class='ocr_line' id='line_1_92' title="bbox 1940 5413 2934 5481; baseline -0.01 -4"><span class='ocrx_word' id='word_1_739' title='bbox 1940 5422 1986 5454; x_wconf 74' lang='lat'><strong>“</strong></span> <span class='ocrx_word' id='word_1_740' title='bbox 2016 5420 2151 5476; x_wconf 71' lang='lat' dir='ltr'><strong>Gell.</strong></span> <span class='ocrx_word' id='word_1_741' title='bbox 2179 5433 2266 5480; x_wconf 87' lang='lat' dir='ltr'><strong>xv,</strong></span> <span class='ocrx_word' id='word_1_742' title='bbox 2304 5415 2357 5471; x_wconf 87' lang='lat'><strong>6.</strong></span> <span class='ocrx_word' id='word_1_743' title='bbox 2428 5417 2473 5449; x_wconf 68' lang='grc'><strong>⁸⁸</strong></span> <span class='ocrx_word' id='word_1_744' title='bbox 2499 5417 2658 5470; x_wconf 78' lang='lat' dir='ltr'><strong>Rout.</strong></span> <span class='ocrx_word' id='word_1_745' title='bbox 2686 5431 2761 5481; x_wconf 81' lang='lat' dir='ltr'><strong>IV,</strong></span> <span class='ocrx_word' id='word_1_746' title='bbox 2789 5414 2844 5477; x_wconf 78' lang='grc'>4,</span> <span class='ocrx_word' id='word_1_747' title='bbox 2880 5413 2934 5468; x_wconf 83' lang='lat'><strong>5.</strong></span> 
     </span>
    </p>
   </div>
   <div class='ocr_carea' id='block_1_93' title="bbox 2152 4538 3732 4610">
    <p class='ocr_par' dir='ltr' id='par_1_93' title="bbox 2152 4538 3732 4610">
     <span class='ocr_line' id='line_1_93' title="bbox 2152 4538 3732 4610; baseline 0.003 -22"><span class='ocrx_word' id='word_1_748' title='bbox 2152 4538 2244 4606; x_wconf 90' lang='lat' dir='ltr'><strong>qni</strong></span> <span class='ocrx_word' id='word_1_749' title='bbox 2273 4553 2398 4594; x_wconf 88' lang='lat' dir='ltr'><strong>vero</strong></span> <span class='ocrx_word' id='word_1_750' title='bbox 2427 4541 2878 4609; x_wconf 88' lang='lat' dir='ltr'><strong>justiﬁcationem</strong></span> <span class='ocrx_word' id='word_1_751' title='bbox 2908 4556 2974 4594; x_wconf 82' lang='lat' dir='ltr'><strong>ex</strong></span> <span class='ocrx_word' id='word_1_752' title='bbox 3005 4538 3264 4610; x_wconf 88' lang='lat' dir='ltr'><strong>operibus</strong></span> <span class='ocrx_word' id='word_1_753' title='bbox 3308 4549 3516 4610; x_wconf 78' lang='lat' dir='ltr'><strong>sperat,</strong></span> <span class='ocrx_word' id='word_1_754' title='bbox 3555 4551 3732 4608; x_wconf 87' lang='lat' dir='ltr'><strong>potest</strong></span> 
     </span>
    </p>
   </div>
   <div class='ocr_carea' id='block_1_94' title="bbox 2146 4633 3732 4706">
    <p class='ocr_par' dir='ltr' id='par_1_94' title="bbox 2146 4633 3732 4706">
     <span class='ocr_line' id='line_1_94' title="bbox 2146 4633 3732 4706; baseline -0.001 -20"><span class='ocrx_word' id='word_1_755' title='bbox 2146 4633 2262 4686; x_wconf 83' lang='lat' dir='ltr'><strong>ﬁeri</strong></span> <span class='ocrx_word' id='word_1_756' title='bbox 2289 4643 2346 4686; x_wconf 93' lang='lat' dir='ltr'><strong>ut</strong></span> <span class='ocrx_word' id='word_1_757' title='bbox 2385 4650 2547 4705; x_wconf 84' lang='lat' dir='ltr'><strong>Opera</strong></span> <span class='ocrx_word' id='word_1_758' title='bbox 2579 4636 2697 4706; x_wconf 88' lang='lat' dir='ltr'><strong>ejus</strong></span> <span class='ocrx_word' id='word_1_759' title='bbox 2729 4635 2894 4689; x_wconf 88' lang='lat' dir='ltr'><strong>etiam</strong></span> <span class='ocrx_word' id='word_1_760' title='bbox 2925 4637 2992 4688; x_wconf 91' lang='lat' dir='ltr'><strong>ab</strong></span> <span class='ocrx_word' id='word_1_761' title='bbox 3024 4635 3336 4690; x_wconf 89' lang='lat' dir='ltr'><strong>hominibus</strong></span> <span class='ocrx_word' id='word_1_762' title='bbox 3369 4633 3732 4702; x_wconf 84' lang='lat' dir='ltr'><strong>comproben-</strong></span> 
     </span>
    </p>
   </div>
   <div class='ocr_carea' id='block_1_95' title="bbox 2150 4724 3730 4796">
    <p class='ocr_par' dir='ltr' id='par_1_95' title="bbox 2150 4724 3730 4796">
     <span class='ocr_line' id='line_1_95' title="bbox 2150 4724 3730 4796; baseline -0.002 -17"><span class='ocrx_word' id='word_1_763' title='bbox 2150 4736 2257 4779; x_wconf 90' lang='lat' dir='ltr'><strong>tur.</strong></span> <span class='ocrx_word' id='word_1_764' title='bbox 2310 4724 2494 4779; x_wconf 80' lang='lat' dir='ltr'><strong>Palam</strong></span> <span class='ocrx_word' id='word_1_765' title='bbox 2551 4741 2784 4796; x_wconf 89' lang='lat' dir='ltr'><strong>namque</strong></span> <span class='ocrx_word' id='word_1_766' title='bbox 2834 4737 2952 4790; x_wconf 91' lang='lat' dir='ltr'><strong>est,</strong></span> <span class='ocrx_word' id='word_1_767' title='bbox 3003 4737 3059 4781; x_wconf 91' lang='lat' dir='ltr'><strong>et</strong></span> <span class='ocrx_word' id='word_1_768' title='bbox 3111 4726 3283 4780; x_wconf 86' lang='lat' dir='ltr'><strong>videri</strong></span> <span class='ocrx_word' id='word_1_769' title='bbox 3339 4725 3512 4781; x_wconf 89' lang='lat' dir='ltr'><strong>oculis</strong></span> <span class='ocrx_word' id='word_1_770' title='bbox 3548 4732 3730 4795; x_wconf 87' lang='lat' dir='ltr'><strong>potest</strong></span> 
     </span>
    </p>
   </div>
   <div class='ocr_carea' id='block_1_96' title="bbox 2147 4817 3730 4887">
    <p class='ocr_par' dir='ltr' id='par_1_96' title="bbox 2147 4817 3730 4887">
     <span class='ocr_line' id='line_1_96' title="bbox 2147 4817 3730 4887; baseline -0.001 -17"><span class='ocrx_word' id='word_1_771' title='bbox 2147 4817 2408 4887; x_wconf 89' lang='lat' dir='ltr'><strong>quidquid</strong></span> <span class='ocrx_word' id='word_1_772' title='bbox 2436 4833 2602 4886; x_wconf 85' lang='lat' dir='ltr'><strong>opere</strong></span> <span class='ocrx_word' id='word_1_773' title='bbox 2647 4817 2995 4873; x_wconf 81' lang='lat' dir='ltr'><strong>manifestum</strong></span> <span class='ocrx_word' id='word_1_774' title='bbox 3026 4827 3110 4871; x_wconf 87' lang='lat' dir='ltr'><strong>est</strong></span> <span class='ocrx_word' id='word_1_775' title='bbox 3137 4835 3154 4882; x_wconf 88' lang='lat'><strong>;</strong></span> <span class='ocrx_word' id='word_1_776' title='bbox 3199 4827 3253 4870; x_wconf 90' lang='lat' dir='ltr'><strong>et</strong></span> <span class='ocrx_word' id='word_1_777' title='bbox 3283 4817 3327 4871; x_wconf 94' lang='lat' dir='ltr'><strong>si</strong></span> <span class='ocrx_word' id='word_1_778' title='bbox 3382 4817 3516 4870; x_wconf 89' lang='lat' dir='ltr'><strong>lides</strong></span> <span class='ocrx_word' id='word_1_779' title='bbox 3551 4820 3604 4869; x_wconf 91' lang='lat' dir='ltr'><strong>in</strong></span> <span class='ocrx_word' id='word_1_780' title='bbox 3636 4832 3730 4868; x_wconf 90' lang='lat' dir='ltr'><strong>oc-</strong></span> 
     </span>
    </p>
   </div>
   <div class='ocr_carea' id='block_1_97' title="bbox 2150 4906 3725 4979">
    <p class='ocr_par' dir='ltr' id='par_1_97' title="bbox 2150 4906 3725 4979">
     <span class='ocr_line' id='line_1_97' title="bbox 2150 4906 3725 4979; baseline -0.003 -17"><span class='ocrx_word' id='word_1_781' title='bbox 2150 4909 2297 4964; x_wconf 91' lang='lat' dir='ltr'><strong>culto</strong></span> <span class='ocrx_word' id='word_1_782' title='bbox 2326 4919 2411 4962; x_wconf 90' lang='lat' dir='ltr'><strong>est</strong></span> <span class='ocrx_word' id='word_1_783' title='bbox 2435 4950 2451 4976; x_wconf 93' lang='lat'><strong>,</strong></span> <span class='ocrx_word' id='word_1_784' title='bbox 2483 4925 2647 4978; x_wconf 88' lang='lat' dir='ltr'><strong>opera</strong></span> <span class='ocrx_word' id='word_1_785' title='bbox 2695 4920 2876 4964; x_wconf 88' lang='lat' dir='ltr'><strong>autem</strong></span> <span class='ocrx_word' id='word_1_786' title='bbox 2920 4909 3097 4979; x_wconf 90' lang='lat' dir='ltr'><strong>palam</strong></span> <span class='ocrx_word' id='word_1_787' title='bbox 3131 4919 3301 4971; x_wconf 90' lang='lat' dir='ltr'><strong>sunt,</strong></span> <span class='ocrx_word' id='word_1_788' title='bbox 3344 4909 3637 4961; x_wconf 89' lang='lat' dir='ltr'><strong>conveniet</strong></span> <span class='ocrx_word' id='word_1_789' title='bbox 3669 4906 3725 4958; x_wconf 91' lang='lat' dir='ltr'><strong>in</strong></span> 
     </span>
    </p>
   </div>
   <div class='ocr_carea' id='block_1_98' title="bbox 2155 4999 3723 5070">
    <p class='ocr_par' dir='ltr' id='par_1_98' title="bbox 2155 4999 3723 5070">
     <span class='ocr_line' id='line_1_98' title="bbox 2155 4999 3723 5070; baseline -0.001 -18"><span class='ocrx_word' id='word_1_790' title='bbox 2155 4999 2256 5053; x_wconf 87' lang='lat' dir='ltr'><strong>hoc</strong></span> <span class='ocrx_word' id='word_1_791' title='bbox 2288 5001 2491 5053; x_wconf 89' lang='lat' dir='ltr'><strong>assumi</strong></span> <span class='ocrx_word' id='word_1_792' title='bbox 2520 5000 2648 5054; x_wconf 92' lang='lat' dir='ltr'><strong>illud</strong></span> <span class='ocrx_word' id='word_1_793' title='bbox 2675 4999 2816 5070; x_wconf 88' lang='lat' dir='ltr'><strong>quod</strong></span> <span class='ocrx_word' id='word_1_794' title='bbox 2846 5001 3106 5069; x_wconf 90' lang='lat' dir='ltr'><strong>scriptum</strong></span> <span class='ocrx_word' id='word_1_795' title='bbox 3138 5009 3222 5053; x_wconf 89' lang='lat' dir='ltr'><strong>est</strong></span> <span class='ocrx_word' id='word_1_796' title='bbox 3255 5015 3268 5052; x_wconf 92' lang='lat'><strong>:</strong></span> <span class='ocrx_word' id='word_1_797' title='bbox 3307 5017 3327 5051; x_wconf 78' lang='grc' dir='ltr'><strong>ι</strong></span> <span class='ocrx_word' id='word_1_798' title='bbox 3361 5000 3489 5064; x_wconf 76' lang='lat' dir='ltr'><strong>Qua:</strong></span> <span class='ocrx_word' id='word_1_799' title='bbox 3515 5000 3723 5054; x_wconf 86' lang='lat' dir='ltr'><strong>occulta</strong></span> 
     </span>
    </p>
   </div>
   <div class='ocr_carea' id='block_1_99' title="bbox 2150 5090 3725 5160">
    <p class='ocr_par' dir='ltr' id='par_1_99' title="bbox 2150 5090 3725 5160">
     <span class='ocr_line' id='line_1_99' title="bbox 2150 5090 3725 5160; baseline -0.003 -15"><span class='ocrx_word' id='word_1_800' title='bbox 2150 5102 2277 5145; x_wconf 89' lang='lat' dir='ltr'><strong>sunt</strong></span> <span class='ocrx_word' id='word_1_801' title='bbox 2306 5090 2538 5145; x_wconf 88' lang='lat' dir='ltr'><strong>Domino</strong></span> <span class='ocrx_word' id='word_1_802' title='bbox 2590 5093 2698 5146; x_wconf 87' lang='lat' dir='ltr'><strong>Deo</strong></span> <span class='ocrx_word' id='word_1_803' title='bbox 2733 5101 2844 5154; x_wconf 91' lang='lat' dir='ltr'><strong>tuo,</strong></span> <span class='ocrx_word' id='word_1_804' title='bbox 2870 5106 2992 5160; x_wconf 62' lang='lat' dir='ltr'><strong>quae</strong></span> <span class='ocrx_word' id='word_1_805' title='bbox 3025 5101 3210 5144; x_wconf 89' lang='lat' dir='ltr'><strong>autem</strong></span> <span class='ocrx_word' id='word_1_806' title='bbox 3261 5090 3550 5144; x_wconf 76' lang='lat' dir='ltr'><strong>manifesta</strong></span> <span class='ocrx_word' id='word_1_807' title='bbox 3595 5098 3725 5142; x_wconf 92' lang='lat' dir='ltr'><strong>sunt</strong></span> 
     </span>
    </p>
   </div>
   <div class='ocr_carea' id='block_1_100' title="bbox 2151 5181 3724 5248">
    <p class='ocr_par' dir='ltr' id='par_1_100' title="bbox 2151 5181 3724 5248">
     <span class='ocr_line' id='line_1_100' title="bbox 2151 5181 3724 5248; baseline -0.001 -14"><span class='ocrx_word' id='word_1_808' title='bbox 2151 5183 2305 5238; x_wconf 83' lang='lat' dir='ltr'><strong>vobis</strong></span> <span class='ocrx_word' id='word_1_809' title='bbox 2335 5192 2390 5237; x_wconf 90' lang='lat' dir='ltr'><strong>et</strong></span> <span class='ocrx_word' id='word_1_810' title='bbox 2436 5184 2561 5238; x_wconf 90' lang='lat' dir='ltr'><strong>ﬁliis</strong></span> <span class='ocrx_word' id='word_1_811' title='bbox 2592 5185 2785 5239; x_wconf 84' lang='lat' dir='ltr'><strong>vestris</strong></span> <span class='ocrx_word' id='word_1_812' title='bbox 2822 5184 2888 5237; x_wconf 76' lang='lat'><strong>&quot;°.</strong></span> <span class='ocrx_word' id='word_1_813' title='bbox 2936 5203 2954 5234; x_wconf 76' lang='grc' dir='ltr'><strong>ι</strong></span> <span class='ocrx_word' id='word_1_814' title='bbox 2989 5183 3099 5237; x_wconf 90' lang='lat' dir='ltr'><strong>Sed</strong></span> <span class='ocrx_word' id='word_1_815' title='bbox 3153 5191 3209 5236; x_wconf 88' lang='lat' dir='ltr'><strong>et</strong></span> <span class='ocrx_word' id='word_1_816' title='bbox 3243 5181 3370 5235; x_wconf 92' lang='lat' dir='ltr'><strong>illud</strong></span> <span class='ocrx_word' id='word_1_817' title='bbox 3403 5181 3487 5234; x_wconf 89' lang='lat' dir='ltr'><strong>his</strong></span> <span class='ocrx_word' id='word_1_818' title='bbox 3533 5189 3724 5248; x_wconf 87' lang='lat' dir='ltr'><strong>aptare</strong></span> 
     </span>
    </p>
   </div>
   <div class='ocr_carea' id='block_1_101' title="bbox 2949 5338 3720 5406">
    <p class='ocr_par' dir='ltr' id='par_1_101' title="bbox 2949 5338 3720 5406">
     <span class='ocr_line' id='line_1_101' title="bbox 2949 5338 3720 5406; baseline -0.004 -12"><span class='ocrx_word' id='word_1_819' title='bbox 2949 5341 2997 5374; x_wconf 71' lang='grc' dir='ltr'><strong>⁸ο</strong></span> <span class='ocrx_word' id='word_1_820' title='bbox 3021 5341 3182 5396; x_wconf 73' lang='lat' dir='ltr'><strong>llum.</strong></span> <span class='ocrx_word' id='word_1_821' title='bbox 3217 5355 3300 5406; x_wconf 90' lang='grc' dir='ltr'>ιιι,</span> <span class='ocrx_word' id='word_1_822' title='bbox 3331 5341 3418 5395; x_wconf 77' lang='lat' dir='ltr'><strong>3i.</strong></span> <span class='ocrx_word' id='word_1_823' title='bbox 3497 5338 3539 5370; x_wconf 68' lang='grc' dir='ltr'>δι</span> <span class='ocrx_word' id='word_1_824' title='bbox 3560 5338 3720 5393; x_wconf 75' lang='lat' dir='ltr'><strong>Rom.</strong></span> 
     </span>
    </p>
   </div>
   <div class='ocr_carea' id='block_1_102' title="bbox 3012 5410 3539 5476">
    <p class='ocr_par' dir='ltr' id='par_1_102' title="bbox 3012 5410 3539 5476">
     <span class='ocr_line' id='line_1_102' title="bbox 3012 5410 3539 5476; baseline -0.008 -9"><span class='ocrx_word' id='word_1_825' title='bbox 3012 5413 3057 5444; x_wconf 73' lang='lat'>“</span> <span class='ocrx_word' id='word_1_826' title='bbox 3087 5415 3242 5467; x_wconf 83' lang='lat' dir='ltr'><strong>Deut.</strong></span> <span class='ocrx_word' id='word_1_827' title='bbox 3269 5427 3416 5476; x_wconf 72' lang='lat' dir='ltr'><strong>uix,</strong></span> <span class='ocrx_word' id='word_1_828' title='bbox 3450 5410 3539 5466; x_wconf 76' lang='lat'><strong>‘29.</strong></span> 
     </span>
    </p>
   </div>
   <div class='ocr_carea' id='block_1_103' title="bbox 2155 5585 2504 5646">
    <p class='ocr_par' dir='ltr' id='par_1_103' title="bbox 2155 5585 2504 5646">
     <span class='ocr_line' id='line_1_103' title="bbox 2155 5585 2504 5646; baseline 0.003 -9"><span class='ocrx_word' id='word_1_829' title='bbox 2155 5585 2309 5646; x_wconf 86' lang='lat' dir='ltr'><strong>riam,</strong></span> <span class='ocrx_word' id='word_1_830' title='bbox 2360 5602 2378 5635; x_wconf 75' lang='grc' dir='ltr'><strong>ι</strong></span> <span class='ocrx_word' id='word_1_831' title='bbox 2401 5595 2504 5638; x_wconf 84' lang='lat' dir='ltr'><strong>etc.</strong></span> 
     </span>
    </p>
   </div>
   <div class='ocr_carea' id='block_1_104' title="bbox 2223 5649 2975 5727">
    <p class='ocr_par' dir='ltr' id='par_1_104' title="bbox 2223 5649 2975 5727">
     <span class='ocr_line' id='line_1_104' title="bbox 2223 5649 2975 5727; baseline -0.008 -18"><span class='ocrx_word' id='word_1_832' title='bbox 2223 5653 2335 5727; x_wconf 66' lang='grc'><strong>(24)</strong></span> <span class='ocrx_word' id='word_1_833' title='bbox 2373 5655 2543 5719; x_wconf 81' lang='lat' dir='ltr'><strong>Alias,</strong></span> <span class='ocrx_word' id='word_1_834' title='bbox 2579 5669 2598 5704; x_wconf 78' lang='grc' dir='ltr'><strong>ι</strong></span> <span class='ocrx_word' id='word_1_835' title='bbox 2629 5649 2912 5720; x_wconf 69' lang='lat' dir='ltr'><strong>praevidet.</strong></span> <span class='ocrx_word' id='word_1_836' title='bbox 2948 5663 2975 5703; x_wconf 70' lang='grc' dir='ltr'><strong>ι</strong></span> 
     </span>
    </p>
   </div>
  </div>
