4170 6398
413 317 510 370 961

1362 316 1721 375 COMMENT.
1760 321 1825 374 IN
1861 318 2079 375 EPiST.
2122 324 2212 378 AD
2247 323 2417 380 ROM.
2449 325 2577 383 LIB.
2619 327 2710 381 IV.

3555 329 3672 390 962.

329 453 342 462 -
413 430 702 486 conveniet
729 431 874 500 quod
903 431 1168 502 scriptum
1200 441 1285 486 est
1314 473 1329 499 ,
1362 433 1489 502 quia
1523 452 1541 485 ι
1579 433 1759 502 justus
1792 449 1856 488 ex
1887 434 1991 488 ﬁde
2020 439 2064 495 Α
2090 437 2259 491 etiam
2317 441 2618 494 secundum
2679 453 2902 496 carnem
2955 451 3164 510 patrem
3213 443 3496 500 nominare
3546 446 3661 519 (29)

414 538 532 577 mea
564 523 708 578 vivet
731 523 798 578 ".
838 542 857 575 ›
895 521 1278 593 Competenter
1327 525 1492 594 igitur
1517 525 1751 579 dicimus
1777 526 1902 596 quia
1931 525 1986 580 hi

415 616 509 685 qui
559 617 853 670 secundum
895 617 1211 671 interiorem
1249 616 1524 670 hominem
1583 617 1990 671 circumcidun-

413 716 522 773 tur,
559 716 616 762 et
657 708 712 761 in
746 707 967 762 occulto
1010 705 1180 762 Judaei
1213 717 1361 773 sunt,
1391 708 1610 777 spiritu,
1645 725 1750 763 non
1784 709 1985 775 littera,

413 802 608 855 horum
634 801 756 856 laus
777 810 834 855 et
865 801 1040 872 gloria
1077 816 1183 854 non
1229 802 1368 869 apud
1415 801 1684 868 homines,
1718 801 1811 857 sed
1845 803 1986 870 apud

416 893 583 948 Deum
613 904 716 948 est.
743 895 847 960 Qui
876 910 1008 948 vero
1040 909 1110 948 ex
1140 894 1397 962 operibus
1429 892 1821 961 justiticantur,
1855 909 1988 962 quo-

412 986 560 1040 niam
585 987 760 1054 palam
791 996 920 1041 sunt
949 995 1004 1040 et
1043 985 1331 1040 manifesta
1372 1001 1532 1054 opera
1569 1001 1778 1050 eorum,
1812 997 1986 1054 potest

412 1091 535 1130 esse
562 1076 734 1146 gloria
758 1091 948 1129 eorum
982 1075 1064 1131 vel
1095 1076 1236 1143 apud
1285 1086 1507 1129 sanctos
1533 1090 1780 1143 quosque
1820 1086 1872 1129 et
1899 1075 1990 1142 ju-

415 1177 530 1223 SIOS
569 1170 660 1236 qui
703 1169 981 1237 accipiunt
1021 1183 1052 1223 a
1089 1167 1201 1222 Deo
1250 1175 1576 1238 potestatem
1612 1168 1679 1220 de
1734 1168 1990 1224 humanis

413 1259 672 1325 operibus
701 1259 1011 1314 visibilibus
1055 1258 1334 1328 judicandi
1357 1297 1373 1321 ,
1409 1257 1492 1310 vel
1525 1257 1689 1312 etiam
1719 1257 1861 1326 apud
1892 1271 1990 1308 au-

418 1350 594 1419 gelos,
644 1361 991 1419 caaterasque
1018 1353 1277 1404 virtutum
1325 1350 1626 1404 caelestium
1670 1357 1986 1419 potestates.

414 1444 505 1510 qui
540 1444 727 1512 utique
750 1444 1056 1513 gloriﬁcare
1089 1458 1213 1496 eum
1248 1442 1402 1512 cujus
1431 1456 1596 1510 Opera
1621 1441 1990 1511 probaverunt

416 1545 662 1602 possunt.
700 1534 926 1590 Occulta
949 1550 1078 1590 vero
1101 1535 1286 1588 cordis
1318 1532 1570 1601 quoniam
1597 1531 1764 1585 solius
1787 1531 1878 1584 Dei
1905 1540 1990 1585 est

417 1643 666 1690 noscere,
689 1627 805 1695 ipse
839 1625 1084 1696 pervidet
1113 1625 1156 1677 si
1188 1626 1240 1678 in
1276 1638 1604 1693 unoquoque
1629 1622 1749 1676 ﬁdei
1781 1621 1990 1676 habitat

415 1719 616 1786 aliquis
644 1717 876 1771 aﬁ'ectus
910 1717 1024 1788 (25)
1060 1735 1073 1770 :
1110 1728 1164 1770 et
1193 1716 1315 1769 ideo
1344 1717 1434 1782 qui
1475 1730 1541 1769 ex
1582 1715 1686 1768 ﬁde
1715 1713 1984 1781 justiﬁca-

417 1818 528 1874 tur,
559 1808 702 1878 apud
736 1808 908 1863 solum
946 1807 1116 1860 Deum
1148 1807 1312 1860 habet
1343 1805 1568 1875 gloriam
1605 1805 1698 1873 qui
1742 1805 1988 1859 occulto-

414 1916 536 1955 rum
586 1901 838 1956 notitiam
886 1901 1047 1954 habet
1090 1898 1242 1969 (26),
1276 1907 1331 1952 et
1380 1898 1500 1952 ﬁdei
1531 1897 1680 1952 solus
1715 1897 1989 1964 inspector

413 2002 518 2046 est.
555 1991 720 2060 Igitur
762 2000 817 2046 et
855 2010 873 2042 ί
909 1991 1184 2044 Abraham
1225 1989 1268 2042 si
1322 2004 1388 2041 ex
1426 1987 1683 2056 operibus
1709 2028 1724 2053 ,
1777 1987 1987 2055 inquit,

408 2083 740 2152 justiﬁeatus
768 2093 868 2141 est.
903 2082 1066 2135 habet
1101 2099 1119 2130 ι
1153 2081 1372 2150 quidem
1408 2099 1426 2130 ι
1463 2079 1692 2147 gloriam
1727 2096 1745 2128 ι
1770 2093 1834 2131 ex
1857 2092 1988 2145 ope-

415 2173 564 2224 ribus
599 2172 929 2234 venientem,
970 2188 988 2220 ‹
1022 2173 1114 2222 sed
1163 2184 1270 2221 non
1321 2187 1340 2220 ι
1375 2168 1519 2222 illam
1559 2183 1680 2236 quae
1725 2185 1743 2217 ι
1787 2170 1926 2236 apud
1963 2187 1984 2220 ι

412 2263 590 2317 solum
623 2261 736 2331 (27)
764 2280 782 2311 ι
822 2260 990 2314 Deum
1035 2279 1053 2310 ι
1088 2271 1170 2314 est
1197 2275 1212 2324 ;
1237 2272 1289 2313 at
1330 2271 1539 2314 certum
1583 2268 1667 2314 est
1697 2259 1976 2314 Abraham

414 2360 554 2427 apud
582 2358 753 2412 solum
784 2358 950 2411 Deum
983 2358 1182 2411 habere
1199 2356 1427 2425 gloriam
1459 2376 1474 2411 :
1507 2372 1844 2426 consequens
1861 2373 1990 2428 ergo

420 2459 505 2503 est
538 2459 596 2502 ut
624 2465 728 2504 non
758 2465 825 2502 ex
873 2451 1151 2518 operibus,
1178 2450 1272 2504 sed
1303 2465 1369 2503 ex
1402 2448 1506 2504 ﬁde
1532 2450 1861 2520 justiticatus
1896 2454 1989 2505 sit.

414 2540 530 2596 Non
583 2552 762 2596 autem
790 2552 946 2608 putes
994 2542 1136 2608 quod
1166 2541 1210 2594 si
1247 2542 1370 2609 quis
1406 2544 1600 2596 habeat
1633 2543 1791 2595 talem
1831 2545 1988 2597 Iidem

417 2650 484 2688 ex
515 2651 618 2702 qua
646 2635 973 2704 justilicatus
1003 2635 1199 2688 habeat
1231 2636 1454 2702 gloriam
1479 2635 1624 2704 apud
1655 2635 1847 2698 Deum,
1873 2651 1994 2705 pos-

415 2728 488 2782 sit
519 2728 677 2782 simul
712 2742 834 2780 cunt
873 2742 935 2780 ea
970 2725 1173 2780 habere
1203 2735 1258 2778 et
1295 2726 1635 2794 injustitiam.
1667 2723 1824 2778 Nulla
1845 2727 1988 2780 enim

415 2834 544 2887 pars
572 2827 656 2872 est
703 2818 824 2871 lidei
857 2817 1020 2871 simul
1059 2832 1184 2870 cum
1216 2817 1557 2880 inﬁdelitate,
1588 2817 1735 2870 nulla
1761 2817 1990 2886 justitia:

414 2927 538 2964 cum
571 2912 855 2979 iniquitate
884 2910 1214 2973 communio,
1243 2912 1388 2963 sicut
1421 2924 1522 2963 nec
1555 2908 1661 2963 luci
1692 2924 1813 2962 cum
1848 2919 1992 2964 tene-

418 3003 530 3056 bris
575 3012 752 3071 potest
801 3017 923 3055 esse
971 3003 1205 3056 societas
1245 3001 1309 3054 ιε’.
1346 3003 1402 3055 Si
1439 3001 1584 3054 enim
1639 3017 1660 3051 ι
1696 3001 1788 3070 qui
1816 3003 1991 3055 credit

416 3097 559 3165 quod
590 3095 751 3149 Jesus
797 3104 880 3149 est
913 3095 1162 3149 Christus
1191 3134 1205 3156 .
1255 3109 1321 3148 ex
1369 3095 1475 3148 Deo
1511 3102 1671 3148 natus
1707 3103 1828 3160 est,
1859 3112 1879 3145 ι
1910 3103 1987 3155 et,

418 3205 438 3237 ι
477 3187 566 3256 qui
598 3201 662 3239 ex
700 3188 808 3238 Deo
841 3194 999 3238 natus
1031 3193 1153 3247 est,
1187 3201 1292 3235 non
1327 3194 1536 3251 peccat,
1584 3201 1604 3235 ι
1641 3183 1983 3236 manifestum

415 3290 494 3332 est
524 3279 649 3348 quia
682 3279 772 3346 qui
803 3277 974 3331 credit
1003 3274 1128 3329 Jesu
1171 3274 1410 3338 Christo,
1445 3290 1550 3329 nou
1583 3286 1774 3344 peccat
1805 3275 1988 3342 :quod

413 3369 458 3424 si
486 3377 697 3438 peccat,
729 3379 937 3423 certum
969 3377 1057 3422 est
1079 3370 1207 3436 quia
1237 3382 1341 3420 non
1395 3369 1568 3422 credit
1595 3369 1671 3422 ei.
1720 3367 1986 3421 indicium

414 3460 581 3530 igitur
615 3475 758 3514 verae
808 3458 935 3515 ﬁdei
988 3467 1074 3514 est
1137 3459 1227 3513 ubi
1264 3473 1370 3513 non
1423 3459 1781 3528 delinquitur,
1846 3460 1990 3514 sicut

414 3563 640 3606 econtra
661 3553 748 3606 ubi
766 3550 1102 3620 delinquitur
1118 3551 1454 3605 inﬁdelitatis
1469 3550 1726 3605 indicium
1748 3563 1832 3605 est
1850 3549 1986 3623 (28).

412 3642 704 3713 Propterea
736 3658 866 3714 ergo
895 3654 951 3698 et
982 3645 1036 3697 in
1069 3642 1178 3698 alio
1216 3643 1515 3710 Scriptura:
1563 3643 1685 3696 loco
1713 3641 1759 3674 ⁸³
1790 3643 1992 3698 dicitur

415 3735 482 3788 de
519 3736 841 3798 Abraham,
876 3735 1019 3804 quod
1065 3749 1135 3789 ex
1193 3735 1451 3804 operibus
1499 3734 1619 3788 ﬁdei
1652 3733 1988 3802 justiﬁcatus

413 3828 484 3881 sit
517 3840 534 3879 :
565 3828 690 3896 quia
742 3836 952 3881 certum
986 3837 1070 3882 est
1100 3841 1226 3881 eum
1279 3827 1369 3896 qui
1406 3841 1534 3882 vere
1583 3829 1758 3883 credit
1787 3868 1802 3894 ,
1851 3844 1990 3900 Opus

415 3921 564 3986 ﬁdei,
593 3930 648 3974 et
669 3919 916 3988 justitiae,
947 3928 1002 3973 et
1037 3922 1208 3975 totius
1246 3919 1506 3974 bonitatis
1536 3923 1779 3988 operari,
1813 3933 1869 3976 et
1898 3939 1991 3976 ca-

417 4030 604 4082 pacem
643 4013 758 4066 lieri
807 4013 1094 4081 utriusque
1137 4012 1342 4081 glorias,
1381 4023 1487 4065 tam
1539 4013 1654 4081 ejus
1681 4031 1801 4084 qua:
1846 4023 1989 4085 apud

417 4106 585 4160 Deum
623 4106 674 4159 in
701 4105 918 4159 occulto
960 4119 1066 4170 est,
1099 4120 1261 4175 quam
1293 4107 1457 4160 etiam
1499 4107 1617 4172 ejus
1660 4123 1780 4176 qua:
1812 4108 1988 4177 palam

415 4206 522 4261 est,
551 4201 605 4249 et
639 4211 746 4249 non
771 4195 945 4250 solum
982 4201 1120 4264 apud
1157 4195 1323 4248 Deum
1349 4205 1452 4249 est.
1493 4195 1594 4252 His
1623 4197 1696 4250 ita
1731 4214 1826 4267 pro
1857 4198 1989 4252 viri-

411 4291 516 4345 bus
551 4288 880 4360 explanatis,
919 4290 1084 4343 etiam
1130 4290 1259 4343 illud
1293 4292 1734 4358 praetereundum
1767 4292 1990 4346 minime

411 4383 630 4437 videtur
672 4383 819 4451 quod
870 4389 1077 4449 patrem
1130 4394 1376 4436 nostrum
1429 4383 1728 4437 secundum
1768 4397 1988 4436 carnem

417 4477 715 4531 nominavit
735 4476 1006 4530 Abraham
1025 4475 1093 4528 5°.
1121 4474 1378 4530 Gentium
1413 4477 1614 4530 etenim
1652 4486 1804 4545 pater
1818 4478 1992 4530 Abra-

417 4567 544 4622 ham
578 4570 876 4624 secundum
913 4570 1072 4623 ﬁdem
1097 4607 1112 4633 ,
1165 4584 1269 4621 non
1319 4568 1617 4620 secundum
1652 4583 1873 4622 carnem
1907 4569 1988 4621 vi-

417 4658 594 4713 detur.
645 4659 780 4712 Nam
831 4658 1006 4728 ipsius
1039 4659 1255 4729 quidem
1296 4658 1537 4728 Apostoli
1589 4668 1769 4728 potest
1795 4669 1851 4714 et
1901 4677 1990 4716 se-

415 4751 649 4807 cundum
681 4766 901 4807 carnem
939 4753 1045 4806 dici
1078 4770 1092 4806 :
1124 4767 1191 4806 ex
1238 4767 1441 4822 genere
1490 4753 1636 4808 enim
1688 4751 1988 4809 Israelitico

490 4913 534 4944 ⁸⁷
564 4911 767 4966 Hahae.
801 4927 860 4978 ιι,
891 4911 959 4975 4;
990 4909 1155 4966 Hebr.
1186 4925 1241 4970 x,
1275 4910 1366 4965 58.

417 4984 506 5038 l5.
601 4984 648 5014 ⁵³
682 4986 838 5037 Boni.
869 4997 943 5050 tv,
978 4980 1034 5035 5.
1129 4981 1176 5013 ⁵³
1209 4981 1348 5037 Gen.
1388 4997 1479 5048 xv,
1517 4982 1552 5036 5
1583 4998 1698 5052 seq.

417 5069 535 5121 ιιν,
565 5053 654 5118 19,
687 5053 778 5106 eo.

491 5166 606 5238 (25)
663 5167 758 5238 Sic,
810 5181 942 5220 mss.
968 5174 1053 5238 et
1084 5164 1367 5218 Babanus.
1402 5163 1835 5238 Editi_vel_'o_,_¢
1878 5160 1996 5238 ipse

419 5230 566 5293 enim
589 5230 858 5306 praevidet
885 5237 1012 5306 quis
1044 5237 1097 5290 in
1147 5245 1472 5303 unoquoque
1509 5232 1636 5287 lidei
1671 5231 1884 5286 habitat
1911 5230 1997 5285 af-

422 5311 616 5363 I'emus.
663 5325 682 5358 ι

489 5377 604 5448 (26)
631 5375 894 5448 Notitiam
915 5375 1086 5448 habet.
1107 5374 1463 5448 llaecdesunt
1495 5373 1548 5426 in
1590 5386 1749 5427 antea
1773 5371 1954 5427 editis.

489 5444 604 5518 (27)
638 5444 844 5518 Solum.
879 5447 934 5498 In
959 5445 1512 5518 editisdesideratur.

489 5511 597 5591 (‘28)
624 5517 771 5571 Sicut
807 5516 1169 5591 e__contr__a_ubi
1193 5513 1515 5583 delinquitur
1540 5511 1872 5591 inﬁdelitatis
1900 5513 1983 5566 in-

417 5583 615 5644 dicium
660 5595 758 5639 est.
813 5586 904 5639 Sic
946 5585 1073 5638 editi
1103 5595 1157 5638 ct
1198 5601 1326 5637 mss.
1385 5583 1577 5636 nostri.
1629 5583 1757 5636 Mss.
1803 5593 1979 5635 tamen

422 5675 560 5713 unus
591 5671 689 5726 pro
727 5655 810 5709 bis
840 5653 1022 5710 verbis
1050 5655 1249 5720 habet;
1287 5671 1308 5706 ι
1351 5653 1688 5709 inﬁdelitatis
1722 5654 1977 5708 indicium

419 5739 506 5784 est
525 5728 613 5782 ubi
641 5736 917 5796 peccatur.
951 5741 972 5776 ι

1457 4909 1504 4943 ⁴⁸
1529 4910 1570 4964 ll
1596 4911 1722 4966 Cor.
1753 4927 1827 4971 vr,
1853 4912 1939 4974 ιιι,
1975 4911 2061 4967 15.

1793 4982 1836 5013 ³⁸
1867 4983 2003 5036 Gen.
2036 4995 2134 5048 xtl,
2157 4982 2209 5038 1.

2088 529 2266 599 potuit
2316 529 2637 596 Abraham;
2686 541 2900 588 cazteraa
2941 549 3069 590 vero
3121 547 3310 604 gentes
3361 537 3415 591 in
3467 539 3661 608 spiritu

2086 635 2210 674 eum
2238 635 2467 690 patrem,
2499 637 2607 675 non
2641 623 2692 676 in
2724 638 2889 677 carne
2908 625 3265 679 nominabunt
3296 645 3308 680 :
3345 626 3446 680 nisi
3475 636 3662 697 utpote

2089 712 2142 765 in
2174 710 2307 766 locis
2333 711 2408 765 ita
2444 712 2691 783 angustis
2717 713 2784 766 ad
2835 713 3141 781 allegoricae
3168 714 3539 786 intelligentiae
3583 718 3663 770 Ia-

2090 802 2375 856 titudinem
2421 813 2835 868 convertamur,
2873 805 2962 859 ubi
3013 815 3169 875 pater
3214 809 3505 861 secundum
3534 822 3662 862 car-

2087 907 2211 946 nem
2238 894 2407 963 accipi
2447 903 2623 962 potest
2653 896 2700 950 is
2745 897 2836 965 qui
2871 897 3135 951 doctrina:
3193 898 3454 962 carnalis,
3494 900 3545 953 id
3579 911 3664 953 est

2087 983 2222 1053 legis
2254 989 2548 1040 secundum
2582 987 2822 1041 litteram
2849 989 3021 1056 prima
3044 989 3312 1044 elementa
3350 991 3659 1058 tradiderit,

2087 1087 2144 1130 et
2176 1078 2435 1145 magister
2467 1077 2533 1130 ‘in
2579 1079 2761 1131 divina
2817 1078 2936 1147 lege
2968 1079 3157 1148 prima:
3186 1080 3540 1134 institutionis
3564 1096 3662 1133 ex-

2087 1167 2308 1221 stiterit.
2345 1166 2498 1233 Quod
2546 1179 2727 1223 auteut
2764 1170 3009 1239 magistri
3058 1171 3222 1225 etiam
3272 1183 3454 1241 patres
3497 1171 3659 1242 522

2087 1256 2428 1323 appellentur
2476 1268 2530 1310 et
2581 1259 2861 1324 apostolus
2907 1260 3106 1315 Paulus
3162 1263 3331 1327 dicit,
3381 1263 3510 1332 quia
3542 1279 3561 1312 ι
3607 1266 3661 1316 in

2087 1345 2305 1398 Christo
2356 1343 2484 1400 Jesu
2527 1361 2624 1415 per
2659 1347 3006 1417 Evangeliqu
3040 1366 3143 1419 ego
3194 1366 3286 1406 vos
3321 1353 3479 1421 genui
3529 1353 3597 1406 ⁸¹.
3635 1371 3654 1405 ι

2089 1435 2196 1490 Sed
2220 1448 2274 1491 et
2306 1447 2358 1490 tu
2387 1439 2476 1506 qui
2512 1438 2666 1508 legis,
2698 1456 2763 1492 ex
2791 1441 2990 1495 divinis
3017 1439 3393 1497 Voluminibus
3420 1444 3534 1512 ipse
3563 1443 3660 1498 tibi

2091 1528 2400 1582 testimonia
2431 1530 2482 1582 in
2530 1531 2631 1583 hoc
2695 1531 3016 1599 aspicientia
3045 1543 3391 1604 congregato.
3423 1535 3659 1590 Additur

2091 1619 2144 1673 in
2175 1622 2633 1689 consequentibus
2671 1637 2685 1674 :
2728 1639 2747 1673 t
2787 1621 3032 1677 Credidit
3087 1627 3364 1680 Abraham
3416 1625 3528 1682 Deo
3554 1668 3569 1692 ,
3604 1638 3662 1682 et

2094 1717 2400 1778 reputatnm
2444 1718 2528 1764 est
2559 1710 2634 1764 illi
2677 1712 2744 1766 ad
2769 1712 3031 1781 justitiam
3070 1715 3137 1768 ".
3175 1732 3195 1766 ι
3229 1715 3329 1770 Hic
3371 1732 3551 1771 sermo
3597 1731 3667 1772 ex

2019 1801 2061 1856 Β
2093 1801 2231 1854 libro
2267 1801 2490 1856 Genesis
2535 1802 2794 1868 sumitur,
2836 1819 2902 1859 eo
2939 1819 3006 1858 ex
3047 1805 3166 1860 loco
3205 1807 3297 1861 ubi
3336 1823 3446 1862 non
3496 1809 3668 1862 Abra-

2094 1893 2241 1956 ham,
2266 1893 2358 1945 sed
2383 1891 2581 1946 Abram
2603 1893 2730 1948 dicit
2758 1895 2825 1949 ad
2851 1895 3136 1950 Dominum
3163 1898 3272 1968 (30)
3303 1913 3317 1949 :
3351 1919 3368 1950 ι
3399 1899 3663 1964 Quoniam

2089 2002 2198 2042 non
2226 1985 2422 2043 dedisti
2469 1988 2600 2041 mihi
2635 2001 2846 2051 semen,
2880 1989 2968 2041 hic
2993 1987 3318 2041 vernaculus
3351 2001 3502 2040 meus
3553 1987 3664 2041 hze-

2090 2079 2347 2132 reditabit
2379 2094 2483 2134 me.
2535 2079 2599 2133 Et
2629 2080 2770 2133 dixit
2803 2079 3063 2132 Dominus
3097 2080 3162 2130 ad
3207 2093 3329 2132 eum
3363 2077 3520 2134 :Non
3557 2077 3664 2132 erit

2090 2173 2265 2228 haeres
2295 2182 2418 2227 tuus
2449 2175 2574 2238 iste,
2611 2176 2704 2228 sed
2735 2175 2829 2242 qui
2857 2175 3055 2228 exierit
3107 2176 3172 2226 de
3206 2183 3278 2237 te,
3309 2175 3396 2226 hic
3427 2173 3533 2226 erit
3555 2154 3675 2226 has?

2092 2281 2180 2319 res
2212 2275 2360 2319 tuus.
2393 2265 2461 2319 Et
2488 2265 2702 2328 eduxit,
2739 2265 2914 2334 inquit
2943 2305 2958 2328 ,
2991 2280 3114 2318 eum
3143 2262 3257 2336 (5i)
3284 2264 3431 2318 foras
3456 2303 3471 2328 ,
3502 2273 3556 2318 et
3580 2263 3666 2317 di-

2093 2361 2167 2411 xit
2189 2359 2255 2411 ad
2285 2372 2407 2411 eum
2443 2376 2456 2411 :
2490 2359 2719 2428 Respice
2743 2359 2808 2411 ad
2846 2358 3068 2420 coelum,
3110 2367 3165 2410 et
3200 2371 3427 2411 numera
3457 2355 3662 2420 stellas,

2089 2453 2133 2506 si
2169 2452 2412 2520 potueris
2467 2452 2820 2505 dinumerare
2864 2465 2998 2506 eas.‘
3024 2451 3086 2504 Et
3136 2451 3213 2504 ait
3247 2450 3310 2503 ad
3363 2466 3532 2506 eum:
3570 2449 3665 2504 Sic

2090 2545 2195 2597 erit
2227 2559 2411 2598 semen
2443 2520 2618 2598 tuum:
2646 2543 2709 2596 Et
2735 2544 2971 2597 credidit
3007 2543 3136 2606 Deo,
3164 2553 3220 2596 et
3245 2552 3550 2611 reputatqu
3577 2552 3664 2596 est

2090 2636 2141 2689 ei
2168 2635 2234 2689 ad
2262 2635 2530 2701 justitiam
2557 2633 2628 2686 ⁸³.
2664 2653 2682 2685 ι
2723 2634 2908 2688 Latius
2957 2635 3073 2688 loca
3104 2634 3218 2705 ipsa
3255 2633 3485 2704 exempli
3533 2649 3664 2704 gra-

2093 2725 2167 2782 tia
2204 2727 2316 2800 (ὅὲ)
2354 2728 2421 2783 de
2475 2729 2615 2780 libro
2643 2726 2875 2781 Genesis
2907 2726 3280 2794 repetivimus,
3320 2735 3378 2779 ut
3419 2739 3538 2791 qua:
3576 2723 3671 2794 ju-

2091 2820 2437 2875 stiﬁcationis
2496 2819 2656 2887 hujus
2701 2833 2863 2870 causa
2899 2817 3059 2870 fuerit
3108 2831 3475 2870 nosceremus.
3513 2814 3667 2872 Unde

2089 2922 2145 2968 et
2171 2911 2353 2966 acrius
2379 2911 2772 2966 intendendum
2817 2917 2922 2976 est,
2971 2909 3015 2962 si
3050 2910 3122 2964 ob
3156 2910 3259 2962 hoc
3294 2907 3466 2962 solum
3518 2909 3662 2978 quod

2061 3007 2324 3061 ‘dandum
2357 3005 2460 3061 sibi
2493 3006 2727 3060 credidit
2750 3005 2943 3070 ﬁlium,
2981 3013 3037 3058 et
3067 3017 3136 3057 ex
3165 3017 3228 3057 eo
3257 3001 3570 3072 progeniem
3594 3000 3665 3055 ad

2094 3098 2494 3152 multitudinem
2528 3099 2766 3151 siderum
2801 3095 3204 3166 propagandam
3236 3133 3252 3159 ,
3301 3093 3500 3148 dicitur
3533 3093 3663 3163 quia

2092 3199 2342 3258 reputata
2365 3198 2448 3243 est
2475 3189 2608 3243 ﬁdes
2639 3188 2757 3257 ejus
2783 3188 2849 3241 ad
2878 3187 3150 3257 justitiam
3185 3204 3198 3240 :
3231 3201 3298 3238 an
3339 3199 3438 3252 pro
3481 3185 3584 3239 hoc
3611 3192 3668 3238 et

2090 3295 2185 3351 pro
2211 3280 2464 3334 omnibus
2487 3294 2607 3349 quae
2632 3279 2745 3348 jam
2772 3285 2898 3331 ante
2935 3277 3260 3331 crediderat.
3299 3274 3485 3343 Neque
3517 3274 3666 3328 enim

2089 3372 2386 3442 putandum
2427 3373 2569 3441 quod
2602 3371 2810 3438 absque
2847 3369 2954 3424 ﬁde
2983 3368 3149 3423 fuerit
3194 3367 3348 3432 illud,
3401 3376 3454 3420 ut
3489 3366 3666 3420 exiret

2091 3465 2157 3520 de
2197 3475 2343 3519 terra
2370 3479 2486 3528 sua,
2515 3473 2570 3518 et
2599 3465 2667 3516 de
2701 3462 3027 3531 cognatione
3056 3461 3224 3530 patris
3246 3459 3352 3522 sui,
3377 3467 3431 3512 et
3451 3456 3666 3511 veniret

2090 3555 2144 3610 in
2183 3565 2383 3610 terram
2404 3572 2564 3626 quam
2589 3555 2637 3608 ei
2666 3553 3134 3606 demonstraverat
3151 3551 3291 3605 Deus
3307 3549 3375 3614 ἐς
3397 3548 3483 3603 vel
3511 3546 3663 3612 illud,

2089 3662 2212 3703 cum
2262 3655 2518 3717 separato
2561 3660 2590 3699 a
2633 3658 2692 3699 se
2744 3644 2866 3708 Lot,
2905 3642 3039 3698 dicit
3089 3642 3154 3697 ad
3194 3657 3317 3696 eum
3351 3639 3661 3714 Dominus:

2096 3758 2116 3792 ί
2155 3739 2351 3809 Aspice
2377 3739 2551 3794 oculis
2578 3739 2704 3802 tuis,
2732 3749 2786 3792 et
2804 3739 2925 3792 vide
2950 3752 3016 3791 ex
3044 3736 3148 3790 hoc
3169 3735 3287 3789 loco
3316 3735 3367 3788 in
3393 3747 3500 3803 quo
3525 3742 3663 3796 stas,

2090 3843 2146 3888 et
2175 3834 2390 3888 intuere
2433 3835 2500 3886 ad
2528 3831 2978 3900 septentrionem,
3011 3839 3064 3883 et
3090 3827 3472 3890 meridianum,
3499 3833 3552 3878 et
3598 3823 3669 3876 ad

2091 3925 2467 3986 occidentem,
2521 3932 2684 3992 atque
2714 3924 2778 3976 ad
2813 3922 3102 3982 orientem,
3145 3919 3269 3989 quia
3309 3931 3526 3970 omnetn
3553 3922 3668 3968 ter:

2094 4035 2210 4073 ram
2246 4018 2385 4072 hanc
2415 4032 2578 4085 quam
2608 4016 2760 4070 vides
2800 4015 2897 4070 tibi
2929 4013 3068 4068 dabo
3099 4027 3243 4072 eam,
3278 4021 3332 4064 et
3352 4008 3542 4062 semini
3574 4017 3667 4059 tuo

2092 4110 2145 4163 in
2177 4118 2436 4163 arternum
2461 4107 2530 4160 ⁸⁸.
2557 4127 2575 4159 ι
2609 4107 2716 4161 Sed
2748 4116 2802 4161 et
2831 4105 2961 4159 illud
2999 4103 3120 4172 quis
3151 4101 3293 4155 dicat
3319 4100 3529 4167 absque
3561 4096 3666 4150 ﬁde

2092 4201 2342 4267 factum,
2386 4200 2530 4268 quod
2583 4196 2809 4252 veniens
2863 4195 3144 4250 Abraham
3197 4189 3468 4246 habitavit
3520 4185 3667 4256 apud

2091 4306 2352 4360 quercum
2375 4292 2617 4347 Mambre
2646 4292 2697 4345 iu
2732 4289 2971 4349 llebron,
2998 4294 3052 4340 et
3075 4282 3366 4338 aediﬁcavit
3389 4280 3459 4334 ibi
3491 4278 3667 4332 altare

2092 4385 2322 4441 Domino
2345 4386 2441 4441 °‘?
2473 4385 2757 4452 Quomodo
2792 4393 2973 4437 autem
3004 4390 3059 4433 et
3090 4379 3221 4432 illud
3253 4391 3359 4430 non
3391 4382 3511 4428 erat
3539 4369 3666 4425 ﬁdei

2024 4474 2067 4529 D
2095 4493 2232 4547 opus
2260 4519 2276 4545 ,
2311 4495 2434 4533 cum
2470 4476 2864 4532 Melchisedech
2911 4468 3191 4529 benedixit
3240 4466 3562 4528 Abraham,
3611 4471 3669 4516 et

2095 4571 2169 4625 ait
2199 4590 2213 4626 :
2247 4589 2266 4622 t
2298 4571 2624 4625 Benedictus
2647 4569 2926 4623 Abraham
2962 4563 3073 4618 Deo
3095 4559 3312 4617 excelso
3344 4557 3438 4628 qui
3461 4553 3670 4609 creavit

2096 4663 2297 4718 ctelum
2335 4671 2389 4716 ct
2439 4671 2642 4715 terram
2679 4677 2694 4714 :
2733 4671 2788 4714 et
2837 4655 3159 4712 benedictus
3203 4649 3348 4706 Deus
3378 4646 3667 4707 excelsus,

2097 4755 2190 4824 qui
2228 4751 2451 4807 tradidit
2481 4751 2735 4806 inimicos
2765 4747 2883 4817 ejus
2907 4748 2960 4800 in
2990 4744 3240 4799 manibus
3265 4740 3382 4809 ejus
3409 4738 3453 4770 ⁵⁷
3482 4737 3508 4791 τ
3537 4754 3556 4788 ι
3586 4735 3668 4790 Ex

3306 4901 3350 4933 ⁸⁸
3381 4901 3399 4954 ι
3430 4901 3558 4954 Cor.
3588 4913 3667 4965 tv,

3455 4971 3500 5002 ⁵⁷
3529 4970 3665 5026 Gen.

2791 4911 2836 4941 ⁵ο
2862 4908 3020 4962 Rom.
3047 4919 3122 4967 tv,
3159 4902 3212 4956 1.

2159 4913 2205 4944 ⁸⁸
2228 4911 2348 4967 Jac.
2379 4927 2437 4977 ιι,
2463 4911 2557 4972 2|.
2585 4909 2676 4965 22.
2791 4911 2836 4941 ⁵ο
2862 4909 3020 4962 Rom.
3047 4919 3122 4967 tv,
3159 4909 3212 4956 1.
3306 4909 3350 4933 δι

2159 4982 2208 5029 id
2309 4981 2356 5014 ⁸⁵
2395 4983 2532 5029 Gen.
2569 4997 2686 5029 xm.
2711 4980 2804 5029 14-
2838 4979 2923 5029 l5.
3022 4975 3069 5007 ⁸⁸
3098 4974 3227 5029 ibid.
3263 4971 3352 5026 18.

2309 4981 2356 5014 ⁸⁵
2395 4983 2532 5036 Gen.
2568 4997 2686 5046 xm,
2711 4980 2804 5048 14,
2838 4979 2923 5033 15.

2175 5157 2288 5230 (29)
2342 5159 2483 5214 Editi
2519 5176 2532 5212 :
2567 5159 2657 5213 alii
2691 5180 2710 5210 ι
2742 5161 3033 5230 nominat,
3069 5175 3092 5211 ι
3131 5158 3222 5230 alii
3271 5175 3291 5208 ι
3333 5157 3664 5230 ηοηιίηεπερ

2097 5228 2309 5313 omisso
2359 5249 2378 5282 ι
2436 5231 2633 5313 pqtuit.
2677 5250 2694 5280 ι
2739 5228 2865 5311 Mss.
2905 5245 3044 5310 unus
3078 5229 3242 5284 habet
3274 5245 3293 5279 α
3337 5228 3475 5281 solet
3513 5244 3531 5276 ι
3570 5240 3669 5294 pro

2106 5319 2127 5352 ι
2162 5303 2358 5372 potuit.
2397 5318 2415 5351 ι
2446 5301 2620 5366 Alter,
2649 5319 2666 5350 ι
2703 5301 3024 5353 nominavit.
3068 5317 3088 5351 ι

2106 5441 2116 5448 _
2172 5369 2289 5448 (30)
2317 5371 2462 5448 _Editi
2489 5409 2520 5448 ,h
2544 5389 2580 5448 _t
2614 5385 2678 5423 ex
2720 5369 3130 5448 librisCenesis
3177 5365 3463 5448 sentitur,
3502 5379 3571 5420 ex
3602 5377 3671 5418 eo

2102 5436 2222 5497 loco
2241 5436 2328 5494 ubi
2356 5455 2464 5496 non
2493 5440 2722 5504 Abram,
2745 5440 2840 5494 sed
2870 5442 3144 5495 Abraham
3167 5437 3299 5492 dicit
3327 5437 3392 5490 ad
3426 5436 3617 5502 Deum,
3644 5451 3664 5484 ι

2087 5523 2193 5566 etc.
2225 5510 2387 5568 Male.

2159 5582 2274 5650 (3i)
2311 5581 2472 5650 Etim.
2503 5580 2662 5636 Deest
2701 5581 2753 5634 iu
2789 5579 2968 5632 editis.

2169 5641 2294 5722 (32')
2353 5648 2565 5706 Gratia.
2621 5651 2675 5704 lu
2731 5660 2889 5704 antea
2949 5649 3108 5705 editis
3161 5647 3475 5702 omittitur.
3532 5641 3665 5704 ΑΙ..

2092 5742 2110 5774 t
2149 5738 2336 5777 causa.
2376 5741 2395 5772 ι
