4170 6400
481 301 584 357 965

1946 303 2268 360 ORIGENIS

3625 317 3732 374 964

481 416 680 485 quibus
700 418 950 472 omnibus
974 417 1248 488 colligitur
1275 423 1420 490 quod
1449 425 1503 476 in
1529 421 1614 476 his
1652 421 1881 492 singulis
1919 421 2054 474 ﬁdes
2083 424 2128 479 Α
2156 427 2208 472 et
2242 417 2531 487 largitione
2562 418 2848 476 faciamus.
2885 422 3039 489 Quod
3090 438 3220 494 ergo
3251 424 3357 480 erit
3392 425 3634 484 debitum
3663 431 3730 484 il~

481 509 698 576 quidem
723 507 1168 574 fueritAbrahzr,
1199 514 1292 566 sed
1317 531 1381 568 ex
1428 523 1623 583 parte;
1670 515 1725 567 in
1753 529 1820 567 eo
1866 524 2048 567 autem

482 597 572 651 ubi
625 599 847 662 dicitur,
876 599 1001 668 quia
1049 600 1182 655 ﬁdes
1212 606 1330 671 ejus
1358 614 1602 673 reputata
1642 613 1726 658 est
1771 603 1838 658 ad
1885 602 2049 670 justi-

483 688 612 741 tiam
643 687 713 752 ⁸⁸,
739 688 870 742 ﬁdes
905 688 1139 755 perfecta
1167 691 1492 746 declaretur.
1521 693 1673 747 Sicut
1701 693 1846 746 enim
1871 693 2050 746 scien-

485 779 615 832 tiam
651 789 708 834 et
752 780 1094 849 prophetiam
1133 797 1197 835 ex
1242 792 1393 849 parte
1423 783 1550 837 dicit
1588 797 1708 836 esse
1738 781 2049 852 Apostolus,

482 881 539 926 et
573 886 790 926 rursum
823 872 955 926 dicit
975 887 1108 926 esse
1134 872 1432 941 perfectam
1459 874 1511 926 in
1540 888 1606 926 eo
1632 889 1752 926 cum
1770 871 2047 927 scribit":

488 981 525 1014 ι-
546 963 620 1017 Ex
652 973 806 1032 parte
834 964 1056 1024 scimus,
1094 976 1150 1018 et
1182 979 1246 1018 ex
1280 975 1435 1035 parte
1473 966 1895 1032 prophetamus:
1925 982 2047 1020 cum

482 1063 662 1108 autem
691 1055 902 1119 venerit
953 1054 1096 1120 quod
1143 1055 1441 1122 perfectqu
1484 1057 1958 1118 est,destruentur
1986 1071 2048 1111 ea

481 1161 602 1214 quae
627 1159 692 1199 ex
722 1155 881 1215 parte
930 1155 1060 1199 sunt
1109 1146 1264 1215 (55):
1305 1165 1324 1197 ι
1358 1147 1429 1200 ita
1469 1155 1525 1200 et
1569 1148 1728 1200 ﬁdem
1764 1162 2050 1216 possumus

489 1236 793 1306 intelligere
834 1250 954 1290 esse
1003 1235 1293 1305 aliquando
1334 1251 1400 1290 ex
1449 1248 1603 1306 parte
1629 1277 1641 1299 ,
1678 1248 1732 1291 et
1761 1237 2050 1307 aliquando

482 1327 808 1396 perfectam.
867 1328 937 1382 Ut
991 1337 1172 1380 autem
1222 1327 1367 1396 quod
1417 1327 1650 1381 dicimus
1700 1327 1822 1382 aliis
1873 1328 2050 1382 adhuc

483 1417 780 1486 Scriptura;
829 1428 1034 1473 sanctae
1091 1416 1420 1472 testimoniis
1467 1417 1772 1482 muniatur,
1811 1418 1936 1471 audi
1993 1418 2047 1472 in

481 1509 774 1578 Evangelio
803 1508 869 1562 ad
913 1509 1201 1564 Dominum
1234 1507 1482 1562 dicentes
1516 1509 1796 1576 apostolos
1829 1526 1844 1563 :
1886 1526 1904 1559 ι
1947 1507 2050 1562 Do-

480 1603 650 1667 mine,
681 1616 816 1670 auge
847 1599 1004 1653 nobis
1033 1598 1261 1653 ﬁdem“.
1298 1617 1317 1649 ι
1354 1597 1542 1652 Nonne
1566 1613 1664 1667 per
1693 1599 1810 1654 hmo
1830 1600 2048 1653 eviden-

482 1701 567 1747 ter
595 1694 890 1747 ostendunt
917 1691 1120 1744 habere
1146 1704 1205 1744 se
1232 1690 1452 1757 quidem
1503 1690 1696 1751 ﬁdem,
1741 1691 1837 1745 sed
1884 1690 2044 1744 talem

477 1800 596 1853 qua:
629 1793 810 1852 egeret
843 1781 1178 1852 augmento?
1210 1780 1313 1835 Sed
1347 1790 1402 1834 et
1447 1781 1562 1850 ipse
1593 1783 1869 1850 apostolus
1902 1781 2043 1836 Pau-
2077 1758 2120 1813 Β

474 1877 563 1931 lus
601 1890 724 1931 cum
768 1874 922 1940 dicit,
962 1893 981 1925 ι
1027 1872 1087 1927 Si
1135 1873 1364 1927 habeam
1397 1886 1612 1926 omnem
1645 1875 1828 1938 tidem,
1865 1873 1937 1925 ita
1984 1881 2043 1927 ut

476 1977 688 2023 montes
722 1966 1046 2022 transferam
1082 1967 1149 2032 “,
1182 1985 1200 2018 ι
1231 1981 1450 2022 omnem
1479 1980 1601 2020 cum
1633 1964 1787 2029 dicit,
1821 1980 1882 2019 ex
1916 1980 2042 2032 par-

475 2058 618 2112 tibus
651 2065 820 2110 totam
849 2056 1006 2110 docet
1057 2069 1180 2109 esse
1228 2055 1607 2124 compositam.
1661 2051 1846 2122 Neque
1897 2052 2039 2107 enim

473 2165 634 2204 omne
669 2156 846 2218 potest
875 2147 1169 2213 nominari,
1195 2147 1286 2200 ubi
1317 2145 1715 2215 autqualitatis
1746 2153 1837 2199 aut
1869 2160 2042 2213 quan-

475 2240 647 2296 litatis
673 2239 962 2294 diversitas
993 2253 1098 2292 non
1154 2237 1272 2308 (54)
1305 2245 1414 2293 est.
1443 2237 1672 2290 Videtur
1699 2250 1828 2305 ergo
1877 2236 2039 2289 etiam

472 2332 526 2388 in
561 2332 817 2402 praesenti
849 2330 968 2384 loco
995 2344 1115 2383 cum
1152 2327 1334 2382 multa:
1366 2328 1498 2382 ﬁdes
1533 2326 1764 2380 Abrahae
1798 2341 2036 2396 praeces-

473 2423 642 2479 serint
670 2437 766 2489 per
796 2419 1007 2491 singula
1056 2433 1285 2489 quaeque
1335 2433 1455 2488 quae
1497 2433 1564 2472 ex
1614 2426 1766 2486 parte
1793 2417 2041 2485 superius

473 2512 917 2576 memoravimus,
953 2511 1006 2564 in
1040 2512 1143 2566 hoc
1174 2524 1315 2563 nunc
1339 2509 1588 2564 universa
1621 2509 1754 2564 fides
1781 2509 1900 2578 ejus
1920 2523 2042 2563 esse

473 2605 728 2668 collecta,
764 2613 819 2658 et
846 2604 920 2658 ita
970 2602 1021 2656 ei
1056 2602 1122 2656 ad
1152 2599 1421 2669 justitiam
1460 2609 1733 2669 reputata;
1761 2601 1880 2656 Jam
1907 2617 2041 2656 sane

471 2694 862 2759 considerabis,
898 2693 1042 2748 sicut
1079 2692 1145 2747 de
1175 2690 1284 2745 ﬁde
1315 2691 1516 2745 dictum
1539 2700 1622 2745 est
1645 2690 1772 2761 quia
1793 2701 2037 2760 reputata

470 2795 556 2841 est
578 2787 626 2840 ei
664 2787 730 2841 ad
783 2785 1051 2850 justitiam
1079 2822 1094 2847 ,
1125 2784 1196 2836 ita
1248 2793 1302 2837 et
1348 2783 1414 2837 de
1443 2781 1565 2835 aliis
1608 2782 1898 2837 virtutibus
1934 2783 2038 2836 dici

471 2877 650 2946 possit
678 2878 802 2946 quia
831 2915 848 2942 ,
897 2876 1045 2931 verbi
1083 2876 1255 2944 gratia
1281 2913 1297 2937 ,
1333 2873 1708 2928 misericordia
1746 2874 2040 2944 unicuique

472 2969 714 3039 reputari
733 2977 908 3038 potest
933 2968 1000 3022 ad
1020 2968 1310 3038 justitiam,
1334 2978 1425 3021 aut
1453 2967 1741 3037 sapientia,
1756 2976 1847 3020 aut
1864 2967 2040 3022 scien-

479 3062 575 3126 tia,
609 3070 702 3114 aut
733 3060 1112 3138 mansuetudo,
1144 3069 1200 3114 et
1227 3059 1526 3124 humilitas,
1557 3058 1640 3113 vel
1678 3067 1828 3114 certe
1855 3057 1901 3112 si
1924 3073 2040 3112 om-

473 3154 529 3208 ni
557 3153 798 3209 credenti
833 3153 966 3207 ﬁdes
1011 3151 1076 3206 ad
1119 3151 1390 3219 justitiam
1441 3160 1747 3220 reputetur.
1781 3147 1889 3205 Sed
1917 3165 2038 3204 cum

471 3247 542 3300 ad
580 3245 895 3314 Scripturas
925 3244 1106 3308 redeo,
1136 3259 1243 3298 non
1285 3242 1540 3296 omnibus
1573 3240 1920 3296 credentibus
1955 3239 2041 3293 in-

467 3337 630 3393 venio
664 3335 808 3406 quod
856 3334 989 3389 ﬁdes
1040 3334 1104 3387 ad
1149 3333 1416 3402 justitiam
1467 3338 1764 3400 reputetur.
1798 3329 2040 3398 Denique

471 3431 736 3499 scriptum
766 3436 850 3482 est
872 3429 939 3482 de
973 3425 1100 3480 ﬁliis
1136 3423 1327 3489 Israel,
1356 3423 1483 3492 quia
1517 3442 1535 3473 ι
1570 3421 2041 3477 credideruntDo-

470 3522 638 3585 mino,
663 3529 719 3576 et
751 3519 955 3574 famulo
989 3519 1105 3588 ejus
1132 3517 1322 3587 Moysi,
1351 3517 1396 3549 ⁸¹
1425 3534 1445 3567 ι
1477 3530 1577 3570 nec
1607 3523 1790 3568 tamen
1823 3513 2041 3567 additur

468 3611 614 3682 quod
641 3612 711 3666 de
753 3610 1028 3664 Abraham
1075 3609 1338 3675 scriptum
1376 3614 1482 3671 est,
1509 3605 1634 3673 quia
1666 3610 1910 3672 reputata
1956 3609 2042 3654 est

468 3701 581 3758 illis'
613 3703 679 3757 ad
707 3699 997 3769 justitiam.
1038 3697 1120 3753 Ob
1161 3698 1267 3753 hoc
1315 3697 1574 3760 arbitror,
1607 3694 1754 3763 quod
1777 3709 1881 3749 non
1932 3693 2038 3747 illis

469 3803 612 3860 erat,
643 3793 786 3848 sicut
821 3792 873 3846 in
897 3790 1168 3845 Abraham
1202 3789 1503 3852 docuimus,
1537 3803 1604 3840 ex
1637 3785 1827 3840 multis
1873 3786 2037 3854 parti-

470 3885 573 3941 bus
604 3885 726 3940 ﬁdei
772 3883 824 3937 in
863 3898 1027 3937 unum
1058 3890 1380 3936 coacervata
1410 3880 1696 3947 perfectio,
1720 3893 1840 3948 qua:
1865 3892 2039 3931 mere-

477 3988 629 4032 retur
653 3977 720 4029 ad
739 3976 1006 4044 justitiam
1035 3973 1298 4044 reputari.
1323 3972 1475 4040 Quod
1504 3981 1680 4026 autem
1715 3972 1849 4026 dicit
1880 3987 1896 4025 :
1924 3989 1943 4020 ι
1977 3969 2036 4024 Εἰ

469 4081 600 4122 vero
630 4067 724 4137 qui
756 4074 1036 4136 operatur,
1079 4079 1293 4121 merces
1339 4079 1447 4119 non
1498 4063 1799 4131 imputatur
1841 4074 2035 4117 secun-

469 4161 598 4215 dum
649 4160 916 4230 gratiam,
976 4159 1071 4212 sed
1118 4156 1417 4212 secundum
1467 4155 1704 4209 debitum
1743 4169 1759 4219 ;
1793 4152 2032 4207 credenti

469 4261 648 4307 autem
680 4252 734 4306 in
763 4266 886 4306 eum
907 4250 997 4320 qui
1021 4248 1278 4320 justiﬁcat
1303 4247 1549 4317 impium,
1581 4253 1862 4314 reputatur
1887 4244 2028 4297 ﬁdes

471 4345 537 4399 ad
576 4344 843 4415 justitiam
871 4343 916 4374 ⁸³
956 4363 966 4396 ;
1003 4359 1022 4394 ι
1057 4341 1269 4394 videtur
1315 4339 1604 4394 ostendere
1630 4337 1784 4408 quasi
1838 4336 1892 4390 in
1931 4334 2036 4388 ﬁde

2155 507 2280 572 lius,
2309 508 2464 575 cujus
2492 524 2619 580 erga
2662 527 2761 565 nos
2808 511 2963 567 fenus
2994 516 3274 583 praecessit
3313 517 3424 588 (56)
3451 519 3475 571 ?
3510 519 3576 573 Et
3608 520 3728 574 ideo

2155 594 2444 649 videndum
2473 598 2646 667 magis
2684 609 2768 653 est
2811 614 2879 654 ne
2918 599 3062 658 forte
3099 606 3241 672 quod
3271 607 3425 672 dixit,
3459 627 3480 660 ι
3522 609 3581 663 Ei
3630 626 3727 664 au-

2154 693 2262 740 tem
2292 687 2382 754 qui
2410 698 2688 756 operatur,
2723 704 2932 746 merces
2963 694 3264 750 secundum
3298 698 3538 752 debitum
3570 715 3728 770 repu-

2160 779 2383 842 tabitur,
2423 798 2441 830 ι
2472 781 2678 835 sinistri
2729 783 2902 852 magis
2948 785 3132 854 operis
3184 786 3594 858 intelligendum
3653 793 3728 846 sit

2152 868 2418 924 debitum.
2447 870 2636 926 Debita
2670 874 2868 928 etenim
2906 887 3126 944 peccata
3165 879 3272 933 diei
3304 880 3356 933 iu
3381 881 3582 939 divinis
3619 884 3728 942 Vo-

2150 959 2444 1016 luminibus
2503 961 2818 1030 frequenter
2852 965 3136 1034 invenies,
3187 977 3247 1023 ut
3293 969 3409 1038 ipse
3461 972 3726 1033 Dominus

2150 1051 2204 1104 iu
2250 1053 2498 1107 oratione
2553 1069 2656 1109 nos
2694 1055 2879 1108 docuit
2906 1055 2952 1087 “
2985 1057 3209 1113 dicere:
3247 1077 3268 1111 ι
3304 1059 3525 1118 Dimitte
3566 1069 3724 1124 nobis

2151 1142 2311 1213 523
2345 1145 2520 1198 debita
2552 1155 2738 1200 nostra
2759 1187 2773 1210 ,
2800 1148 2945 1202 sicut
2985 1159 3042 1202 et
3075 1164 3175 1204 nos
3210 1149 3533 1210 dimittimus
3569 1158 3725 1214 debi-

2150 1233 2357 1285 toribus
2400 1233 2601 1288 nostris
2635 1252 2648 1288 :
2690 1253 2708 1286 ι
2741 1245 2796 1289 et
2839 1237 3035 1291 iterum
3063 1253 3187 1292 cum
3225 1242 3357 1297 dicit
3388 1243 3504 1312 ipse
3546 1247 3728 1302 Domi-

2149 1335 2252 1374 nus
2283 1322 2365 1374 '5:
2406 1340 2424 1370 ι
2464 1323 2690 1378 Cuidam
2739 1324 3118 1394 patrifamilias
3154 1340 3315 1386 erant
3362 1333 3469 1388 duo
3510 1334 3726 1392 debito-

2149 1423 2238 1463 res
2269 1428 2282 1462 :
2313 1426 2450 1466 unus
2499 1415 2728 1467 debebat
2782 1416 3036 1471 denarios
3082 1419 3432 1488 quingentos,
3483 1434 3540 1478 et
3587 1427 3724 1482 alius

2147 1501 2541 1571 quinquaginta
2575 1521 2589 1558 :
2625 1523 2643 1556 ι
2681 1513 2733 1559 et
2757 1505 2862 1560 hoc
2883 1507 2951 1562 de
2989 1511 3232 1576 peccatis
3260 1513 3367 1567 dici
3399 1513 3518 1584 ipse
3549 1517 3723 1573 inter-

2149 1602 2393 1659 pretatus
2421 1605 2528 1651 est.
2554 1593 2632 1649 Ne
2650 1596 2795 1652 forte
2823 1612 2954 1667 ergo
2970 1609 3025 1653 et
3057 1602 3108 1653 in
3136 1602 3238 1656 hoc
3268 1602 3384 1658 loco
3407 1608 3719 1663 mercedem

2147 1683 2332 1750 aperis
2368 1700 2487 1754 qua:
2526 1687 2826 1740 secundum
2859 1689 3098 1742 dehilum
3135 1691 3417 1760 redditur,
3455 1699 3523 1750 ad
3574 1697 3720 1754 hunc

2148 1788 2388 1840 sensum,
2421 1790 2578 1843 quem
2606 1791 2772 1845 supra
2796 1778 3058 1843 diximus,
3084 1782 3375 1850 Apostolus
3407 1790 3635 1844 traxerit
3654 1791 3721 1844 de

2149 1864 2232 1918 his
2274 1867 2366 1934 qui
2415 1867 2486 1919 ita
2521 1876 2814 1937 operantur
2856 1871 2998 1926 sicut
3049 1883 3104 1926 et
3157 1874 3289 1928 Cain
3340 1888 3594 1945 operatus
3634 1892 3720 1937 est

2147 1963 2347 2010 terram
2382 1975 2394 2010 :
2427 1967 2483 2011 et
2540 1957 2682 2013 sicut
2725 1959 2854 2015 alibi
2921 1962 3098 2019 dicit:
3149 1983 3169 2016 ι
3237 1967 3502 2023 Discedite
3546 1985 3576 2024 a
3606 1987 3719 2040 me,

2146 2047 2380 2114 operarii
2415 2047 2716 2116 iniquitatis
2738 2049 2783 2081 “
2808 2069 2822 2106 :
2863 2069 2883 2103 ι
2910 2053 3108 2121 quibus
3133 2056 3323 2125 utique
3351 2060 3501 2127 quasi
3534 2062 3719 2120 debita

2145 2150 2302 2206 paena
2331 2152 2429 2206 pro
2461 2139 2708 2195 mercede
2733 2139 3037 2212 iniquitatis
3071 2145 3386 2202 exsolvitur.
3412 2149 3564 2206 Unde
3580 2153 3718 2208 idem

2145 2228 2433 2298 Apostolus
2463 2231 2512 2282 in
2545 2230 2655 2286 alio
2681 2232 2802 2288 loco
2827 2235 2871 2265 ⁸⁷
2907 2252 2922 2288 :
2970 2253 2990 2286 ι
3027 2235 3331 2307 Stipendia,
3360 2243 3560 2312 iuqttit,
3594 2259 3720 2313 pec-

2145 2321 2251 2374 cati
2289 2337 2471 2386 mors;
2516 2342 2535 2376 ι
2569 2332 2624 2377 et
2672 2341 2777 2379 non
2826 2327 3035 2382 addidit
3070 2339 3127 2382 ut
3172 2332 3434 2389 similiter
3472 2336 3717 2393 diceret:

2148 2409 2423 2481 Stipendia
2457 2425 2636 2469 autem
2652 2414 2873 2482 justitia:
2892 2421 2997 2472 vita
3021 2431 3250 2488 aeterna,
3273 2425 3368 2479 sed
3390 2427 3467 2480 ait
3491 2444 3504 2481 :
3539 2444 3558 2479 ι
3577 2426 3718 2482 ϐτθο

2147 2504 2219 2558 tia
2253 2516 2432 2559 autem
2462 2505 2553 2562 Dei
2583 2508 2698 2562 vita
2723 2518 2926 2564 aeterna
2955 2510 3000 2543 °'
3031 2531 3044 2566 :
3086 2531 3106 2564 ι
3139 2523 3196 2568 ιιι
3223 2515 3553 2585 stipendium
3570 2521 3717 2587 quod

2146 2595 2330 2664 utique
2363 2595 2546 2652 debito
2584 2607 2641 2653 et
2673 2601 2910 2655 mercedi
2946 2601 3123 2658 simile
3149 2613 3262 2672 est,
3299 2607 3712 2663 retributionem

2143 2697 2318 2754 preme
2343 2701 2464 2741 esse
2487 2687 2706 2744 doceret
2741 2699 2796 2744 et
2832 2691 3053 2760 mortis,
3092 2695 3256 2750 vitam
3297 2710 3429 2752 vero
3454 2705 3714 2754 aeternam

2145 2779 2244 2833 soli
2272 2781 2460 2849 gratia:
2493 2781 2860 2851 consignaret.
2897 2782 3207 2841 Secundum
3235 2788 3390 2844 hunc
3416 2804 3638 2847 sensum
3659 2800 3718 2848 et

2144 2869 2276 2924 illud
2318 2870 2463 2939 quod
2509 2871 2562 2926 in
2605 2872 2903 2943 Evangelio
2928 2875 3206 2944 scribitur,
3239 2896 3259 2930 ι
3311 2878 3428 2946 Qua
3463 2897 3718 2939 mensura

2144 2963 2317 3016 mensi
2346 2963 2581 3030 fueritis,
2616 2967 2804 3022 eadem
2823 2970 3140 3024 remetietur
3182 2971 3338 3026 vobis
3369 2973 3443 3038 “,
3486 2993 3506 3027 ι
3539 2977 3605 3032 de
3637 2977 3716 3032 si-

2145 3053 2330 3109 nistris
2373 3055 2632 3124 operibus
2683 3058 3060 3128 accipiendum
3114 3071 3266 3129 puto.
3329 3061 3519 3134 Neque
3567 3068 3714 3124 enim

2141 3143 2331 3212 gratia:
2358 3159 2472 3200 sua:
2518 3161 2828 3202 mensuram
2868 3150 3057 3204 statuit
3091 3151 3254 3218 Deus,
3290 3169 3413 3210 cum
3451 3159 3711 3227 Scriplttln

2141 3236 2210 3288 sit
2237 3254 2250 3290 :
2276 3253 2294 3286 ι
2315 3236 2428 3291 Non
2447 3239 2592 3290 enim
2613 3239 2679 3292 ad
2705 3254 3011 3294 mensuram
3032 3241 3124 3296 dat
3148 3242 3290 3298 Deus
3313 3247 3563 3317 spiritum
3584 3251 3652 3305 ".
3686 3268 3708 3302 ι

2142 3325 2198 3380 Si
2233 3341 2362 3396 ergo
2393 3328 2506 3381 htec
2543 3335 2800 3396 putantur
2833 3338 2980 3383 recte
3010 3330 3282 3398 discussa,
3314 3346 3715 3407 consequenter

2140 3418 2323 3485 utique
2352 3433 2413 3471 ea
2444 3432 2562 3485 qua:
2597 3421 2876 3476 cohaarent
2899 3423 3226 3478 videbuntur
3253 3427 3624 3498 intelligenda,
3649 3439 3712 3485 ut

2137 3510 2381 3578 aperanti
2410 3510 2624 3578 quidem
2653 3526 2816 3580 Opera
2844 3515 3145 3584 iniquitatis
3169 3532 3385 3573 merces
3409 3523 3709 3578 secundum

2139 3601 2342 3670 peccati
2379 3601 2618 3656 debitum
2655 3607 3016 3673 rependatur;
3051 3610 3297 3664 credenti
3327 3625 3456 3666 vero
3487 3612 3540 3668 in
3583 3629 3708 3670 eum

2138 3691 2228 3759 qui
2255 3692 2517 3761 justilicat
2551 3695 2796 3763 impium,
2825 3696 2957 3750 ﬁdes
2989 3697 3056 3750 ad
3079 3697 3343 3766 justitiam
3381 3715 3705 3772 reputatur:

2138 3785 2182 3838 si
2239 3784 2458 3853 quidem
2508 3786 2646 3840 bene
2691 3787 3038 3843 meminimus
3068 3791 3372 3860 superiora,
3424 3794 3478 3848 in
3510 3797 3708 3864 quibus

2137 3877 2474 3930 ostendimus
2503 3891 2611 3930 non
2636 3877 2684 3931 ei
2715 3878 2804 3946 qui
2841 3893 2907 3932 ex
2936 3887 3110 3948 parte,
3143 3883 3236 3935 sed
3263 3887 3354 3952 qui
3377 3898 3442 3938 ex
3467 3886 3705 3958 integro,

2137 3977 2194 4022 et
2220 3970 2311 4036 qui
2344 3968 2585 4037 perfecte
2617 3970 2811 4035 credit,
2838 3971 2997 4025 ﬁdem
3025 3987 3184 4041 posse
3214 3976 3280 4029 ad
3314 3977 3582 4045 justitiam
3617 3993 3705 4034 re-

2137 4059 2314 4128 putari
2343 4075 2357 4112 :
2387 4075 2506 4130 qua:
2529 4063 2662 4119 ﬁdes
2704 4074 2850 4120 tanta
2888 4079 2993 4132 est,
3019 4080 3076 4122 ut
3100 4066 3362 4139 justiﬁret
3387 4070 3550 4122 etiam
3582 4087 3704 4125 euut

2137 4151 2225 4217 qui
2256 4151 2451 4219 impius
2480 4151 2664 4222 fuerit,
2693 4166 2752 4210 ut
2776 4157 2917 4212 ultra
2941 4158 3053 4226 jam
3090 4174 3195 4212 non
3219 4159 3293 4214 sit
3320 4160 3537 4227 impius,
3566 4163 3705 4215 sicut

2139 4238 2226 4291 ille
2262 4239 2399 4293 latro
2437 4242 2528 4309 qui
2577 4245 2843 4311 pendebat
2882 4248 2934 4300 in
2978 4262 3146 4301 cruce
3176 4257 3232 4302 et
3275 4248 3703 4317 blasphemahat,

2137 4329 2229 4383 sed
2260 4331 2330 4383 sit
2359 4330 2500 4386 sicut
2525 4332 2614 4387 ille
2635 4335 2728 4402 qui
2754 4336 3114 4391 confitebatur
3137 4347 3192 4391 et
3223 4339 3440 4394 dicebat
3467 4353 3484 4392 :
3529 4357 3549 4390 ι
3601 4342 3705 4394 Do-

467 4439 686 4508 quidem
719 4437 892 4506 gratia
931 4434 1002 4488 sit
1055 4433 1406 4499 iustiﬁcamis
1430 4472 1445 4494 ,
1497 4432 1550 4484 in
1598 4445 1760 4501 opere
1790 4445 1920 4484 vero
1944 4428 2033 4498 ju—
2067 4444 2111 4498 D
2142 4423 2286 4475 mine
2311 4419 2459 4487 Jesu,
2505 4435 2776 4480 memento
2819 4428 2925 4482 mei
2962 4443 3084 4482 cum
3138 4431 3353 4484 veneris
3386 4431 3438 4484 in
3478 4447 3702 4502 regnum

469 4530 618 4584 stitia
651 4527 1001 4582 retrihuentis
1023 4527 1162 4593 (ὃὸ).
1198 4524 1303 4580 Sed
1333 4538 1432 4594 ego
1455 4539 1577 4578 cum
1611 4522 1895 4577 considero
1918 4536 2032 4574 ser-

469 4620 648 4674 monis
677 4620 1026 4675 eminentiam
1059 4657 1074 4681 ,
1124 4632 1230 4684 qua
1281 4615 1418 4670 dicit
1447 4613 1692 4684 operauti
1738 4613 2029 4668 secundum

469 4710 710 4766 debitum
754 4709 926 4775 reddi,
960 4709 1046 4763 vix
1083 4708 1214 4761 mihi
1241 4705 1446 4761 suadeo
1483 4704 1625 4774 quod
1658 4703 1833 4772 possit
1862 4701 2027 4755 ullum

467 4815 605 4869 Opus
643 4814 802 4865 esse,
853 4798 994 4866 quod
1047 4813 1111 4851 ex
1165 4796 1347 4850 debito
1384 4793 1878 4848 remunerationem
1934 4791 2027 4845 Dei

469 4893 744 4960 deposcat,
777 4907 897 4944 cum
931 4892 1094 4944 etiam
1130 4890 1230 4943 hoc
1263 4888 1433 4955 ipsum
1465 4888 1608 4954 quod
1635 4898 1798 4954 agere
1825 4882 2026 4950 aliquid

467 4997 771 5050 possumus,
803 4981 881 5034 vel
911 4983 1150 5050 cogitare
1170 5019 1185 5043 ,
1219 4977 1304 5032 vel
1351 4975 1597 5047 proloqui
1628 5014 1644 5040 ,
1684 4974 1854 5044 ipsius
1886 4973 2028 5027 dono

537 5162 583 5194 ⁵⁸
618 5162 776 5219 Rom.
809 5179 882 5222 ιν,
907 5164 955 5217 5.
1037 5163 1123 5216 ⁸⁹Ι
1154 5162 1280 5216 Cor.
1318 5177 1415 5214 xm
1438 5200 1453 5221 ,
1486 5160 1542 5224 9,
1579 5158 1667 5213 10.

469 5247 542 5292 tv,
576 5233 632 5295 4,
664 5231 718 5286 5.
791 5233 836 5263 ⁶¹⁸
863 5233 1051 5286 Matth.
1080 5249 1154 5297 vt,
1185 5232 1274 5286 1‘2.
1351 5232 1395 5263 ⁸⁵
1432 5231 1561 5283 Luc.
1598 5245 1692 5289 vn.
1723 5228 1812 5280 4|.

467 5301 513 5333 ⁶⁹
551 5300 681 5357 Luc.
711 5318 787 5366 Vt,
819 5303 1132 5367 38;Matth.
1167 5319 1261 5368 vn,
1305 5302 1361 5356 2.

536 5494 650 5562 (55)
700 5494 801 5551 Ms.
852 5511 1029 5559 unus,
1087 5512 1107 5546 ι
1165 5492 1520 5549 evacuabitur
1561 5492 1705 5561 quod
1750 5507 1816 5548 ex
1871 5499 2027 5562 parte

465 5575 648 5703 651.54,)
689 5633 836 5690 Non.
868 5635 925 5689 In
961 5634 1123 5689 editis
1151 5631 1606 5702 praetermittitur.

558 5637 648 5703 54)
689 5637 836 5690 Νοη.
868 5637 925 5689 1η
961 5637 1123 5689 editis
1151 5642 1318 5702 praete

537 5637 652 5775 (55)
685 5706 854 5772 Alias,
895 5724 914 5758 ι
950 5705 1262 5761 tribuentis.
1294 5721 1319 5758 ι

1737 5157 1781 5189 ⁶⁰
1815 5156 1944 5212 an.
1977 5174 2083 5210 xw:
2107 5199 2120 5216 .
2156 5154 2206 5208 5.
2285 5154 2328 5184 εί
2356 5154 2374 5207 l
2403 5154 2531 5207 Cor.
2558 5169 2676 5218 xm,
2705 5154 2761 5208 2.

1889 5228 1934 5257 ⁵⁸
1977 5227 2102 5282 Luc.
2136 5239 2253 5290 χιιι,
2280 5223 2372 5290 27;
2402 5223 2594 5278 Matth.
2631 5241 2722 5288 vn,
2753 5225 2846 5279 2'5.

1459 5301 1504 5330 ’θ
1532 5297 1686 5353 Jmtn.
1752 5312 1835 5363 ιιι,
1887 5297 1975 5351 54.
2052 5299 2092 5328 ⁷⁸
2135 5295 2266 5349 Luc.
2320 5310 2485 5358 χχιιι,
2517 5295 2606 5347 42.
2681 5297 2909 5350 "Rom.
2956 5310 3030 5360 tv,
3062 5295 3116 5349 5.

2143 4525 2289 4568 tuum
2332 4515 2401 4568 '“.
2450 4515 2578 4571 Post
2622 4520 2736 4574 hth
2781 4519 2926 4573 velut
2959 4522 3025 4574 ad
3068 4522 3539 4578 conﬁrmationem
3587 4526 3703 4597 (57)

2138 4607 2403 4662 sermonis
2437 4609 2521 4663 sui
2558 4625 2719 4677 quem
2767 4611 2981 4666 dixerat
3016 4630 3028 4666 :
3059 4630 3078 4664 ι
3123 4613 3184 4668 Ei
3232 4623 3413 4669 autem
3459 4617 3550 4686 qui
3595 4634 3702 4674 non

2136 4706 2409 4764 operatur,
2427 4701 2602 4753 credit
2626 4710 2805 4754 autem
2829 4703 2880 4755 iu
2897 4717 3018 4756 eum
3048 4706 3139 4772 qui
3167 4703 3429 4774 justiﬁcat
3450 4706 3702 4777 impium,

2140 4799 2418 4856 reputatur
2463 4790 2598 4846 ﬁdes
2631 4792 2698 4845 ad
2729 4791 2996 4862 justitiam
3023 4795 3091 4858 ⁷³,
3137 4814 3158 4848 ι
3190 4799 3422 4851 assumit
3453 4800 3698 4855 testimo-

2135 4880 2284 4932 nium
2318 4881 2385 4936 de
2420 4882 2679 4948 Psalmis,
2713 4895 2770 4939 et
2806 4886 2937 4940 dicit
2971 4901 2988 4941 :
3023 4905 3042 4938 ι
3083 4886 3237 4942 Sicut
3267 4898 3321 4943 et
3365 4889 3532 4944 David
3572 4891 3700 4946 dicit

2136 4975 2524 5032 beatitudinem
2567 4978 2820 5042 hominis,
2855 4983 2944 5032 cui
2975 4977 3116 5034 Deus
3145 4988 3370 5051 accepto
3399 4980 3508 5036 fert
3530 4980 3697 5050 justi-

2859 5154 2904 5186 ⁸³
2935 5154 3106 5209 Exod.
3146 5170 3259 5219 xw,
3290 5155 3381 5210 51.
3459 5158 3503 5189 ⁸³
3537 5155 3694 5210 llom.

2945 5226 2989 5258 ⁶⁷
3031 5227 3185 5279 ltom.
3212 5241 3285 5289 v1,
3316 5226 3404 5279 25.
3482 5226 3526 5258 ⁸⁸
3566 5227 3696 5281 ibid.

2207 5487 2321 5556 (56)
2365 5487 2457 5543 Sic
2482 5502 2674 5542 omnes
2703 5502 2832 5541 mss.
2868 5485 3044 5540 nostri
3073 5501 3089 5549 ;
3134 5485 3262 5541 editi
3295 5495 3440 5549 vero,
3487 5500 3508 5536 ι
3542 5481 3698 5553 cujus

2137 5561 2314 5629 gratia
2348 5573 2449 5629 nos
2471 5558 2765 5626 prmcessit.
2802 5576 2819 5606 ι

2208 5629 2319 5698 (57)
2358 5628 2526 5693 Alias,
2563 5645 2581 5679 t
2623 5628 2996 5681 lirutationetn.
3040 5642 3064 5679 ι
