4170 6412
384 306 492 362 965
1338 307 1695 365 COMMENT.
1727 308 1794 364 IN
1834 307 2050 366 EPIST.
2089 311 2181 366 AD
2216 311 2384 368 ROM.
2425 313 2552 370 LIB.
2590 313 2681 369 IV.
3526 318 3632 375 960

386 423 515 476 tiam
543 421 664 478 sine
691 424 949 493 operibus
977 425 1024 458 ⁷³
1059 440 1074 479 :
1104 425 1257 481 Beati
1290 442 1519 495 quorum
1557 429 1803 483 remissa“:
1834 438 1962 482 sunt
1989 435 2036 490 Α
2064 433 2338 500 nequitia),
2369 431 2572 500 ibi-jam
2598 445 2808 486 summa
2835 430 3086 500 perfectae
3114 431 3467 487 beatitudinis
3497 448 3629 503 pro-

387 515 722 585 iuiquitates,
772 526 827 571 et
855 533 1084 587 quorum
1133 528 1268 571 tecta
1299 529 1425 572 sunt
1469 521 1958 587 peccatazbeatus
2063 525 2330 590 mittatur,
2395 539 2520 579 cum
2581 523 2788 577 nullum
2836 524 3006 592 possit
3058 525 3316 579 Dominus
3363 525 3632 596 imputare

386 608 472 661 vir
495 611 702 663 cuinon
733 609 1021 678 imputavit
1043 609 1301 663 Dominus
1331 620 1609 678 peccatum
1631 610 1700 663 ”.
1736 629 1754 662 ι
1791 608 1956 664 Vides
2061 627 2363 684 peccatum.
2397 617 2663 686 luiquitas
2691 630 2825 671 sane
2857 631 2887 670 a
2912 625 3133 684 peccato
3160 619 3301 671 hanc
3330 617 3495 672 habet
3524 616 3630 672 dif-

385 715 484 770 per
507 701 605 753 hos
625 715 905 754 sermones
925 711 1322 771 consequenter
1337 702 1620 770 approbari
1643 717 1800 771 posse
1817 700 1963 771 quod
2062 705 2370 771 feret-tiam,
2395 709 2541 777 quod
2576 707 2833 777 iniquitas
2856 708 2910 761 in
2935 707 3018 761 his
3042 708 3260 768 dicitur.
3292 723 3412 776 quae
3437 719 3629 764 contra

385 799 667 858 reputetur
699 791 904 843 homini
948 791 1152 858 iustitia
1191 791 1307 845 sine
1333 791 1608 860 operibus.
1636 791 1793 847 Unde
1829 791 1964 845 mihi
2060 796 2229 866 legem
2253 803 2673 855 committuntur
2696 821 2708 856 ;
2735 801 2874 854 unde
2894 799 3183 854 etGmcus
3204 813 3384 854 sermo
3397 799 3630 870 ἀνομίαν

382 883 596 938 videtur
620 885 726 939 hoc
752 883 1084 938 intellexisse
1115 883 1427 953 Apostolus,
1461 886 1587 953 quia
1618 885 1954 954 impossibile
2058 891 2295 958 appellat
2348 892 2718 960 iniquitatem,
2755 893 2856 946 hoc
2894 902 2997 954 est,
3026 893 3166 961 quod
3201 894 3316 948 sine
3356 895 3472 962 lege
3510 894 3628 964 (45)

383 974 452 1027 sit
487 976 541 1027 in
570 975 806 1040 homine,
854 975 938 1028 eui
978 973 1088 1043 jam
1124 989 1222 1044 per
1264 985 1475 1028 mtatem
1511 977 1858 1030 discernendi
1887 978 1954 1030 de
2057 985 2448 1050 committitur;
2477 983 2639 1056 524
2683 995 2962 1054 peccatum
2991 999 3121 1038 vero
3153 985 3318 1038 etiam
3353 985 3485 1038 illud
3523 987 3630 1039 dici

382 1067 525 1118 bono
557 1077 612 1118 ct
661 1067 804 1118 malo
851 1065 1006 1118 adest
1046 1065 1372 1127 intellectus,
1419 1081 1595 1135 neque
1632 1065 1949 1135 iujustitiam
2059 1080 2257 1138 potest,
2291 1073 2334 1126 si
2360 1083 2548 1126 contra
2581 1089 2746 1142 quam
2779 1082 2972 1128 natura
2996 1075 3173 1138 docet,
3203 1084 3258 1128 et
3289 1074 3625 1129 conscientia

382 1157 581 1220 inesse,
612 1172 786 1223 neque
808 1156 1095 1224 justitiam.
1131 1155 1282 1222 Quod
1307 1157 1352 1210 si
1399 1158 1469 1210 ita
1504 1168 1608 1222 est,
1643 1159 1759 1213 sine
1780 1161 1951 1212 altero
2056 1161 2254 1229 arguit,
2291 1161 2656 1231 delinquatur.

379 1261 412 1301 e
439 1247 652 1302 duobus
676 1247 908 1301 inveniri
944 1247 1120 1300 anima
1151 1264 1256 1302 non
1293 1258 1504 1317 potest;
1544 1261 1592 1304 et
1634 1261 1838 1306 certum
1867 1263 1952 1306 est
2123 1252 2180 1305 2.
2234 1270 2254 1304 ι
2309 1253 2594 1307 Βθίιιίιιιάο
2633 1269 2763 1324 ergo
2807 1255 2919 1309 haec
2957 1257 3011 1310 in
3042 1256 3457 1311 circumcisione
3488 1254 3628 1326 (44),

380 1338 427 1392 si
445 1338 674 1392 desierit
698 1337 808 1407 (58)
845 1353 875 1391 a
921 1338 1099 1401 malis,
1136 1340 1280 1407 quod
1309 1341 1417 1408 jam
1443 1341 1749 1396 inveniatur
1780 1343 1832 1397 in
1857 1344 1948 1398 bo‘
2058 1354 2126 1394 an
2158 1343 2320 1396 etiam
2357 1342 2407 1396 in
2450 1344 3016 1412 prmputioiDicimus
3046 1347 3190 1400 enim
3226 1347 3628 1415 quiareputata

380 1427 484 1483 nis.
519 1428 576 1482 In
609 1428 766 1482 malis
796 1436 976 1482 autem
1012 1443 1120 1483 non
1151 1439 1234 1484 est
1265 1431 1355 1484 illa
1388 1433 1593 1496 anima,
1619 1434 1772 1504 cujus
1812 1450 1834 1486 ι
1867 1449 1952 1489 re—
2055 1442 2142 1486 est
2162 1432 2396 1488 Abrahae
2427 1435 2561 1489 ﬁdes
2591 1438 2656 1488 ad
2677 1435 3269 1504 justitiam.Quomodu
3292 1450 3422 1508 ergo
3457 1452 3626 1506 repn-

378 1521 560 1574 missae
587 1531 714 1574 sunt
738 1520 1070 1589 iniquitates,
1103 1540 1122 1573 ι
1161 1530 1214 1576 et
1245 1522 1402 1592 cujus
1435 1541 1453 1574 ι
1505 1533 1645 1578 tecta
1673 1534 1800 1579 sunt
1827 1540 1951 1594 pec-
2059 1534 2171 1577 tata
2215 1525 2489 1580 est?Cum
2528 1526 2582 1578 in
2617 1527 3033 1582 circumcisione
3065 1539 3245 1594 esset,
3297 1545 3366 1583 an
3405 1545 3528 1584 cum
3570 1530 3626 1584 in

384 1623 561 1681 cata,»
593 1622 645 1669 ct
670 1632 688 1664 ι
726 1614 812 1668 cui
850 1628 954 1667 non
991 1615 1278 1683 imputavit
1313 1617 1423 1688 (59)
1461 1618 1721 1672 Dominus
1761 1634 1952 1687 peeea-
2057 1617 2316 1684 prmputio
2341 1616 2620 1687 (45)?Non
2650 1619 2701 1671 in
2734 1619 3172 1686 circumcisione,
3199 1621 3294 1677 sed
3329 1621 3382 1676 in
3413 1636 3629 1692 prmpu-

377 1713 493 1758 tum
534 1707 579 1737 ⁷⁵
611 1728 623 1761 :
652 1725 672 1758 ι
705 1709 1036 1761 conveniens
1075 1723 1205 1777 ergo
1230 1719 1315 1762 est
1348 1711 1490 1764 utsit
1521 1711 1571 1763 in
1598 1711 1770 1764 bonis.
1791 1710 1950 1765 Com-
2060 1707 2153 1760 tio.
2182 1708 2246 1760 Et
2273 1709 2483 1779 signum
2509 1711 2721 1778 accepit
2751 1713 3250 1778 circumcisionem,
3286 1713 3622 1784 signaculum

374 1806 621 1864 petenter
689 1799 852 1868 igitur
909 1805 976 1855 ad
1045 1803 1421 1856 remissionem
1481 1803 1826 1872 iniquitatum
1897 1813 1952 1857 et
1983 1796 2024 1850 Β
2049 1798 2277 1868 ,Ῑιιειίιίω
2304 1801 2450 1867 lidei,
2479 1817 2602 1870 qua:
2631 1811 2717 1857 est
2748 1803 2799 1856 in
2827 1805 3135 1872 praeputio:
3165 1814 3222 1859 ut
3244 1806 3318 1859 sit
3339 1817 3491 1875 pater
3515 1823 3626 1859 om-

374 1891 736 1945 obtectionem
790 1905 1159 1962 peccatorum,
1205 1904 1263 1950 et
1302 1897 1367 1948 ad
1408 1895 1458 1949 id
1501 1898 1642 1964 quod
1686 1911 1792 1949 non
1835 1895 1949 1966 (40)
2056 1891 2202 1945 nium
2237 1893 2570 1947 credentium
2617 1910 2713 1962 per
2760 1897 3106 1963 praeputium,
3154 1907 3213 1950 ut
3258 1906 3541 1966 reputetur
3568 1906 3627 1952 et

374 1984 605 2052 imputat
651 1987 911 2041 Dominus
954 1999 1258 2057 peccatum,
1307 1989 1436 2042 dicit
1479 1987 1773 2058 Apostolus
1807 1990 1949 2058 quod
2055 1982 2160 2036 illis
2189 1983 2254 2036 ad
2295 1983 2589 2052 justitiam,
2625 1995 2679 2038 et
2720 1984 2791 2039 sit
2826 1995 2982 2056 pater
3013 1987 3482 2052 circumcisionis,
3511 2005 3616 2042 non

375 2075 582 2130 homini
608 2075 828 2144 iustitia:
861 2088 1143 2148 reputetur
1164 2079 1234 2145 ⁷⁸,
1261 2079 1384 2134 licet
1407 2082 1648 2134 nondum
1671 2095 1835 2149 opera
1863 2079 1951 2149 ju-
2052 2075 2138 2130 his
2173 2085 2378 2129 tantum
2427 2078 2518 2146 qui
2557 2088 2683 2132 sunt
2727 2079 2781 2132 in
2815 2078 3255 2148 circumcisione,
3302 2081 3397 2136 sed
3429 2090 3483 2135 et
3515 2082 3625 2138 illis

373 2169 534 2223 stitiae
565 2171 768 2240 egerit,
818 2173 911 2226 sed
942 2188 1041 2242 pro
1076 2189 1142 2228 eo
1179 2181 1387 2227 tantum
1427 2173 1569 2242 quod
1605 2174 1842 2228 credidit
1891 2173 1946 2226 in
2051 2169 2141 2238 qui
2170 2179 2444 2224 sectantur
2472 2171 2697 2241 vestigia
2722 2169 2842 2238 ejus
2871 2185 2995 2239 quae
3016 2181 3099 2226 est
3124 2171 3177 2226 in
3204 2173 3469 2244 pneputio
3497 2174 3618 2227 ﬁdei

372 2274 494 2314 eum
528 2265 622 2329 qui
657 2261 921 2329 justiﬁcat
956 2264 1200 2330 impium.
1243 2265 1460 2316 Initium
1489 2279 1722 2333 namque
1746 2263 1947 2333 justiﬁ-
2049 2261 2219 2331 patris
2259 2263 2429 2315 nostri
2468 2262 2698 2317 Abraha:
2722 2263 2792 2316 "’.
2828 2280 2848 2314 1
2885 2244 3017 2317 Cum
3067 2264 3293 2319 dixisset
3335 2267 3621 2335 superius,

380 2351 494 2404 cari
527 2367 554 2403 a
585 2352 716 2419 Deo,
749 2355 881 2409 fides
903 2365 983 2409 est
1007 2371 1127 2424 qua:
1158 2356 1332 2409 credit
1363 2353 1850 2423 injustiﬁcantem.
1882 2360 1948 2413 Et
2049 2351 2173 2419 quia
2202 2369 2220 2402 ι
2256 2351 2487 2404 credidit
2521 2353 2797 2406 Abraham
2848 2351 2976 2416 υθο,
3011 2363 3067 2407 ει
3103 2363 3406 2424 reputat“!!!
3456 2366 3540 2409 est
3572 2355 3621 2409 ei

373 2442 488 2495 haec
516 2442 652 2497 fides
680 2459 800 2497 cum
823 2444 1119 2513 justiﬁcata
1147 2445 1333 2510 fuerit,
1370 2455 1624 2515 tanquam
1661 2448 1810 2501 radix
1842 2449 1946 2502 im-
2050 2443 2115 2493 ad
2141 2440 2403 2508 iustitiam
2431 2443 2500 2506 ⁸ο,
2533 2462 2552 2494 ι
2579 2453 2635 2496 et
2660 2443 3030 2511 hujuscemodi
3068 2445 3202 2500 ﬁdes
3229 2446 3358 2515 quid
3397 2445 3624 2500 haberet

370 2531 467 2586 bre
491 2544 746 2601 suscepto
779 2535 1020 2588 haeretiu
1049 2536 1247 2588 animae
1275 2536 1492 2600 solo,ut
1521 2551 1643 2589 cuin
1662 2551 1759 2604 per
1777 2537 1944 2607 legem
2046 2530 2398 2586 beatitudinis
2451 2534 2779 2588 ostendisset
2824 2549 2893 2590 ex
2943 2534 3031 2589 his
3077 2550 3200 2604 qua:
3241 2535 3294 2590 in
3346 2537 3623 2592 tricesimo

372 2621 465 2676 Dei
498 2625 675 2676 excoli
709 2625 962 2690 coeperit,
995 2636 1220 2696 surgant
1254 2627 1306 2679 in
1339 2641 1401 2680 ea
1433 2627 1570 2679 rami
1613 2627 1705 2694 qui
1741 2626 1947 2681 fructus
2047 2624 2221 2692 primo
2266 2623 2378 2696 (46)
2419 2627 2618 2696 scripta
2653 2637 2778 2682 sunt
2828 2629 3060 2698 psalmo,
3099 2629 3230 2700 quia
3263 2630 3337 2684 ita
3375 2631 3618 2685 credenti

367 2727 593 2780 Operam
643 2713 839 2768 ferant.
883 2714 1003 2769 Non
1035 2729 1166 2783 ergo
1206 2731 1271 2768 ex
1322 2718 1577 2785 operibus
1611 2716 1761 2770 radix
1791 2714 1946 2783 jnsti-
2046 2732 2152 2770 non
2181 2727 2456 2786 reputaret
2483 2718 2742 2775 Dominus
2770 2730 3053 2790 peccatum
3080 2721 3149 2788 ⁸³,
3191 2722 3449 2793 proponit
3476 2736 3622 2777 nunc

367 2808 475 2870 tiaa,
506 2807 600 2860 sed
631 2821 698 2861 ex
737 2809 923 2862 radice
954 2809 1180 2877 justitiae
1208 2809 1420 2865 fructus
1455 2825 1678 2878 operum
1715 2810 1940 2875 crescit,
2046 2806 2546 2876 interrogationem,
2572 2823 2640 2862 ex
2686 2809 2837 2877 cujus
2861 2811 3215 2879 responsione
3241 2810 3438 2866 doceat
3472 2811 3619 2882 (47),

371 2899 461 2952 illa
491 2901 702 2955 scilicet
740 2903 923 2955 radice
960 2901 1222 2970 justitiaa,
1265 2917 1370 2970 qua
1407 2903 1546 2957 Deus
1587 2912 1811 2972 accepto
1841 2901 1946 2956 fert
2044 2908 2098 2951 et
2121 2915 2184 2953 ex
2228 2900 2342 2968 ipsa
2368 2908 2674 2970 temporum
2717 2903 2944 2969 ratione,
2981 2905 3121 2973 quod
3164 2904 3438 2959 beatitudo
3462 2905 3622 2975 justi-

363 2991 631 3061 justitiam
667 2993 785 3046 sine
821 2995 1077 3062 operibus
1103 2994 1170 3047 ⁷⁷.
1218 2993 1367 3049 Unde
1405 3004 1697 3063 propterea
1737 3005 1864 3065 pulo
1890 3004 1945 3048 et
2046 2988 2314 3044 ﬁcationis
2350 2992 2583 3046 Abrahae
2615 3007 2724 3046 non
2763 2994 2816 3047 in
2841 2994 3275 3061 circumcisione,
3307 2998 3403 3051 sed
3438 2998 3618 3054 adhuc

367 3086 538 3139 David
587 3087 861 3140 tricesimo
904 3086 1080 3154 primo
1123 3085 1235 3155 (41)
1279 3087 1506 3152 psalmo,
1553 3101 1714 3155 quem
1747 3101 1941 3155 super-
1975 3142 2011 3155 Α
2045 3082 2100 3136 in
2133 3079 2394 3152 praeputio
2430 3085 2607 3150 posito
2634 3085 2757 3138 data
2788 3096 2894 3141 est.
2931 3087 3086 3154 Quod
3117 3087 3162 3140 si
3195 3088 3470 3145 Abraham
3495 3106 3617 3144 cum

368 3179 610 3246 scripsit,
632 3197 650 3230 ι
677 3142 985 3242 Intellectus
1019 3142 1247 3246 David,li
1275 3142 1504 3232 dedisse.
1526 3142 1668 3231 istud
1701 3142 1940 3241 initi-uin,
1969 3142 2013 3201 θ
2045 3183 2189 3227 esset
2218 3142 2395 3228 adhuc
2425 3173 2478 3227 in
2509 3177 2774 3246 praeputio
2799 3191 2868 3231 ex
2901 3142 3004 3232 fide
3026 3179 3358 3247 justiﬁcatus
3388 3191 3492 3244 est,
3518 3197 3617 3251 po-

367 3270 666 3324 admonens
691 3285 787 3340 per
809 3270 980 3340 ipsam
1020 3271 1540 3341 superscriptionem
1568 3269 1817 3324 altiorem
1843 3270 1940 3324 dc-
2046 3272 2151 3319 test
2186 3275 2240 3318 et
2270 3267 2445 3321 oumis
2483 3268 2576 3336 qui
2617 3268 2797 3323 credit
2843 3268 2953 3324 Deo
2989 3269 3276 3337 justiﬁcari
3313 3288 3411 3343 per
3439 3275 3616 3337 fidem,

369 3361 500 3415 bere
529 3363 731 3430 requiri
779 3362 1112 3417 intellectum
1163 3363 1215 3417 in
1255 3363 1341 3417 his
1378 3376 1496 3431 quae
1521 3363 1766 3416 dicturus
1799 3369 1937 3427 erat,
2042 3357 2252 3411 etiamsi
2281 3359 2352 3412 sit
2382 3358 2434 3412 in
2463 3366 2751 3428 praaputlo,
2775 3371 2832 3416 et
2855 3361 3133 3428 pertinere
3153 3361 3316 3415 etiam
3347 3365 3414 3416 ad
3442 3365 3615 3432 ipsum

364 3453 490 3521 quia
531 3471 551 3504 ι
587 3454 731 3508 beati
759 3470 988 3524 quorum
1030 3456 1384 3510 remittuntur
1418 3455 1733 3524 iniquitates
1771 3473 1784 3508 :
1821 3473 1839 3506 ›
1871 3455 1938 3509 de
2041 3450 2156 3505 haec
2185 3449 2463 3505 beatitudo
2494 3453 2561 3505 de
2585 3465 2687 3519 qua
2713 3451 2914 3505 dicitur
2942 3450 3055 3521 (48)
3083 3469 3098 3505 :
3134 3471 3152 3503 ι
3181 3452 3378 3509 Beatus
3405 3458 3490 3511 cui
3512 3473 3616 3510 non

363 3545 583 3614 quibus,
618 3557 780 3615 prout
805 3549 1117 3616 potuimus,
1158 3548 1426 3612 diximus,
1454 3562 1575 3600 cum
1610 3545 1679 3599 de
1711 3545 1940 3602 Psalmis
2043 3541 2329 3611 imputavit
2381 3541 2640 3595 Dominus
2693 3550 2977 3610 peccatum
3021 3542 3088 3596 ⁸⁸.
3130 3560 3152 3595 ι
3195 3545 3448 3600 Ostendit
3486 3561 3620 3616 ergo

362 3653 462 3707 per
484 3640 732 3693 ordinem
764 3641 1114 3695 dictamnus.
1148 3641 1256 3694 sed
1281 3647 1564 3708 promovet
1596 3654 1695 3693 nos
1727 3639 1938 3693 ordinis
2039 3630 2163 3698 quia
2207 3644 2316 3682 non
2351 3629 2575 3683 cuilibet
2610 3629 2874 3684 Dominus
2913 3645 3020 3685 non
3052 3632 3285 3700 imputet
3309 3645 3616 3704 peceatum,

364 3729 534 3799 ipsius
555 3729 880 3795 differentia,
919 3731 1063 3799 quod
1091 3731 1263 3799 primo
1287 3729 1442 3794 dixit,
1480 3746 1498 3779 ι
1529 3727 1680 3782 Beati
1705 3745 1933 3798 quorum
2039 3721 2131 3774 sed
2181 3721 2230 3775 ei
2268 3721 2356 3789 qui
2402 3722 2696 3776 crediderit
2735 3733 2960 3791 propter
2988 3723 3148 3779 ﬁdem
3197 3741 3347 3781 suam
3393 3719 3610 3795 peccata

365 3825 605 3875 remissae
638 3820 1119 3890 suntiniquitates;
1160 3837 1180 3870 ι
1220 3820 1481 3882 secundo,
1521 3835 1537 3868 ι
1578 3819 1819 3883 Quorum
1860 3829 1937 3870 te—
2039 3826 2146 3862 non
2191 3821 2421 3878 reputet.
2465 3811 2620 3867 Sicut
2649 3814 2793 3867 enim
2821 3815 3056 3871 Abrahae
3084 3828 3344 3888 ,reputata
3371 3831 3454 3874 est
3484 3821 3618 3876 ﬁdes

362 3920 446 3965 cta
471 3919 597 3964 sunt
629 3918 846 3980 peccata
878 3929 890 3964 :
931 3929 948 3960 ι
979 3911 1158 3968 tertio,
1198 3926 1216 3959 ι
1246 3907 1345 3963 Cui
1377 3923 1482 3961 non
1513 3909 1798 3977 imputavit
1823 3910 1933 3981 (42)
2037 3903 2103 3954 ad
2124 3903 2413 3970 justitiam,
2441 3904 2513 3958 ita
2541 3915 2596 3958 et
2624 3907 2772 3960 omni
2802 3908 3046 3962 credenti
3079 3910 3169 3964 cui
3201 3910 3335 3965 ﬁdes
3356 3913 3424 3965 ad
3451 3911 3612 3980 justi.

362 4001 624 4056 Dominus
653 4011 934 4071 peccatum
966 4001 1033 4053 ⁷⁸.
1070 4018 1087 4049 1
1119 4000 1182 4053 Ει
1213 4001 1333 4052 vide
1365 4000 1407 4052 si
1437 3999 1576 4052 forte
1609 4009 1792 4066 potest
1831 4001 1935 4054 iste
2039 3994 2169 4046 tiam
2225 4004 2520 4063 reputatur,
2583 4007 2804 4064 peccata
2865 3999 3054 4067 utique
3097 4015 3204 4054 non
3253 4000 3612 4070 imputantur.

359 4092 496 4147 ordo
520 4092 573 4146 in
601 4093 781 4146 anima
814 4107 917 4146 una
950 4083 1255 4160 eademque
1275 4090 1500 4160 intelligi
1533 4109 1546 4144 :
1582 4099 1637 4144 ut
1668 4091 1793 4160 quia
1827 4091 1934 4144 iui-
2036 4084 2220 4155 Neque
2243 4086 2384 4140 enim
2403 4086 2471 4141 de
2492 4085 2656 4155 justis
2679 4087 2812 4144 dicit
2835 4090 2965 4158 quia
2992 4099 3274 4160 reputatur
3293 4095 3372 4148 eis
3396 4093 3528 4148 ﬁdes
3545 4097 3612 4150 ad

361 4182 495 4236 tium
540 4192 625 4237 est
672 4182 1042 4238 conversionis
1084 4183 1280 4236 animm
1334 4181 1472 4234 mala
1532 4181 1930 4249 derelinquere,
2030 4178 2318 4248 justitiam.
2354 4180 2510 4247 Quod
2553 4183 2595 4235 si
2643 4181 2715 4234 ita
2769 4192 2988 4252 putetur
3023 4183 3160 4254 (49),
3193 4200 3314 4254 qua:
3341 4185 3615 4240 videbitur

359 4288 460 4342 pro
507 4274 614 4329 hoc
652 4274 997 4343 iniquitatum
1049 4274 1423 4328 remissionem
1466 4281 1740 4326 mereatur
1791 4273 1934 4327 acei-
2035 4273 2206 4342 gratia
2249 4273 2400 4342 justo
2475 4274 2987 4343 reputariilustitia
3039 4277 3104 4328 ad
3156 4274 3609 4344 justitiam?Sed

359 4380 528 4433 pere:
557 4369 677 4420 cuin
708 4376 886 4418 autem
912 4366 1301 4435 cmperitbona
1328 4365 1528 4430 facere,
1555 4366 1928 4437 velutsingula
2034 4364 2221 4434 utique
2251 4364 2324 4418 illi
2356 4365 2488 4419 dicit
2524 4366 2682 4420 ﬁdem
2725 4375 3028 4434 reputatam
3065 4382 3187 4422 esse
3223 4367 3288 4420 ad
3313 4367 3608 4436 justitiam,

359 4473 588 4528 qumque
627 4474 746 4528 quae
791 4469 1182 4528 princesserant
1226 4458 1364 4513 mala
1416 4459 1574 4514 bonis
1615 4461 1929 4516 recentibus
1960 4486 2005 4545 υ
2033 4455 2126 4523 qui
2165 4463 2454 4524 antequam
2505 4456 2733 4511 haberet
2770 4457 2912 4510 hanc
2957 4458 3144 4523 ﬁdem,
3177 4457 3452 4526 justitiam
3502 4475 3608 4515 non

359 4559 720 4622 obtegens,et
758 4553 1208 4606 abundantiorem
1247 4567 1528 4606 numerum
1563 4553 1929 4607 bonorumin-
1969 4544 1976 4545 ⁷
2033 4544 2301 4609 habebat:
2341 4554 2397 4601 el
2435 4547 2535 4602 Ῐεῑθ
2576 4557 2658 4602 εει
2699 4549 2885 4618 utique
2927 4547 3154 4614 beatus.
3195 4551 3282 4604 οιιὶ
3331 4551 3474 4604 Deus
3510 4564 3606 4605 ac-

360 4644 651 4698 troducens
677 4658 836 4714 quam
861 4644 1011 4711 prius
1041 4645 1217 4698 fuerat
1247 4645 1511 4699 malorum
1533 4685 1549 4712 ,
1592 4654 1772 4714 tegere
1797 4659 1926 4714 pec-
2034 4650 2194 4709 cepto
2232 4639 2338 4694 fert
2371 4641 2638 4711 justitiam
2671 4641 2790 4695 sine
2830 4640 3120 4710 operibus,
3162 4651 3217 4696 et
3245 4642 3332 4696 cui
3365 4656 3471 4696 non
3500 4643 3606 4696 im-

359 4744 480 4788 cata
511 4735 720 4788 dicatur
757 4737 894 4790 :ubi
937 4750 1066 4790 vero
1099 4735 1210 4803 jam
1258 4735 1325 4788 ad
1358 4733 1654 4804 perfectum
1697 4734 1924 4799 venerit,
2033 4741 2254 4802 putatur
2284 4742 2589 4801 peccatum,
2626 4731 2710 4786 cui
2753 4732 2918 4786 etiam
2962 4733 3206 4787 remissae
3243 4741 3375 4786 sunt
3415 4733 3612 4803 iniqui-

359 4825 434 4880 ita
453 4805 524 4880 ut.
543 4825 721 4880 omnis
746 4825 813 4880 de
841 4840 904 4880 ea
935 4827 1154 4881 malitiae
1178 4825 1574 4895 radixpenitus
1589 4831 1923 4893 amputetur,
2036 4831 2205 4888 tates,
2253 4833 2309 4876 et
2351 4822 2561 4877 obtecta
2596 4821 2639 4874 si
2684 4835 2789 4889 qua
2828 4829 2989 4874 antea
3038 4822 3252 4875 fuerant
3283 4834 3504 4891 peccata
3533 4821 3600 4875 ⁸³.

357 4934 423 4973 eo
453 4934 622 4988 usque
657 4928 717 4971 ut
747 4919 954 4972 nttllum
998 4920 1048 4971 in
1081 4935 1143 4973 ea
1172 4919 1456 4989 vestigium
1487 4916 1662 4986 possit
1691 4915 1925 4969 inveniri
2035 4915 2205 4969 Simul
2265 4925 2444 4968 autem
2489 4923 2546 4968 et
2593 4915 2785 4968 edocet
2833 4926 2931 4967 nos
2971 4913 3284 4982 diligentius
3329 4913 3604 4968 intendere

427 5017 473 5047 ⁷³
528 5014 684 5066 Rom.
711 5025 783 5074 tv,
809 5009 862 5066 6.
938 5014 984 5045 '“*
1017 5013 1159 5069 Psal.
1196 5030 1351 5079 xxxi,
1397 5016 1454 5079 1,
1487 5015 1540 5067 2-.
1595 5013 1663 5044 "5
1697 5010 1852 5065 Rom.
1879 5027 1951 5076 tv,
1985 5009 2038 5074 7,
2069 5012 2123 5076 8;
2160 5009 2301 5063 Psal.
2335 5025 2481 5068 χχιιι.
2508 5008 2633 5075 1,2.
2705 5077 2726 5079 _
2779 5009 2827 5079 τέ
2861 5007 3016 5060 Rom.
3047 5022 3120 5079 tv,
3164 5007 3218 5064 5.
3295 5010 3339 5040 ⁷⁷
3381 5007 3510 5060 ibid.
3545 5007 3600 5060 6.

357 5084 403 5122 ⁷⁸
441 5085 584 5140 Psal.
635 5101 784 5149 xxxi,
817 5087 870 5152 1,
899 5084 954 5137 2.
1056 5085 1102 5116 ’¹⁹
1142 5085 1297 5140 Rom.
1339 5077 1490 5151 ⁷ιν,’9
1516 5100 1632 5154 seq.
1745 5083 1791 5114 ⁸⁰
1838 5083 1969 5137 ibid.

1954 5119 1969 5134 .
2011 5082 2063 5136 5.
2172 5080 2216 5111 ⁸¹
2272 5081 2401 5134 ibid.
2453 5085 2507 5133 δ.
2617 5079 2663 5109 ⁸⁸
2705 5077 2845 5133 Psal.
2896 5093 3047 5144 xxx't,
3081 5078 3149 5145 2;
3186 5079 3339 5132 ltont.
3403 5093 3477 5141 tv,
3543 5079 3597 5131 8.

355 5156 404 5192 ⁸³
456 5157 585 5210 ibid.
618 5155 670 5219 6,
705 5155 756 5209 7.

426 5246 542 5322 (ξε)
570 5248 736 5322 Alias,
773 5265 792 5298 ι
823 5257 882 5322 et
917 5262 1042 5322 cum
1067 5261 1188 5322 esse
1219 5247 1460 5302 desierit.
1511 5266 1530 5299 ι
2033 5250 2393 5322 tumnmoltet,
2429 5261 2448 5293 ι
2507 5311 2519 5322 .
2623 5311 2635 5322 ⁸
2833 5308 2845 5320 .
2883 5309 2895 5321 .
3155 5306 3167 5318 .

423 5304 538 5391 (‘59)
570 5304 736 5391 Alias,
769 5335 788 5369 ι
822 5318 1124 5391 imputabitt
1165 5335 1185 5368 ι
1275 5385 1288 5391 _
2101 5313 2214 5391 (is)
2256 5313 2418 5391 Editi,
2449 5331 2468 5363 ι
2507 5311 2559 5366 in
2589 5308 3025 5391 circumcisione,
3053 5323 3120 5362 an
3155 5306 3206 5360 in
3234 5304 3540 5376 praeputio?
3571 5323 3593 5357 ι

424 5382 536 5462 (40)
576 5389 745 5462 Alias,
782 5407 800 5439 ι
825 5382 1124 5462 (διδιιίμιίιι
1146 5385 1289 5455 quod
1318 5403 1444 5462 non.
1481 5405 1499 5438 ι

1165 5385 1289 5455 ιιιοά
1318 5403 1444 5462 non.
1481 5405 1499 5438 ι
2254 5382 2417 5462 Editi,
2450 5401 2469 5433 ι
2501 5382 2749 5462 septimo.
2793 5398 2812 5430 ι

425 5449 538 5530 (41)
582 5449 786 5530 Primo,
823 5457 985 5530 Deest
1017 5449 1075 5530 in
1105 5449 1261 5511 antea
1289 5459 1472 5512 editis.

2101 5449 2213 5530 (ﬁ)
2251 5452 2421 5530 Alias,
2461 5471 2479 5505 ι
2507 5451 2784 5514 doceatur,
2818 5468 2837 5500 ι
2877 5449 2972 5530 al._,
3003 5467 3020 5500 ι
3054 5449 3452 5530 deceantur._r

422 5516 534 5600 (42)
561 5529 728 5600 Alias,
761 5516 786 5578 ι’
820 5527 1125 5600 imputabit.
1154 5545 1175 5579 ι
1264 5598 1274 5600 _
1818 5597 1846 5600 Α
1881 5597 1891 5600 _
2100 5516 2214 5593 (48)
2251 5523 2345 5600 §ic
2390 5538 2520 5577 mss.
2575 5537 2747 5587 unus;
2789 5521 2969 5575 cancri
3015 5533 3140 5572 vero
3180 5531 3310 5571 mss.
3344 5525 3398 5570 et
3431 5516 3594 5582 cditi,

422 5593 665 5672 (t5)rSic
721 5613 849 5672 ιιιε.Δ
881 5593 1039 5653 unus.
1086 5597 1277 5672 caeteri
1325 5611 1454 5672 vero
1492 5613 1621 5672 mss.
1666 5607 1728 5672 et
1765 5597 1916 5658 editi,
2033 5611 2052 5644 ι
2087 5610 2206 5672 qua;
2231 5593 2382 5672 dicit.
2421 5611 2442 5645 ι
2515 5662 2548 5672 Α
2646 5662 2658 5672 1
2727 5661 2738 5672 .
2911 5667 2922 5672 _
3029 5666 3040 5672 Δ
3244 5655 3332 5672 ἢ-.

359 5687 380 5722 ι
418 5655 556 5738 quod
587 5669 964 5741 committitur,
991 5686 1007 5741 ι
1037 5669 1252 5723 omissis
1283 5668 1503 5741 vocibus
1527 5685 1545 5718 ι
1573 5668 1689 5741 sine
1719 5669 1851 5737 lege.
1893 5655 1914 5718 ι
2101 5655 2212 5736 (49)
2254 5663 2420 5724 Alias,
2460 5681 2480 5715 ι
2503 5662 2658 5741 Quod
2695 5661 2752 5741 si.
2776 5666 3132 5741 reputaretttr;
3180 5655 3444 5741 inDeinde
3470 5670 3593 5710 om.

428 5727 537 5811 (44)
579 5739 670 5794 Sic
704 5755 832 5794 mss.
860 5727 1004 5792 Editi
1026 5752 1174 5807 vero,
1215 5757 1232 5790 ι
1271 5743 1322 5793 itt
1355 5727 1915 5794 circumcisioncvtatt-
2029 5727 2126 5791 nes
2160 5727 2318 5802 ttiss.,
2358 5727 2632 5800 mendose,
2671 5751 2688 5784 ι
2724 5727 3391 5796 Justitiamatljttstitiatn.
3433 5744 3454 5779 ι
