4170 6368
531 262 636 317 1167
1987 262 2312 319 ()RIGENIS
3711 272 3817 327 968

530 377 750 434 lectioni
776 419 793 444 ,
833 393 957 434 cum
1007 390 1118 433 tam
1156 378 1448 449 vigilanter
1479 391 1703 436 enarrat
1731 397 1794 436 ea
1831 399 1952 450 qum
1983 384 2121 436 scri-
2150 412 2196 469 Α
2227 382 2498 446 videatur,
2534 383 2584 437 id
2608 393 2711 451 est,
2750 403 2769 436 1
2807 385 3054 455 signum,
3083 405 3104 438 1
3127 395 3182 441 61
3213 405 3234 441 1
3259 387 3601 457 signaculum
3625 391 3763 461 (54).
3789 410 3813 446 1

529 481 618 541 pta
657 481 784 526 sunt
815 472 881 526 de
907 473 1214 538 Abraham,
1260 474 1387 542 quia
1425 491 1443 525 1
1481 486 1728 545 repulata
1779 487 1863 530 est
1895 477 1944 529 ei
1988 476 2122 530 ﬁdes
2226 473 2334 529 Sed
2381 475 2511 529 mihi
2565 485 2798 544 uterque
2843 493 3024 532 sermo
3066 479 3290 534 multam
3335 481 3478 535 inter
3510 495 3571 538 se
3599 483 3814 540 videtur

530 563 921 632 rid-justitiam.
979 583 999 618 1
1059 563 1183 620 Vult
1242 581 1270 619 a
1333 567 1488 621 nobis
1555 568 1891 622 considerari
1955 569 2122 623 etiam
2226 566 2389 637 525
2417 567 2620 622 habere
2650 566 3035 622 differentiam.
3059 570 3285 641 Signum
3315 586 3550 642 namque
3582 574 3813 642 dicitur,

528 655 744 724 quando
763 654 878 728 (50)
903 666 1150 723 repntata
1174 659 1269 722 sit,
1295 675 1404 728 quo
1426 671 1482 712 et
1509 662 1770 730 temporis
1795 662 1932 716 ratio
1961 664 2012 717 in
2038 662 2124 718 bis
2223 674 2347 712 cum
2403 674 2500 726 per
2547 659 2651 714 hoc
2687 660 2830 728 quod
2869 660 3084 714 videtur
3128 662 3276 716 aliud
3329 663 3538 731 aliquid
3593 666 3808 722 indica-

527 765 648 820 qute
690 751 893 820 scripta
945 762 1072 804 sunt
1113 750 1432 820 colligatur,
1466 763 1720 806 utrumne
1770 755 1822 807 in
1856 755 2122 824 praeputio
2227 756 2314 802 lIII'
2345 766 2360 802 :
2397 749 2538 802 sicut
2587 763 2749 812 Cum.
2795 747 2946 802 verbi
2995 751 3203 816 gratia,
3253 751 3387 806 dicit
3423 753 3684 810 Dominus
3751 756 3809 810 in

527 842 704 896 adhuc
755 852 900 896 esset
960 857 1085 896 cum
1149 844 1252 897 ista
1291 843 1435 896 dicta
1480 852 1643 906 sunt,
1696 860 1762 897 an
1831 846 2122 901 transisset
2226 839 2518 909 Evangelia
2555 861 2567 896 :
2610 859 2628 891 1
2659 840 2955 916 Generatio
2983 843 3098 896 hazc
3126 843 3340 911 signum
3371 847 3604 911 quaerit:
3646 857 3702 902 et
3732 850 3816 904 si-

528 935 635 1004 jam
674 933 789 1004 (51)
837 937 902 988 ad
955 936 1430 990 circumcisiouem
1455 952 1470 999 ς
1499 946 1556 990 et,
1599 938 1678 990 ait
1717 957 1730 992 ;
1771 955 1788 988 ι
1839 937 2122 1005 Quomodo
2225 946 2390 998 gnum
2421 946 2528 984 non
2559 930 2776 984 dabitur
2807 931 2856 985 ei
2886 971 2901 994 ,
2935 933 3036 984 nisi
3069 933 3286 1000 signum
3319 933 3472 988 J0me
3509 940 3814 1006 prOphetae.

528 1045 659 1098 ergo
689 1039 936 1096 ηιρυιυιει
971 1042 1056 1083 εει
1083 1031 1217 1084 ﬁdes
1237 1031 1354 1097 ejus
1387 1031 1454 1084 ad
1476 1030 1747 1097 justitiam
1777 1033 1956 1086 ticum
1975 1044 2124 1088 esset
2227 1019 2379 1074 SiClll
2428 1022 2574 1076 enim
2609 1022 2707 1076 fllil
2747 1021 2917 1075 Jonas
2942 1025 2993 1076 ill
3027 1035 3219 1078 ventre
3247 1027 3349 1079 ceti
3404 1029 3579 1084 tribus
3625 1031 3818 1088 diebus

527 1120 583 1172 in
619 1121 1065 1186 circumcisione,
1097 1138 1164 1176 an
1191 1137 1312 1176 cum
1343 1131 1488 1177 esset
1524 1124 1576 1176 in
1615 1124 1879 1194 praeputio
1900 1124 1984 1178 “‘1
2013 1145 2032 1178 1
2063 1125 2120 1180 Si

2226 1122 2279 1165 et
2315 1114 2489 1167 tribus
2548 1115 2807 1168 noctihns
2835 1156 2848 1177 ,
2894 1115 2966 1167 ita
2997 1126 3050 1168 et
3102 1115 3298 1171 Filium
3335 1119 3573 1175 hominis
3601 1134 3817 1192 oportet

525 1213 672 1266 enim
704 1212 897 1267 luisset
924 1214 974 1266 id
997 1215 1264 1284 temporis
1290 1216 1343 1268 in
1369 1215 1812 1280 circumcisione,
1841 1216 2122 1271 videretur
2221 1219 2346 1260 esse
2380 1207 2430 1259 i"
2456 1207 2620 1260 001³118
2646 1219 2805 1263 lem?
2840 1207 2956 1280 (55)
2985 1209 3162 1262 ιῒῖιιυε
3191 1212 3382 1264 diebus
3411 1222 3466 1266 οι
3512 1213 3686 1269 tribus
3716 1230 3814 1269 n0-

527 1306 719 1375 utiqqe
751 1321 781 1358 θ
837 1305 958 1359 ﬁdei
1005 1305 1166 1375 hujus
1212 1307 1389 1375 gratia
1426 1307 1709 1361 exclusum
1754 1322 1877 1362 esse
1905 1323 2114 1378 ριιωρυ.
2223 1297 2403 1352 clibus
2431 1298 2498 1350 ⁸³.
2541 1319 2561 1351 1
2601 1297 2716 1352 lloc
2741 1309 2823 1352 est
2857 1315 2989 1368 ergo
3020 1301 3236 1369 signum
3265 1302 3354 1354 Ubi
3395 1301 3566 1357 Jonas
3595 1305 3815 1359 videba-

529 1395 684 1449 tium.
728 1395 883 1450 Nunc
913 1412 1046 1451 vero
1078 1397 1342 1462 ostendit,
1380 1399 1524 1466 quod
1556 1400 1611 1452 in
1641 1399 1908 1468 praeputio
1941 1401 2120 1454 adhuc
2224 1403 2335 1457 tur,
2366 1404 2421 1447 et
2449 1394 2704 1449 Christus
2735 1395 3170 1462 intelligebatur.
3210 1396 3480 1453 Similiter
3510 1411 3566 1454 et
3595 1401 3662 1454 de
3695 1401 3810 1468 ipso

527 1488 704 1555 posito
735 1497 983 1556 reputata
1013 1497 1098 1543 est
1135 1488 1268 1544 ﬁdes
1296 1490 1362 1544 ad
1397 1489 1690 1558 justitiam,
1719 1499 1776 1544 et
1820 1491 1942 1546 ideo
1989 1505 2118 1561 pro-
2223 1485 2452 1540 Domino
2484 1489 2536 1540 in
2585 1487 2879 1557 Evangelio
2907 1488 3116 1541 dicitur
3149 1506 3163 1542 :
3205 1505 3224 1538 1
3262 1487 3406 1544 Ecce
3454 1490 3545 1544 hic
3603 1493 3812 1561 positus

529 1578 762 1640 nuntiat,
793 1579 916 1646 quia
940 1594 1061 1631 cum
1098 1578 1373 1632 Abraham
1400 1579 1456 1633 in
1491 1581 1758 1649 praeputio
1789 1581 1997 1650 positus
2023 1597 2120 1650 per
2219 1589 2297 1633 est
2335 1579 2387 1632 in
2416 1581 2627 1633 ruinam
2659 1589 2712 1634 et
2749 1581 2800 1634 in
2827 1581 3288 1635 resurrectionem
3315 1581 3629 1648 multorum,
3662 1593 3716 1637 et
3754 1585 3807 1638 in

531 1673 689 1724 tidem
718 1669 1054 1737 jnstiﬁcatus
1084 1673 1191 1736 811,
1240 1674 1359 1726 sine
1391 1674 1559 1727 dubio
1599 1673 1854 1743 princeps
1884 1683 1940 1728 et
1965 1685 2120 1742 pater
2220 1670 2431 1739 signum
2455 1673 2541 1724 cui
2570 1670 2983 1725 contradicetur
3003 1670 3071 1726 ὀ.
3099 1691 3117 1725 1
3144 1670 3637 1728 Contradicebatur
3663 1675 3806 1728 enim

530 1762 725 1813 merito
756 1761 959 1814 dicitur
983 1765 1226 1816 omnium
1258 1764 1598 1817 credentium
1638 1778 1734 1830 per
1773 1765 2115 1833 praeputium.
2153 1763 2193 1816 Β
2223 1763 2381 1828 signo
2408 1762 2459 1815 in
2488 1777 2600 1830 quo
2633 1761 2888 1816 Christus
2919 1773 3166 1829 venerat,
3204 1765 3332 1832 quia
3368 1763 3514 1820 aliud
3547 1766 3600 1819 in
3631 1780 3699 1820 eo
3730 1766 3812 1818 vi-

527 1856 684 1921 Qund
713 1871 842 1910 vero
875 1868 996 1926 post
1034 1856 1192 1912 ﬁdem
1227 1873 1350 1925 quae
1383 1857 1563 1912 fuitin
1603 1859 1870 1928 praeputio
1906 1861 2121 1927 accepit
2226 1854 2478 1918 debatur,
2507 1865 2563 1907 et
2594 1855 2742 1908 aliud
2792 1855 3214 1924 intelligebatur.
3247 1855 3388 1910 Caro
3438 1857 3764 1911 cernebatur
3789 1900 3806 1922 ,

529 1949 1030 2009 circtuncisionem.
1059 1958 1461 2018 consequenter
1493 1965 1728 2005 causam
1749 1965 1856 2020 qua
1889 1951 2125 2005 circurn-
2224 1957 2280 2002 et
2312 1947 2453 2001 Deus
2502 1949 2846 2003 credebatur.
2895 1947 2986 2003 Sic
3027 1964 3158 2019 ergo
3188 1951 3397 2019 accepit
3443 1961 3498 2005 et
3527 1951 3803 2006 Abraham

525 2042 665 2096 cisio
693 2043 744 2095 ei
774 2044 899 2095 data
937 2041 1372 2112 fueritexponit.
1408 2042 1478 2099 Ut
1506 2053 1670 2108 esset,
1703 2043 1902 2114 inquit,
1933 2045 2120 2115 signa.
2225 2040 2440 2105 signum
2478 2058 2490 2092 :
2530 2049 2586 2092 et
2617 2040 2760 2109 quod
2799 2049 2947 2096 esset
2992 2041 3210 2111 signum
3244 2042 3296 2094 in
3347 2043 3808 2109 consequentibus

525 2131 707 2186 culum
746 2132 864 2199 ejus
900 2134 1026 2188 ﬁdei
1053 2150 1216 2203 quam
1260 2135 1452 2200 habuit
1491 2136 1544 2190 in
1596 2137 1857 2206 praeputio
1890 2138 2120 2206 positus,
2224 2131 2362 2185 dicit
2395 2150 2409 2186 :
2447 2149 2466 2183 1
2505 2131 3016 2198 Circumcisionem.
3061 2153 3081 2186 1
3134 2135 3360 2204 inquit:
3413 2151 3535 2203 Quae
3567 2136 3806 2191 circum-

529 2237 589 2278 ut
616 2242 715 2296 per
745 2231 846 2282 hoc
879 2247 899 2278 1
936 2230 1008 2283 sit
1039 2239 1199 2297 pater
1219 2228 1461 2282 omnium
1491 2232 1834 2285 credentium
1868 2244 1965 2300 per
1983 2245 2124 2298 pm-
2226 2223 2362 2276 cisio
2386 2232 2534 2278 esset
2563 2242 2580 2274 1
2616 2224 2957 2294 signaculum
2986 2225 3212 2294 ⁴1118111116
3239 2225 3360 2279 ﬁdei
3387 2227 3432 2258 ⁹¹
3466 2245 3482 2276 1
3517 2242 3679 2295 quam
3717 2227 3811 2282 ba-

532 2319 767 2388 putium,
799 2328 856 2372 ut
887 2330 1168 2388 reputetur
1202 2320 1310 2374 illis
1338 2323 1403 2374 ad
1432 2321 1699 2389 justitiam
1719 2360 1734 2385 ,
1775 2331 1831 2376 et
1869 2321 1938 2375 sit
1970 2329 2125 2388 pater
2227 2314 2345 2368 buit
2367 2325 2658 2384 antequam
2682 2315 3192 2370 circumcideretur.
3219 2315 3367 2370 Bene
3402 2333 3536 2387 ergo
3563 2318 3804 2372 circum-

531 2412 988 2477 circumcisionis,
1027 2429 1132 2466 non
1158 2413 1242 2468 his
1267 2423 1476 2466 tantum
1501 2414 1593 2482 qui
1626 2425 1845 2468 suntex
1873 2413 2122 2467 circum-
2225 2408 2486 2462 cisionem
2535 2408 2752 2476 signum
2804 2407 3096 2477 appellavit
3151 2407 3204 2460 in
3236 2409 3537 2472 Abraham,
3571 2411 3699 2477 quia
3751 2420 3808 2464 et

531 2503 761 2561 cisione.
798 2504 891 2557 sed
921 2514 976 2557 et
1009 2504 1115 2557 illis
1137 2505 1229 2572 qui
1259 2515 1567 2572 sequuntur
1607 2505 1835 2574 vestigia
1860 2503 1978 2574 ejus
2004 2518 2126 2574 qua:
2228 2500 2344 2568 ipsa
2377 2498 2521 2553 aliud
2553 2500 2874 2564 videbatur,
2937 2509 2992 2553 et
3051 2499 3194 2552 aliud
3251 2500 3658 2569 intelligebatur
3701 2519 3714 2566 ;
3750 2510 3808 2555 et

530 2603 617 2647 est
642 2596 701 2646 111
725 2597 988 2662 przeputio
1007 2595 1128 2648 ﬁdei
1157 2596 1328 2663 patris
1356 2596 1522 2648 nostri
1553 2593 1790 2648 Abrahae
1813 2593 1880 2648 ⁸⁸.
1915 2611 1934 2644 1
1971 2591 2124 2660 Quod
2226 2593 2465 2645 ostendit
2494 2591 2620 2660 quia
2644 2591 2757 2660 jam
2794 2603 2924 2645 tunc
2955 2591 3196 2646 carnalis
3223 2593 3316 2645 illa
3349 2593 3700 2648 circumcisio
3732 2594 3808 2649 si-

531 2687 575 2740 si
608 2688 884 2740 Abraham
933 2703 1056 2740 cum
1101 2696 1246 2741 esset
1294 2687 1473 2740 adhuc
1509 2688 1561 2739 in
1604 2686 1888 2756 praeputio,
1922 2700 1987 2740 ex
2021 2685 2126 2739 lide
2225 2698 2392 2754 gnum
2431 2694 2549 2737 erat
2586 2683 2850 2752 spiritalis
2905 2683 3382 2750 circumcisionis,
3438 2699 3557 2754 quae
3589 2700 3695 2739 non
3752 2686 3804 2739 in

523 2777 862 2848 jnstiﬁcatus
899 2791 1017 2844 est,
1049 2793 1228 2847 potest
1265 2781 1380 2835 ﬁeri
1415 2781 1577 2834 etiam
1616 2791 1768 2850 pater
1786 2780 1900 2851 (52)
1933 2797 2123 2834 eorum
2227 2789 2392 2828 carne
2438 2773 2770 2841 suscipitur,
2797 2776 2894 2828 sed
2948 2773 3002 2827 in
3074 2774 3263 2828 corde.
3317 2771 3470 2839 Quod
3499 2788 3628 2827 vero
3673 2773 3811 2828 dixit

533 2873 622 2940 qui
667 2873 729 2925 111·
759 2874 1181 2927 circumcisione
1213 2882 1549 2933 nascuntur,
1587 2872 1631 2926 si
1678 2881 1856 2926 tamett
1880 2873 1947 2926 ad
1978 2871 2124 2926 illam
2233 2883 2253 2916 ο
2297 2865 2671 2934 Siglwculum.
2712 2883 2732 2918 ι
2783 2865 2855 2918 ila
2897 2865 3306 2932 intelligendum
3338 2873 3488 2934 puto.
3543 2863 3808 2934 Signacn-

536 2966 704 3018 ﬁdem
732 2967 1044 3032 pertineant
1074 2981 1195 3036 quae
1242 2967 1296 3019 in
1333 2966 1602 3034 praeputio
1641 2967 1875 3034 positum
1917 2965 2124 3034 justiﬁ-

2228 2957 2338 3011 lum
2368 2955 2571 3011 dicitur
2599 2971 2722 3012 cum
2752 2956 2919 3011 alicui
2959 2956 3038 3011 rei
3093 2956 3380 3010 servanda:
3432 2971 3532 3023 pro
3564 2965 3806 3025 tempore

532 3057 698 3110 cavit.
736 3056 803 3110 Et
836 3058 1092 3126 quoniam
1134 3060 1186 3111 in
1226 3058 1489 3127 pratputio
1538 3059 1773 3127 positum
1803 3058 2126 3128 jttstiﬁcavit
2156 3115 2179 3128 Ι

2156 3115 2191 3128 Α
2227 3049 2474 3104 custodia
2517 3049 2839 3116 imponitur,
2871 3049 3016 3117 quod
3049 3062 3210 3102 nemo
3241 3046 3380 3100 alius
3411 3047 3516 3100 nisi
3569 3047 3689 3115 ipse
3709 3047 3802 3116 qui

532 3149 830 3211 Abraham,
854 3115 1089 3203 edicitur
1114 3115 1247 3218 ergo
1278 3115 1566 3220 uti-iusque
1591 3115 2012 3220 generisipater,
2035 3151 2123 3205 1118
2153 3115 2193 3170 C
2230 3139 2508 3210 11111116εεί1
2538 3139 2738 3195 debeat
2759 3139 3060 3210 resignare.
3092 3137 3196 3193 Per
3220 3139 3362 3193 istud
3388 3151 3520 3209 ergo
3553 3139 3806 3209 signacu-

532 3244 623 3312 (μί
657 3253 786 3297 sunt
818 3244 868 3296 in
903 3244 1168 3313 praeputio
1203 3259 1301 3312 per
1340 3243 1528 3305 ﬁdem,
1557 3254 1612 3297 et
1653 3244 1738 3297 his
1767 3244 1857 3312 qui
1897 3253 2026 3298 sant
2069 3242 2122 3296 in

2228 3231 2361 3296 lum,
2395 3242 2456 3285 ut
2486 3233 2708 3300 exponit
2744 3231 3039 3301 Apostolus
3059 3269 3076 3298 ,
3102 3231 3312 3302 justitia
3339 3230 3464 3286 ﬁdei
3493 3229 3610 3301 (56)
3644 3246 3804 3300 quam

531 3337 954 3392 circutttcisione
982 3352 1078 3404 per
1111 3351 1332 3391 carnem
1373 3353 1388 3389 :
1426 3345 1480 3389 et
1503 3346 1625 3405 post
1651 3337 2124 3390 circumcisionem

2229 3326 2280 3378 in
2314 3323 2584 3392 praeputio
2620 3326 2831 3393 positus
2857 3325 3133 3378 Abraham
3161 3322 3412 3391 accipere
3436 3323 3637 3378 meruit
3665 3323 3805 3377 imii-

531 3441 758 3499 generat
793 3430 970 3495 primo
1002 3429 1181 3492 Isaac,
1223 3440 1387 3500 atque
1417 3429 1486 3483 ab
1521 3430 1638 3498 ipso
1673 3429 1992 3496 auspicatur
2024 3445 2123 3498 og-

2227 3427 2402 3483 catnr,
2425 3428 2484 3471 et
2509 3426 2665 3487 pater
2693 3432 2816 3472 esse
2849 3415 3143 3470 multarum
3189 3417 3432 3484 gentium
3460 3433 3473 3468 ε
3509 3415 3653 3484 quod
3679 3425 3805 3468 tunc

533 3522 723 3575 doadis
755 3521 1006 3586 initium,
1055 3520 1103 3574 id
1140 3532 1258 3584 est,
1301 3522 1482 3576 octavi
1515 3521 1620 3576 diei
1671 3522 1724 3574 in
1774 3520 1896 3590 ipso
1927 3535 2124 3575 conse-

2226 3508 2500 3562 credinms
2531 3507 2917 3577 resignandum
2947 3524 3069 3562 cum
3109 3509 3394 3580 plenitudo
3426 3507 3668 3576 gentium
3719 3507 3803 3560 in-

533 3623 759 3665 crantur
793 3613 970 3680 prima
1003 3614 1287 3682 mysteria,
1317 3621 1370 3665 et
1393 3612 1588 3666 exinde
1615 3611 1805 3680 incipit
1833 3613 2126 3681 posteritas

2229 3599 2440 3654 troierit
2463 3638 2480 3664 ,
2510 3608 2566 3652 et
2597 3601 2777 3654 omnis
2815 3599 2983 3653 Israel
3014 3600 3324 3655 salvabitur
3360 3599 3428 3652 ".
3461 3597 3616 3653 Tunc
3661 3597 3804 3652 enim

533 3701 770 3755 Abrahae
796 3700 996 3769 duplici
1023 3715 1246 3753 currere
1264 3710 1629 3754 sacramento.
1657 3699 1972 3754 Sicutcnim
1992 3702 2124 3754 ﬁdes

2226 3691 2320 3745 ﬁet
2345 3691 2492 3759 quod
2529 3689 2662 3744 dicit
2693 3691 2988 3761 Apostolus
3018 3691 3101 3757 ”,
3156 3706 3262 3746 non
3315 3690 3488 3746 solum
3520 3691 3802 3760 gentium,

536 3805 723 3845 natura
757 3795 840 3846 sui
884 3793 1029 3845 aliud
1076 3807 1196 3846 esse
1243 3792 1582 3861 intelligitur,
1632 3806 1687 3849 et
1737 3796 1882 3849 aliud
1917 3791 2122 3860 jnstitia
2225 3785 2319 3838 sed
2343 3785 2508 3837 etiam
2539 3784 2976 3839 circumcisionis
3005 3799 3104 3854 per
3134 3784 3293 3838 [idem
3323 3794 3478 3853 pater
3501 3783 3805 3838 Abraham.

533 3901 654 3954 qum
685 3885 732 3937 ei
772 3900 867 3951 per
899 3885 1057 3937 ﬁdem
1099 3897 1344 3953 repntata
1371 3895 1478 3951 est;
1529 3887 1599 3938 ita
1627 3895 1681 3940 et
1717 3887 1819 3940 alia
1846 3886 1968 3954 ejus
2006 3901 2125 3939 esse
2226 3873 2292 3928 Et
2337 3875 2520 3927 adhuc
2553 3875 2800 3943 apertius
2839 3876 2906 3928 de
2941 3874 3098 3945 signo
3131 3882 3186 3930 et
3237 3873 3515 3943 signaculo
3566 3872 3805 3927 dissera-

535 3978 589 4029 iu
623 3976 909 4044 ριἰιξριιιίο,
944 3975 1048 4029 alia
1090 3976 1144 4030 iu
1185 3977 1612 4032 circluncisione
1649 3979 1961 4046 posteritas,
1991 3976 2122 4030 Nam
2227 3981 2367 4021 mus.
2399 3967 2534 4021 Cum
2565 3967 2778 4034 signum
2806 3965 2897 4032 Sil,
2929 3965 3378 4030 utdiximus,ubi
3410 3965 3687 4019 indicatur
3709 3965 3809 4018 ali-

534 4082 630 4121 eos
651 4067 741 4134 qui
776 4067 1140 4122 incircumcisi
1180 4078 1340 4132 sunt,
1380 4071 1526 4135 ipsos
1558 4084 1683 4123 esse
1718 4069 1923 4138 lapides
1955 4079 2120 4138 puto,
2226 4059 2355 4126 quid
2383 4074 2479 4125 per
2505 4059 2606 4111 hoc
2661 4060 2806 4127 quod
2841 4059 3056 4112 videtur
3084 4099 3100 4123 ,
3159 4058 3503 4129 signaculum
3557 4073 3686 4113 vero
3717 4056 3808 4110 nhi

536 4158 603 4210 de
659 4159 864 4224 quibus
929 4173 1090 4227 posse
1173 4159 1374 4214 dicitur
1434 4160 1578 4214 Deus
1655 4161 1924 4214 suscitare
1987 4159 2125 4212 ﬁlius
2225 4149 3650 4218 66116161111111·νωιθηιροτθθιίίιυίίιθιηοηβθιθιι
3695 4163 3798 4216 Ρο·’

533 4249 768 4305 Abrahae
797 4251 867 4316 ⁸⁸,
899 4250 952 4303 111
985 4250 1185 4320 quibus
1229 4259 1284 4305 et
1313 4251 1444 4305 illud
1473 4252 1778 4322 completur
1808 4252 1952 4322 quod
1990 4253 2128 4306 scri-
2228 4253 2334 4297 test
2357 4243 2520 4297 etiam
2569 4243 2643 4296 ita
2699 4241 2953 4313 intelligi,
2985 4245 3127 4313 quod
3155 4244 3412 4312 mysteria
3444 4258 3567 4313 quae
3605 4243 3658 4295 in
3689 4243 3808 4311 lege

535 4351 687 4410 ptum
722 4350 807 4394 est
837 4359 849 4394 :
883 4340 1022 4406 Quia
1051 4359 1070 4392 1
1107 4343 1500 4396 benedicentur
1545 4343 1598 4397 in
1648 4352 1700 4396 te
1730 4356 1922 4395 omnes
1954 4342 2125 4395 tribus
2227 4345 2284 4390 et
2317 4337 2646 4406 patriarcltis
2706 4337 3182 4391 adumbrabantur
3210 4378 3226 4401 ,
3285 4335 3590 4404 huiusmodi
3643 4343 3806 4389 erant

537 4441 697 4532 terra:
717 4432 786 4487 ".
826 4452 844 4484 1
883 4431 987 4487 Sed
1017 4444 1329 4502 repetamus
1359 4434 1536 4489 adhuc
1562 4435 1707 4503 quod
1731 4435 1862 4487 dicit
1887 4433 1934 4465 ⁸⁸
1970 4451 1985 4488 :
2017 4451 2035 4484 1
2057 4433 2123 4488 Et
2155 4478 2184 4532 ﬂ

2162 4478 2197 4532 D
2227 4443 2346 4494 qua:
2371 4440 2428 4480 et
2455 4427 2627 4496 signis
2657 4426 2946 4480 indicanda
2980 4435 3183 4490 essent,
3214 4435 3269 4480 et
3292 4425 3594 4496 signaculis
3621 4426 3809 4478 obser-

543 4519 755 4591 signum
782 4524 990 4593 accepit
1023 4525 1516 4591 circumcisionem,
1555 4545 1572 4577 1
1613 4527 1950 4599 signaculum
1974 4524 2126 4595 111811-
2155 4515 2196 4532 υ
2228 4520 2421 4572 valida.
2457 4518 2610 4584 Quod
2643 4533 2779 4588 ergo
2837 4519 3010 4589 signis
3041 4519 3330 4574 indicanda
3371 4529 3527 4572 erant
3557 4518 3611 4571 in
3665 4515 3806 4586 (56‘)

545 4611 634 4667 tite
672 4612 826 4679 ﬁdei,
865 4631 984 4683 quae
1023 4625 1107 4669 est
1146 4615 1200 4668 in
1242 4618 1506 4687 praeputio
1549 4617 1659 4689 (55)
1699 4633 1763 4672 ac
1799 4617 2123 4689 profundam
2229 4617 2312 4671 his
2335 4617 2426 4686 qui
2475 4617 2774 4670 credebant
2803 4631 2871 4669 ex
2909 4614 3186 4686 gentibus,
3215 4615 3432 4684 signant
3461 4613 3671 4683 cepisse
3725 4615 3807 4666 di-

540 4705 592 4757 in
643 4705 727 4758 his
771 4705 928 4759 Pauli
969 4707 1291 4776 sapientiam
1338 4709 1794 4778 contemplemur.
1844 4707 2121 4762 Fortassis
2227 4709 2368 4761 citur
2393 4706 2710 4760 Abraham:
2745 4703 2887 4775 quod
2911 4719 3042 4758 vero
3069 4705 3152 4759 his
3178 4705 3347 4774 quiin
3379 4703 3804 4758 circumcisione

538 4799 683 4850 enim
715 4797 987 4868 aliquibus
1017 4802 1270 4856 eumdem
1315 4815 1622 4855 sermonem
1663 4802 1900 4854 secundo
1939 4801 2122 4854 dicere
2231 4815 2334 4853 non
2370 4808 2527 4852 erant
2560 4796 2849 4861 credituri,
2878 4795 3184 4851 obseranda
3210 4804 3369 4849 erant
3389 4805 3445 4850 et
3469 4789 3800 4863 obteg'enda,

645 4912 691 4943 ηε
731 4913 887 4969 Rom.
932 4897 1126 4980 1ν,10.
1234 4915 1279 4948 ει
1309 4918 1438 4972 ibid.
1469 4917 1555 4972 te.
1662 4917 1708 4949 οε
1750 4917 1936 4970 Matth.
1987 4933 2077 4976 111.
2117 4917 2169 4972 9.
2276 4915 2292 4948 ε

2157 4959 2169 4971 .
2276 4915 2320 4948 ⁸⁷
2352 4915 2488 4970 Gen.
2518 4929 2616 4978 xu,
2655 4914 2710 4967 ὅ.
2817 4912 2864 4944 ³⁸
2896 4912 3054 4967 Rom.
3091 4928 3163 4980 tv,
3195 4913 3280 4966 11.
3380 4911 3426 4945 ⁸⁸
3461 4909 3654 4965 Matth.
3701 4923 3802 4973 xu,

537 4980 630 5044 59,
657 4984 746 5038 40.
823 4986 868 5017 ⁹⁰
905 4987 1036 5042 Luc.
1073 5004 1112 5042 11
1143 5028 1158 5053 ,
1210 4987 1301 5044 54.
1378 4989 1420 5020 ³⁸
1455 4987 1611 5042 1111111.
1647 5003 1721 5052 ιν,
1755 4989 1837 5041 11.
1917 4988 1963 5019 ⁹¹
2001 4991 2184 5044 imum

1378 4989 1420 5020 ⁰¹
1455 4987 1611 5042 Rom.
1647 5003 1721 5052 tv,
1755 4989 1837 5041 ll.
1917 4988 1963 5019 ⁹¹
2001 4991 2247 5052 1111111.Χ1,
2273 4986 2368 5051 25,
2397 4985 2487 5039 26.
2561 4987 2606 5018 ⁸³
2631 4985 2789 5042 Rom.
2826 4999 2902 5049 Iv,
2929 4984 3017 5038 12.

610 5093 727 5164 (50)
765 5095 936 5162 Alias,
963 5117 983 5150 1
1021 5115 1143 5153 611111
1191 5110 1301 5154 tam
1338 5100 1632 5169 vigilanter
1670 5116 1730 5153 ea
1754 5115 1874 5169 quae
1911 5101 2112 5167 scripta
2199 5098 2382 5153 'ﬁdetn
2402 5097 2714 5169 pertineant
2743 5112 2865 5168 quas
2894 5097 2946 5150 in
2969 5097 3235 5168 praeputio
3262 5096 3582 5166 justiﬁcavit
3625 5096 3799 5150 Abra-

541 5175 664 5248 sunt
688 5169 1128 5248 deAbraham...
1158 5168 1732 5248 cottnnendansvulta
1772 5168 1930 5225 nobis
1982 5186 2116 5225 con-
2222 5168 2644 5248 ltatttL‘Eﬁicitur
2681 5183 2811 5248 ergo
2839 5169 3120 5248 utriusque
3154 5169 3368 5237 generis
3402 5177 3580 5238 pater,
3626 5186 3646 5220 1
3688 5179 3796 5222 etc.

541 5236 769 5291 siderari
788 5241 948 5292 etiam
983 5243 1274 5308 quomodo,
1303 5257 1322 5290 1
1365 5248 1470 5295 616.
1493 5239 1578 5294 Al.
1608 5241 1761 5296 deest
1792 5251 1849 5294 et
1896 5258 1914 5292 1
1947 5255 2114 5294 enar-
2294 5240 2406 5308 (55)
2446 5239 2616 5306 Alias,
2652 5257 2670 5290 1
2708 5236 3174 5293 611661116181111118.
3212 5255 3230 5290 1

541 5316 737 5382 rat,__et
761 5307 1168 5382 cotmnen’dans.
1205 5328 1224 5360 1
2062 5381 2069 5382 7
2225 5381 2235 5382 ί
2295 5307 2408 5382 (54)
2447 5310 2612 5382 Ε11111,
2651 5327 2670 5360 1
2699 5310 2752 5362 id
2777 5319 2863 5364 est
2881 5307 3239 5379 signaculum,
3275 5327 3294 5360 1
3321 5309 3538 5364 omissis
3574 5307 3661 5364 his
3685 5323 3799 5361 ver-

611 5377 723 5446 (5l)
763 5376 855 5432 Sic
887 5395 1016 5432 mss.
1074 5389 1280 5445 nostri;
1328 5382 1461 5435 edit.
1491 5396 1643 5442 vero,
1683 5403 1701 5432 1
1757 5390 2012 5435 111111111116
2060 5381 2113 5433 1η
2223 5376 2330 5438 bis.
2366 5376 2646 5448 (signum.
2685 5399 2704 5432 1
2741 5390 2847 5434 etc.

541 5450 803 5524 praeputio
827 5451 1060 5505 Abrahae
1089 5452 1188 5505 ista
1215 5452 1359 5506 dicta
1387 5462 1551 5516 sunt,
1596 5467 1662 5504 an
1693 5467 1815 5506 cum
1847 5452 2114 5507 transiret
2297 5450 2411 5520 (55)
2463 5447 2614 5505 Alias
2647 5490 2662 5515 ,
2719 5469 2738 5502 1
2777 5451 2851 5504 ita
2910 5451 3014 5504 erit
3056 5447 3228 5504 Filius
3265 5449 3498 5506 hominis
3537 5449 3592 5505 in
3628 5451 3798 5507 corda

533 5530 665 5582 ⁴111111.
714 5537 731 5569 1
767 5529 872 5573 etc.
2223 5530 2404 5587 terrae,
2441 5539 2460 5573 1
2494 5528 2600 5576 etc.

612 5587 725 5658 (52)
760 5588 983 5661 8161118.
1011 5606 1148 5645 1111118
1178 5589 1379 5658 Regius
1403 5607 1553 5644 num.
1581 5591 1738 5646 l659.
1766 5591 1958 5648 Caeteri
1986 5607 2116 5646 vero
2293 5591 2406 5661 (56)
2441 5591 2610 5653 Alias,
2642 5610 2658 5642 1
2688 5590 2913 5656 iustitia:
2945 5591 3123 5655 ﬁdei,»
3158 5601 3264 5646 ctc.

543 5673 672 5734 mss.
705 5660 942 5734 etediti,
975 5679 996 5712 1
1029 5673 1094 5734 ut
1117 5678 1212 5731 per
1239 5663 1342 5716 hoc
1375 5675 1527 5730 pater
1559 5666 1712 5716 ﬁeret
1741 5667 2111 5734 etiatneorutn
2467 5661 2555 5717 1η.
2586 5663 2747 5717 Deest
2782 5663 2836 5716 in
2868 5665 3052 5717 editis.

541 5729 632 5795 qui
655 5730 709 5784 in
735 5729 1151 5789 circumcisione
1183 5729 1481 5789 nascuntur
1519 5736 1606 5789 :si
1634 5743 1812 5791 tamen
1851 5732 1919 5789 ad
1967 5733 2114 5789 illam
