  <div class='ocr_page' id='page_1' title='image "/cluster/home/n/w/nwhite01/storage/ocr_20150623/14:no.4/coo.31924054872928/496.png"; bbox 0 0 4170 6416; ppageno 0'>
   <div class='ocr_carea' id='block_1_1' title="bbox 440 347 544 402">
    <p class='ocr_par' dir='ltr' id='par_1_1' title="bbox 440 347 544 402">
     <span class='ocr_line' id='line_1_1' title="bbox 440 347 544 402; baseline 0 -1"><span class='ocrx_word' id='word_1_1' title='bbox 440 347 544 402; x_wconf 64' lang='grc' dir='ltr'><strong>θιςι</strong></span> 
     </span>
    </p>
   </div>
   <div class='ocr_carea' id='block_1_2' title="bbox 1394 337 2745 397">
    <p class='ocr_par' dir='ltr' id='par_1_2' title="bbox 1394 337 2745 397">
     <span class='ocr_line' id='line_1_2' title="bbox 1394 337 2745 397; baseline 0.001 -1"><span class='ocrx_word' id='word_1_2' title='bbox 1394 339 1751 396; x_wconf 82' lang='lat' dir='ltr'><strong>COMMENT.</strong></span> <span class='ocrx_word' id='word_1_3' title='bbox 1791 337 1856 394; x_wconf 88' lang='lat' dir='ltr'><strong>IN</strong></span> <span class='ocrx_word' id='word_1_4' title='bbox 1891 337 2112 394; x_wconf 84' lang='lat' dir='ltr'><strong>EPIST.</strong></span> <span class='ocrx_word' id='word_1_5' title='bbox 2147 339 2236 394; x_wconf 90' lang='lat' dir='ltr'><strong>AD</strong></span> <span class='ocrx_word' id='word_1_6' title='bbox 2269 338 2438 395; x_wconf 77' lang='lat' dir='ltr'><strong>ROM.</strong></span> <span class='ocrx_word' id='word_1_7' title='bbox 2480 339 2610 395; x_wconf 83' lang='lat' dir='ltr'><strong>LIB.</strong></span> <span class='ocrx_word' id='word_1_8' title='bbox 2653 340 2745 397; x_wconf 74' lang='lat' dir='ltr'><strong>IV.</strong></span> 
     </span>
    </p>
   </div>
   <div class='ocr_carea' id='block_1_3' title="bbox 3601 336 3706 395">
    <p class='ocr_par' dir='ltr' id='par_1_3' title="bbox 3601 336 3706 395">
     <span class='ocr_line' id='line_1_3' title="bbox 3601 336 3706 395; baseline 0.01 -1"><span class='ocrx_word' id='word_1_9' title='bbox 3601 336 3706 395; x_wconf 76' lang='lat' dir='ltr'><strong>97D</strong></span> 
     </span>
    </p>
   </div>
   <div class='ocr_carea' id='block_1_4' title="bbox 440 451 3706 532">
    <p class='ocr_par' dir='ltr' id='par_1_4' title="bbox 440 451 3706 532">
     <span class='ocr_line' id='line_1_4' title="bbox 440 451 3706 532; baseline -0.003 -15"><span class='ocrx_word' id='word_1_10' title='bbox 440 457 779 532; x_wconf 70' lang='lat' dir='ltr'><strong>signaculum</strong></span> <span class='ocrx_word' id='word_1_11' title='bbox 810 456 1009 514; x_wconf 89' lang='lat' dir='ltr'><strong>dicitur</strong></span> <span class='ocrx_word' id='word_1_12' title='bbox 1045 451 1350 522; x_wconf 77' lang='lat' dir='ltr'><strong>accepisse.</strong></span> <span class='ocrx_word' id='word_1_13' title='bbox 1386 452 1543 520; x_wconf 84' lang='lat' dir='ltr'><strong>Quod</strong></span> <span class='ocrx_word' id='word_1_14' title='bbox 1572 452 1908 523; x_wconf 75' lang='lat' dir='ltr'><strong>signaculum</strong></span> <span class='ocrx_word' id='word_1_15' title='bbox 1928 453 2018 507; x_wconf 93' lang='lat' dir='ltr'><strong>illo</strong></span> <span class='ocrx_word' id='word_1_16' title='bbox 2046 459 2094 516; x_wconf 79' lang='grc' dir='ltr'><strong>Α</strong></span> <span class='ocrx_word' id='word_1_17' title='bbox 2121 455 2454 510; x_wconf 78' lang='lat' dir='ltr'><strong>existimatio</strong></span> <span class='ocrx_word' id='word_1_18' title='bbox 2481 457 2658 526; x_wconf 88' lang='lat' dir='ltr'><strong>potius</strong></span> <span class='ocrx_word' id='word_1_19' title='bbox 2686 455 2890 510; x_wconf 89' lang='lat' dir='ltr'><strong>incerta</strong></span> <span class='ocrx_word' id='word_1_20' title='bbox 2921 464 3004 509; x_wconf 86' lang='lat' dir='ltr'><strong>est</strong></span> <span class='ocrx_word' id='word_1_21' title='bbox 3032 470 3195 525; x_wconf 90' lang='lat' dir='ltr'><strong>quam</strong></span> <span class='ocrx_word' id='word_1_22' title='bbox 3228 455 3387 510; x_wconf 90' lang='lat' dir='ltr'><strong>ﬁrma</strong></span> <span class='ocrx_word' id='word_1_23' title='bbox 3429 461 3706 526; x_wconf 77' lang='lat' dir='ltr'><strong>approba-</strong></span> 
     </span>
    </p>
   </div>
   <div class='ocr_carea' id='block_1_5' title="bbox 440 545 2017 623">
    <p class='ocr_par' dir='ltr' id='par_1_5' title="bbox 440 545 2017 623">
     <span class='ocr_line' id='line_1_5' title="bbox 440 545 2017 623; baseline -0.006 -14"><span class='ocrx_word' id='word_1_24' title='bbox 440 555 628 623; x_wconf 87' lang='lat' dir='ltr'><strong>u&#39;tiqne</strong></span> <span class='ocrx_word' id='word_1_25' title='bbox 658 553 710 606; x_wconf 92' lang='lat' dir='ltr'><strong>in</strong></span> <span class='ocrx_word' id='word_1_26' title='bbox 738 562 981 618; x_wconf 89' lang='lat' dir='ltr'><strong>tempore</strong></span> <span class='ocrx_word' id='word_1_27' title='bbox 1027 546 1420 616; x_wconf 83' lang='lat' dir='ltr'><strong>resignabitur,</strong></span> <span class='ocrx_word' id='word_1_28' title='bbox 1448 561 1571 599; x_wconf 92' lang='lat' dir='ltr'><strong>cum</strong></span> <span class='ocrx_word' id='word_1_29' title='bbox 1606 547 1657 598; x_wconf 91' lang='lat' dir='ltr'><strong>in</strong></span> <span class='ocrx_word' id='word_1_30' title='bbox 1709 545 2017 599; x_wconf 85' lang='lat' dir='ltr'><strong>novissimis</strong></span> 
     </span>
    </p>
   </div>
   <div class='ocr_carea' id='block_1_6' title="bbox 438 636 2016 712">
    <p class='ocr_par' dir='ltr' id='par_1_6' title="bbox 438 636 2016 712">
     <span class='ocr_line' id='line_1_6' title="bbox 438 636 2016 712; baseline -0.005 -14"><span class='ocrx_word' id='word_1_31' title='bbox 438 646 629 698; x_wconf 90' lang='lat' dir='ltr'><strong>diebus</strong></span> <span class='ocrx_word' id='word_1_32' title='bbox 655 643 940 712; x_wconf 80' lang='lat' dir='ltr'><strong>postquam</strong></span> <span class='ocrx_word' id='word_1_33' title='bbox 1001 637 1319 708; x_wconf 80' lang='lat' dir='ltr'><strong>plenitudo,</strong></span> <span class='ocrx_word' id='word_1_34' title='bbox 1347 643 1407 689; x_wconf 90' lang='lat' dir='ltr'><strong>ut</strong></span> <span class='ocrx_word' id='word_1_35' title='bbox 1435 636 1671 690; x_wconf 82' lang='lat' dir='ltr'><strong>diximus</strong></span> <span class='ocrx_word' id='word_1_36' title='bbox 1701 680 1714 702; x_wconf 89' lang='lat'><strong>,</strong></span> <span class='ocrx_word' id='word_1_37' title='bbox 1775 637 2016 707; x_wconf 84' lang='lat' dir='ltr'><strong>gentium</strong></span> 
     </span>
    </p>
   </div>
   <div class='ocr_carea' id='block_1_7' title="bbox 439 729 2020 798">
    <p class='ocr_par' dir='ltr' id='par_1_7' title="bbox 439 729 2020 798">
     <span class='ocr_line' id='line_1_7' title="bbox 439 729 2020 798; baseline -0.005 -8"><span class='ocrx_word' id='word_1_38' title='bbox 439 735 732 798; x_wconf 84' lang='lat' dir='ltr'><strong>introierit,</strong></span> <span class='ocrx_word' id='word_1_39' title='bbox 757 734 936 788; x_wconf 91' lang='lat' dir='ltr'><strong>omnis</strong></span> <span class='ocrx_word' id='word_1_40' title='bbox 962 731 1124 786; x_wconf 86' lang='lat' dir='ltr'><strong>Israel</strong></span> <span class='ocrx_word' id='word_1_41' title='bbox 1153 731 1334 785; x_wconf 83' lang='lat' dir='ltr'><strong>salvus</strong></span> <span class='ocrx_word' id='word_1_42' title='bbox 1390 729 1500 784; x_wconf 91' lang='lat' dir='ltr'><strong>ﬁet.</strong></span> <span class='ocrx_word' id='word_1_43' title='bbox 1550 729 1760 784; x_wconf 82' lang='lat' dir='ltr'><strong>Idcirco</strong></span> <span class='ocrx_word' id='word_1_44' title='bbox 1785 730 2020 798; x_wconf 89' lang='lat' dir='ltr'><strong>denique</strong></span> 
     </span>
    </p>
   </div>
   <div class='ocr_carea' id='block_1_8' title="bbox 443 823 2018 895">
    <p class='ocr_par' dir='ltr' id='par_1_8' title="bbox 443 823 2018 895">
     <span class='ocr_line' id='line_1_8' title="bbox 443 823 2018 895; baseline -0.004 -13"><span class='ocrx_word' id='word_1_45' title='bbox 443 827 863 885; x_wconf 88' lang='lat' dir='ltr'><strong>anteAbraham</strong></span> <span class='ocrx_word' id='word_1_46' title='bbox 899 824 1232 895; x_wconf 88' lang='lat' dir='ltr'><strong>justiﬁcatur</strong></span> <span class='ocrx_word' id='word_1_47' title='bbox 1263 824 1378 894; x_wconf 87' lang='lat'><strong>(57)</strong></span> <span class='ocrx_word' id='word_1_48' title='bbox 1406 824 1461 878; x_wconf 88' lang='lat' dir='ltr'><strong>in</strong></span> <span class='ocrx_word' id='word_1_49' title='bbox 1503 823 1610 877; x_wconf 92' lang='lat' dir='ltr'><strong>ﬁde</strong></span> <span class='ocrx_word' id='word_1_50' title='bbox 1665 823 1793 876; x_wconf 90' lang='lat' dir='ltr'><strong>dum</strong></span> <span class='ocrx_word' id='word_1_51' title='bbox 1842 823 2018 878; x_wconf 88' lang='lat' dir='ltr'><strong>adhuc</strong></span> 
     </span>
    </p>
   </div>
   <div class='ocr_carea' id='block_1_9' title="bbox 441 915 2020 988">
    <p class='ocr_par' dir='ltr' id='par_1_9' title="bbox 441 915 2020 988">
     <span class='ocr_line' id='line_1_9' title="bbox 441 915 2020 988; baseline -0.007 -12"><span class='ocrx_word' id='word_1_52' title='bbox 441 931 594 978; x_wconf 86' lang='lat' dir='ltr'><strong>esset</strong></span> <span class='ocrx_word' id='word_1_53' title='bbox 625 920 1082 986; x_wconf 85' lang='lat' dir='ltr'><strong>incircumcisus,</strong></span> <span class='ocrx_word' id='word_1_54' title='bbox 1133 927 1188 973; x_wconf 90' lang='lat' dir='ltr'><strong>et</strong></span> <span class='ocrx_word' id='word_1_55' title='bbox 1228 928 1416 988; x_wconf 90' lang='lat' dir='ltr'><strong>postea</strong></span> <span class='ocrx_word' id='word_1_56' title='bbox 1451 915 1868 972; x_wconf 88' lang='lat' dir='ltr'><strong>circumciditur</strong></span> <span class='ocrx_word' id='word_1_57' title='bbox 1893 954 1912 982; x_wconf 88' lang='lat'><strong>,</strong></span> <span class='ocrx_word' id='word_1_58' title='bbox 1959 923 2020 966; x_wconf 85' lang='grc' dir='ltr'><strong>ιιι</strong></span> 
     </span>
    </p>
   </div>
   <div class='ocr_carea' id='block_1_10' title="bbox 437 1009 2018 1082">
    <p class='ocr_par' dir='ltr' id='par_1_10' title="bbox 437 1009 2018 1082">
     <span class='ocr_line' id='line_1_10' title="bbox 437 1009 2018 1082; baseline -0.006 -12"><span class='ocrx_word' id='word_1_59' title='bbox 437 1015 823 1070; x_wconf 84' lang='lat' dir='ltr'><strong>ostenderetur</strong></span> <span class='ocrx_word' id='word_1_60' title='bbox 883 1014 1063 1082; x_wconf 90' lang='lat' dir='ltr'><strong>primo</strong></span> <span class='ocrx_word' id='word_1_61' title='bbox 1118 1021 1274 1081; x_wconf 86' lang='lat' dir='ltr'><strong>pater</strong></span> <span class='ocrx_word' id='word_1_62' title='bbox 1305 1011 1522 1064; x_wconf 81' lang='lat' dir='ltr'><strong>futurus</strong></span> <span class='ocrx_word' id='word_1_63' title='bbox 1551 1009 1846 1064; x_wconf 92' lang='lat' dir='ltr'><strong>multarum</strong></span> <span class='ocrx_word' id='word_1_64' title='bbox 1881 1023 2018 1078; x_wconf 88' lang='lat' dir='ltr'><strong>gen-</strong></span> 
     </span>
    </p>
   </div>
   <div class='ocr_carea' id='block_1_11' title="bbox 438 1102 2021 1176">
    <p class='ocr_par' dir='ltr' id='par_1_11' title="bbox 438 1102 2021 1176">
     <span class='ocr_line' id='line_1_11' title="bbox 438 1102 2021 1176; baseline -0.004 -16"><span class='ocrx_word' id='word_1_65' title='bbox 438 1105 597 1170; x_wconf 90' lang='lat' dir='ltr'><strong>tium,</strong></span> <span class='ocrx_word' id='word_1_66' title='bbox 623 1115 678 1160; x_wconf 88' lang='lat' dir='ltr'><strong>et</strong></span> <span class='ocrx_word' id='word_1_67' title='bbox 716 1113 905 1176; x_wconf 89' lang='lat' dir='ltr'><strong>postea</strong></span> <span class='ocrx_word' id='word_1_68' title='bbox 935 1119 1123 1158; x_wconf 91' lang='lat' dir='ltr'><strong>eorum</strong></span> <span class='ocrx_word' id='word_1_69' title='bbox 1155 1103 1246 1173; x_wconf 88' lang='lat' dir='ltr'><strong>qui</strong></span> <span class='ocrx_word' id='word_1_70' title='bbox 1286 1118 1350 1157; x_wconf 83' lang='lat' dir='ltr'><strong>cx</strong></span> <span class='ocrx_word' id='word_1_71' title='bbox 1385 1102 1808 1158; x_wconf 89' lang='lat' dir='ltr'><strong>circumcisione</strong></span> <span class='ocrx_word' id='word_1_72' title='bbox 1837 1102 2021 1155; x_wconf 87' lang='lat' dir='ltr'><strong>credi-</strong></span> 
     </span>
    </p>
   </div>
   <div class='ocr_carea' id='block_1_12' title="bbox 441 1196 2018 1266">
    <p class='ocr_par' dir='ltr' id='par_1_12' title="bbox 441 1196 2018 1266">
     <span class='ocr_line' id='line_1_12' title="bbox 441 1196 2018 1266; baseline -0.003 -13"><span class='ocrx_word' id='word_1_73' title='bbox 441 1199 545 1253; x_wconf 89' lang='lat' dir='ltr'><strong>turi</strong></span> <span class='ocrx_word' id='word_1_74' title='bbox 572 1207 718 1254; x_wconf 87' lang='lat' dir='ltr'><strong>sunt.</strong></span> <span class='ocrx_word' id='word_1_75' title='bbox 757 1197 942 1266; x_wconf 88' lang='lat' dir='ltr'><strong>Neque</strong></span> <span class='ocrx_word' id='word_1_76' title='bbox 969 1197 1114 1253; x_wconf 84' lang='lat' dir='ltr'><strong>enim</strong></span> <span class='ocrx_word' id='word_1_77' title='bbox 1145 1196 1196 1250; x_wconf 90' lang='lat' dir='ltr'><strong>hi</strong></span> <span class='ocrx_word' id='word_1_78' title='bbox 1222 1198 1315 1266; x_wconf 88' lang='lat' dir='ltr'><strong>qui</strong></span> <span class='ocrx_word' id='word_1_79' title='bbox 1350 1197 1644 1252; x_wconf 88' lang='lat' dir='ltr'><strong>secundum</strong></span> <span class='ocrx_word' id='word_1_80' title='bbox 1662 1212 1883 1251; x_wconf 91' lang='lat' dir='ltr'><strong>carnem</strong></span> <span class='ocrx_word' id='word_1_81' title='bbox 1917 1211 2018 1249; x_wconf 86' lang='lat' dir='ltr'><strong>na-</strong></span> 
     </span>
    </p>
   </div>
   <div class='ocr_carea' id='block_1_13' title="bbox 433 1287 2015 1352">
    <p class='ocr_par' dir='ltr' id='par_1_13' title="bbox 433 1287 2015 1352">
     <span class='ocr_line' id='line_1_13' title="bbox 433 1287 2015 1352; baseline -0.003 -8"><span class='ocrx_word' id='word_1_82' title='bbox 433 1299 667 1344; x_wconf 80' lang='lat' dir='ltr'><strong>scuntur</strong></span> <span class='ocrx_word' id='word_1_83' title='bbox 694 1303 762 1343; x_wconf 83' lang='lat' dir='ltr'><strong>ex</strong></span> <span class='ocrx_word' id='word_1_84' title='bbox 790 1288 1091 1352; x_wconf 81' lang='lat' dir='ltr'><strong>Abraham,</strong></span> <span class='ocrx_word' id='word_1_85' title='bbox 1124 1287 1214 1342; x_wconf 90' lang='lat' dir='ltr'><strong>ﬁlii</strong></span> <span class='ocrx_word' id='word_1_86' title='bbox 1261 1288 1540 1344; x_wconf 84' lang='lat' dir='ltr'><strong>Abraham</strong></span> <span class='ocrx_word' id='word_1_87' title='bbox 1595 1289 1808 1342; x_wconf 88' lang='lat' dir='ltr'><strong>dicendi</strong></span> <span class='ocrx_word' id='word_1_88' title='bbox 1847 1296 2015 1351; x_wconf 91' lang='lat' dir='ltr'><strong>sunt,</strong></span> 
     </span>
    </p>
   </div>
   <div class='ocr_carea' id='block_1_14' title="bbox 435 1379 2018 1450">
    <p class='ocr_par' dir='ltr' id='par_1_14' title="bbox 435 1379 2018 1450">
     <span class='ocr_line' id='line_1_14' title="bbox 435 1379 2018 1450; baseline -0.001 -15"><span class='ocrx_word' id='word_1_89' title='bbox 435 1381 540 1436; x_wconf 88' lang='lat' dir='ltr'><strong>nisi</strong></span> <span class='ocrx_word' id='word_1_90' title='bbox 571 1382 730 1436; x_wconf 90' lang='lat' dir='ltr'><strong>ﬁdem</strong></span> <span class='ocrx_word' id='word_1_91' title='bbox 766 1389 820 1436; x_wconf 89' lang='lat' dir='ltr'><strong>et</strong></span> <span class='ocrx_word' id='word_1_92' title='bbox 843 1396 1006 1450; x_wconf 89' lang='lat' dir='ltr'><strong>opera</strong></span> <span class='ocrx_word' id='word_1_93' title='bbox 1033 1381 1272 1436; x_wconf 87' lang='lat' dir='ltr'><strong>habeant</strong></span> <span class='ocrx_word' id='word_1_94' title='bbox 1298 1383 1552 1434; x_wconf 70' lang='lat' dir='ltr'><strong>Abrahte.</strong></span> <span class='ocrx_word' id='word_1_95' title='bbox 1606 1379 1737 1436; x_wconf 89' lang='lat' dir='ltr'><strong>lude</strong></span> <span class='ocrx_word' id='word_1_96' title='bbox 1780 1380 2018 1445; x_wconf 80' lang='lat' dir='ltr'><strong>denique</strong></span> 
     </span>
    </p>
   </div>
   <div class='ocr_carea' id='block_1_15' title="bbox 432 1473 2018 1544">
    <p class='ocr_par' dir='ltr' id='par_1_15' title="bbox 432 1473 2018 1544">
     <span class='ocr_line' id='line_1_15' title="bbox 432 1473 2018 1544; baseline 0.001 -15"><span class='ocrx_word' id='word_1_97' title='bbox 432 1485 490 1529; x_wconf 87' lang='lat' dir='ltr'><strong>et</strong></span> <span class='ocrx_word' id='word_1_98' title='bbox 514 1475 772 1530; x_wconf 92' lang='lat' dir='ltr'><strong>Dominus</strong></span> <span class='ocrx_word' id='word_1_99' title='bbox 815 1474 868 1528; x_wconf 94' lang='lat' dir='ltr'><strong>in</strong></span> <span class='ocrx_word' id='word_1_100' title='bbox 903 1474 1202 1542; x_wconf 83' lang='lat' dir='ltr'><strong>Evangelio</strong></span> <span class='ocrx_word' id='word_1_101' title='bbox 1259 1474 1393 1528; x_wconf 91' lang='lat' dir='ltr'><strong>dicit</strong></span> <span class='ocrx_word' id='word_1_102' title='bbox 1442 1475 1508 1528; x_wconf 91' lang='lat' dir='ltr'><strong>ad</strong></span> <span class='ocrx_word' id='word_1_103' title='bbox 1536 1473 1774 1539; x_wconf 65' lang='lat' dir='ltr'><strong>Judaaos,</strong></span> <span class='ocrx_word' id='word_1_104' title='bbox 1804 1475 1895 1544; x_wconf 90' lang='lat' dir='ltr'><strong>qui</strong></span> <span class='ocrx_word' id='word_1_105' title='bbox 1958 1488 2018 1530; x_wconf 83' lang='lat' dir='ltr'><strong>se</strong></span> 
     </span>
    </p>
   </div>
   <div class='ocr_carea' id='block_1_16' title="bbox 428 1567 2014 1637">
    <p class='ocr_par' dir='ltr' id='par_1_16' title="bbox 428 1567 2014 1637">
     <span class='ocr_line' id='line_1_16' title="bbox 428 1567 2014 1637; baseline -0.001 -15"><span class='ocrx_word' id='word_1_106' title='bbox 428 1567 712 1637; x_wconf 89' lang='lat' dir='ltr'><strong>jactabant</strong></span> <span class='ocrx_word' id='word_1_107' title='bbox 743 1567 882 1622; x_wconf 89' lang='lat' dir='ltr'><strong>ﬁlios</strong></span> <span class='ocrx_word' id='word_1_108' title='bbox 918 1582 1038 1622; x_wconf 86' lang='lat' dir='ltr'><strong>esse</strong></span> <span class='ocrx_word' id='word_1_109' title='bbox 1073 1567 1352 1622; x_wconf 82' lang='lat' dir='ltr'><strong>Abrahae:</strong></span> <span class='ocrx_word' id='word_1_110' title='bbox 1390 1586 1410 1618; x_wconf 82' lang='grc'><strong><em>‹</em></strong></span> <span class='ocrx_word' id='word_1_111' title='bbox 1452 1568 1508 1622; x_wconf 89' lang='lat' dir='ltr'><strong>Si</strong></span> <span class='ocrx_word' id='word_1_112' title='bbox 1538 1567 1632 1620; x_wconf 90' lang='lat' dir='ltr'><strong>ﬁlii</strong></span> <span class='ocrx_word' id='word_1_113' title='bbox 1660 1568 1896 1622; x_wconf 77' lang='lat' dir='ltr'><strong>Abrahze</strong></span> <span class='ocrx_word' id='word_1_114' title='bbox 1928 1581 2014 1621; x_wconf 88' lang='lat' dir='ltr'><strong>es-</strong></span> 
     </span>
    </p>
   </div>
   <div class='ocr_carea' id='block_1_17' title="bbox 431 1657 2015 1730">
    <p class='ocr_par' dir='ltr' id='par_1_17' title="bbox 431 1657 2015 1730">
     <span class='ocr_line' id='line_1_17' title="bbox 431 1657 2015 1730; baseline -0.002 -15"><span class='ocrx_word' id='word_1_115' title='bbox 431 1661 586 1728; x_wconf 89' lang='lat' dir='ltr'><strong>setis,</strong></span> <span class='ocrx_word' id='word_1_116' title='bbox 620 1675 784 1730; x_wconf 89' lang='lat' dir='ltr'><strong>opera</strong></span> <span class='ocrx_word' id='word_1_117' title='bbox 817 1661 1004 1729; x_wconf 89' lang='lat' dir='ltr'><strong>utique</strong></span> <span class='ocrx_word' id='word_1_118' title='bbox 1053 1660 1287 1715; x_wconf 75' lang='lat' dir='ltr'><strong>Abraha:</strong></span> <span class='ocrx_word' id='word_1_119' title='bbox 1346 1658 1601 1715; x_wconf 82' lang='lat' dir='ltr'><strong>faceretis</strong></span> <span class='ocrx_word' id='word_1_120' title='bbox 1628 1660 1696 1713; x_wconf 74' lang='grc'><strong><em>⁸⁸⁵.</em></strong></span> <span class='ocrx_word' id='word_1_121' title='bbox 1737 1679 1756 1712; x_wconf 71' lang='grc' dir='ltr'><strong>ι</strong></span> <span class='ocrx_word' id='word_1_122' title='bbox 1787 1657 1884 1713; x_wconf 85' lang='lat' dir='ltr'><strong>Vis</strong></span> <span class='ocrx_word' id='word_1_123' title='bbox 1911 1675 2015 1712; x_wconf 89' lang='lat' dir='ltr'><strong>au-</strong></span> 
     </span>
    </p>
   </div>
   <div class='ocr_carea' id='block_1_18' title="bbox 433 1751 2014 1822">
    <p class='ocr_par' dir='ltr' id='par_1_18' title="bbox 433 1751 2014 1822">
     <span class='ocr_line' id='line_1_18' title="bbox 433 1751 2014 1822; baseline -0.001 -15"><span class='ocrx_word' id='word_1_124' title='bbox 433 1763 541 1807; x_wconf 91' lang='lat' dir='ltr'><strong>tem</strong></span> <span class='ocrx_word' id='word_1_125' title='bbox 571 1762 626 1808; x_wconf 88' lang='lat' dir='ltr'><strong>et</strong></span> <span class='ocrx_word' id='word_1_126' title='bbox 670 1767 735 1808; x_wconf 87' lang='lat' dir='ltr'><strong>ex</strong></span> <span class='ocrx_word' id='word_1_127' title='bbox 789 1753 958 1807; x_wconf 89' lang='lat' dir='ltr'><strong>veteri</strong></span> <span class='ocrx_word' id='word_1_128' title='bbox 996 1752 1280 1822; x_wconf 87' lang='lat' dir='ltr'><strong>Scriptura</strong></span> <span class='ocrx_word' id='word_1_129' title='bbox 1342 1753 1629 1822; x_wconf 82' lang='lat' dir='ltr'><strong>perdoceri</strong></span> <span class='ocrx_word' id='word_1_130' title='bbox 1668 1753 1808 1821; x_wconf 90' lang='lat' dir='ltr'><strong>quod</strong></span> <span class='ocrx_word' id='word_1_131' title='bbox 1869 1751 2014 1806; x_wconf 90' lang='lat' dir='ltr'><strong>ﬁlius</strong></span> 
     </span>
    </p>
   </div>
   <div class='ocr_carea' id='block_1_19' title="bbox 2125 545 3704 618">
    <p class='ocr_par' dir='ltr' id='par_1_19' title="bbox 2125 545 3704 618">
     <span class='ocr_line' id='line_1_19' title="bbox 2125 545 3704 618; baseline 0.004 -18"><span class='ocrx_word' id='word_1_132' title='bbox 2125 546 2220 610; x_wconf 90' lang='lat' dir='ltr'><strong>tio,</strong></span> <span class='ocrx_word' id='word_1_133' title='bbox 2248 562 2345 601; x_wconf 87' lang='lat' dir='ltr'><strong>nos</strong></span> <span class='ocrx_word' id='word_1_134' title='bbox 2371 545 2814 615; x_wconf 84' lang='lat' dir='ltr'><strong>compendiosius</strong></span> <span class='ocrx_word' id='word_1_135' title='bbox 2861 550 3289 615; x_wconf 87' lang='lat' dir='ltr'><strong>respondeamus</strong></span> <span class='ocrx_word' id='word_1_136' title='bbox 3327 551 3469 618; x_wconf 90' lang='lat' dir='ltr'><strong>quod</strong></span> <span class='ocrx_word' id='word_1_137' title='bbox 3511 553 3704 607; x_wconf 90' lang='lat' dir='ltr'><strong>obser-</strong></span> 
     </span>
    </p>
   </div>
   <div class='ocr_carea' id='block_1_20' title="bbox 2123 638 3705 709">
    <p class='ocr_par' dir='ltr' id='par_1_20' title="bbox 2123 638 3705 709">
     <span class='ocr_line' id='line_1_20' title="bbox 2123 638 3705 709; baseline 0.006 -17"><span class='ocrx_word' id='word_1_138' title='bbox 2123 653 2255 693; x_wconf 87' lang='lat' dir='ltr'><strong>vans</strong></span> <span class='ocrx_word' id='word_1_139' title='bbox 2278 638 2568 708; x_wconf 81' lang='lat' dir='ltr'><strong>Apostolus</strong></span> <span class='ocrx_word' id='word_1_140' title='bbox 2598 641 2921 695; x_wconf 85' lang='lat' dir='ltr'><strong>sententiam</strong></span> <span class='ocrx_word' id='word_1_141' title='bbox 2952 641 3041 693; x_wconf 89' lang='lat' dir='ltr'><strong>Dei</strong></span> <span class='ocrx_word' id='word_1_142' title='bbox 3071 644 3161 709; x_wconf 88' lang='lat' dir='ltr'><strong>qui</strong></span> <span class='ocrx_word' id='word_1_143' title='bbox 3199 644 3354 707; x_wconf 86' lang='lat' dir='ltr'><strong>dixit,</strong></span> <span class='ocrx_word' id='word_1_144' title='bbox 3390 663 3411 696; x_wconf 70' lang='grc' dir='ltr'>ι</span> <span class='ocrx_word' id='word_1_145' title='bbox 3439 642 3557 699; x_wconf 84' lang='lat' dir='ltr'><strong>Jam</strong></span> <span class='ocrx_word' id='word_1_146' title='bbox 3594 663 3705 702; x_wconf 89' lang='lat' dir='ltr'><strong>non</strong></span> 
     </span>
    </p>
   </div>
   <div class='ocr_carea' id='block_1_21' title="bbox 2120 729 3708 806">
    <p class='ocr_par' dir='ltr' id='par_1_21' title="bbox 2120 729 3708 806">
     <span class='ocr_line' id='line_1_21' title="bbox 2120 729 3708 806; baseline 0.004 -24"><span class='ocrx_word' id='word_1_147' title='bbox 2120 729 2346 794; x_wconf 88' lang='lat' dir='ltr'><strong>Abram,</strong></span> <span class='ocrx_word' id='word_1_148' title='bbox 2372 730 2466 784; x_wconf 90' lang='lat' dir='ltr'><strong>sed</strong></span> <span class='ocrx_word' id='word_1_149' title='bbox 2496 730 2775 784; x_wconf 86' lang='lat' dir='ltr'><strong>Abraham</strong></span> <span class='ocrx_word' id='word_1_150' title='bbox 2805 731 2912 784; x_wconf 92' lang='lat' dir='ltr'><strong>erit</strong></span> <span class='ocrx_word' id='word_1_151' title='bbox 2946 746 3140 785; x_wconf 89' lang='lat' dir='ltr'><strong>nomen</strong></span> <span class='ocrx_word' id='word_1_152' title='bbox 3181 740 3330 786; x_wconf 89' lang='lat' dir='ltr'><strong>tttum</strong></span> <span class='ocrx_word' id='word_1_153' title='bbox 3368 734 3410 800; x_wconf 86' lang='grc'><em>³,</em></span> <span class='ocrx_word' id='word_1_154' title='bbox 3440 753 3458 786; x_wconf 73' lang='grc' dir='ltr'>ι</span> <span class='ocrx_word' id='word_1_155' title='bbox 3521 738 3708 806; x_wconf 83' lang='lat' dir='ltr'><strong>appel-</strong></span> 
     </span>
    </p>
   </div>
   <div class='ocr_carea' id='block_1_22' title="bbox 2123 819 3702 892">
    <p class='ocr_par' dir='ltr' id='par_1_22' title="bbox 2123 819 3702 892">
     <span class='ocr_line' id='line_1_22' title="bbox 2123 819 3702 892; baseline 0.004 -21"><span class='ocrx_word' id='word_1_156' title='bbox 2123 819 2258 871; x_wconf 85' lang='lat' dir='ltr'><strong>lavit</strong></span> <span class='ocrx_word' id='word_1_157' title='bbox 2296 835 2438 874; x_wconf 89' lang='lat' dir='ltr'><strong>nunc</strong></span> <span class='ocrx_word' id='word_1_158' title='bbox 2467 833 2592 874; x_wconf 89' lang='lat' dir='ltr'><strong>eum</strong></span> <span class='ocrx_word' id='word_1_159' title='bbox 2624 835 2728 874; x_wconf 90' lang='lat' dir='ltr'><strong>non</strong></span> <span class='ocrx_word' id='word_1_160' title='bbox 2760 820 2924 892; x_wconf 77' lang='grc'><strong>526</strong></span> <span class='ocrx_word' id='word_1_161' title='bbox 2954 829 3010 872; x_wconf 84' lang='grc' dir='ltr'><strong>ιιι</strong></span> <span class='ocrx_word' id='word_1_162' title='bbox 3050 821 3103 874; x_wconf 91' lang='lat' dir='ltr'><strong>in</strong></span> <span class='ocrx_word' id='word_1_163' title='bbox 3134 820 3254 877; x_wconf 91' lang='lat' dir='ltr'><strong>loco</strong></span> <span class='ocrx_word' id='word_1_164' title='bbox 3305 823 3538 878; x_wconf 85' lang='lat' dir='ltr'><strong>Genesis</strong></span> <span class='ocrx_word' id='word_1_165' title='bbox 3572 827 3702 878; x_wconf 82' lang='lat' dir='ltr'><strong>srri-</strong></span> 
     </span>
    </p>
   </div>
   <div class='ocr_carea' id='block_1_23' title="bbox 2122 914 3704 984">
    <p class='ocr_par' dir='ltr' id='par_1_23' title="bbox 2122 914 3704 984">
     <span class='ocr_line' id='line_1_23' title="bbox 2122 914 3704 984; baseline 0.008 -22"><span class='ocrx_word' id='word_1_166' title='bbox 2122 920 2271 979; x_wconf 88' lang='lat' dir='ltr'><strong>ptum</strong></span> <span class='ocrx_word' id='word_1_167' title='bbox 2307 922 2415 975; x_wconf 88' lang='lat' dir='ltr'><strong>est,</strong></span> <span class='ocrx_word' id='word_1_168' title='bbox 2445 914 2538 966; x_wconf 87' lang='lat' dir='ltr'><strong>sed</strong></span> <span class='ocrx_word' id='word_1_169' title='bbox 2578 922 2637 966; x_wconf 90' lang='lat' dir='ltr'><strong>ut</strong></span> <span class='ocrx_word' id='word_1_170' title='bbox 2679 914 2746 968; x_wconf 91' lang='lat' dir='ltr'><strong>de</strong></span> <span class='ocrx_word' id='word_1_171' title='bbox 2774 929 2840 968; x_wconf 89' lang='lat' dir='ltr'><strong>eo</strong></span> <span class='ocrx_word' id='word_1_172' title='bbox 2881 916 3320 983; x_wconf 89' lang='lat' dir='ltr'><strong>pronuntiaverit</strong></span> <span class='ocrx_word' id='word_1_173' title='bbox 3380 917 3536 970; x_wconf 90' lang='lat' dir='ltr'><strong>Deus.</strong></span> <span class='ocrx_word' id='word_1_174' title='bbox 3570 917 3704 984; x_wconf 76' lang='lat' dir='ltr'><strong>Qua:</strong></span> 
     </span>
    </p>
   </div>
   <div class='ocr_carea' id='block_1_24' title="bbox 2121 1003 3700 1078">
    <p class='ocr_par' dir='ltr' id='par_1_24' title="bbox 2121 1003 3700 1078">
     <span class='ocr_line' id='line_1_24' title="bbox 2121 1003 3700 1078; baseline 0.005 -22"><span class='ocrx_word' id='word_1_175' title='bbox 2121 1003 2268 1056; x_wconf 90' lang='lat' dir='ltr'><strong>enim</strong></span> <span class='ocrx_word' id='word_1_176' title='bbox 2325 1005 2586 1060; x_wconf 90' lang='lat' dir='ltr'><strong>divinitus</strong></span> <span class='ocrx_word' id='word_1_177' title='bbox 2626 1009 2974 1070; x_wconf 84' lang='lat' dir='ltr'><strong>sanciantur,</strong></span> <span class='ocrx_word' id='word_1_178' title='bbox 3007 1006 3290 1061; x_wconf 88' lang='lat' dir='ltr'><strong>observari</strong></span> <span class='ocrx_word' id='word_1_179' title='bbox 3323 1009 3376 1061; x_wconf 92' lang='lat' dir='ltr'><strong>in</strong></span> <span class='ocrx_word' id='word_1_180' title='bbox 3419 1018 3700 1078; x_wconf 86' lang='lat' dir='ltr'><strong>posterum</strong></span> 
     </span>
    </p>
   </div>
   <div class='ocr_carea' id='block_1_25' title="bbox 2121 1097 3701 1170">
    <p class='ocr_par' dir='ltr' id='par_1_25' title="bbox 2121 1097 3701 1170">
     <span class='ocr_line' id='line_1_25' title="bbox 2121 1097 3701 1170; baseline 0.006 -21"><span class='ocrx_word' id='word_1_181' title='bbox 2121 1098 2392 1153; x_wconf 87' lang='lat' dir='ltr'><strong>convenit.</strong></span> <span class='ocrx_word' id='word_1_182' title='bbox 2425 1097 2568 1166; x_wconf 82' lang='lat' dir='ltr'><strong>Haec,</strong></span> <span class='ocrx_word' id='word_1_183' title='bbox 2600 1110 2760 1168; x_wconf 88' lang='lat' dir='ltr'><strong>prout</strong></span> <span class='ocrx_word' id='word_1_184' title='bbox 2787 1102 3086 1170; x_wconf 87' lang='lat' dir='ltr'><strong>potuimus,</strong></span> <span class='ocrx_word' id='word_1_185' title='bbox 3117 1102 3170 1156; x_wconf 93' lang='lat' dir='ltr'><strong>in</strong></span> <span class='ocrx_word' id='word_1_186' title='bbox 3207 1102 3347 1158; x_wconf 90' lang='lat' dir='ltr'><strong>locis</strong></span> <span class='ocrx_word' id='word_1_187' title='bbox 3379 1112 3487 1156; x_wconf 89' lang='lat' dir='ltr'><strong>tam</strong></span> <span class='ocrx_word' id='word_1_188' title='bbox 3513 1105 3701 1159; x_wconf 83' lang='lat' dir='ltr'><strong>arduis</strong></span> 
     </span>
    </p>
   </div>
   <div class='ocr_carea' id='block_1_26' title="bbox 2120 1191 3704 1268">
    <p class='ocr_par' dir='ltr' id='par_1_26' title="bbox 2120 1191 3704 1268">
     <span class='ocr_line' id='line_1_26' title="bbox 2120 1191 3704 1268; baseline 0.006 -25"><span class='ocrx_word' id='word_1_189' title='bbox 2120 1199 2308 1244; x_wconf 87' lang='lat' dir='ltr'><strong>ettam</strong></span> <span class='ocrx_word' id='word_1_190' title='bbox 2342 1191 2648 1247; x_wconf 71' lang='lat' dir='ltr'><strong>difﬁcilibus</strong></span> <span class='ocrx_word' id='word_1_191' title='bbox 2684 1195 2894 1262; x_wconf 85' lang='lat' dir='ltr'><strong>prolata</strong></span> <span class='ocrx_word' id='word_1_192' title='bbox 2925 1194 3063 1268; x_wconf 74' lang='lat'><strong>(58),</strong></span> <span class='ocrx_word' id='word_1_193' title='bbox 3095 1197 3140 1251; x_wconf 93' lang='lat' dir='ltr'><strong>si</strong></span> <span class='ocrx_word' id='word_1_194' title='bbox 3195 1197 3320 1266; x_wconf 85' lang='lat' dir='ltr'><strong>quis</strong></span> <span class='ocrx_word' id='word_1_195' title='bbox 3360 1197 3500 1253; x_wconf 77' lang='lat' dir='ltr'><strong>forte</strong></span> <span class='ocrx_word' id='word_1_196' title='bbox 3533 1197 3704 1253; x_wconf 76' lang='lat' dir='ltr'><strong>animi</strong></span> 
     </span>
    </p>
   </div>
   <div class='ocr_carea' id='block_1_27' title="bbox 2121 1284 3702 1358">
    <p class='ocr_par' dir='ltr' id='par_1_27' title="bbox 2121 1284 3702 1358">
     <span class='ocr_line' id='line_1_27' title="bbox 2121 1284 3702 1358; baseline 0.004 -21"><span class='ocrx_word' id='word_1_197' title='bbox 2121 1285 2291 1337; x_wconf 90' lang='lat' dir='ltr'><strong>nostri</strong></span> <span class='ocrx_word' id='word_1_198' title='bbox 2316 1284 2552 1338; x_wconf 89' lang='lat' dir='ltr'><strong>studium</strong></span> <span class='ocrx_word' id='word_1_199' title='bbox 2580 1287 2915 1350; x_wconf 90' lang='lat' dir='ltr'><strong>consideret,</strong></span> <span class='ocrx_word' id='word_1_200' title='bbox 2947 1288 3201 1358; x_wconf 86' lang='lat' dir='ltr'><strong>amplecti</strong></span> <span class='ocrx_word' id='word_1_201' title='bbox 3230 1291 3448 1357; x_wconf 75' lang='lat' dir='ltr'><strong>poterit.</strong></span> <span class='ocrx_word' id='word_1_202' title='bbox 3479 1287 3535 1344; x_wconf 90' lang='lat' dir='ltr'><strong>Si</strong></span> <span class='ocrx_word' id='word_1_203' title='bbox 3570 1303 3702 1344; x_wconf 86' lang='lat' dir='ltr'><strong>vero</strong></span> 
     </span>
    </p>
   </div>
   <div class='ocr_carea' id='block_1_28' title="bbox 2120 1374 3702 1451">
    <p class='ocr_par' dir='ltr' id='par_1_28' title="bbox 2120 1374 3702 1451">
     <span class='ocr_line' id='line_1_28' title="bbox 2120 1374 3702 1451; baseline 0.004 -23"><span class='ocrx_word' id='word_1_204' title='bbox 2120 1374 2493 1430; x_wconf 90' lang='lat' dir='ltr'><strong>inﬁrmitatem</strong></span> <span class='ocrx_word' id='word_1_205' title='bbox 2523 1392 2716 1432; x_wconf 89' lang='lat' dir='ltr'><strong>sensus</strong></span> <span class='ocrx_word' id='word_1_206' title='bbox 2746 1379 2918 1432; x_wconf 88' lang='lat' dir='ltr'><strong>nostri</strong></span> <span class='ocrx_word' id='word_1_207' title='bbox 2956 1389 3151 1435; x_wconf 86' lang='lat' dir='ltr'><strong>notare</strong></span> <span class='ocrx_word' id='word_1_208' title='bbox 3181 1381 3330 1443; x_wconf 87' lang='lat' dir='ltr'><strong>velit,</strong></span> <span class='ocrx_word' id='word_1_209' title='bbox 3361 1383 3576 1435; x_wconf 86' lang='lat' dir='ltr'><strong>veniam</strong></span> <span class='ocrx_word' id='word_1_210' title='bbox 3613 1396 3702 1451; x_wconf 84' lang='lat' dir='ltr'><strong>pe-</strong></span> 
     </span>
    </p>
   </div>
   <div class='ocr_carea' id='block_1_29' title="bbox 2121 1469 3698 1544">
    <p class='ocr_par' dir='ltr' id='par_1_29' title="bbox 2121 1469 3698 1544">
     <span class='ocr_line' id='line_1_29' title="bbox 2121 1469 3698 1544; baseline 0.004 -23"><span class='ocrx_word' id='word_1_211' title='bbox 2121 1469 2306 1534; x_wconf 90' lang='lat' dir='ltr'><strong>timus,</strong></span> <span class='ocrx_word' id='word_1_212' title='bbox 2341 1478 2397 1525; x_wconf 90' lang='lat' dir='ltr'><strong>et</strong></span> <span class='ocrx_word' id='word_1_213' title='bbox 2427 1471 2475 1525; x_wconf 89' lang='lat' dir='ltr'><strong>ei</strong></span> <span class='ocrx_word' id='word_1_214' title='bbox 2498 1471 2590 1540; x_wconf 90' lang='lat' dir='ltr'><strong>qui</strong></span> <span class='ocrx_word' id='word_1_215' title='bbox 2639 1471 2837 1526; x_wconf 89' lang='lat' dir='ltr'><strong>melius</strong></span> <span class='ocrx_word' id='word_1_216' title='bbox 2860 1472 3041 1529; x_wconf 88' lang='lat' dir='ltr'><strong>dehis</strong></span> <span class='ocrx_word' id='word_1_217' title='bbox 3087 1474 3363 1529; x_wconf 89' lang='lat' dir='ltr'><strong>disserere</strong></span> <span class='ocrx_word' id='word_1_218' title='bbox 3399 1475 3482 1529; x_wconf 91' lang='lat' dir='ltr'><strong>vel</strong></span> <span class='ocrx_word' id='word_1_219' title='bbox 3503 1476 3698 1544; x_wconf 83' lang='lat' dir='ltr'><strong>expla-</strong></span> 
     </span>
    </p>
   </div>
   <div class='ocr_carea' id='block_1_30' title="bbox 2117 1561 3701 1630">
    <p class='ocr_par' dir='ltr' id='par_1_30' title="bbox 2117 1561 3701 1630">
     <span class='ocr_line' id='line_1_30' title="bbox 2117 1561 3701 1630; baseline 0.008 -19"><span class='ocrx_word' id='word_1_220' title='bbox 2117 1574 2251 1613; x_wconf 92' lang='lat' dir='ltr'><strong>nare</strong></span> <span class='ocrx_word' id='word_1_221' title='bbox 2305 1561 2544 1628; x_wconf 89' lang='lat' dir='ltr'><strong>potuerit</strong></span> <span class='ocrx_word' id='word_1_222' title='bbox 2577 1601 2594 1628; x_wconf 88' lang='lat'><strong>,</strong></span> <span class='ocrx_word' id='word_1_223' title='bbox 2648 1561 2881 1618; x_wconf 89' lang='lat' dir='ltr'><strong>libenter</strong></span> <span class='ocrx_word' id='word_1_224' title='bbox 2928 1565 3194 1630; x_wconf 78' lang='lat' dir='ltr'><strong>cedimus.</strong></span> <span class='ocrx_word' id='word_1_225' title='bbox 3224 1564 3335 1619; x_wconf 85' lang='lat' dir='ltr'><strong>Nos</strong></span> <span class='ocrx_word' id='word_1_226' title='bbox 3371 1581 3501 1622; x_wconf 84' lang='lat' dir='ltr'><strong>vero</strong></span> <span class='ocrx_word' id='word_1_227' title='bbox 3533 1567 3600 1621; x_wconf 91' lang='lat' dir='ltr'><strong>ad</strong></span> <span class='ocrx_word' id='word_1_228' title='bbox 3632 1583 3701 1623; x_wconf 82' lang='lat' dir='ltr'><strong>ea</strong></span> 
     </span>
    </p>
   </div>
   <div class='ocr_carea' id='block_1_31' title="bbox 2116 1653 3704 1731">
    <p class='ocr_par' dir='ltr' id='par_1_31' title="bbox 2116 1653 3704 1731">
     <span class='ocr_line' id='line_1_31' title="bbox 2116 1653 3704 1731; baseline 0.01 -32"><span class='ocrx_word' id='word_1_229' title='bbox 2116 1665 2237 1719; x_wconf 69' lang='lat' dir='ltr'><strong>quae</strong></span> <span class='ocrx_word' id='word_1_230' title='bbox 2265 1663 2569 1721; x_wconf 90' lang='lat' dir='ltr'><strong>sequuntur</strong></span> <span class='ocrx_word' id='word_1_231' title='bbox 2621 1653 2777 1724; x_wconf 83' lang='lat' dir='ltr'><strong>segni</strong></span> <span class='ocrx_word' id='word_1_232' title='bbox 2812 1654 2942 1709; x_wconf 89' lang='lat' dir='ltr'><strong>licet</strong></span> <span class='ocrx_word' id='word_1_233' title='bbox 2983 1670 3174 1726; x_wconf 88' lang='lat' dir='ltr'><strong>gressu</strong></span> <span class='ocrx_word' id='word_1_234' title='bbox 3199 1659 3574 1714; x_wconf 85' lang='lat' dir='ltr'><strong>convertimus</strong></span> <span class='ocrx_word' id='word_1_235' title='bbox 3609 1677 3704 1731; x_wconf 81' lang='lat' dir='ltr'><strong>pe-</strong></span> 
     </span>
    </p>
   </div>
   <div class='ocr_carea' id='block_1_32' title="bbox 2117 1742 2260 1799">
    <p class='ocr_par' dir='ltr' id='par_1_32' title="bbox 2117 1742 2260 1799">
     <span class='ocr_line' id='line_1_32' title="bbox 2117 1742 2260 1799; baseline -0.007 -4"><span class='ocrx_word' id='word_1_236' title='bbox 2117 1742 2260 1799; x_wconf 90' lang='lat' dir='ltr'><strong>dem.</strong></span> 
     </span>
    </p>
   </div>
   <div class='ocr_carea' id='block_1_33' title="bbox 428 1817 2005 1917">
    <p class='ocr_par' dir='ltr' id='par_1_33' title="bbox 428 1843 2005 1917">
     <span class='ocr_line' id='line_1_33' title="bbox 428 1843 2005 1917; baseline 0.001 -20"><span class='ocrx_word' id='word_1_237' title='bbox 428 1847 553 1917; x_wconf 90' lang='lat' dir='ltr'><strong>quis</strong></span> <span class='ocrx_word' id='word_1_238' title='bbox 579 1846 776 1899; x_wconf 92' lang='lat' dir='ltr'><strong>dicitur</strong></span> <span class='ocrx_word' id='word_1_239' title='bbox 829 1861 935 1898; x_wconf 91' lang='lat' dir='ltr'><strong>non</strong></span> <span class='ocrx_word' id='word_1_240' title='bbox 987 1855 1195 1899; x_wconf 91' lang='lat' dir='ltr'><strong>tantum</strong></span> <span class='ocrx_word' id='word_1_241' title='bbox 1227 1845 1346 1913; x_wconf 90' lang='lat' dir='ltr'><strong>ejus</strong></span> <span class='ocrx_word' id='word_1_242' title='bbox 1379 1846 1445 1900; x_wconf 91' lang='lat' dir='ltr'><strong>de</strong></span> <span class='ocrx_word' id='word_1_243' title='bbox 1480 1845 1636 1913; x_wconf 91' lang='lat' dir='ltr'><strong>cujus</strong></span> <span class='ocrx_word' id='word_1_244' title='bbox 1671 1843 1877 1897; x_wconf 84' lang='lat' dir='ltr'><strong>carnali</strong></span> <span class='ocrx_word' id='word_1_245' title='bbox 1921 1859 2005 1898; x_wconf 85' lang='lat' dir='ltr'><strong>se-</strong></span> 
     </span>
    </p>
   </div>
   <div class='ocr_carea' id='block_1_34' title="bbox 2111 1817 3701 1917">
    <p class='ocr_par' dir='ltr' id='par_1_34' title="bbox 2186 1830 3701 1912">
     <span class='ocr_line' id='line_1_34' title="bbox 2186 1830 3701 1912; baseline 0.011 -28"><span class='ocrx_word' id='word_1_246' title='bbox 2186 1830 2242 1884; x_wconf 79' lang='grc'>5.</span> <span class='ocrx_word' id='word_1_247' title='bbox 2289 1849 2308 1881; x_wconf 74' lang='grc' dir='ltr'>ι</span> <span class='ocrx_word' id='word_1_248' title='bbox 2340 1831 2457 1888; x_wconf 86' lang='grc' dir='ltr'><strong>Νοη</strong></span> <span class='ocrx_word' id='word_1_249' title='bbox 2479 1835 2623 1890; x_wconf 91' lang='lat' dir='ltr'><strong>enim</strong></span> <span class='ocrx_word' id='word_1_250' title='bbox 2655 1850 2754 1905; x_wconf 90' lang='lat' dir='ltr'><strong>per</strong></span> <span class='ocrx_word' id='word_1_251' title='bbox 2776 1836 2948 1906; x_wconf 80' lang='lat' dir='ltr'><strong>legem</strong></span> <span class='ocrx_word' id='word_1_252' title='bbox 2979 1840 3272 1910; x_wconf 85' lang='lat' dir='ltr'><strong>promissio</strong></span> <span class='ocrx_word' id='word_1_253' title='bbox 3297 1842 3531 1899; x_wconf 65' lang='lat' dir='ltr'><strong>Abraha</strong></span> <span class='ocrx_word' id='word_1_254' title='bbox 3553 1887 3568 1912; x_wconf 95' lang='lat'><strong>,</strong></span> <span class='ocrx_word' id='word_1_255' title='bbox 3605 1855 3701 1902; x_wconf 86' lang='lat' dir='ltr'><strong>aut</strong></span> 
     </span>
    </p>
   </div>
   <div class='ocr_carea' id='block_1_35' title="bbox 429 1934 2011 2004">
    <p class='ocr_par' dir='ltr' id='par_1_35' title="bbox 429 1934 2011 2004">
     <span class='ocr_line' id='line_1_35' title="bbox 429 1934 2011 2004; baseline 0.001 -16"><span class='ocrx_word' id='word_1_256' title='bbox 429 1934 574 1989; x_wconf 88' lang='lat' dir='ltr'><strong>mine</strong></span> <span class='ocrx_word' id='word_1_257' title='bbox 597 1934 899 1999; x_wconf 87' lang='lat' dir='ltr'><strong>descendit,</strong></span> <span class='ocrx_word' id='word_1_258' title='bbox 933 1934 1026 1989; x_wconf 89' lang='lat' dir='ltr'><strong>sed</strong></span> <span class='ocrx_word' id='word_1_259' title='bbox 1058 1945 1114 1989; x_wconf 91' lang='lat' dir='ltr'><strong>et</strong></span> <span class='ocrx_word' id='word_1_260' title='bbox 1151 1934 1268 2000; x_wconf 89' lang='lat' dir='ltr'><strong>ejus</strong></span> <span class='ocrx_word' id='word_1_261' title='bbox 1301 1936 1457 2004; x_wconf 91' lang='lat' dir='ltr'><strong>cujus</strong></span> <span class='ocrx_word' id='word_1_262' title='bbox 1488 1946 1644 1990; x_wconf 85' lang='lat' dir='ltr'><strong>actus</strong></span> <span class='ocrx_word' id='word_1_263' title='bbox 1676 1937 1923 1988; x_wconf 91' lang='lat' dir='ltr'><strong>imitatur</strong></span> <span class='ocrx_word' id='word_1_264' title='bbox 1953 1945 2011 1989; x_wconf 88' lang='lat' dir='ltr'><strong>ct</strong></span> 
     </span>
    </p>
   </div>
   <div class='ocr_carea' id='block_1_36' title="bbox 426 2026 2012 2097">
    <p class='ocr_par' dir='ltr' id='par_1_36' title="bbox 426 2026 2012 2097">
     <span class='ocr_line' id='line_1_36' title="bbox 426 2026 2012 2097; baseline -0.001 -15"><span class='ocrx_word' id='word_1_265' title='bbox 426 2028 637 2097; x_wconf 86' lang='lat' dir='ltr'><strong>opera?</strong></span> <span class='ocrx_word' id='word_1_266' title='bbox 665 2028 800 2082; x_wconf 87' lang='lat' dir='ltr'><strong>Audi</strong></span> <span class='ocrx_word' id='word_1_267' title='bbox 838 2026 1024 2082; x_wconf 88' lang='lat' dir='ltr'><strong>Daniel</strong></span> <span class='ocrx_word' id='word_1_268' title='bbox 1051 2027 1179 2097; x_wconf 92' lang='lat' dir='ltr'><strong>quid</strong></span> <span class='ocrx_word' id='word_1_269' title='bbox 1213 2027 1450 2080; x_wconf 88' lang='lat' dir='ltr'><strong>dicatad</strong></span> <span class='ocrx_word' id='word_1_270' title='bbox 1477 2043 1640 2081; x_wconf 91' lang='lat' dir='ltr'><strong>unum</strong></span> <span class='ocrx_word' id='word_1_271' title='bbox 1673 2042 1740 2080; x_wconf 86' lang='lat' dir='ltr'><strong>ex</strong></span> <span class='ocrx_word' id='word_1_272' title='bbox 1781 2027 1889 2081; x_wconf 92' lang='lat' dir='ltr'><strong>ilhs</strong></span> <span class='ocrx_word' id='word_1_273' title='bbox 1925 2043 2012 2081; x_wconf 87' lang='lat' dir='ltr'><strong>se-</strong></span> 
     </span>
    </p>
   </div>
   <div class='ocr_carea' id='block_1_37' title="bbox 427 2119 2006 2192">
    <p class='ocr_par' dir='ltr' id='par_1_37' title="bbox 427 2119 2006 2192">
     <span class='ocr_line' id='line_1_37' title="bbox 427 2119 2006 2192; baseline 0 -17"><span class='ocrx_word' id='word_1_274' title='bbox 427 2121 672 2175; x_wconf 84' lang='lat' dir='ltr'><strong>nioribus</strong></span> <span class='ocrx_word' id='word_1_275' title='bbox 699 2136 832 2190; x_wconf 93' lang='lat' dir='ltr'><strong>quos</strong></span> <span class='ocrx_word' id='word_1_276' title='bbox 859 2121 1043 2192; x_wconf 86' lang='lat' dir='ltr'><strong>arguit</strong></span> <span class='ocrx_word' id='word_1_277' title='bbox 1079 2119 1332 2174; x_wconf 88' lang='lat' dir='ltr'><strong>adulterii</strong></span> <span class='ocrx_word' id='word_1_278' title='bbox 1378 2137 1392 2174; x_wconf 90' lang='lat'><strong>:</strong></span> <span class='ocrx_word' id='word_1_279' title='bbox 1449 2137 1468 2172; x_wconf 83' lang='grc'><strong><em>‹</em></strong></span> <span class='ocrx_word' id='word_1_280' title='bbox 1526 2121 1746 2186; x_wconf 90' lang='lat' dir='ltr'><strong>Semen,</strong></span> <span class='ocrx_word' id='word_1_281' title='bbox 1793 2121 2006 2189; x_wconf 91' lang='lat' dir='ltr'><strong>inquit,</strong></span> 
     </span>
    </p>
   </div>
   <div class='ocr_carea' id='block_1_38' title="bbox 425 2210 2011 2280">
    <p class='ocr_par' dir='ltr' id='par_1_38' title="bbox 425 2210 2011 2280">
     <span class='ocr_line' id='line_1_38' title="bbox 425 2210 2011 2280; baseline 0 -14"><span class='ocrx_word' id='word_1_282' title='bbox 425 2210 708 2276; x_wconf 85' lang='lat' dir='ltr'><strong>Chanaan,</strong></span> <span class='ocrx_word' id='word_1_283' title='bbox 739 2222 793 2265; x_wconf 91' lang='lat' dir='ltr'><strong>et</strong></span> <span class='ocrx_word' id='word_1_284' title='bbox 831 2227 937 2264; x_wconf 92' lang='lat' dir='ltr'><strong>non</strong></span> <span class='ocrx_word' id='word_1_285' title='bbox 954 2211 1114 2274; x_wconf 81' lang='lat' dir='ltr'><strong>Juda,</strong></span> <span class='ocrx_word' id='word_1_286' title='bbox 1140 2213 1350 2280; x_wconf 88' lang='lat' dir='ltr'><strong>species</strong></span> <span class='ocrx_word' id='word_1_287' title='bbox 1389 2212 1604 2266; x_wconf 77' lang='lat' dir='ltr'><strong>seduxit</strong></span> <span class='ocrx_word' id='word_1_288' title='bbox 1639 2223 1714 2276; x_wconf 88' lang='lat' dir='ltr'><strong>te,</strong></span> <span class='ocrx_word' id='word_1_289' title='bbox 1771 2222 1824 2265; x_wconf 90' lang='lat' dir='ltr'><strong>et</strong></span> <span class='ocrx_word' id='word_1_290' title='bbox 1875 2227 2011 2266; x_wconf 86' lang='lat' dir='ltr'><strong>cou-</strong></span> 
     </span>
    </p>
   </div>
   <div class='ocr_carea' id='block_1_39' title="bbox 427 2302 2007 2374">
    <p class='ocr_par' dir='ltr' id='par_1_39' title="bbox 427 2302 2007 2374">
     <span class='ocr_line' id='line_1_39' title="bbox 427 2302 2007 2374; baseline 0.004 -20"><span class='ocrx_word' id='word_1_291' title='bbox 427 2303 762 2371; x_wconf 72' lang='lat' dir='ltr'><strong>clipiscentia</strong></span> <span class='ocrx_word' id='word_1_292' title='bbox 788 2304 987 2358; x_wconf 87' lang='lat' dir='ltr'><strong>evertit</strong></span> <span class='ocrx_word' id='word_1_293' title='bbox 1012 2317 1108 2357; x_wconf 89' lang='lat' dir='ltr'><strong>cor</strong></span> <span class='ocrx_word' id='word_1_294' title='bbox 1161 2312 1310 2356; x_wconf 89' lang='lat' dir='ltr'><strong>tuum</strong></span> <span class='ocrx_word' id='word_1_295' title='bbox 1335 2304 1402 2354; x_wconf 64' lang='lat'><strong>’3.</strong></span> <span class='ocrx_word' id='word_1_296' title='bbox 1447 2323 1466 2356; x_wconf 70' lang='grc' dir='ltr'>ι</span> <span class='ocrx_word' id='word_1_297' title='bbox 1531 2302 1697 2358; x_wconf 83' lang='lat' dir='ltr'><strong>Vides</strong></span> <span class='ocrx_word' id='word_1_298' title='bbox 1736 2320 1860 2359; x_wconf 91' lang='lat' dir='ltr'><strong>eum</strong></span> <span class='ocrx_word' id='word_1_299' title='bbox 1912 2305 2007 2374; x_wconf 88' lang='lat' dir='ltr'><strong>qui</strong></span> 
     </span>
    </p>
   </div>
   <div class='ocr_carea' id='block_1_40' title="bbox 425 2395 2009 2469">
    <p class='ocr_par' dir='ltr' id='par_1_40' title="bbox 425 2395 2009 2469">
     <span class='ocr_line' id='line_1_40' title="bbox 425 2395 2009 2469; baseline 0.002 -18"><span class='ocrx_word' id='word_1_300' title='bbox 425 2397 726 2452; x_wconf 86' lang='lat' dir='ltr'><strong>carnaliter</strong></span> <span class='ocrx_word' id='word_1_301' title='bbox 769 2399 834 2452; x_wconf 92' lang='lat' dir='ltr'><strong>de</strong></span> <span class='ocrx_word' id='word_1_302' title='bbox 870 2411 1069 2469; x_wconf 85' lang='lat' dir='ltr'><strong>genere</strong></span> <span class='ocrx_word' id='word_1_303' title='bbox 1102 2395 1241 2452; x_wconf 86' lang='lat' dir='ltr'><strong>Juda</strong></span> <span class='ocrx_word' id='word_1_304' title='bbox 1291 2398 1674 2463; x_wconf 88' lang='lat' dir='ltr'><strong>descenderat,</strong></span> <span class='ocrx_word' id='word_1_305' title='bbox 1726 2400 1913 2468; x_wconf 87' lang='lat' dir='ltr'><strong>negari</strong></span> <span class='ocrx_word' id='word_1_306' title='bbox 1948 2400 2009 2454; x_wconf 84' lang='lat' dir='ltr'><strong>ﬁ-</strong></span> 
     </span>
    </p>
   </div>
   <div class='ocr_carea' id='block_1_41' title="bbox 424 2486 2008 2561">
    <p class='ocr_par' dir='ltr' id='par_1_41' title="bbox 424 2486 2008 2561">
     <span class='ocr_line' id='line_1_41' title="bbox 424 2486 2008 2561; baseline 0.003 -19"><span class='ocrx_word' id='word_1_307' title='bbox 424 2488 558 2543; x_wconf 86' lang='lat' dir='ltr'><strong>lium</strong></span> <span class='ocrx_word' id='word_1_308' title='bbox 581 2503 701 2543; x_wconf 89' lang='lat' dir='ltr'><strong>esse</strong></span> <span class='ocrx_word' id='word_1_309' title='bbox 744 2486 878 2543; x_wconf 67' lang='lat' dir='ltr'><strong>Iuda</strong></span> <span class='ocrx_word' id='word_1_310' title='bbox 905 2529 924 2555; x_wconf 93' lang='lat'><strong>,</strong></span> <span class='ocrx_word' id='word_1_311' title='bbox 961 2488 1056 2544; x_wconf 90' lang='lat' dir='ltr'><strong>sed</strong></span> <span class='ocrx_word' id='word_1_312' title='bbox 1107 2488 1394 2554; x_wconf 87' lang='lat' dir='ltr'><strong>Chanaan,</strong></span> <span class='ocrx_word' id='word_1_313' title='bbox 1430 2489 1548 2558; x_wconf 91' lang='lat' dir='ltr'><strong>ejus</strong></span> <span class='ocrx_word' id='word_1_314' title='bbox 1579 2489 1792 2544; x_wconf 88' lang='lat' dir='ltr'><strong>scilicet</strong></span> <span class='ocrx_word' id='word_1_315' title='bbox 1847 2491 2008 2561; x_wconf 91' lang='lat' dir='ltr'><strong>cujus</strong></span> 
     </span>
    </p>
   </div>
   <div class='ocr_carea' id='block_1_42' title="bbox 425 2581 2007 2652">
    <p class='ocr_par' dir='ltr' id='par_1_42' title="bbox 425 2581 2007 2652">
     <span class='ocr_line' id='line_1_42' title="bbox 425 2581 2007 2652; baseline 0.003 -19"><span class='ocrx_word' id='word_1_316' title='bbox 425 2591 580 2636; x_wconf 90' lang='lat' dir='ltr'><strong>actus</strong></span> <span class='ocrx_word' id='word_1_317' title='bbox 607 2591 660 2636; x_wconf 86' lang='lat' dir='ltr'><strong>et</strong></span> <span class='ocrx_word' id='word_1_318' title='bbox 697 2597 861 2650; x_wconf 91' lang='lat' dir='ltr'><strong>opera</strong></span> <span class='ocrx_word' id='word_1_319' title='bbox 902 2581 1255 2651; x_wconf 88' lang='lat' dir='ltr'><strong>sequebatur.</strong></span> <span class='ocrx_word' id='word_1_320' title='bbox 1305 2581 1380 2634; x_wconf 91' lang='lat' dir='ltr'><strong>Ita</strong></span> <span class='ocrx_word' id='word_1_321' title='bbox 1433 2597 1567 2652; x_wconf 82' lang='lat' dir='ltr'><strong>ergo</strong></span> <span class='ocrx_word' id='word_1_322' title='bbox 1605 2592 1660 2636; x_wconf 86' lang='lat' dir='ltr'><strong>et</strong></span> <span class='ocrx_word' id='word_1_323' title='bbox 1701 2582 1756 2636; x_wconf 92' lang='lat' dir='ltr'><strong>hi</strong></span> <span class='ocrx_word' id='word_1_324' title='bbox 1808 2582 1900 2651; x_wconf 92' lang='lat' dir='ltr'><strong>qui</strong></span> <span class='ocrx_word' id='word_1_325' title='bbox 1940 2587 2007 2638; x_wconf 91' lang='lat' dir='ltr'><strong>de</strong></span> 
     </span>
    </p>
   </div>
   <div class='ocr_carea' id='block_1_43' title="bbox 422 2673 2004 2744">
    <p class='ocr_par' dir='ltr' id='par_1_43' title="bbox 422 2673 2004 2744">
     <span class='ocr_line' id='line_1_43' title="bbox 422 2673 2004 2744; baseline 0.001 -17"><span class='ocrx_word' id='word_1_326' title='bbox 422 2674 658 2728; x_wconf 70' lang='lat' dir='ltr'><strong>Abrahae</strong></span> <span class='ocrx_word' id='word_1_327' title='bbox 696 2673 904 2728; x_wconf 90' lang='lat' dir='ltr'><strong>semine</strong></span> <span class='ocrx_word' id='word_1_328' title='bbox 928 2673 1226 2727; x_wconf 90' lang='lat' dir='ltr'><strong>secundum</strong></span> <span class='ocrx_word' id='word_1_329' title='bbox 1265 2688 1486 2728; x_wconf 90' lang='lat' dir='ltr'><strong>carnem</strong></span> <span class='ocrx_word' id='word_1_330' title='bbox 1550 2690 1721 2744; x_wconf 87' lang='lat' dir='ltr'><strong>genus</strong></span> <span class='ocrx_word' id='word_1_331' title='bbox 1756 2675 2004 2740; x_wconf 91' lang='lat' dir='ltr'><strong>ducunt,</strong></span> 
     </span>
    </p>
   </div>
   <div class='ocr_carea' id='block_1_44' title="bbox 423 2765 2008 2834">
    <p class='ocr_par' dir='ltr' id='par_1_44' title="bbox 423 2765 2008 2834">
     <span class='ocr_line' id='line_1_44' title="bbox 423 2765 2008 2834; baseline 0.001 -14"><span class='ocrx_word' id='word_1_332' title='bbox 423 2780 532 2820; x_wconf 82' lang='lat' dir='ltr'><strong>non</strong></span> <span class='ocrx_word' id='word_1_333' title='bbox 568 2766 822 2820; x_wconf 89' lang='lat' dir='ltr'><strong>dicuntur</strong></span> <span class='ocrx_word' id='word_1_334' title='bbox 875 2765 966 2818; x_wconf 88' lang='lat' dir='ltr'><strong>ﬁlii</strong></span> <span class='ocrx_word' id='word_1_335' title='bbox 999 2765 1233 2820; x_wconf 68' lang='lat' dir='ltr'><strong>Abrahae</strong></span> <span class='ocrx_word' id='word_1_336' title='bbox 1261 2806 1276 2830; x_wconf 91' lang='lat'><strong>,</strong></span> <span class='ocrx_word' id='word_1_337' title='bbox 1322 2766 1366 2820; x_wconf 93' lang='lat' dir='ltr'><strong>si</strong></span> <span class='ocrx_word' id='word_1_338' title='bbox 1403 2767 1520 2834; x_wconf 89' lang='lat' dir='ltr'><strong>ejus</strong></span> <span class='ocrx_word' id='word_1_339' title='bbox 1561 2783 1667 2820; x_wconf 91' lang='lat' dir='ltr'><strong>non</strong></span> <span class='ocrx_word' id='word_1_340' title='bbox 1703 2765 1903 2821; x_wconf 87' lang='lat' dir='ltr'><strong>habent</strong></span> <span class='ocrx_word' id='word_1_341' title='bbox 1943 2766 2008 2821; x_wconf 86' lang='lat' dir='ltr'><strong>ﬁ-</strong></span> 
     </span>
    </p>
   </div>
   <div class='ocr_carea' id='block_1_45' title="bbox 421 2859 2001 2928">
    <p class='ocr_par' dir='ltr' id='par_1_45' title="bbox 421 2859 2001 2928">
     <span class='ocr_line' id='line_1_45' title="bbox 421 2859 2001 2928; baseline -0.001 -13"><span class='ocrx_word' id='word_1_342' title='bbox 421 2859 568 2915; x_wconf 86' lang='lat' dir='ltr'><strong>dem.</strong></span> <span class='ocrx_word' id='word_1_343' title='bbox 603 2859 694 2914; x_wconf 89' lang='lat' dir='ltr'><strong>Sic</strong></span> <span class='ocrx_word' id='word_1_344' title='bbox 723 2861 958 2928; x_wconf 89' lang='lat' dir='ltr'><strong>denique</strong></span> <span class='ocrx_word' id='word_1_345' title='bbox 992 2867 1046 2913; x_wconf 91' lang='lat' dir='ltr'><strong>et</strong></span> <span class='ocrx_word' id='word_1_346' title='bbox 1078 2861 1340 2928; x_wconf 87' lang='lat' dir='ltr'><strong>propheta</strong></span> <span class='ocrx_word' id='word_1_347' title='bbox 1369 2860 1502 2914; x_wconf 89' lang='lat' dir='ltr'><strong>dicit</strong></span> <span class='ocrx_word' id='word_1_348' title='bbox 1529 2859 1596 2914; x_wconf 92' lang='lat' dir='ltr'><strong>ad</strong></span> <span class='ocrx_word' id='word_1_349' title='bbox 1624 2875 1758 2915; x_wconf 86' lang='lat' dir='ltr'><strong>eos:</strong></span> <span class='ocrx_word' id='word_1_350' title='bbox 1789 2877 1808 2912; x_wconf 73' lang='lat' dir='ltr'><strong>c</strong></span> <span class='ocrx_word' id='word_1_351' title='bbox 1842 2859 2001 2914; x_wconf 89' lang='lat' dir='ltr'><strong>Pater</strong></span> 
     </span>
    </p>
   </div>
   <div class='ocr_carea' id='block_1_46' title="bbox 420 2952 2002 3024">
    <p class='ocr_par' dir='ltr' id='par_1_46' title="bbox 420 2952 2002 3024">
     <span class='ocr_line' id='line_1_46' title="bbox 420 2952 2002 3024; baseline 0.002 -17"><span class='ocrx_word' id='word_1_352' title='bbox 420 2961 548 3008; x_wconf 74' lang='lat' dir='ltr'><strong>tuus</strong></span> <span class='ocrx_word' id='word_1_353' title='bbox 572 2953 942 3017; x_wconf 73' lang='lat' dir='ltr'><strong>Amorrhmus,</strong></span> <span class='ocrx_word' id='word_1_354' title='bbox 988 2962 1042 3008; x_wconf 91' lang='lat' dir='ltr'><strong>et</strong></span> <span class='ocrx_word' id='word_1_355' title='bbox 1092 2961 1267 3007; x_wconf 92' lang='lat' dir='ltr'><strong>mater</strong></span> <span class='ocrx_word' id='word_1_356' title='bbox 1315 2964 1406 3007; x_wconf 87' lang='lat' dir='ltr'><strong>tua</strong></span> <span class='ocrx_word' id='word_1_357' title='bbox 1435 2952 1651 3008; x_wconf 80' lang='lat' dir='ltr'><strong>Cethaea</strong></span> <span class='ocrx_word' id='word_1_358' title='bbox 1681 2953 1780 3019; x_wconf 72' lang='grc' dir='ltr'><strong>³⁸,ι</strong></span> <span class='ocrx_word' id='word_1_359' title='bbox 1807 2955 2002 3024; x_wconf 74' lang='lat' dir='ltr'><strong>quibus</strong></span> 
     </span>
    </p>
   </div>
   <div class='ocr_carea' id='block_1_47' title="bbox 421 3045 2002 3114">
    <p class='ocr_par' dir='ltr' id='par_1_47' title="bbox 421 3045 2002 3114">
     <span class='ocr_line' id='line_1_47' title="bbox 421 3045 2002 3114; baseline 0 -13"><span class='ocrx_word' id='word_1_360' title='bbox 421 3047 614 3114; x_wconf 88' lang='lat' dir='ltr'><strong>utique</strong></span> <span class='ocrx_word' id='word_1_361' title='bbox 640 3061 745 3099; x_wconf 88' lang='lat' dir='ltr'><strong>non</strong></span> <span class='ocrx_word' id='word_1_362' title='bbox 769 3059 864 3100; x_wconf 89' lang='lat' dir='ltr'><strong>eos</strong></span> <span class='ocrx_word' id='word_1_363' title='bbox 909 3045 1262 3100; x_wconf 87' lang='lat' dir='ltr'><strong>necessitudo</strong></span> <span class='ocrx_word' id='word_1_364' title='bbox 1288 3045 1528 3114; x_wconf 83' lang='lat' dir='ltr'><strong>generis,</strong></span> <span class='ocrx_word' id='word_1_365' title='bbox 1559 3047 1654 3100; x_wconf 91' lang='lat' dir='ltr'><strong>sed</strong></span> <span class='ocrx_word' id='word_1_366' title='bbox 1681 3061 1894 3101; x_wconf 88' lang='lat' dir='ltr'><strong>morum</strong></span> <span class='ocrx_word' id='word_1_367' title='bbox 1928 3048 2002 3102; x_wconf 83' lang='lat' dir='ltr'><strong>si-</strong></span> 
     </span>
    </p>
   </div>
   <div class='ocr_carea' id='block_1_48' title="bbox 419 3134 2003 3208">
    <p class='ocr_par' dir='ltr' id='par_1_48' title="bbox 419 3134 2003 3208">
     <span class='ocr_line' id='line_1_48' title="bbox 419 3134 2003 3208; baseline 0 -17"><span class='ocrx_word' id='word_1_368' title='bbox 419 3136 665 3192; x_wconf 88' lang='lat' dir='ltr'><strong>militudo</strong></span> <span class='ocrx_word' id='word_1_369' title='bbox 716 3137 998 3208; x_wconf 87' lang='lat' dir='ltr'><strong>jungebat.</strong></span> <span class='ocrx_word' id='word_1_370' title='bbox 1053 3153 1072 3188; x_wconf 74' lang='grc' dir='ltr'>ι</span> <span class='ocrx_word' id='word_1_371' title='bbox 1117 3134 1188 3190; x_wconf 90' lang='lat' dir='ltr'><strong>Ut</strong></span> <span class='ocrx_word' id='word_1_372' title='bbox 1223 3145 1370 3192; x_wconf 91' lang='lat' dir='ltr'><strong>esset</strong></span> <span class='ocrx_word' id='word_1_373' title='bbox 1414 3151 1565 3206; x_wconf 88' lang='lat' dir='ltr'><strong>ergo,</strong></span> <span class='ocrx_word' id='word_1_374' title='bbox 1611 3137 1807 3207; x_wconf 84' lang='lat' dir='ltr'><strong>inquit,</strong></span> <span class='ocrx_word' id='word_1_375' title='bbox 1850 3147 2003 3207; x_wconf 89' lang='lat' dir='ltr'><strong>pater</strong></span> 
     </span>
    </p>
   </div>
   <div class='ocr_carea' id='block_1_49' title="bbox 418 3227 2004 3298">
    <p class='ocr_par' dir='ltr' id='par_1_49' title="bbox 418 3227 2004 3298">
     <span class='ocr_line' id='line_1_49' title="bbox 418 3227 2004 3298; baseline 0.001 -17"><span class='ocrx_word' id='word_1_376' title='bbox 418 3229 662 3282; x_wconf 90' lang='lat' dir='ltr'><strong>omnium</strong></span> <span class='ocrx_word' id='word_1_377' title='bbox 695 3228 1040 3283; x_wconf 87' lang='lat' dir='ltr'><strong>credentium</strong></span> <span class='ocrx_word' id='word_1_378' title='bbox 1086 3243 1188 3297; x_wconf 90' lang='lat' dir='ltr'><strong>per</strong></span> <span class='ocrx_word' id='word_1_379' title='bbox 1226 3227 1596 3296; x_wconf 67' lang='lat' dir='ltr'><strong>praeputium,</strong></span> <span class='ocrx_word' id='word_1_380' title='bbox 1635 3239 1692 3282; x_wconf 92' lang='lat' dir='ltr'><strong>ut</strong></span> <span class='ocrx_word' id='word_1_381' title='bbox 1726 3238 2004 3298; x_wconf 89' lang='lat' dir='ltr'><strong>reputetur</strong></span> 
     </span>
    </p>
   </div>
   <div class='ocr_carea' id='block_1_50' title="bbox 420 3317 2001 3387">
    <p class='ocr_par' dir='ltr' id='par_1_50' title="bbox 420 3317 2001 3387">
     <span class='ocr_line' id='line_1_50' title="bbox 420 3317 2001 3387; baseline 0.001 -16"><span class='ocrx_word' id='word_1_382' title='bbox 420 3318 528 3374; x_wconf 87' lang='lat' dir='ltr'><strong>illis</strong></span> <span class='ocrx_word' id='word_1_383' title='bbox 552 3320 618 3373; x_wconf 89' lang='lat' dir='ltr'><strong>ad</strong></span> <span class='ocrx_word' id='word_1_384' title='bbox 642 3317 942 3385; x_wconf 89' lang='lat' dir='ltr'><strong>justitiam,</strong></span> <span class='ocrx_word' id='word_1_385' title='bbox 982 3326 1038 3373; x_wconf 93' lang='lat' dir='ltr'><strong>et</strong></span> <span class='ocrx_word' id='word_1_386' title='bbox 1087 3319 1162 3373; x_wconf 86' lang='lat' dir='ltr'><strong>sit</strong></span> <span class='ocrx_word' id='word_1_387' title='bbox 1186 3327 1343 3387; x_wconf 90' lang='lat' dir='ltr'><strong>pater</strong></span> <span class='ocrx_word' id='word_1_388' title='bbox 1376 3318 1819 3374; x_wconf 82' lang='lat' dir='ltr'><strong>circumcisionis</strong></span> <span class='ocrx_word' id='word_1_389' title='bbox 1845 3360 1860 3384; x_wconf 92' lang='lat'><strong>,</strong></span> <span class='ocrx_word' id='word_1_390' title='bbox 1894 3334 2001 3373; x_wconf 91' lang='lat' dir='ltr'><strong>non</strong></span> 
     </span>
    </p>
   </div>
   <div class='ocr_carea' id='block_1_51' title="bbox 417 3410 2004 3481">
    <p class='ocr_par' dir='ltr' id='par_1_51' title="bbox 417 3410 2004 3481">
     <span class='ocr_line' id='line_1_51' title="bbox 417 3410 2004 3481; baseline 0.003 -17"><span class='ocrx_word' id='word_1_391' title='bbox 417 3410 507 3464; x_wconf 90' lang='lat' dir='ltr'><strong>his</strong></span> <span class='ocrx_word' id='word_1_392' title='bbox 537 3419 742 3464; x_wconf 86' lang='lat' dir='ltr'><strong>tantum</strong></span> <span class='ocrx_word' id='word_1_393' title='bbox 779 3411 871 3481; x_wconf 89' lang='lat' dir='ltr'><strong>qui</strong></span> <span class='ocrx_word' id='word_1_394' title='bbox 902 3420 1030 3466; x_wconf 92' lang='lat' dir='ltr'><strong>sunt</strong></span> <span class='ocrx_word' id='word_1_395' title='bbox 1061 3425 1131 3465; x_wconf 86' lang='lat' dir='ltr'><strong>ex</strong></span> <span class='ocrx_word' id='word_1_396' title='bbox 1186 3410 1632 3476; x_wconf 86' lang='lat' dir='ltr'><strong>circumcisione,</strong></span> <span class='ocrx_word' id='word_1_397' title='bbox 1685 3413 1782 3468; x_wconf 89' lang='lat' dir='ltr'><strong>sed</strong></span> <span class='ocrx_word' id='word_1_398' title='bbox 1809 3421 1866 3467; x_wconf 89' lang='lat' dir='ltr'><strong>et</strong></span> <span class='ocrx_word' id='word_1_399' title='bbox 1893 3413 2004 3468; x_wconf 91' lang='lat' dir='ltr'><strong>illis</strong></span> 
     </span>
    </p>
   </div>
   <div class='ocr_carea' id='block_1_52' title="bbox 416 3503 2005 3576">
    <p class='ocr_par' dir='ltr' id='par_1_52' title="bbox 416 3503 2005 3576">
     <span class='ocr_line' id='line_1_52' title="bbox 416 3503 2005 3576; baseline 0.003 -21"><span class='ocrx_word' id='word_1_400' title='bbox 416 3503 511 3569; x_wconf 89' lang='lat' dir='ltr'><strong>qui</strong></span> <span class='ocrx_word' id='word_1_401' title='bbox 551 3513 858 3572; x_wconf 86' lang='lat' dir='ltr'><strong>sequuntur</strong></span> <span class='ocrx_word' id='word_1_402' title='bbox 881 3504 1110 3575; x_wconf 90' lang='lat' dir='ltr'><strong>vestigia</strong></span> <span class='ocrx_word' id='word_1_403' title='bbox 1146 3504 1264 3572; x_wconf 89' lang='lat' dir='ltr'><strong>ejus</strong></span> <span class='ocrx_word' id='word_1_404' title='bbox 1298 3520 1422 3576; x_wconf 74' lang='lat' dir='ltr'><strong>qua:</strong></span> <span class='ocrx_word' id='word_1_405' title='bbox 1446 3515 1533 3561; x_wconf 85' lang='lat' dir='ltr'><strong>est</strong></span> <span class='ocrx_word' id='word_1_406' title='bbox 1563 3507 1614 3559; x_wconf 92' lang='lat' dir='ltr'><strong>in</strong></span> <span class='ocrx_word' id='word_1_407' title='bbox 1649 3506 1918 3576; x_wconf 74' lang='lat' dir='ltr'><strong>praeputio</strong></span> <span class='ocrx_word' id='word_1_408' title='bbox 1947 3507 2005 3560; x_wconf 85' lang='lat' dir='ltr'><strong>ﬁ-</strong></span> 
     </span>
    </p>
   </div>
   <div class='ocr_carea' id='block_1_53' title="bbox 418 3591 2001 3666">
    <p class='ocr_par' dir='ltr' id='par_1_53' title="bbox 418 3591 2001 3666">
     <span class='ocr_line' id='line_1_53' title="bbox 418 3591 2001 3666; baseline 0.006 -23"><span class='ocrx_word' id='word_1_409' title='bbox 418 3591 506 3646; x_wconf 90' lang='lat' dir='ltr'><strong>dei</strong></span> <span class='ocrx_word' id='word_1_410' title='bbox 549 3594 720 3661; x_wconf 89' lang='lat' dir='ltr'><strong>patris</strong></span> <span class='ocrx_word' id='word_1_411' title='bbox 747 3595 916 3650; x_wconf 89' lang='lat' dir='ltr'><strong>nostri</strong></span> <span class='ocrx_word' id='word_1_412' title='bbox 952 3595 1187 3650; x_wconf 67' lang='lat' dir='ltr'><strong>Abrahae</strong></span> <span class='ocrx_word' id='word_1_413' title='bbox 1213 3596 1284 3649; x_wconf 84' lang='lat'><strong>&quot;.</strong></span> <span class='ocrx_word' id='word_1_414' title='bbox 1318 3615 1337 3648; x_wconf 70' lang='grc' dir='ltr'><strong>ι</strong></span> <span class='ocrx_word' id='word_1_415' title='bbox 1373 3597 1429 3651; x_wconf 90' lang='lat' dir='ltr'><strong>In</strong></span> <span class='ocrx_word' id='word_1_416' title='bbox 1461 3611 1570 3666; x_wconf 90' lang='lat' dir='ltr'><strong>quo</strong></span> <span class='ocrx_word' id='word_1_417' title='bbox 1595 3597 1885 3651; x_wconf 88' lang='lat' dir='ltr'><strong>evidenter</strong></span> <span class='ocrx_word' id='word_1_418' title='bbox 1934 3614 2001 3653; x_wconf 89' lang='lat' dir='ltr'><strong>ex</strong></span> 
     </span>
    </p>
   </div>
   <div class='ocr_carea' id='block_1_54' title="bbox 419 3688 2005 3759">
    <p class='ocr_par' dir='ltr' id='par_1_54' title="bbox 419 3688 2005 3759">
     <span class='ocr_line' id='line_1_54' title="bbox 419 3688 2005 3759; baseline 0.007 -24"><span class='ocrx_word' id='word_1_419' title='bbox 419 3693 655 3754; x_wconf 82' lang='lat' dir='ltr'><strong>utroque</strong></span> <span class='ocrx_word' id='word_1_420' title='bbox 679 3688 895 3756; x_wconf 90' lang='lat' dir='ltr'><strong>populo,</strong></span> <span class='ocrx_word' id='word_1_421' title='bbox 921 3688 1064 3743; x_wconf 90' lang='lat' dir='ltr'><strong>sicut</strong></span> <span class='ocrx_word' id='word_1_422' title='bbox 1098 3689 1349 3759; x_wconf 85' lang='lat' dir='ltr'><strong>superius</strong></span> <span class='ocrx_word' id='word_1_423' title='bbox 1378 3690 1646 3755; x_wconf 81' lang='lat' dir='ltr'><strong>diximus,</strong></span> <span class='ocrx_word' id='word_1_424' title='bbox 1684 3691 2005 3758; x_wconf 87' lang='lat' dir='ltr'><strong>pronuntiat</strong></span> 
     </span>
    </p>
   </div>
   <div class='ocr_carea' id='block_1_55' title="bbox 420 3779 2000 3852">
    <p class='ocr_par' dir='ltr' id='par_1_55' title="bbox 420 3779 2000 3852">
     <span class='ocr_line' id='line_1_55' title="bbox 420 3779 2000 3852; baseline 0.004 -23"><span class='ocrx_word' id='word_1_425' title='bbox 420 3790 525 3830; x_wconf 91' lang='lat' dir='ltr'><strong>non</strong></span> <span class='ocrx_word' id='word_1_426' title='bbox 556 3779 740 3832; x_wconf 87' lang='lat' dir='ltr'><strong>carnis</strong></span> <span class='ocrx_word' id='word_1_427' title='bbox 767 3780 1034 3848; x_wconf 81' lang='lat' dir='ltr'><strong>originem</strong></span> <span class='ocrx_word' id='word_1_428' title='bbox 1057 3819 1072 3844; x_wconf 92' lang='lat'><strong>,</strong></span> <span class='ocrx_word' id='word_1_429' title='bbox 1105 3787 1200 3836; x_wconf 90' lang='lat' dir='ltr'><strong>sed</strong></span> <span class='ocrx_word' id='word_1_430' title='bbox 1227 3781 1626 3836; x_wconf 90' lang='lat' dir='ltr'><strong>notabilitatem</strong></span> <span class='ocrx_word' id='word_1_431' title='bbox 1661 3782 1782 3836; x_wconf 91' lang='lat' dir='ltr'><strong>ﬁdei</strong></span> <span class='ocrx_word' id='word_1_432' title='bbox 1816 3783 2000 3852; x_wconf 89' lang='lat' dir='ltr'><strong>requi-</strong></span> 
     </span>
    </p>
   </div>
   <div class='ocr_carea' id='block_1_56' title="bbox 419 3869 2001 3931">
    <p class='ocr_par' dir='ltr' id='par_1_56' title="bbox 419 3869 2001 3931">
     <span class='ocr_line' id='line_1_56' title="bbox 419 3869 2001 3931; baseline 0.005 -10"><span class='ocrx_word' id='word_1_433' title='bbox 419 3869 666 3922; x_wconf 87' lang='lat' dir='ltr'><strong>rendam.</strong></span> <span class='ocrx_word' id='word_1_434' title='bbox 697 3869 772 3925; x_wconf 84' lang='lat' dir='ltr'><strong>De</strong></span> <span class='ocrx_word' id='word_1_435' title='bbox 796 3871 1231 3927; x_wconf 89' lang='lat' dir='ltr'><strong>circumcisionis</strong></span> <span class='ocrx_word' id='word_1_436' title='bbox 1255 3882 1437 3927; x_wconf 89' lang='lat' dir='ltr'><strong>autem</strong></span> <span class='ocrx_word' id='word_1_437' title='bbox 1462 3887 1811 3929; x_wconf 87' lang='lat' dir='ltr'><strong>sacramento</strong></span> <span class='ocrx_word' id='word_1_438' title='bbox 1835 3875 2001 3931; x_wconf 89' lang='lat' dir='ltr'><strong>latius</strong></span> 
     </span>
    </p>
   </div>
   <div class='ocr_carea' id='block_1_57' title="bbox 412 3955 2001 4034">
    <p class='ocr_par' dir='ltr' id='par_1_57' title="bbox 412 3955 2001 4034">
     <span class='ocr_line' id='line_1_57' title="bbox 412 3955 2001 4034; baseline 0.006 -24"><span class='ocrx_word' id='word_1_439' title='bbox 412 3955 527 4028; x_wconf 89' lang='lat' dir='ltr'><strong>jam</strong></span> <span class='ocrx_word' id='word_1_440' title='bbox 565 3958 616 4011; x_wconf 88' lang='lat' dir='ltr'><strong>in</strong></span> <span class='ocrx_word' id='word_1_441' title='bbox 648 3961 1027 4028; x_wconf 89' lang='lat' dir='ltr'><strong>superioribus</strong></span> <span class='ocrx_word' id='word_1_442' title='bbox 1079 3961 1338 4027; x_wconf 82' lang='lat' dir='ltr'><strong>diximus,</strong></span> <span class='ocrx_word' id='word_1_443' title='bbox 1369 3963 1465 4018; x_wconf 90' lang='lat' dir='ltr'><strong>sed</strong></span> <span class='ocrx_word' id='word_1_444' title='bbox 1499 3971 1556 4018; x_wconf 87' lang='lat' dir='ltr'><strong>et</strong></span> <span class='ocrx_word' id='word_1_445' title='bbox 1595 3963 1648 4018; x_wconf 92' lang='lat' dir='ltr'><strong>in</strong></span> <span class='ocrx_word' id='word_1_446' title='bbox 1675 3966 1797 4019; x_wconf 92' lang='lat' dir='ltr'><strong>aliis</strong></span> <span class='ocrx_word' id='word_1_447' title='bbox 1831 3966 2001 4034; x_wconf 88' lang='lat' dir='ltr'><strong>pluri-</strong></span> 
     </span>
    </p>
   </div>
   <div class='ocr_carea' id='block_1_58' title="bbox 415 4047 1998 4124">
    <p class='ocr_par' dir='ltr' id='par_1_58' title="bbox 415 4047 1998 4124">
     <span class='ocr_line' id='line_1_58' title="bbox 415 4047 1998 4124; baseline 0.006 -21"><span class='ocrx_word' id='word_1_448' title='bbox 415 4048 519 4104; x_wconf 90' lang='lat' dir='ltr'><strong>bus</strong></span> <span class='ocrx_word' id='word_1_449' title='bbox 551 4047 686 4103; x_wconf 92' lang='lat' dir='ltr'><strong>locis</strong></span> <span class='ocrx_word' id='word_1_450' title='bbox 715 4065 835 4119; x_wconf 71' lang='lat' dir='ltr'><strong>quze</strong></span> <span class='ocrx_word' id='word_1_451' title='bbox 856 4066 955 4120; x_wconf 86' lang='lat' dir='ltr'><strong>pro</strong></span> <span class='ocrx_word' id='word_1_452' title='bbox 992 4066 1051 4106; x_wconf 90' lang='lat' dir='ltr'><strong>re</strong></span> <span class='ocrx_word' id='word_1_453' title='bbox 1081 4060 1136 4105; x_wconf 91' lang='lat' dir='ltr'><strong>et</strong></span> <span class='ocrx_word' id='word_1_454' title='bbox 1165 4068 1264 4121; x_wconf 84' lang='lat' dir='ltr'><strong>pro</strong></span> <span class='ocrx_word' id='word_1_455' title='bbox 1295 4061 1538 4124; x_wconf 91' lang='lat' dir='ltr'><strong>tempore</strong></span> <span class='ocrx_word' id='word_1_456' title='bbox 1563 4069 1855 4110; x_wconf 90' lang='lat' dir='ltr'><strong>occurrere</strong></span> <span class='ocrx_word' id='word_1_457' title='bbox 1881 4057 1998 4112; x_wconf 90' lang='lat' dir='ltr'><strong>visa</strong></span> 
     </span>
    </p>
   </div>
   <div class='ocr_carea' id='block_1_59' title="bbox 415 4140 1996 4215">
    <p class='ocr_par' dir='ltr' id='par_1_59' title="bbox 415 4140 1996 4215">
     <span class='ocr_line' id='line_1_59' title="bbox 415 4140 1996 4215; baseline 0.006 -24"><span class='ocrx_word' id='word_1_458' title='bbox 415 4147 542 4193; x_wconf 82' lang='lat' dir='ltr'><strong>sunt</strong></span> <span class='ocrx_word' id='word_1_459' title='bbox 585 4141 961 4210; x_wconf 80' lang='lat' dir='ltr'><strong>exposuimus.</strong></span> <span class='ocrx_word' id='word_1_460' title='bbox 1020 4140 1127 4198; x_wconf 86' lang='lat' dir='ltr'><strong>Sed</strong></span> <span class='ocrx_word' id='word_1_461' title='bbox 1160 4142 1476 4212; x_wconf 86' lang='lat' dir='ltr'><strong>diligentem</strong></span> <span class='ocrx_word' id='word_1_462' title='bbox 1505 4145 1790 4212; x_wconf 90' lang='lat' dir='ltr'><strong>lectorem,</strong></span> <span class='ocrx_word' id='word_1_463' title='bbox 1833 4162 1996 4215; x_wconf 89' lang='lat' dir='ltr'><strong>quem</strong></span> 
     </span>
    </p>
   </div>
   <div class='ocr_carea' id='block_1_60' title="bbox 415 4230 1998 4304">
    <p class='ocr_par' dir='ltr' id='par_1_60' title="bbox 415 4230 1998 4304">
     <span class='ocr_line' id='line_1_60' title="bbox 415 4230 1998 4304; baseline 0.008 -20"><span class='ocrx_word' id='word_1_464' title='bbox 415 4230 526 4284; x_wconf 89' lang='lat' dir='ltr'><strong>iota</strong></span> <span class='ocrx_word' id='word_1_465' title='bbox 556 4247 720 4286; x_wconf 92' lang='lat' dir='ltr'><strong>unum</strong></span> <span class='ocrx_word' id='word_1_466' title='bbox 747 4241 842 4287; x_wconf 88' lang='lat' dir='ltr'><strong>aut</strong></span> <span class='ocrx_word' id='word_1_467' title='bbox 864 4248 1002 4289; x_wconf 86' lang='lat' dir='ltr'><strong>unus</strong></span> <span class='ocrx_word' id='word_1_468' title='bbox 1031 4249 1168 4304; x_wconf 86' lang='lat' dir='ltr'><strong>apex</strong></span> <span class='ocrx_word' id='word_1_469' title='bbox 1193 4236 1259 4290; x_wconf 92' lang='lat' dir='ltr'><strong>de</strong></span> <span class='ocrx_word' id='word_1_470' title='bbox 1281 4235 1397 4301; x_wconf 82' lang='lat' dir='ltr'><strong>lege</strong></span> <span class='ocrx_word' id='word_1_471' title='bbox 1426 4251 1533 4291; x_wconf 92' lang='lat' dir='ltr'><strong>non</strong></span> <span class='ocrx_word' id='word_1_472' title='bbox 1567 4239 1806 4304; x_wconf 66' lang='lat' dir='ltr'><strong>praeterit</strong></span> <span class='ocrx_word' id='word_1_473' title='bbox 1829 4241 1900 4302; x_wconf 69' lang='lat'><strong>9°,</strong></span> <span class='ocrx_word' id='word_1_474' title='bbox 1929 4255 1998 4296; x_wconf 85' lang='lat' dir='ltr'><strong>ne</strong></span> 
     </span>
    </p>
   </div>
   <div class='ocr_carea' id='block_1_61' title="bbox 415 4322 1995 4402">
    <p class='ocr_par' dir='ltr' id='par_1_61' title="bbox 415 4322 1995 4402">
     <span class='ocr_line' id='line_1_61' title="bbox 415 4322 1995 4402; baseline 0.007 -25"><span class='ocrx_word' id='word_1_475' title='bbox 415 4322 548 4378; x_wconf 91' lang='lat' dir='ltr'><strong>illud</strong></span> <span class='ocrx_word' id='word_1_476' title='bbox 572 4323 793 4393; x_wconf 90' lang='lat' dir='ltr'><strong>quidem</strong></span> <span class='ocrx_word' id='word_1_477' title='bbox 821 4324 993 4380; x_wconf 88' lang='lat' dir='ltr'><strong>latere</strong></span> <span class='ocrx_word' id='word_1_478' title='bbox 1023 4327 1218 4402; x_wconf 63' lang='lat' dir='ltr'><strong>debet,</strong></span> <span class='ocrx_word' id='word_1_479' title='bbox 1235 4330 1361 4397; x_wconf 90' lang='lat' dir='ltr'><strong>quia</strong></span> <span class='ocrx_word' id='word_1_480' title='bbox 1385 4328 1491 4383; x_wconf 90' lang='lat' dir='ltr'><strong>hoc</strong></span> <span class='ocrx_word' id='word_1_481' title='bbox 1521 4331 1667 4400; x_wconf 91' lang='lat' dir='ltr'><strong>quod</strong></span> <span class='ocrx_word' id='word_1_482' title='bbox 1696 4333 1995 4402; x_wconf 88' lang='lat' dir='ltr'><strong>Apostolus</strong></span> 
     </span>
    </p>
   </div>
   <div class='ocr_carea' id='block_1_62' title="bbox 415 4398 1996 4496">
    <p class='ocr_par' dir='ltr' id='par_1_62' title="bbox 415 4398 1996 4496">
     <span class='ocr_line' id='line_1_62' title="bbox 415 4398 1996 4496; baseline 0.007 -27"><span class='ocrx_word' id='word_1_483' title='bbox 415 4416 576 4478; x_wconf 86' lang='lat' dir='ltr'><strong>dixit,</strong></span> <span class='ocrx_word' id='word_1_484' title='bbox 616 4434 637 4467; x_wconf 74' lang='grc' dir='ltr'>ι</span> <span class='ocrx_word' id='word_1_485' title='bbox 664 4416 938 4486; x_wconf 80' lang='lat' dir='ltr'><strong>Reputata</strong></span> <span class='ocrx_word' id='word_1_486' title='bbox 984 4426 1070 4473; x_wconf 92' lang='lat' dir='ltr'><strong>est</strong></span> <span class='ocrx_word' id='word_1_487' title='bbox 1114 4398 1350 4475; x_wconf 65' lang='lat' dir='ltr'><strong>Abiahae</strong></span> <span class='ocrx_word' id='word_1_488' title='bbox 1393 4398 1696 4493; x_wconf 22' lang='lat' dir='ltr'><strong>ﬁdesﬁejus</strong></span> <span class='ocrx_word' id='word_1_489' title='bbox 1729 4398 1796 4478; x_wconf 76' lang='lat' dir='ltr'><strong>ad</strong></span> <span class='ocrx_word' id='word_1_490' title='bbox 1826 4426 1996 4496; x_wconf 88' lang='lat' dir='ltr'><strong>justi-</strong></span> 
     </span>
    </p>
   </div>
   <div class='ocr_carea' id='block_1_63' title="bbox 2118 1925 3699 2005">
    <p class='ocr_par' dir='ltr' id='par_1_63' title="bbox 2118 1925 3699 2005">
     <span class='ocr_line' id='line_1_63' title="bbox 2118 1925 3699 2005; baseline 0.005 -25"><span class='ocrx_word' id='word_1_491' title='bbox 2118 1925 2310 1980; x_wconf 87' lang='lat' dir='ltr'><strong>semini</strong></span> <span class='ocrx_word' id='word_1_492' title='bbox 2341 1925 2481 1996; x_wconf 86' lang='lat' dir='ltr'><strong>ejus,</strong></span> <span class='ocrx_word' id='word_1_493' title='bbox 2515 1937 2575 1981; x_wconf 93' lang='lat' dir='ltr'><strong>ut</strong></span> <span class='ocrx_word' id='word_1_494' title='bbox 2597 1927 2772 1984; x_wconf 67' lang='lat' dir='ltr'><strong>limes</strong></span> <span class='ocrx_word' id='word_1_495' title='bbox 2819 1939 2969 1984; x_wconf 88' lang='lat' dir='ltr'><strong>esset</strong></span> <span class='ocrx_word' id='word_1_496' title='bbox 3024 1935 3209 1987; x_wconf 89' lang='lat' dir='ltr'><strong>mundi</strong></span> <span class='ocrx_word' id='word_1_497' title='bbox 3240 1951 3253 1988; x_wconf 93' lang='lat'>:</span> <span class='ocrx_word' id='word_1_498' title='bbox 3283 1935 3376 1988; x_wconf 91' lang='lat' dir='ltr'><strong>sed</strong></span> <span class='ocrx_word' id='word_1_499' title='bbox 3402 1950 3502 2004; x_wconf 89' lang='lat' dir='ltr'><strong>per</strong></span> <span class='ocrx_word' id='word_1_500' title='bbox 3531 1935 3699 2005; x_wconf 83' lang='lat' dir='ltr'><strong>justi—</strong></span> 
     </span>
    </p>
   </div>
   <div class='ocr_carea' id='block_1_64' title="bbox 2121 2019 3699 2101">
    <p class='ocr_par' dir='ltr' id='par_1_64' title="bbox 2121 2019 3699 2101">
     <span class='ocr_line' id='line_1_64' title="bbox 2121 2019 3699 2101; baseline 0.008 -28"><span class='ocrx_word' id='word_1_501' title='bbox 2121 2020 2248 2073; x_wconf 82' lang='lat' dir='ltr'><strong>tiam</strong></span> <span class='ocrx_word' id='word_1_502' title='bbox 2305 2019 2428 2075; x_wconf 85' lang='lat' dir='ltr'><strong>ﬁdei</strong></span> <span class='ocrx_word' id='word_1_503' title='bbox 2461 2020 2502 2076; x_wconf 71' lang='grc'><strong>’⁵.</strong></span> <span class='ocrx_word' id='word_1_504' title='bbox 2544 2040 2564 2074; x_wconf 71' lang='grc' dir='ltr'><strong>ι</strong></span> <span class='ocrx_word' id='word_1_505' title='bbox 2619 2021 2731 2077; x_wconf 91' lang='lat' dir='ltr'><strong>Hoc</strong></span> <span class='ocrx_word' id='word_1_506' title='bbox 2783 2023 2838 2077; x_wconf 91' lang='lat' dir='ltr'><strong>in</strong></span> <span class='ocrx_word' id='word_1_507' title='bbox 2879 2023 3000 2080; x_wconf 92' lang='lat' dir='ltr'><strong>loco</strong></span> <span class='ocrx_word' id='word_1_508' title='bbox 3049 2026 3184 2080; x_wconf 92' lang='lat' dir='ltr'><strong>mihi</strong></span> <span class='ocrx_word' id='word_1_509' title='bbox 3223 2027 3440 2082; x_wconf 91' lang='lat' dir='ltr'><strong>videtur</strong></span> <span class='ocrx_word' id='word_1_510' title='bbox 3475 2029 3542 2082; x_wconf 90' lang='lat' dir='ltr'><strong>de</strong></span> <span class='ocrx_word' id='word_1_511' title='bbox 3577 2029 3699 2101; x_wconf 87' lang='lat' dir='ltr'><strong>lege</strong></span> 
     </span>
    </p>
   </div>
   <div class='ocr_carea' id='block_1_65' title="bbox 2117 2111 3699 2190">
    <p class='ocr_par' dir='ltr' id='par_1_65' title="bbox 2117 2111 3699 2190">
     <span class='ocr_line' id='line_1_65' title="bbox 2117 2111 3699 2190; baseline 0.007 -26"><span class='ocrx_word' id='word_1_512' title='bbox 2117 2111 2292 2182; x_wconf 76' lang='lat' dir='ltr'><strong>Moysi</strong></span> <span class='ocrx_word' id='word_1_513' title='bbox 2339 2114 2634 2183; x_wconf 85' lang='lat' dir='ltr'><strong>Apostolus</strong></span> <span class='ocrx_word' id='word_1_514' title='bbox 2663 2115 2966 2184; x_wconf 87' lang='lat' dir='ltr'><strong>disputare.</strong></span> <span class='ocrx_word' id='word_1_515' title='bbox 2997 2125 3052 2171; x_wconf 90' lang='lat' dir='ltr'><strong>et</strong></span> <span class='ocrx_word' id='word_1_516' title='bbox 3087 2132 3339 2173; x_wconf 89' lang='lat' dir='ltr'><strong>asserere</strong></span> <span class='ocrx_word' id='word_1_517' title='bbox 3374 2120 3516 2188; x_wconf 89' lang='lat' dir='ltr'><strong>quod</strong></span> <span class='ocrx_word' id='word_1_518' title='bbox 3569 2137 3699 2190; x_wconf 89' lang='lat' dir='ltr'><strong>pro-</strong></span> 
     </span>
    </p>
   </div>
   <div class='ocr_carea' id='block_1_66' title="bbox 2119 2205 3693 2274">
    <p class='ocr_par' dir='ltr' id='par_1_66' title="bbox 2119 2205 3693 2274">
     <span class='ocr_line' id='line_1_66' title="bbox 2119 2205 3693 2274; baseline 0.007 -16"><span class='ocrx_word' id='word_1_519' title='bbox 2119 2205 2307 2259; x_wconf 77' lang='lat' dir='ltr'><strong>missio</strong></span> <span class='ocrx_word' id='word_1_520' title='bbox 2334 2221 2456 2274; x_wconf 85' lang='lat' dir='ltr'><strong>quae</strong></span> <span class='ocrx_word' id='word_1_521' title='bbox 2500 2207 2644 2262; x_wconf 80' lang='lat' dir='ltr'><strong>facta</strong></span> <span class='ocrx_word' id='word_1_522' title='bbox 2691 2216 2778 2262; x_wconf 91' lang='lat' dir='ltr'><strong>est</strong></span> <span class='ocrx_word' id='word_1_523' title='bbox 2809 2209 2876 2262; x_wconf 90' lang='lat' dir='ltr'><strong>ad</strong></span> <span class='ocrx_word' id='word_1_524' title='bbox 2905 2209 3179 2264; x_wconf 85' lang='lat' dir='ltr'><strong>Abraham</strong></span> <span class='ocrx_word' id='word_1_525' title='bbox 3215 2219 3273 2264; x_wconf 90' lang='lat' dir='ltr'><strong>ut</strong></span> <span class='ocrx_word' id='word_1_526' title='bbox 3317 2211 3693 2268; x_wconf 66' lang='lat' dir='ltr'><strong>haereditatem</strong></span> 
     </span>
    </p>
   </div>
   <div class='ocr_carea' id='block_1_67' title="bbox 2117 2298 3695 2372">
    <p class='ocr_par' dir='ltr' id='par_1_67' title="bbox 2117 2298 3695 2372">
     <span class='ocr_line' id='line_1_67' title="bbox 2117 2298 3695 2372; baseline 0.006 -22"><span class='ocrx_word' id='word_1_527' title='bbox 2117 2298 2331 2362; x_wconf 89' lang='lat' dir='ltr'><strong>mundi,</strong></span> <span class='ocrx_word' id='word_1_528' title='bbox 2368 2299 2418 2354; x_wconf 89' lang='lat' dir='ltr'><strong>id</strong></span> <span class='ocrx_word' id='word_1_529' title='bbox 2450 2310 2534 2354; x_wconf 90' lang='lat' dir='ltr'><strong>est</strong></span> <span class='ocrx_word' id='word_1_530' title='bbox 2577 2311 2736 2355; x_wconf 75' lang='lat' dir='ltr'><strong>terra:</strong></span> <span class='ocrx_word' id='word_1_531' title='bbox 2765 2300 2930 2355; x_wconf 88' lang='lat' dir='ltr'><strong>totius</strong></span> <span class='ocrx_word' id='word_1_532' title='bbox 2961 2302 3234 2370; x_wconf 83' lang='lat' dir='ltr'><strong>acciperet</strong></span> <span class='ocrx_word' id='word_1_533' title='bbox 3257 2303 3372 2372; x_wconf 86' lang='lat' dir='ltr'><strong>ipse</strong></span> <span class='ocrx_word' id='word_1_534' title='bbox 3395 2307 3477 2358; x_wconf 89' lang='lat' dir='ltr'><strong>vel</strong></span> <span class='ocrx_word' id='word_1_535' title='bbox 3507 2321 3695 2360; x_wconf 88' lang='lat' dir='ltr'><strong>semen</strong></span> 
     </span>
    </p>
   </div>
   <div class='ocr_carea' id='block_1_68' title="bbox 2115 2389 3692 2466">
    <p class='ocr_par' dir='ltr' id='par_1_68' title="bbox 2115 2389 3692 2466">
     <span class='ocr_line' id='line_1_68' title="bbox 2115 2389 3692 2466; baseline 0.006 -22"><span class='ocrx_word' id='word_1_536' title='bbox 2115 2389 2257 2466; x_wconf 80' lang='lat' dir='ltr'><strong>ejus.</strong></span> <span class='ocrx_word' id='word_1_537' title='bbox 2287 2406 2392 2444; x_wconf 92' lang='lat' dir='ltr'><strong>non</strong></span> <span class='ocrx_word' id='word_1_538' title='bbox 2420 2407 2486 2448; x_wconf 88' lang='lat' dir='ltr'><strong>ex</strong></span> <span class='ocrx_word' id='word_1_539' title='bbox 2513 2392 2683 2464; x_wconf 86' lang='lat' dir='ltr'><strong>Moysi</strong></span> <span class='ocrx_word' id='word_1_540' title='bbox 2715 2393 2831 2462; x_wconf 79' lang='lat' dir='ltr'><strong>lege</strong></span> <span class='ocrx_word' id='word_1_541' title='bbox 2865 2403 3162 2450; x_wconf 90' lang='lat' dir='ltr'><strong>constaret.</strong></span> <span class='ocrx_word' id='word_1_542' title='bbox 3191 2396 3329 2450; x_wconf 90' lang='lat' dir='ltr'><strong>Ante</strong></span> <span class='ocrx_word' id='word_1_543' title='bbox 3355 2396 3499 2450; x_wconf 89' lang='lat' dir='ltr'><strong>enim</strong></span> <span class='ocrx_word' id='word_1_544' title='bbox 3527 2412 3692 2466; x_wconf 89' lang='lat' dir='ltr'><strong>quam</strong></span> 
     </span>
    </p>
   </div>
   <div class='ocr_carea' id='block_1_69' title="bbox 2115 2461 3696 2560">
    <p class='ocr_par' dir='ltr' id='par_1_69' title="bbox 2115 2461 3696 2560">
     <span class='ocr_line' id='line_1_69' title="bbox 2115 2461 3696 2560; baseline 0.006 -26"><span class='ocrx_word' id='word_1_545' title='bbox 2115 2461 2326 2553; x_wconf 50' lang='lat' dir='ltr'><strong>M‘oyses</strong></span> <span class='ocrx_word' id='word_1_546' title='bbox 2351 2461 2629 2556; x_wconf 81' lang='lat' dir='ltr'><strong>legislator</strong></span> <span class='ocrx_word' id='word_1_547' title='bbox 2661 2461 2978 2548; x_wconf 84' lang='lat' dir='ltr'><strong>exsisteret,</strong></span> <span class='ocrx_word' id='word_1_548' title='bbox 3008 2487 3158 2540; x_wconf 88' lang='lat' dir='ltr'><strong>visus</strong></span> <span class='ocrx_word' id='word_1_549' title='bbox 3183 2471 3301 2554; x_wconf 52' lang='lat' dir='ltr'><strong>est:</strong></span> <span class='ocrx_word' id='word_1_550' title='bbox 3353 2488 3547 2560; x_wconf 85' lang='lat' dir='ltr'><strong>inquit,</strong></span> <span class='ocrx_word' id='word_1_551' title='bbox 3588 2490 3696 2544; x_wconf 89' lang='lat' dir='ltr'><strong>Do-</strong></span> 
     </span>
    </p>
   </div>
   <div class='ocr_carea' id='block_1_70' title="bbox 2115 2575 3692 2649">
    <p class='ocr_par' dir='ltr' id='par_1_70' title="bbox 2115 2575 3692 2649">
     <span class='ocr_line' id='line_1_70' title="bbox 2115 2575 3692 2649; baseline 0.008 -23"><span class='ocrx_word' id='word_1_552' title='bbox 2115 2575 2293 2628; x_wconf 92' lang='lat' dir='ltr'><strong>minus</strong></span> <span class='ocrx_word' id='word_1_553' title='bbox 2329 2575 2581 2641; x_wconf 69' lang='lat' dir='ltr'><strong>Abrahae,</strong></span> <span class='ocrx_word' id='word_1_554' title='bbox 2611 2587 2666 2630; x_wconf 92' lang='lat' dir='ltr'><strong>et</strong></span> <span class='ocrx_word' id='word_1_555' title='bbox 2690 2577 2826 2632; x_wconf 90' lang='lat' dir='ltr'><strong>dixit</strong></span> <span class='ocrx_word' id='word_1_556' title='bbox 2855 2577 2923 2630; x_wconf 91' lang='lat' dir='ltr'><strong>ad</strong></span> <span class='ocrx_word' id='word_1_557' title='bbox 2950 2593 3072 2632; x_wconf 90' lang='lat' dir='ltr'><strong>eum</strong></span> <span class='ocrx_word' id='word_1_558' title='bbox 3106 2578 3254 2649; x_wconf 82' lang='lat'><strong>(59):</strong></span> <span class='ocrx_word' id='word_1_559' title='bbox 3282 2599 3300 2630; x_wconf 74' lang='grc' dir='ltr'>ι</span> <span class='ocrx_word' id='word_1_560' title='bbox 3331 2579 3428 2635; x_wconf 89' lang='lat' dir='ltr'><strong>Exi</strong></span> <span class='ocrx_word' id='word_1_561' title='bbox 3456 2583 3521 2637; x_wconf 88' lang='lat' dir='ltr'><strong>de</strong></span> <span class='ocrx_word' id='word_1_562' title='bbox 3549 2591 3692 2638; x_wconf 88' lang='lat' dir='ltr'><strong>terra</strong></span> 
     </span>
    </p>
   </div>
   <div class='ocr_carea' id='block_1_71' title="bbox 2115 2667 3693 2742">
    <p class='ocr_par' dir='ltr' id='par_1_71' title="bbox 2115 2667 3693 2742">
     <span class='ocr_line' id='line_1_71' title="bbox 2115 2667 3693 2742; baseline 0.008 -23"><span class='ocrx_word' id='word_1_563' title='bbox 2115 2673 2230 2729; x_wconf 92' lang='lat' dir='ltr'><strong>tua,</strong></span> <span class='ocrx_word' id='word_1_564' title='bbox 2263 2674 2319 2721; x_wconf 89' lang='lat' dir='ltr'><strong>et</strong></span> <span class='ocrx_word' id='word_1_565' title='bbox 2349 2667 2415 2721; x_wconf 89' lang='lat' dir='ltr'><strong>de</strong></span> <span class='ocrx_word' id='word_1_566' title='bbox 2445 2669 2768 2738; x_wconf 85' lang='lat' dir='ltr'><strong>cognatione</strong></span> <span class='ocrx_word' id='word_1_567' title='bbox 2797 2679 2908 2733; x_wconf 87' lang='lat' dir='ltr'><strong>tua,</strong></span> <span class='ocrx_word' id='word_1_568' title='bbox 2931 2678 2986 2724; x_wconf 92' lang='lat' dir='ltr'><strong>et</strong></span> <span class='ocrx_word' id='word_1_569' title='bbox 3018 2670 3086 2725; x_wconf 88' lang='lat' dir='ltr'><strong>de</strong></span> <span class='ocrx_word' id='word_1_570' title='bbox 3112 2671 3274 2726; x_wconf 90' lang='lat' dir='ltr'><strong>domo</strong></span> <span class='ocrx_word' id='word_1_571' title='bbox 3303 2674 3477 2742; x_wconf 90' lang='lat' dir='ltr'><strong>patris</strong></span> <span class='ocrx_word' id='word_1_572' title='bbox 3503 2675 3602 2740; x_wconf 88' lang='lat' dir='ltr'><strong>tui,</strong></span> <span class='ocrx_word' id='word_1_573' title='bbox 3635 2686 3693 2731; x_wconf 91' lang='lat' dir='ltr'><strong>et</strong></span> 
     </span>
    </p>
   </div>
   <div class='ocr_carea' id='block_1_72' title="bbox 2108 2760 3692 2831">
    <p class='ocr_par' dir='ltr' id='par_1_72' title="bbox 2108 2760 3692 2831">
     <span class='ocr_line' id='line_1_72' title="bbox 2108 2760 3692 2831; baseline 0.004 -16"><span class='ocrx_word' id='word_1_574' title='bbox 2108 2760 2234 2815; x_wconf 63' lang='lat' dir='ltr'><strong>veni</strong></span> <span class='ocrx_word' id='word_1_575' title='bbox 2277 2760 2330 2814; x_wconf 92' lang='lat' dir='ltr'><strong>in</strong></span> <span class='ocrx_word' id='word_1_576' title='bbox 2362 2767 2562 2816; x_wconf 88' lang='lat' dir='ltr'><strong>terram</strong></span> <span class='ocrx_word' id='word_1_577' title='bbox 2594 2777 2756 2831; x_wconf 91' lang='lat' dir='ltr'><strong>quam</strong></span> <span class='ocrx_word' id='word_1_578' title='bbox 2787 2763 3079 2819; x_wconf 88' lang='lat' dir='ltr'><strong>ostendero</strong></span> <span class='ocrx_word' id='word_1_579' title='bbox 3110 2765 3206 2818; x_wconf 84' lang='lat' dir='ltr'><strong>tibi</strong></span> <span class='ocrx_word' id='word_1_580' title='bbox 3239 2779 3256 2819; x_wconf 91' lang='lat'><strong>:</strong></span> <span class='ocrx_word' id='word_1_581' title='bbox 3304 2777 3360 2820; x_wconf 91' lang='lat' dir='ltr'><strong>et</strong></span> <span class='ocrx_word' id='word_1_582' title='bbox 3409 2766 3606 2821; x_wconf 84' lang='lat' dir='ltr'><strong>faciam</strong></span> <span class='ocrx_word' id='word_1_583' title='bbox 3640 2779 3692 2824; x_wconf 84' lang='lat' dir='ltr'><strong>te</strong></span> 
     </span>
    </p>
   </div>
   <div class='ocr_carea' id='block_1_73' title="bbox 2114 2853 3694 2931">
    <p class='ocr_par' dir='ltr' id='par_1_73' title="bbox 2114 2853 3694 2931">
     <span class='ocr_line' id='line_1_73' title="bbox 2114 2853 3694 2931; baseline 0.006 -25"><span class='ocrx_word' id='word_1_584' title='bbox 2114 2853 2165 2906; x_wconf 91' lang='lat' dir='ltr'><strong>in</strong></span> <span class='ocrx_word' id='word_1_585' title='bbox 2193 2863 2408 2922; x_wconf 90' lang='lat' dir='ltr'><strong>gentem</strong></span> <span class='ocrx_word' id='word_1_586' title='bbox 2438 2867 2712 2923; x_wconf 90' lang='lat' dir='ltr'><strong>magnam,</strong></span> <span class='ocrx_word' id='word_1_587' title='bbox 2745 2862 2801 2908; x_wconf 89' lang='lat' dir='ltr'><strong>et</strong></span> <span class='ocrx_word' id='word_1_588' title='bbox 2847 2853 3162 2910; x_wconf 88' lang='lat' dir='ltr'><strong>benedicam</strong></span> <span class='ocrx_word' id='word_1_589' title='bbox 3203 2866 3256 2911; x_wconf 90' lang='lat' dir='ltr'><strong>te</strong></span> <span class='ocrx_word' id='word_1_590' title='bbox 3281 2897 3297 2921; x_wconf 91' lang='lat'><strong>,</strong></span> <span class='ocrx_word' id='word_1_591' title='bbox 3339 2867 3396 2914; x_wconf 91' lang='lat' dir='ltr'><strong>et</strong></span> <span class='ocrx_word' id='word_1_592' title='bbox 3446 2862 3694 2931; x_wconf 85' lang='lat' dir='ltr'><strong>magniﬁ-</strong></span> 
     </span>
    </p>
   </div>
   <div class='ocr_carea' id='block_1_74' title="bbox 2112 2944 3695 3008">
    <p class='ocr_par' dir='ltr' id='par_1_74' title="bbox 2112 2944 3695 3008">
     <span class='ocr_line' id='line_1_74' title="bbox 2112 2944 3695 3008; baseline 0.004 -9"><span class='ocrx_word' id='word_1_593' title='bbox 2112 2945 2251 3000; x_wconf 89' lang='lat' dir='ltr'><strong>cabo</strong></span> <span class='ocrx_word' id='word_1_594' title='bbox 2274 2959 2470 2998; x_wconf 90' lang='lat' dir='ltr'><strong>nomen</strong></span> <span class='ocrx_word' id='word_1_595' title='bbox 2501 2953 2675 3008; x_wconf 91' lang='lat' dir='ltr'><strong>tuum,</strong></span> <span class='ocrx_word' id='word_1_596' title='bbox 2703 2953 2758 3000; x_wconf 88' lang='lat' dir='ltr'><strong>et</strong></span> <span class='ocrx_word' id='word_1_597' title='bbox 2818 2944 2929 3001; x_wconf 91' lang='lat' dir='ltr'><strong>eris</strong></span> <span class='ocrx_word' id='word_1_598' title='bbox 2984 2947 3303 3004; x_wconf 87' lang='lat' dir='ltr'><strong>benedictus</strong></span> <span class='ocrx_word' id='word_1_599' title='bbox 3337 2966 3350 3002; x_wconf 92' lang='lat'>:</span> <span class='ocrx_word' id='word_1_600' title='bbox 3381 2960 3437 3004; x_wconf 90' lang='lat' dir='ltr'><strong>et</strong></span> <span class='ocrx_word' id='word_1_601' title='bbox 3472 2952 3695 3006; x_wconf 84' lang='lat' dir='ltr'><strong>benedi-</strong></span> 
     </span>
    </p>
   </div>
   <div class='ocr_carea' id='block_1_75' title="bbox 2111 3035 3693 3100">
    <p class='ocr_par' dir='ltr' id='par_1_75' title="bbox 2111 3035 3693 3100">
     <span class='ocr_line' id='line_1_75' title="bbox 2111 3035 3693 3100; baseline 0.007 -12"><span class='ocrx_word' id='word_1_602' title='bbox 2111 3049 2230 3088; x_wconf 91' lang='lat' dir='ltr'><strong>cam</strong></span> <span class='ocrx_word' id='word_1_603' title='bbox 2265 3035 2644 3091; x_wconf 86' lang='lat' dir='ltr'><strong>benedicentcs</strong></span> <span class='ocrx_word' id='word_1_604' title='bbox 2681 3047 2754 3100; x_wconf 88' lang='lat' dir='ltr'><strong>te,</strong></span> <span class='ocrx_word' id='word_1_605' title='bbox 2818 3044 2876 3091; x_wconf 87' lang='lat' dir='ltr'><strong>et</strong></span> <span class='ocrx_word' id='word_1_606' title='bbox 2927 3036 3246 3093; x_wconf 87' lang='lat' dir='ltr'><strong>maledicam</strong></span> <span class='ocrx_word' id='word_1_607' title='bbox 3297 3041 3693 3099; x_wconf 88' lang='lat' dir='ltr'><strong>maledicentes</strong></span> 
     </span>
    </p>
   </div>
   <div class='ocr_carea' id='block_1_76' title="bbox 2113 3127 3689 3193">
    <p class='ocr_par' dir='ltr' id='par_1_76' title="bbox 2113 3127 3689 3193">
     <span class='ocr_line' id='line_1_76' title="bbox 2113 3127 3689 3193; baseline 0.009 -16"><span class='ocrx_word' id='word_1_608' title='bbox 2113 3137 2184 3193; x_wconf 88' lang='lat' dir='ltr'><strong>te,</strong></span> <span class='ocrx_word' id='word_1_609' title='bbox 2215 3135 2270 3181; x_wconf 90' lang='lat' dir='ltr'><strong>et</strong></span> <span class='ocrx_word' id='word_1_610' title='bbox 2298 3127 2694 3182; x_wconf 90' lang='lat' dir='ltr'><strong>benedicentur</strong></span> <span class='ocrx_word' id='word_1_611' title='bbox 2743 3128 2797 3183; x_wconf 92' lang='lat' dir='ltr'><strong>in</strong></span> <span class='ocrx_word' id='word_1_612' title='bbox 2856 3137 2910 3183; x_wconf 84' lang='lat' dir='ltr'><strong>te</strong></span> <span class='ocrx_word' id='word_1_613' title='bbox 2951 3145 3142 3185; x_wconf 89' lang='lat' dir='ltr'><strong>omnes</strong></span> <span class='ocrx_word' id='word_1_614' title='bbox 3186 3131 3361 3188; x_wconf 92' lang='lat' dir='ltr'><strong>tribus</strong></span> <span class='ocrx_word' id='word_1_615' title='bbox 3409 3144 3568 3191; x_wconf 74' lang='lat' dir='ltr'><strong>terra:</strong></span> <span class='ocrx_word' id='word_1_616' title='bbox 3594 3139 3637 3191; x_wconf 84' lang='grc'><strong>⁵.</strong></span> <span class='ocrx_word' id='word_1_617' title='bbox 3668 3158 3689 3190; x_wconf 74' lang='grc' dir='ltr'>ι</span> 
     </span>
    </p>
   </div>
   <div class='ocr_carea' id='block_1_77' title="bbox 2107 3213 3695 3292">
    <p class='ocr_par' dir='ltr' id='par_1_77' title="bbox 2107 3213 3695 3292">
     <span class='ocr_line' id='line_1_77' title="bbox 2107 3213 3695 3292; baseline 0.006 -18"><span class='ocrx_word' id='word_1_618' title='bbox 2107 3219 2260 3287; x_wconf 85' lang='lat' dir='ltr'><strong>Quod</strong></span> <span class='ocrx_word' id='word_1_619' title='bbox 2285 3235 2418 3292; x_wconf 91' lang='lat' dir='ltr'><strong>ergo</strong></span> <span class='ocrx_word' id='word_1_620' title='bbox 2444 3213 2614 3285; x_wconf 64' lang='lat' dir='ltr'><strong>dicit,</strong></span> <span class='ocrx_word' id='word_1_621' title='bbox 2637 3240 2656 3273; x_wconf 72' lang='grc' dir='ltr'><strong><em>ι</em></strong></span> <span class='ocrx_word' id='word_1_622' title='bbox 2697 3219 3098 3278; x_wconf 88' lang='lat' dir='ltr'><strong>Benedicentur</strong></span> <span class='ocrx_word' id='word_1_623' title='bbox 3131 3224 3182 3278; x_wconf 92' lang='lat' dir='ltr'><strong>in</strong></span> <span class='ocrx_word' id='word_1_624' title='bbox 3223 3235 3275 3279; x_wconf 90' lang='lat' dir='ltr'><strong>te</strong></span> <span class='ocrx_word' id='word_1_625' title='bbox 3292 3241 3484 3281; x_wconf 89' lang='lat' dir='ltr'><strong>omnes</strong></span> <span class='ocrx_word' id='word_1_626' title='bbox 3520 3230 3695 3286; x_wconf 87' lang='lat' dir='ltr'><strong>trilms</strong></span> 
     </span>
    </p>
   </div>
   <div class='ocr_carea' id='block_1_78' title="bbox 2110 3313 3690 3379">
    <p class='ocr_par' dir='ltr' id='par_1_78' title="bbox 2110 3313 3690 3379">
     <span class='ocr_line' id='line_1_78' title="bbox 2110 3313 3690 3379; baseline 0.006 -13"><span class='ocrx_word' id='word_1_627' title='bbox 2110 3323 2286 3379; x_wconf 66' lang='lat' dir='ltr'><strong>terrae,</strong></span> <span class='ocrx_word' id='word_1_628' title='bbox 2337 3331 2356 3366; x_wconf 74' lang='grc' dir='ltr'><strong><em>ι</em></strong></span> <span class='ocrx_word' id='word_1_629' title='bbox 2388 3313 2492 3368; x_wconf 90' lang='lat' dir='ltr'><strong>hoc</strong></span> <span class='ocrx_word' id='word_1_630' title='bbox 2513 3324 2597 3368; x_wconf 90' lang='lat' dir='ltr'><strong>est</strong></span> <span class='ocrx_word' id='word_1_631' title='bbox 2619 3315 2888 3369; x_wconf 74' lang='lat' dir='ltr'><strong>lueredem</strong></span> <span class='ocrx_word' id='word_1_632' title='bbox 2912 3313 3114 3370; x_wconf 79' lang='lat' dir='ltr'><strong>factum</strong></span> <span class='ocrx_word' id='word_1_633' title='bbox 3136 3332 3259 3372; x_wconf 87' lang='lat' dir='ltr'><strong>esse</strong></span> <span class='ocrx_word' id='word_1_634' title='bbox 3291 3319 3457 3373; x_wconf 89' lang='lat' dir='ltr'><strong>totius</strong></span> <span class='ocrx_word' id='word_1_635' title='bbox 3481 3321 3690 3376; x_wconf 92' lang='lat' dir='ltr'><strong>mundi.</strong></span> 
     </span>
    </p>
   </div>
   <div class='ocr_carea' id='block_1_79' title="bbox 2105 3405 3690 3477">
    <p class='ocr_par' dir='ltr' id='par_1_79' title="bbox 2105 3405 3690 3477">
     <span class='ocr_line' id='line_1_79' title="bbox 2105 3405 3690 3477; baseline 0.008 -21"><span class='ocrx_word' id='word_1_636' title='bbox 2105 3407 2235 3472; x_wconf 67' lang='lat' dir='ltr'><strong>Quae</strong></span> <span class='ocrx_word' id='word_1_637' title='bbox 2263 3405 2451 3475; x_wconf 89' lang='lat' dir='ltr'><strong>utique</strong></span> <span class='ocrx_word' id='word_1_638' title='bbox 2480 3406 2771 3474; x_wconf 89' lang='lat' dir='ltr'><strong>promissio</strong></span> <span class='ocrx_word' id='word_1_639' title='bbox 2804 3407 2870 3462; x_wconf 91' lang='lat' dir='ltr'><strong>ad</strong></span> <span class='ocrx_word' id='word_1_640' title='bbox 2905 3407 3183 3462; x_wconf 88' lang='lat' dir='ltr'><strong>Abraham</strong></span> <span class='ocrx_word' id='word_1_641' title='bbox 3218 3419 3380 3465; x_wconf 90' lang='lat' dir='ltr'><strong>antea</strong></span> <span class='ocrx_word' id='word_1_642' title='bbox 3415 3410 3557 3466; x_wconf 81' lang='lat' dir='ltr'><strong>facta</strong></span> <span class='ocrx_word' id='word_1_643' title='bbox 3582 3425 3690 3477; x_wconf 89' lang='lat' dir='ltr'><strong>est,</strong></span> 
     </span>
    </p>
   </div>
   <div class='ocr_carea' id='block_1_80' title="bbox 2106 3498 3687 3571">
    <p class='ocr_par' dir='ltr' id='par_1_80' title="bbox 2106 3498 3687 3571">
     <span class='ocr_line' id='line_1_80' title="bbox 2106 3498 3687 3571; baseline 0.006 -18"><span class='ocrx_word' id='word_1_644' title='bbox 2106 3515 2266 3567; x_wconf 91' lang='lat' dir='ltr'><strong>quam</strong></span> <span class='ocrx_word' id='word_1_645' title='bbox 2294 3514 2392 3570; x_wconf 89' lang='lat' dir='ltr'><strong>per</strong></span> <span class='ocrx_word' id='word_1_646' title='bbox 2425 3498 2643 3570; x_wconf 84' lang='lat' dir='ltr'><strong>Moysen</strong></span> <span class='ocrx_word' id='word_1_647' title='bbox 2673 3499 2740 3554; x_wconf 88' lang='lat' dir='ltr'><strong>de</strong></span> <span class='ocrx_word' id='word_1_648' title='bbox 2767 3500 2907 3571; x_wconf 90' lang='lat' dir='ltr'><strong>legis</strong></span> <span class='ocrx_word' id='word_1_649' title='bbox 2929 3501 3278 3558; x_wconf 88' lang='lat' dir='ltr'><strong>observantia</strong></span> <span class='ocrx_word' id='word_1_650' title='bbox 3312 3507 3687 3562; x_wconf 90' lang='lat' dir='ltr'><strong>mandaretur.</strong></span> 
     </span>
    </p>
   </div>
   <div class='ocr_carea' id='block_1_81' title="bbox 2107 3595 3690 3670">
    <p class='ocr_par' dir='ltr' id='par_1_81' title="bbox 2107 3595 3690 3670">
     <span class='ocr_line' id='line_1_81' title="bbox 2107 3595 3690 3670; baseline 0.005 -22"><span class='ocrx_word' id='word_1_651' title='bbox 2107 3595 2198 3650; x_wconf 91' lang='lat' dir='ltr'><strong>Sic</strong></span> <span class='ocrx_word' id='word_1_652' title='bbox 2231 3609 2361 3667; x_wconf 87' lang='lat' dir='ltr'><strong>ergo</strong></span> <span class='ocrx_word' id='word_1_653' title='bbox 2385 3610 2489 3651; x_wconf 91' lang='lat' dir='ltr'><strong>non</strong></span> <span class='ocrx_word' id='word_1_654' title='bbox 2519 3606 2602 3651; x_wconf 90' lang='lat' dir='ltr'><strong>est</strong></span> <span class='ocrx_word' id='word_1_655' title='bbox 2628 3611 2695 3650; x_wconf 91' lang='lat' dir='ltr'><strong>ex</strong></span> <span class='ocrx_word' id='word_1_656' title='bbox 2735 3597 2856 3667; x_wconf 87' lang='lat' dir='ltr'><strong>lege</strong></span> <span class='ocrx_word' id='word_1_657' title='bbox 2903 3599 3195 3666; x_wconf 91' lang='lat' dir='ltr'><strong>promissio</strong></span> <span class='ocrx_word' id='word_1_658' title='bbox 3228 3599 3488 3663; x_wconf 70' lang='lat' dir='ltr'><strong>Abrahae,</strong></span> <span class='ocrx_word' id='word_1_659' title='bbox 3516 3616 3690 3670; x_wconf 88' lang='lat' dir='ltr'><strong>neque</strong></span> 
     </span>
    </p>
   </div>
   <div class='ocr_carea' id='block_1_82' title="bbox 2104 3686 3688 3761">
    <p class='ocr_par' dir='ltr' id='par_1_82' title="bbox 2104 3686 3688 3761">
     <span class='ocr_line' id='line_1_82' title="bbox 2104 3686 3688 3761; baseline 0.004 -20"><span class='ocrx_word' id='word_1_660' title='bbox 2104 3686 2461 3756; x_wconf 88' lang='lat' dir='ltr'><strong>seminiejus,</strong></span> <span class='ocrx_word' id='word_1_661' title='bbox 2491 3697 2548 3741; x_wconf 92' lang='lat' dir='ltr'><strong>ut</strong></span> <span class='ocrx_word' id='word_1_662' title='bbox 2577 3688 2750 3743; x_wconf 76' lang='lat' dir='ltr'><strong>Ita-res</strong></span> <span class='ocrx_word' id='word_1_663' title='bbox 2783 3689 2855 3742; x_wconf 86' lang='lat' dir='ltr'><strong>sit</strong></span> <span class='ocrx_word' id='word_1_664' title='bbox 2884 3691 3094 3750; x_wconf 84' lang='lat' dir='ltr'><strong>mundi,</strong></span> <span class='ocrx_word' id='word_1_665' title='bbox 3127 3692 3224 3746; x_wconf 92' lang='lat' dir='ltr'><strong>sed</strong></span> <span class='ocrx_word' id='word_1_666' title='bbox 3271 3707 3368 3760; x_wconf 90' lang='lat' dir='ltr'><strong>per</strong></span> <span class='ocrx_word' id='word_1_667' title='bbox 3415 3692 3688 3761; x_wconf 84' lang='lat' dir='ltr'><strong>justitiam</strong></span> 
     </span>
    </p>
   </div>
   <div class='ocr_carea' id='block_1_83' title="bbox 2105 3779 3688 3857">
    <p class='ocr_par' dir='ltr' id='par_1_83' title="bbox 2105 3779 3688 3857">
     <span class='ocr_line' id='line_1_83' title="bbox 2105 3779 3688 3857; baseline 0.004 -21"><span class='ocrx_word' id='word_1_668' title='bbox 2105 3782 2248 3837; x_wconf 88' lang='lat' dir='ltr'><strong>ﬁdei.</strong></span> <span class='ocrx_word' id='word_1_669' title='bbox 2277 3779 2406 3847; x_wconf 67' lang='lat' dir='ltr'><strong>Quae</strong></span> <span class='ocrx_word' id='word_1_670' title='bbox 2437 3791 2521 3837; x_wconf 90' lang='lat' dir='ltr'><strong>est</strong></span> <span class='ocrx_word' id='word_1_671' title='bbox 2541 3783 2644 3837; x_wconf 91' lang='lat' dir='ltr'><strong>ista</strong></span> <span class='ocrx_word' id='word_1_672' title='bbox 2675 3781 2888 3849; x_wconf 90' lang='lat' dir='ltr'><strong>justitia</strong></span> <span class='ocrx_word' id='word_1_673' title='bbox 2922 3783 3043 3837; x_wconf 90' lang='lat' dir='ltr'><strong>ﬁdei</strong></span> <span class='ocrx_word' id='word_1_674' title='bbox 3068 3783 3093 3836; x_wconf 74' lang='grc' dir='ltr'>τ</span> <span class='ocrx_word' id='word_1_675' title='bbox 3116 3783 3191 3838; x_wconf 91' lang='lat' dir='ltr'><strong>De</strong></span> <span class='ocrx_word' id='word_1_676' title='bbox 3212 3799 3319 3854; x_wconf 91' lang='lat' dir='ltr'><strong>qua</strong></span> <span class='ocrx_word' id='word_1_677' title='bbox 3359 3785 3471 3857; x_wconf 87' lang='lat'><strong>(60)</strong></span> <span class='ocrx_word' id='word_1_678' title='bbox 3506 3788 3559 3841; x_wconf 91' lang='lat' dir='ltr'><strong>in</strong></span> <span class='ocrx_word' id='word_1_679' title='bbox 3592 3803 3688 3842; x_wconf 87' lang='lat' dir='ltr'><strong>su-</strong></span> 
     </span>
    </p>
   </div>
   <div class='ocr_carea' id='block_1_84' title="bbox 2105 3873 3688 3949">
    <p class='ocr_par' dir='ltr' id='par_1_84' title="bbox 2105 3873 3688 3949">
     <span class='ocr_line' id='line_1_84' title="bbox 2105 3873 3688 3949; baseline 0.004 -21"><span class='ocrx_word' id='word_1_680' title='bbox 2105 3874 2411 3944; x_wconf 89' lang='lat' dir='ltr'><strong>perioribus</strong></span> <span class='ocrx_word' id='word_1_681' title='bbox 2433 3873 2698 3929; x_wconf 88' lang='lat' dir='ltr'><strong>scribitur</strong></span> <span class='ocrx_word' id='word_1_682' title='bbox 2727 3873 2865 3946; x_wconf 72' lang='lat'><strong>(61),</strong></span> <span class='ocrx_word' id='word_1_683' title='bbox 2899 3882 2958 3928; x_wconf 91' lang='lat' dir='ltr'><strong>ut</strong></span> <span class='ocrx_word' id='word_1_684' title='bbox 2976 3890 3120 3946; x_wconf 60' lang='lat' dir='ltr'><strong>saepe</strong></span> <span class='ocrx_word' id='word_1_685' title='bbox 3137 3875 3250 3946; x_wconf 88' lang='lat' dir='ltr'><strong>jam</strong></span> <span class='ocrx_word' id='word_1_686' title='bbox 3278 3877 3536 3944; x_wconf 85' lang='lat' dir='ltr'><strong>diximus,</strong></span> <span class='ocrx_word' id='word_1_687' title='bbox 3561 3881 3688 3949; x_wconf 88' lang='lat' dir='ltr'><strong>quia</strong></span> 
     </span>
    </p>
   </div>
   <div class='ocr_carea' id='block_1_85' title="bbox 2108 3963 3688 4035">
    <p class='ocr_par' dir='ltr' id='par_1_85' title="bbox 2108 3963 3688 4035">
     <span class='ocr_line' id='line_1_85' title="bbox 2108 3963 3688 4035; baseline 0.007 -19"><span class='ocrx_word' id='word_1_688' title='bbox 2108 3983 2127 4016; x_wconf 84' lang='grc'><strong>‹</strong></span> <span class='ocrx_word' id='word_1_689' title='bbox 2166 3965 2396 4019; x_wconf 90' lang='lat' dir='ltr'><strong>credidit</strong></span> <span class='ocrx_word' id='word_1_690' title='bbox 2431 3963 2712 4019; x_wconf 83' lang='lat' dir='ltr'><strong>Abraham</strong></span> <span class='ocrx_word' id='word_1_691' title='bbox 2748 3966 2885 4028; x_wconf 90' lang='lat' dir='ltr'><strong>Deo,</strong></span> <span class='ocrx_word' id='word_1_692' title='bbox 2938 3974 2996 4021; x_wconf 87' lang='lat' dir='ltr'><strong>et</strong></span> <span class='ocrx_word' id='word_1_693' title='bbox 3055 3977 3366 4035; x_wconf 86' lang='lat' dir='ltr'><strong>reputatum</strong></span> <span class='ocrx_word' id='word_1_694' title='bbox 3398 3979 3484 4025; x_wconf 90' lang='lat' dir='ltr'><strong>est</strong></span> <span class='ocrx_word' id='word_1_695' title='bbox 3511 3971 3583 4024; x_wconf 93' lang='lat' dir='ltr'><strong>illi</strong></span> <span class='ocrx_word' id='word_1_696' title='bbox 3615 3973 3688 4027; x_wconf 89' lang='lat' dir='ltr'><strong>ad</strong></span> 
     </span>
    </p>
   </div>
   <div class='ocr_carea' id='block_1_86' title="bbox 2097 4055 3688 4126">
    <p class='ocr_par' dir='ltr' id='par_1_86' title="bbox 2097 4055 3688 4126">
     <span class='ocr_line' id='line_1_86' title="bbox 2097 4055 3688 4126; baseline 0.005 -17"><span class='ocrx_word' id='word_1_697' title='bbox 2097 4056 2360 4125; x_wconf 89' lang='lat' dir='ltr'><strong>justitiam</strong></span> <span class='ocrx_word' id='word_1_698' title='bbox 2394 4056 2437 4113; x_wconf 80' lang='grc'><strong>⁸⁵.</strong></span> <span class='ocrx_word' id='word_1_699' title='bbox 2472 4077 2492 4109; x_wconf 68' lang='grc' dir='ltr'><strong><em>ι</em></strong></span> <span class='ocrx_word' id='word_1_700' title='bbox 2537 4055 2650 4111; x_wconf 87' lang='lat' dir='ltr'><strong>Nec</strong></span> <span class='ocrx_word' id='word_1_701' title='bbox 2676 4056 2992 4112; x_wconf 88' lang='lat' dir='ltr'><strong>immerito:</strong></span> <span class='ocrx_word' id='word_1_702' title='bbox 3039 4058 3176 4126; x_wconf 85' lang='lat' dir='ltr'><strong>legis</strong></span> <span class='ocrx_word' id='word_1_703' title='bbox 3206 4059 3350 4113; x_wconf 90' lang='lat' dir='ltr'><strong>enim</strong></span> <span class='ocrx_word' id='word_1_704' title='bbox 3389 4062 3688 4117; x_wconf 84' lang='lat' dir='ltr'><strong>observan-</strong></span> 
     </span>
    </p>
   </div>
   <div class='ocr_carea' id='block_1_87' title="bbox 2103 4149 3682 4220">
    <p class='ocr_par' dir='ltr' id='par_1_87' title="bbox 2103 4149 3682 4220">
     <span class='ocr_line' id='line_1_87' title="bbox 2103 4149 3682 4220; baseline 0.005 -18"><span class='ocrx_word' id='word_1_705' title='bbox 2103 4150 2176 4203; x_wconf 90' lang='lat' dir='ltr'><strong>tia</strong></span> <span class='ocrx_word' id='word_1_706' title='bbox 2213 4163 2430 4218; x_wconf 74' lang='lat' dir='ltr'><strong>poenam</strong></span> <span class='ocrx_word' id='word_1_707' title='bbox 2459 4149 2832 4206; x_wconf 90' lang='lat' dir='ltr'><strong>tantummodo</strong></span> <span class='ocrx_word' id='word_1_708' title='bbox 2856 4150 3082 4220; x_wconf 80' lang='lat' dir='ltr'><strong>eﬁugit;</strong></span> <span class='ocrx_word' id='word_1_709' title='bbox 3118 4150 3239 4206; x_wconf 90' lang='lat' dir='ltr'><strong>ﬁdei</strong></span> <span class='ocrx_word' id='word_1_710' title='bbox 3271 4168 3405 4206; x_wconf 90' lang='lat' dir='ltr'><strong>vero</strong></span> <span class='ocrx_word' id='word_1_711' title='bbox 3427 4155 3682 4210; x_wconf 87' lang='lat' dir='ltr'><strong>meritum</strong></span> 
     </span>
    </p>
   </div>
   <div class='ocr_carea' id='block_1_88' title="bbox 2101 4240 3681 4316">
    <p class='ocr_par' dir='ltr' id='par_1_88' title="bbox 2101 4240 3681 4316">
     <span class='ocr_line' id='line_1_88' title="bbox 2101 4240 3681 4316; baseline 0.004 -21"><span class='ocrx_word' id='word_1_712' title='bbox 2101 4240 2214 4310; x_wconf 74' lang='grc'><strong>(62)</strong></span> <span class='ocrx_word' id='word_1_713' title='bbox 2247 4257 2395 4310; x_wconf 91' lang='lat' dir='ltr'><strong>spem</strong></span> <span class='ocrx_word' id='word_1_714' title='bbox 2429 4242 2874 4311; x_wconf 87' lang='lat' dir='ltr'><strong>repromissionis</strong></span> <span class='ocrx_word' id='word_1_715' title='bbox 2901 4253 3184 4312; x_wconf 84' lang='lat' dir='ltr'><strong>exspectat</strong></span> <span class='ocrx_word' id='word_1_716' title='bbox 3223 4262 3236 4298; x_wconf 90' lang='lat'><strong>:</strong></span> <span class='ocrx_word' id='word_1_717' title='bbox 3264 4257 3318 4299; x_wconf 90' lang='lat' dir='ltr'><strong>et</strong></span> <span class='ocrx_word' id='word_1_718' title='bbox 3343 4257 3681 4316; x_wconf 85' lang='lat' dir='ltr'><strong>praeceptum</strong></span> 
     </span>
    </p>
   </div>
   <div class='ocr_carea' id='block_1_89' title="bbox 2099 4333 3683 4404">
    <p class='ocr_par' dir='ltr' id='par_1_89' title="bbox 2099 4333 3683 4404">
     <span class='ocr_line' id='line_1_89' title="bbox 2099 4333 3683 4404; baseline 0.004 -16"><span class='ocrx_word' id='word_1_719' title='bbox 2099 4333 2274 4388; x_wconf 89' lang='lat' dir='ltr'><strong>servis</strong></span> <span class='ocrx_word' id='word_1_720' title='bbox 2301 4333 2542 4402; x_wconf 91' lang='lat' dir='ltr'><strong>ponitur,</strong></span> <span class='ocrx_word' id='word_1_721' title='bbox 2583 4333 2720 4389; x_wconf 89' lang='lat' dir='ltr'><strong>ﬁdes</strong></span> <span class='ocrx_word' id='word_1_722' title='bbox 2750 4335 3016 4404; x_wconf 68' lang='lat' dir='ltr'><strong>quaeritur</strong></span> <span class='ocrx_word' id='word_1_723' title='bbox 3049 4336 3119 4390; x_wconf 88' lang='lat' dir='ltr'><strong>ab</strong></span> <span class='ocrx_word' id='word_1_724' title='bbox 3154 4336 3367 4393; x_wconf 91' lang='lat' dir='ltr'><strong>amicis.</strong></span> <span class='ocrx_word' id='word_1_725' title='bbox 3405 4336 3512 4392; x_wconf 85' lang='lat' dir='ltr'><strong>Sed</strong></span> <span class='ocrx_word' id='word_1_726' title='bbox 3557 4348 3611 4392; x_wconf 91' lang='lat' dir='ltr'><strong>et</strong></span> <span class='ocrx_word' id='word_1_727' title='bbox 3636 4341 3683 4394; x_wconf 93' lang='lat' dir='ltr'><strong>si</strong></span> 
     </span>
    </p>
   </div>
   <div class='ocr_carea' id='block_1_90' title="bbox 2100 4427 3683 4496">
    <p class='ocr_par' dir='ltr' id='par_1_90' title="bbox 2100 4427 3683 4496">
     <span class='ocr_line' id='line_1_90' title="bbox 2100 4427 3683 4496; baseline 0.006 -17"><span class='ocrx_word' id='word_1_728' title='bbox 2100 4427 2395 4481; x_wconf 82' lang='lat' dir='ltr'><strong>secundum</strong></span> <span class='ocrx_word' id='word_1_729' title='bbox 2430 4440 2492 4480; x_wconf 89' lang='lat' dir='ltr'><strong>ea</strong></span> <span class='ocrx_word' id='word_1_730' title='bbox 2538 4441 2659 4496; x_wconf 63' lang='lat' dir='ltr'><strong>qua:</strong></span> <span class='ocrx_word' id='word_1_731' title='bbox 2691 4427 2746 4481; x_wconf 93' lang='lat' dir='ltr'><strong>in</strong></span> <span class='ocrx_word' id='word_1_732' title='bbox 2785 4427 3163 4496; x_wconf 90' lang='lat' dir='ltr'><strong>superioribus</strong></span> <span class='ocrx_word' id='word_1_733' title='bbox 3201 4430 3580 4496; x_wconf 87' lang='lat' dir='ltr'><strong>disseruimus,</strong></span> <span class='ocrx_word' id='word_1_734' title='bbox 3615 4435 3683 4488; x_wconf 87' lang='lat' dir='ltr'><strong>de</strong></span> 
     </span>
    </p>
   </div>
   <div class='ocr_carea' id='block_1_91' title="bbox 414 4509 3682 4594">
    <p class='ocr_par' dir='ltr' id='par_1_91' title="bbox 414 4509 3682 4594">
     <span class='ocr_line' id='line_1_91' title="bbox 414 4509 3682 4594; baseline 0.005 -32"><span class='ocrx_word' id='word_1_735' title='bbox 414 4509 545 4562; x_wconf 86' lang='lat' dir='ltr'><strong>tiam</strong></span> <span class='ocrx_word' id='word_1_736' title='bbox 572 4511 645 4576; x_wconf 70' lang='grc' dir='ltr'><strong>θ’,</strong></span> <span class='ocrx_word' id='word_1_737' title='bbox 682 4531 700 4561; x_wconf 76' lang='grc' dir='ltr'>ι</span> <span class='ocrx_word' id='word_1_738' title='bbox 726 4511 815 4566; x_wconf 93' lang='lat' dir='ltr'><strong>illo</strong></span> <span class='ocrx_word' id='word_1_739' title='bbox 834 4521 1082 4584; x_wconf 89' lang='lat' dir='ltr'><strong>tempore</strong></span> <span class='ocrx_word' id='word_1_740' title='bbox 1102 4528 1230 4568; x_wconf 91' lang='lat' dir='ltr'><strong>cum</strong></span> <span class='ocrx_word' id='word_1_741' title='bbox 1262 4513 1329 4567; x_wconf 84' lang='lat' dir='ltr'><strong>de</strong></span> <span class='ocrx_word' id='word_1_742' title='bbox 1353 4527 1422 4566; x_wconf 90' lang='lat' dir='ltr'><strong>eo</strong></span> <span class='ocrx_word' id='word_1_743' title='bbox 1451 4514 1715 4584; x_wconf 89' lang='lat' dir='ltr'><strong>scriptum</strong></span> <span class='ocrx_word' id='word_1_744' title='bbox 1745 4517 1992 4586; x_wconf 85' lang='lat' dir='ltr'><strong>estquod</strong></span> <span class='ocrx_word' id='word_1_745' title='bbox 2026 4540 2068 4594; x_wconf 68' lang='grc' dir='ltr'><strong>ι)</strong></span> <span class='ocrx_word' id='word_1_746' title='bbox 2099 4515 2216 4585; x_wconf 86' lang='lat' dir='ltr'><strong>lege</strong></span> <span class='ocrx_word' id='word_1_747' title='bbox 2249 4516 2480 4569; x_wconf 87' lang='lat' dir='ltr'><strong>naturali</strong></span> <span class='ocrx_word' id='word_1_748' title='bbox 2539 4515 2736 4572; x_wconf 85' lang='lat' dir='ltr'><strong>Paulus</strong></span> <span class='ocrx_word' id='word_1_749' title='bbox 2771 4517 2887 4570; x_wconf 80' lang='lat' dir='ltr'><strong>haec</strong></span> <span class='ocrx_word' id='word_1_750' title='bbox 2939 4517 3122 4572; x_wconf 90' lang='lat' dir='ltr'><strong>dicere</strong></span> <span class='ocrx_word' id='word_1_751' title='bbox 3149 4520 3516 4591; x_wconf 87' lang='lat' dir='ltr'><strong>intelligatur,</strong></span> <span class='ocrx_word' id='word_1_752' title='bbox 3571 4540 3682 4579; x_wconf 90' lang='lat' dir='ltr'><strong>non</strong></span> 
     </span>
    </p>
   </div>
   <div class='ocr_carea' id='block_1_92' title="bbox 419 4602 1988 4679">
    <p class='ocr_par' dir='ltr' id='par_1_92' title="bbox 419 4602 1988 4679">
     <span class='ocr_line' id='line_1_92' title="bbox 419 4602 1988 4679; baseline 0.006 -25"><span class='ocrx_word' id='word_1_753' title='bbox 419 4602 714 4657; x_wconf 89' lang='lat' dir='ltr'><strong>crediderit</strong></span> <span class='ocrx_word' id='word_1_754' title='bbox 750 4604 882 4669; x_wconf 90' lang='lat' dir='ltr'><strong>Deo,</strong></span> <span class='ocrx_word' id='word_1_755' title='bbox 917 4616 973 4660; x_wconf 88' lang='lat' dir='ltr'><strong>et</strong></span> <span class='ocrx_word' id='word_1_756' title='bbox 1009 4618 1318 4675; x_wconf 90' lang='lat' dir='ltr'><strong>reputatum</strong></span> <span class='ocrx_word' id='word_1_757' title='bbox 1351 4609 1424 4664; x_wconf 91' lang='lat' dir='ltr'><strong>sit</strong></span> <span class='ocrx_word' id='word_1_758' title='bbox 1454 4611 1504 4664; x_wconf 91' lang='lat' dir='ltr'><strong>ei</strong></span> <span class='ocrx_word' id='word_1_759' title='bbox 1551 4611 1618 4664; x_wconf 89' lang='lat' dir='ltr'><strong>ad</strong></span> <span class='ocrx_word' id='word_1_760' title='bbox 1647 4609 1914 4679; x_wconf 89' lang='lat' dir='ltr'><strong>justitiam</strong></span> <span class='ocrx_word' id='word_1_761' title='bbox 1945 4611 1988 4675; x_wconf 75' lang='grc' dir='ltr'><strong>ί,</strong></span> 
     </span>
    </p>
   </div>
   <div class='ocr_carea' id='block_1_93' title="bbox 416 4692 1984 4764">
    <p class='ocr_par' dir='ltr' id='par_1_93' title="bbox 416 4692 1984 4764">
     <span class='ocr_line' id='line_1_93' title="bbox 416 4692 1984 4764; baseline 0.007 -20"><span class='ocrx_word' id='word_1_762' title='bbox 416 4692 654 4746; x_wconf 91' lang='lat' dir='ltr'><strong>nondum</strong></span> <span class='ocrx_word' id='word_1_763' title='bbox 684 4695 956 4750; x_wconf 85' lang='lat' dir='ltr'><strong>Abraham</strong></span> <span class='ocrx_word' id='word_1_764' title='bbox 990 4699 1314 4764; x_wconf 88' lang='lat' dir='ltr'><strong>vocabatur,</strong></span> <span class='ocrx_word' id='word_1_765' title='bbox 1364 4701 1460 4756; x_wconf 91' lang='lat' dir='ltr'><strong>sed</strong></span> <span class='ocrx_word' id='word_1_766' title='bbox 1493 4700 1696 4755; x_wconf 89' lang='lat' dir='ltr'><strong>Abram</strong></span> <span class='ocrx_word' id='word_1_767' title='bbox 1725 4710 1846 4756; x_wconf 89' lang='lat' dir='ltr'><strong>erat</strong></span> <span class='ocrx_word' id='word_1_768' title='bbox 1892 4717 1984 4755; x_wconf 91' lang='lat' dir='ltr'><strong>no-</strong></span> 
     </span>
    </p>
   </div>
   <div class='ocr_carea' id='block_1_94' title="bbox 413 4783 1991 4859">
    <p class='ocr_par' dir='ltr' id='par_1_94' title="bbox 413 4783 1991 4859">
     <span class='ocr_line' id='line_1_94' title="bbox 413 4783 1991 4859; baseline 0.008 -23"><span class='ocrx_word' id='word_1_769' title='bbox 413 4798 536 4837; x_wconf 89' lang='lat' dir='ltr'><strong>men</strong></span> <span class='ocrx_word' id='word_1_770' title='bbox 561 4783 701 4852; x_wconf 89' lang='lat' dir='ltr'><strong>ejus.</strong></span> <span class='ocrx_word' id='word_1_771' title='bbox 734 4787 923 4842; x_wconf 91' lang='lat' dir='ltr'><strong>Adhuc</strong></span> <span class='ocrx_word' id='word_1_772' title='bbox 949 4790 1098 4842; x_wconf 91' lang='lat' dir='ltr'><strong>enim</strong></span> <span class='ocrx_word' id='word_1_773' title='bbox 1141 4791 1566 4848; x_wconf 88' lang='lat' dir='ltr'><strong>iucircumcisus</strong></span> <span class='ocrx_word' id='word_1_774' title='bbox 1601 4794 1877 4859; x_wconf 84' lang='lat' dir='ltr'><strong>manebat,</strong></span> <span class='ocrx_word' id='word_1_775' title='bbox 1931 4803 1991 4848; x_wconf 90' lang='lat' dir='ltr'><strong>ut</strong></span> 
     </span>
    </p>
   </div>
   <div class='ocr_carea' id='block_1_95' title="bbox 416 4875 1984 4954">
    <p class='ocr_par' dir='ltr' id='par_1_95' title="bbox 416 4875 1984 4954">
     <span class='ocr_line' id='line_1_95' title="bbox 416 4875 1984 4954; baseline 0.006 -27"><span class='ocrx_word' id='word_1_776' title='bbox 416 4875 802 4944; x_wconf 88' lang='lat' dir='ltr'><strong>interpretatur</strong></span> <span class='ocrx_word' id='word_1_777' title='bbox 849 4879 1142 4947; x_wconf 90' lang='lat' dir='ltr'><strong>Apostolus</strong></span> <span class='ocrx_word' id='word_1_778' title='bbox 1173 4882 1218 4935; x_wconf 88' lang='grc'><strong>¹.</strong></span> <span class='ocrx_word' id='word_1_779' title='bbox 1254 4882 1331 4938; x_wconf 87' lang='lat' dir='ltr'><strong>De</strong></span> <span class='ocrx_word' id='word_1_780' title='bbox 1375 4899 1486 4954; x_wconf 91' lang='lat' dir='ltr'><strong>quo</strong></span> <span class='ocrx_word' id='word_1_781' title='bbox 1523 4884 1795 4954; x_wconf 85' lang='lat' dir='ltr'><strong>aliquibus</strong></span> <span class='ocrx_word' id='word_1_782' title='bbox 1841 4883 1984 4940; x_wconf 79' lang='lat' dir='ltr'><strong>forte</strong></span> 
     </span>
    </p>
   </div>
   <div class='ocr_carea' id='block_1_96' title="bbox 413 4971 1985 5047">
    <p class='ocr_par' dir='ltr' id='par_1_96' title="bbox 413 4971 1985 5047">
     <span class='ocr_line' id='line_1_96' title="bbox 413 4971 1985 5047; baseline 0.008 -28"><span class='ocrx_word' id='word_1_783' title='bbox 413 4971 684 5024; x_wconf 79' lang='lat' dir='ltr'><strong>videbitur</strong></span> <span class='ocrx_word' id='word_1_784' title='bbox 707 4986 863 5024; x_wconf 89' lang='lat' dir='ltr'><strong>error</strong></span> <span class='ocrx_word' id='word_1_785' title='bbox 891 4973 942 5025; x_wconf 92' lang='lat' dir='ltr'><strong>in</strong></span> <span class='ocrx_word' id='word_1_786' title='bbox 979 4975 1386 5045; x_wconf 83' lang='lat' dir='ltr'><strong>exemplaribus</strong></span> <span class='ocrx_word' id='word_1_787' title='bbox 1416 4977 1626 5040; x_wconf 86' lang='lat' dir='ltr'><strong>haberi,</strong></span> <span class='ocrx_word' id='word_1_788' title='bbox 1651 4979 1797 5047; x_wconf 90' lang='lat' dir='ltr'><strong>quod</strong></span> <span class='ocrx_word' id='word_1_789' title='bbox 1826 4978 1985 5031; x_wconf 79' lang='lat' dir='ltr'><strong>facile</strong></span> 
     </span>
    </p>
   </div>
   <div class='ocr_carea' id='block_1_97' title="bbox 411 5060 1984 5138">
    <p class='ocr_par' dir='ltr' id='par_1_97' title="bbox 411 5060 1984 5138">
     <span class='ocr_line' id='line_1_97' title="bbox 411 5060 1984 5138; baseline 0.005 -24"><span class='ocrx_word' id='word_1_790' title='bbox 411 5061 684 5116; x_wconf 87' lang='lat' dir='ltr'><strong>Abraham</strong></span> <span class='ocrx_word' id='word_1_791' title='bbox 721 5075 818 5130; x_wconf 93' lang='lat' dir='ltr'><strong>pro</strong></span> <span class='ocrx_word' id='word_1_792' title='bbox 845 5060 1046 5116; x_wconf 89' lang='lat' dir='ltr'><strong>Abram</strong></span> <span class='ocrx_word' id='word_1_793' title='bbox 1077 5065 1242 5120; x_wconf 89' lang='lat' dir='ltr'><strong>scribi</strong></span> <span class='ocrx_word' id='word_1_794' title='bbox 1280 5068 1538 5135; x_wconf 87' lang='lat' dir='ltr'><strong>potuerit.</strong></span> <span class='ocrx_word' id='word_1_795' title='bbox 1573 5068 1678 5123; x_wconf 89' lang='lat' dir='ltr'><strong>Sed</strong></span> <span class='ocrx_word' id='word_1_796' title='bbox 1707 5068 1832 5138; x_wconf 91' lang='lat' dir='ltr'><strong>quia</strong></span> <span class='ocrx_word' id='word_1_797' title='bbox 1865 5068 1984 5122; x_wconf 74' lang='lat' dir='ltr'><strong>hzec</strong></span> 
     </span>
    </p>
   </div>
   <div class='ocr_carea' id='block_1_98' title="bbox 479 5223 1014 5290">
    <p class='ocr_par' dir='ltr' id='par_1_98' title="bbox 479 5223 1014 5290">
     <span class='ocr_line' id='line_1_98' title="bbox 479 5223 1014 5290; baseline 0.004 -13"><span class='ocrx_word' id='word_1_798' title='bbox 479 5224 526 5256; x_wconf 67' lang='grc'><strong><em>’⁵</em></strong></span> <span class='ocrx_word' id='word_1_799' title='bbox 560 5223 716 5278; x_wconf 82' lang='lat' dir='ltr'><strong>Joan.</strong></span> <span class='ocrx_word' id='word_1_800' title='bbox 770 5241 889 5290; x_wconf 87' lang='lat' dir='ltr'><strong>vm,</strong></span> <span class='ocrx_word' id='word_1_801' title='bbox 922 5227 1014 5284; x_wconf 85' lang='lat'><strong>59.</strong></span> 
     </span>
    </p>
   </div>
   <div class='ocr_carea' id='block_1_99' title="bbox 2097 4607 3680 4681">
    <p class='ocr_par' dir='ltr' id='par_1_99' title="bbox 2097 4607 3680 4681">
     <span class='ocr_line' id='line_1_99' title="bbox 2097 4607 3680 4681; baseline 0.006 -21"><span class='ocrx_word' id='word_1_802' title='bbox 2097 4607 2202 4661; x_wconf 89' lang='lat' dir='ltr'><strong>erit</strong></span> <span class='ocrx_word' id='word_1_803' title='bbox 2229 4609 2561 4662; x_wconf 88' lang='lat' dir='ltr'><strong>contrarium</strong></span> <span class='ocrx_word' id='word_1_804' title='bbox 2594 4609 2898 4664; x_wconf 89' lang='lat' dir='ltr'><strong>rationibus</strong></span> <span class='ocrx_word' id='word_1_805' title='bbox 2929 4611 3176 4680; x_wconf 88' lang='lat' dir='ltr'><strong>superius</strong></span> <span class='ocrx_word' id='word_1_806' title='bbox 3198 4613 3443 4672; x_wconf 90' lang='lat' dir='ltr'><strong>redditis.</strong></span> <span class='ocrx_word' id='word_1_807' title='bbox 3476 4616 3680 4681; x_wconf 86' lang='lat' dir='ltr'><strong>Quam-</strong></span> 
     </span>
    </p>
   </div>
   <div class='ocr_carea' id='block_1_100' title="bbox 2096 4699 3671 4762">
    <p class='ocr_par' dir='ltr' id='par_1_100' title="bbox 2096 4699 3671 4762">
     <span class='ocr_line' id='line_1_100' title="bbox 2096 4699 3671 4762; baseline 0.006 -10"><span class='ocrx_word' id='word_1_808' title='bbox 2096 4699 2181 4753; x_wconf 86' lang='lat' dir='ltr'><strong>vis</strong></span> <span class='ocrx_word' id='word_1_809' title='bbox 2209 4699 2352 4753; x_wconf 89' lang='lat' dir='ltr'><strong>enim</strong></span> <span class='ocrx_word' id='word_1_810' title='bbox 2383 4699 2470 4754; x_wconf 88' lang='lat' dir='ltr'><strong>lex</strong></span> <span class='ocrx_word' id='word_1_811' title='bbox 2521 4709 2730 4756; x_wconf 70' lang='lat' dir='ltr'><strong>naturae</strong></span> <span class='ocrx_word' id='word_1_812' title='bbox 2762 4703 2827 4756; x_wconf 90' lang='lat' dir='ltr'><strong>de</strong></span> <span class='ocrx_word' id='word_1_813' title='bbox 2860 4703 3000 4757; x_wconf 87' lang='lat' dir='ltr'><strong>bono</strong></span> <span class='ocrx_word' id='word_1_814' title='bbox 3045 4713 3102 4757; x_wconf 92' lang='lat' dir='ltr'><strong>et</strong></span> <span class='ocrx_word' id='word_1_815' title='bbox 3129 4703 3270 4756; x_wconf 88' lang='lat' dir='ltr'><strong>malo</strong></span> <span class='ocrx_word' id='word_1_816' title='bbox 3300 4706 3671 4762; x_wconf 91' lang='lat' dir='ltr'><strong>testimonium</strong></span> 
     </span>
    </p>
   </div>
   <div class='ocr_carea' id='block_1_101' title="bbox 2099 4792 3671 4871">
    <p class='ocr_par' dir='ltr' id='par_1_101' title="bbox 2099 4792 3671 4871">
     <span class='ocr_line' id='line_1_101' title="bbox 2099 4792 3671 4871; baseline 0.005 -24"><span class='ocrx_word' id='word_1_817' title='bbox 2099 4792 2290 4847; x_wconf 91' lang='lat' dir='ltr'><strong>reddat</strong></span> <span class='ocrx_word' id='word_1_818' title='bbox 2318 4794 2616 4848; x_wconf 91' lang='lat' dir='ltr'><strong>secundum</strong></span> <span class='ocrx_word' id='word_1_819' title='bbox 2645 4793 2909 4864; x_wconf 90' lang='lat' dir='ltr'><strong>judicium</strong></span> <span class='ocrx_word' id='word_1_820' title='bbox 2941 4796 3314 4862; x_wconf 66' lang='lat' dir='ltr'><strong>conscientiae,</strong></span> <span class='ocrx_word' id='word_1_821' title='bbox 3355 4810 3533 4853; x_wconf 90' lang='lat' dir='ltr'><strong>tamen</strong></span> <span class='ocrx_word' id='word_1_822' title='bbox 3567 4800 3671 4871; x_wconf 87' lang='lat' dir='ltr'><strong>legi</strong></span> 
     </span>
    </p>
   </div>
   <div class='ocr_carea' id='block_1_102' title="bbox 2098 4883 3678 4961">
    <p class='ocr_par' dir='ltr' id='par_1_102' title="bbox 2098 4883 3678 4961">
     <span class='ocr_line' id='line_1_102' title="bbox 2098 4883 3678 4961; baseline 0.006 -24"><span class='ocrx_word' id='word_1_823' title='bbox 2098 4883 2221 4939; x_wconf 91' lang='lat' dir='ltr'><strong>lidei</strong></span> <span class='ocrx_word' id='word_1_824' title='bbox 2272 4901 2378 4939; x_wconf 93' lang='lat' dir='ltr'><strong>non</strong></span> <span class='ocrx_word' id='word_1_825' title='bbox 2429 4895 2610 4955; x_wconf 87' lang='lat' dir='ltr'><strong>potest</strong></span> <span class='ocrx_word' id='word_1_826' title='bbox 2651 4889 2954 4956; x_wconf 68' lang='lat' dir='ltr'><strong>exa&#39;quari,</strong></span> <span class='ocrx_word' id='word_1_827' title='bbox 2991 4903 3096 4957; x_wconf 89' lang='lat' dir='ltr'><strong>qua</strong></span> <span class='ocrx_word' id='word_1_828' title='bbox 3151 4888 3262 4944; x_wconf 90' lang='lat' dir='ltr'><strong>Deo</strong></span> <span class='ocrx_word' id='word_1_829' title='bbox 3294 4891 3410 4961; x_wconf 78' lang='grc'><strong>(65)</strong></span> <span class='ocrx_word' id='word_1_830' title='bbox 3445 4893 3678 4948; x_wconf 87' lang='lat' dir='ltr'><strong>credidit</strong></span> 
     </span>
    </p>
   </div>
   <div class='ocr_carea' id='block_1_103' title="bbox 2088 4976 3678 5050">
    <p class='ocr_par' dir='ltr' id='par_1_103' title="bbox 2088 4976 3678 5050">
     <span class='ocr_line' id='line_1_103' title="bbox 2088 4976 3678 5050; baseline 0.007 -22"><span class='ocrx_word' id='word_1_831' title='bbox 2088 4977 2388 5039; x_wconf 74' lang='lat' dir='ltr'><strong>Abraham,</strong></span> <span class='ocrx_word' id='word_1_832' title='bbox 2416 4987 2470 5032; x_wconf 92' lang='lat' dir='ltr'><strong>et</strong></span> <span class='ocrx_word' id='word_1_833' title='bbox 2512 4976 2804 5044; x_wconf 82' lang='lat' dir='ltr'><strong>iustiﬁcari</strong></span> <span class='ocrx_word' id='word_1_834' title='bbox 2843 4980 3043 5035; x_wconf 87' lang='lat' dir='ltr'><strong>meruit</strong></span> <span class='ocrx_word' id='word_1_835' title='bbox 3099 4988 3264 5050; x_wconf 88' lang='lat' dir='ltr'><strong>atque</strong></span> <span class='ocrx_word' id='word_1_836' title='bbox 3310 4983 3521 5038; x_wconf 87' lang='lat' dir='ltr'><strong>amicus</strong></span> <span class='ocrx_word' id='word_1_837' title='bbox 3580 4983 3678 5039; x_wconf 87' lang='lat' dir='ltr'><strong>Dei</strong></span> 
     </span>
    </p>
   </div>
   <div class='ocr_carea' id='block_1_104' title="bbox 2091 5068 2414 5137">
    <p class='ocr_par' dir='ltr' id='par_1_104' title="bbox 2091 5068 2414 5137">
     <span class='ocr_line' id='line_1_104' title="bbox 2091 5068 2414 5137; baseline 0.006 -17"><span class='ocrx_word' id='word_1_838' title='bbox 2091 5068 2346 5137; x_wconf 85' lang='lat' dir='ltr'><strong>appellari</strong></span> <span class='ocrx_word' id='word_1_839' title='bbox 2372 5069 2414 5122; x_wconf 85' lang='grc'><strong>⁷.</strong></span> 
     </span>
    </p>
   </div>
   <div class='ocr_carea' id='block_1_105' title="bbox 1094 5229 3670 5296">
    <p class='ocr_par' dir='ltr' id='par_1_105' title="bbox 1094 5229 3670 5296">
     <span class='ocr_line' id='line_1_105' title="bbox 1094 5229 3670 5296; baseline 0.002 -14"><span class='ocrx_word' id='word_1_840' title='bbox 1094 5229 1140 5260; x_wconf 68' lang='grc'><strong>³⁸</strong></span> <span class='ocrx_word' id='word_1_841' title='bbox 1160 5230 1292 5284; x_wconf 87' lang='lat' dir='ltr'><strong>Dan.</strong></span> <span class='ocrx_word' id='word_1_842' title='bbox 1323 5247 1444 5294; x_wconf 86' lang='lat' dir='ltr'><strong>xm,</strong></span> <span class='ocrx_word' id='word_1_843' title='bbox 1478 5231 1566 5284; x_wconf 85' lang='lat'><strong>56.</strong></span> <span class='ocrx_word' id='word_1_844' title='bbox 1630 5233 1678 5264; x_wconf 66' lang='grc'><strong>³⁸</strong></span> <span class='ocrx_word' id='word_1_845' title='bbox 1708 5230 1906 5285; x_wconf 82' lang='lat' dir='ltr'><strong>Ezech.</strong></span> <span class='ocrx_word' id='word_1_846' title='bbox 1955 5246 2064 5292; x_wconf 79' lang='lat' dir='ltr'><strong>th,</strong></span> <span class='ocrx_word' id='word_1_847' title='bbox 2102 5231 2152 5284; x_wconf 78' lang='lat'><strong>3.</strong></span> <span class='ocrx_word' id='word_1_848' title='bbox 2233 5233 2277 5264; x_wconf 73' lang='grc'><strong>⁸⁷</strong></span> <span class='ocrx_word' id='word_1_849' title='bbox 2303 5230 2460 5286; x_wconf 83' lang='lat' dir='ltr'><strong>Rom.</strong></span> <span class='ocrx_word' id='word_1_850' title='bbox 2511 5248 2583 5294; x_wconf 89' lang='lat' dir='ltr'><strong>tv,</strong></span> <span class='ocrx_word' id='word_1_851' title='bbox 2633 5233 2828 5296; x_wconf 73' lang='lat' dir='ltr'><strong>ll,l2.</strong></span> <span class='ocrx_word' id='word_1_852' title='bbox 2895 5233 2940 5263; x_wconf 73' lang='grc'><strong>⁸⁸</strong></span> <span class='ocrx_word' id='word_1_853' title='bbox 2960 5232 3149 5287; x_wconf 76' lang='lat' dir='ltr'><strong>Matth.</strong></span> <span class='ocrx_word' id='word_1_854' title='bbox 3196 5234 3361 5290; x_wconf 77' lang='lat' dir='ltr'><strong>v.18.</strong></span> <span class='ocrx_word' id='word_1_855' title='bbox 3439 5231 3670 5286; x_wconf 78' lang='lat' dir='ltr'><strong>&quot;Rom.</strong></span> 
     </span>
    </p>
   </div>
   <div class='ocr_carea' id='block_1_106' title="bbox 406 5295 2005 5372">
    <p class='ocr_par' dir='ltr' id='par_1_106' title="bbox 406 5295 2001 5372">
     <span class='ocr_line' id='line_1_106' title="bbox 406 5295 2001 5372; baseline 0.003 -23"><span class='ocrx_word' id='word_1_856' title='bbox 406 5311 483 5372; x_wconf 68' lang='lat' dir='ltr'><strong>‘_v_,</strong></span> <span class='ocrx_word' id='word_1_857' title='bbox 509 5295 563 5350; x_wconf 90' lang='lat'><strong>9.</strong></span> <span class='ocrx_word' id='word_1_858' title='bbox 618 5296 634 5326; x_wconf 85' lang='grc'>¹</span> <span class='ocrx_word' id='word_1_859' title='bbox 668 5295 803 5372; x_wconf 69' lang='lat' dir='ltr'><strong>Gen.</strong></span> <span class='ocrx_word' id='word_1_860' title='bbox 830 5313 926 5372; x_wconf 88' lang='lat' dir='ltr'><strong>_xv_.</strong></span> <span class='ocrx_word' id='word_1_861' title='bbox 966 5301 1019 5352; x_wconf 86' lang='lat'><strong>6.</strong></span> <span class='ocrx_word' id='word_1_862' title='bbox 1095 5299 1303 5372; x_wconf 60' lang='lat' dir='ltr'><strong>&#39;ﬁom.</strong></span> <span class='ocrx_word' id='word_1_863' title='bbox 1329 5317 1403 5367; x_wconf 87' lang='lat' dir='ltr'><strong>tv,</strong></span> <span class='ocrx_word' id='word_1_864' title='bbox 1433 5302 1497 5355; x_wconf 77' lang='lat'><strong>10</strong></span> <span class='ocrx_word' id='word_1_865' title='bbox 1523 5317 1638 5372; x_wconf 90' lang='lat' dir='ltr'><strong>seq.</strong></span> <span class='ocrx_word' id='word_1_866' title='bbox 1715 5302 1736 5332; x_wconf 83' lang='grc'>³</span> <span class='ocrx_word' id='word_1_867' title='bbox 1765 5301 1904 5356; x_wconf 88' lang='lat' dir='ltr'><strong>Gen.</strong></span> <span class='ocrx_word' id='word_1_868' title='bbox 1934 5318 2001 5354; x_wconf 90' lang='lat' dir='ltr'><strong>xv</strong></span> 
     </span>
    </p>
   </div>
   <div class='ocr_carea' id='block_1_107' title="bbox 2111 5295 3672 5372">
    <p class='ocr_par' dir='ltr' id='par_1_107' title="bbox 2115 5295 3672 5372">
     <span class='ocr_line' id='line_1_107' title="bbox 2115 5295 3672 5372; baseline -0.001 -15"><span class='ocrx_word' id='word_1_869' title='bbox 2115 5339 2131 5357; x_wconf 93' lang='lat'><strong>.</strong></span> <span class='ocrx_word' id='word_1_870' title='bbox 2209 5302 2229 5332; x_wconf 73' lang='grc'>⁸</span> <span class='ocrx_word' id='word_1_871' title='bbox 2257 5303 2414 5356; x_wconf 76' lang='lat' dir='ltr'><strong>llont.</strong></span> <span class='ocrx_word' id='word_1_872' title='bbox 2441 5321 2514 5370; x_wconf 84' lang='lat' dir='ltr'><strong>tv,</strong></span> <span class='ocrx_word' id='word_1_873' title='bbox 2551 5303 2636 5357; x_wconf 80' lang='grc'><strong>15.</strong></span> <span class='ocrx_word' id='word_1_874' title='bbox 2707 5295 2731 5335; x_wconf 69' lang='grc'>⁸</span> <span class='ocrx_word' id='word_1_875' title='bbox 2760 5304 3196 5372; x_wconf 79' lang='lat' dir='ltr'><strong>Gen.xt|,l,seq.</strong></span> <span class='ocrx_word' id='word_1_876' title='bbox 3233 5303 3253 5334; x_wconf 78' lang='grc'><strong><em>⁹</em></strong></span> <span class='ocrx_word' id='word_1_877' title='bbox 3281 5305 3438 5359; x_wconf 73' lang='grc' dir='ltr'><strong>Ιὶυιυ.</strong></span> <span class='ocrx_word' id='word_1_878' title='bbox 3479 5319 3556 5366; x_wconf 85' lang='grc' dir='ltr'><strong>ιν,</strong></span> <span class='ocrx_word' id='word_1_879' title='bbox 3599 5303 3672 5370; x_wconf 78' lang='lat'><strong>5;</strong></span> 
     </span>
    </p>
   </div>
   <div class='ocr_carea' id='block_1_108' title="bbox 406 5365 1210 5434">
    <p class='ocr_par' dir='ltr' id='par_1_108' title="bbox 406 5365 1210 5434">
     <span class='ocr_line' id='line_1_108' title="bbox 406 5365 1210 5434; baseline 0.005 -15"><span class='ocrx_word' id='word_1_880' title='bbox 406 5365 544 5422; x_wconf 57' lang='grc' dir='ltr'><strong>(ἤδη.</strong></span> <span class='ocrx_word' id='word_1_881' title='bbox 568 5381 660 5430; x_wconf 81' lang='lat' dir='ltr'><strong>xv,</strong></span> <span class='ocrx_word' id='word_1_882' title='bbox 697 5368 750 5420; x_wconf 81' lang='lat'><strong>6.</strong></span> <span class='ocrx_word' id='word_1_883' title='bbox 829 5369 849 5399; x_wconf 71' lang='grc' dir='ltr'><strong><em>τ</em></strong></span> <span class='ocrx_word' id='word_1_884' title='bbox 885 5367 1001 5423; x_wconf 82' lang='lat' dir='ltr'><strong>Jac.</strong></span> <span class='ocrx_word' id='word_1_885' title='bbox 1028 5386 1092 5434; x_wconf 87' lang='lat' dir='ltr'><strong>ll,</strong></span> <span class='ocrx_word' id='word_1_886' title='bbox 1118 5370 1210 5423; x_wconf 77' lang='lat'><strong>25.</strong></span> 
     </span>
    </p>
   </div>
   <div class='ocr_carea' id='block_1_109' title="bbox 477 5506 1281 5576">
    <p class='ocr_par' dir='ltr' id='par_1_109' title="bbox 477 5506 1281 5576">
     <span class='ocr_line' id='line_1_109' title="bbox 477 5506 1281 5576; baseline 0.005 -16"><span class='ocrx_word' id='word_1_887' title='bbox 477 5506 590 5573; x_wconf 82' lang='lat'><strong>(57)</strong></span> <span class='ocrx_word' id='word_1_888' title='bbox 619 5507 791 5574; x_wconf 86' lang='lat' dir='ltr'><strong>Alias,</strong></span> <span class='ocrx_word' id='word_1_889' title='bbox 826 5527 845 5560; x_wconf 85' lang='grc'><strong><em>‹</em></strong></span> <span class='ocrx_word' id='word_1_890' title='bbox 868 5509 1221 5576; x_wconf 89' lang='lat' dir='ltr'><strong>justiﬁcatns.</strong></span> <span class='ocrx_word' id='word_1_891' title='bbox 1262 5532 1281 5564; x_wconf 74' lang='grc' dir='ltr'><strong><em>ι</em></strong></span> 
     </span>
    </p>
   </div>
   <div class='ocr_carea' id='block_1_110' title="bbox 473 5577 1197 5650">
    <p class='ocr_par' dir='ltr' id='par_1_110' title="bbox 473 5577 1197 5650">
     <span class='ocr_line' id='line_1_110' title="bbox 473 5577 1197 5650; baseline 0.01 -22"><span class='ocrx_word' id='word_1_892' title='bbox 473 5577 586 5650; x_wconf 62' lang='lat'><strong>(58)</strong></span> <span class='ocrx_word' id='word_1_893' title='bbox 620 5579 792 5650; x_wconf 67' lang='lat' dir='ltr'><strong>Alias,</strong></span> <span class='ocrx_word' id='word_1_894' title='bbox 830 5597 850 5630; x_wconf 82' lang='grc'>‹</span> <span class='ocrx_word' id='word_1_895' title='bbox 889 5584 1136 5650; x_wconf 85' lang='lat' dir='ltr'><strong>probare.</strong></span> <span class='ocrx_word' id='word_1_896' title='bbox 1177 5602 1197 5635; x_wconf 71' lang='grc' dir='ltr'><strong>ι</strong></span> 
     </span>
    </p>
   </div>
   <div class='ocr_carea' id='block_1_111' title="bbox 478 5647 1982 5724">
    <p class='ocr_par' dir='ltr' id='par_1_111' title="bbox 478 5647 1982 5724">
     <span class='ocr_line' id='line_1_111' title="bbox 478 5647 1982 5724; baseline 0.004 -22"><span class='ocrx_word' id='word_1_897' title='bbox 478 5647 718 5724; x_wconf 71' lang='lat' dir='ltr'><strong>(59)_Ms.</strong></span> <span class='ocrx_word' id='word_1_898' title='bbox 751 5647 913 5724; x_wconf 69' lang='lat' dir='ltr'><strong>unus,</strong></span> <span class='ocrx_word' id='word_1_899' title='bbox 950 5669 968 5701; x_wconf 73' lang='grc' dir='ltr'>ι</span> <span class='ocrx_word' id='word_1_900' title='bbox 1013 5651 1225 5715; x_wconf 90' lang='lat' dir='ltr'><strong>videns,</strong></span> <span class='ocrx_word' id='word_1_901' title='bbox 1259 5653 1455 5724; x_wconf 90' lang='lat' dir='ltr'><strong>inquit,</strong></span> <span class='ocrx_word' id='word_1_902' title='bbox 1492 5655 1752 5711; x_wconf 86' lang='lat' dir='ltr'><strong>Dominus</strong></span> <span class='ocrx_word' id='word_1_903' title='bbox 1806 5656 1982 5710; x_wconf 85' lang='lat' dir='ltr'><strong>Abra-</strong></span> 
     </span>
    </p>
   </div>
   <div class='ocr_carea' id='block_1_112' title="bbox 405 5715 1179 5784">
    <p class='ocr_par' dir='ltr' id='par_1_112' title="bbox 405 5715 1179 5784">
     <span class='ocr_line' id='line_1_112' title="bbox 405 5715 1179 5784; baseline 0.008 -14"><span class='ocrx_word' id='word_1_904' title='bbox 405 5715 552 5778; x_wconf 82' lang='lat' dir='ltr'><strong>ham,</strong></span> <span class='ocrx_word' id='word_1_905' title='bbox 572 5715 720 5772; x_wconf 51' lang='lat' dir='ltr'><strong>&#39;dixit</strong></span> <span class='ocrx_word' id='word_1_906' title='bbox 747 5723 813 5772; x_wconf 81' lang='lat' dir='ltr'><strong>ad</strong></span> <span class='ocrx_word' id='word_1_907' title='bbox 847 5735 992 5784; x_wconf 88' lang='lat' dir='ltr'><strong>eum,</strong></span> <span class='ocrx_word' id='word_1_908' title='bbox 1028 5740 1047 5773; x_wconf 72' lang='grc' dir='ltr'><strong><em>ι</em></strong></span> <span class='ocrx_word' id='word_1_909' title='bbox 1074 5731 1179 5776; x_wconf 85' lang='lat' dir='ltr'><strong>etc.</strong></span> 
     </span>
    </p>
   </div>
   <div class='ocr_carea' id='block_1_113' title="bbox 476 5787 1973 5866">
    <p class='ocr_par' dir='ltr' id='par_1_113' title="bbox 476 5787 1973 5866">
     <span class='ocr_line' id='line_1_113' title="bbox 476 5787 1973 5866; baseline 0.004 -25"><span class='ocrx_word' id='word_1_910' title='bbox 476 5787 588 5858; x_wconf 85' lang='lat'><strong>(60)</strong></span> <span class='ocrx_word' id='word_1_911' title='bbox 620 5789 759 5843; x_wconf 88' lang='lat' dir='ltr'><strong>Editi</strong></span> <span class='ocrx_word' id='word_1_912' title='bbox 785 5808 799 5842; x_wconf 87' lang='lat'><strong>:</strong></span> <span class='ocrx_word' id='word_1_913' title='bbox 830 5808 848 5840; x_wconf 73' lang='grc' dir='ltr'>ι</span> <span class='ocrx_word' id='word_1_914' title='bbox 886 5790 951 5843; x_wconf 83' lang='lat' dir='ltr'><strong>Et</strong></span> <span class='ocrx_word' id='word_1_915' title='bbox 987 5800 1071 5844; x_wconf 84' lang='lat' dir='ltr'><strong>est</strong></span> <span class='ocrx_word' id='word_1_916' title='bbox 1106 5795 1203 5846; x_wconf 86' lang='lat' dir='ltr'><strong>ista</strong></span> <span class='ocrx_word' id='word_1_917' title='bbox 1256 5793 1469 5861; x_wconf 77' lang='lat' dir='ltr'><strong>justitia</strong></span> <span class='ocrx_word' id='word_1_918' title='bbox 1503 5796 1666 5864; x_wconf 87' lang='lat' dir='ltr'><strong>ﬁdei,</strong></span> <span class='ocrx_word' id='word_1_919' title='bbox 1695 5797 1762 5853; x_wconf 85' lang='lat' dir='ltr'><strong>de</strong></span> <span class='ocrx_word' id='word_1_920' title='bbox 1787 5813 1916 5866; x_wconf 85' lang='lat' dir='ltr'><strong>qua,</strong></span> <span class='ocrx_word' id='word_1_921' title='bbox 1953 5814 1973 5847; x_wconf 75' lang='grc' dir='ltr'><strong><em>ι</em></strong></span> 
     </span>
    </p>
   </div>
   <div class='ocr_carea' id='block_1_114' title="bbox 720 5880 1382 5948">
    <p class='ocr_par' dir='ltr' id='par_1_114' title="bbox 720 5880 1382 5948">
     <span class='ocr_line' id='line_1_114' title="bbox 720 5880 1382 5948; baseline 0.015 -10"><span class='ocrx_word' id='word_1_922' title='bbox 720 5880 994 5944; x_wconf 65' lang='lat' dir='ltr'><strong>Parnm.</strong></span> <span class='ocrx_word' id='word_1_923' title='bbox 1043 5882 1160 5946; x_wconf 83' lang='lat' dir='ltr'><strong>Gn.</strong></span> <span class='ocrx_word' id='word_1_924' title='bbox 1208 5885 1382 5948; x_wconf 83' lang='lat' dir='ltr'><strong>XIV.</strong></span> 
     </span>
    </p>
   </div>
   <div class='ocr_carea' id='block_1_115' title="bbox 2091 5522 2787 5650">
    <p class='ocr_par' dir='ltr' id='par_1_115' title="bbox 2091 5522 2787 5650">
     <span class='ocr_line' id='line_1_115' title="bbox 2091 5522 2787 5650; baseline -0.007 -17"><span class='ocrx_word' id='word_1_925' title='bbox 2091 5522 2278 5650; x_wconf 59' lang='lat' dir='ltr'><strong>medii)</strong></span> <span class='ocrx_word' id='word_1_926' title='bbox 2305 5580 2474 5641; x_wconf 85' lang='lat' dir='ltr'><strong>Alias,</strong></span> <span class='ocrx_word' id='word_1_927' title='bbox 2511 5596 2532 5627; x_wconf 84' lang='grc'><strong><em>‹</em></strong></span> <span class='ocrx_word' id='word_1_928' title='bbox 2570 5578 2724 5632; x_wconf 87' lang='lat' dir='ltr'><strong>dixit.</strong></span> <span class='ocrx_word' id='word_1_929' title='bbox 2767 5595 2787 5628; x_wconf 72' lang='grc' dir='ltr'><strong>ι</strong></span> 
     </span>
    </p>
   </div>
   <div class='ocr_carea' id='block_1_116' title="bbox 2187 5650 2886 5720">
    <p class='ocr_par' dir='ltr' id='par_1_116' title="bbox 2187 5650 2886 5720">
     <span class='ocr_line' id='line_1_116' title="bbox 2187 5650 2886 5720; baseline -0.007 -18"><span class='ocrx_word' id='word_1_930' title='bbox 2187 5651 2276 5720; x_wconf 72' lang='grc'><strong>62)</strong></span> <span class='ocrx_word' id='word_1_931' title='bbox 2308 5650 2474 5711; x_wconf 88' lang='lat' dir='ltr'><strong>Alias,</strong></span> <span class='ocrx_word' id='word_1_932' title='bbox 2506 5668 2524 5699; x_wconf 74' lang='grc' dir='ltr'>ι</span> <span class='ocrx_word' id='word_1_933' title='bbox 2558 5650 2826 5720; x_wconf 67' lang='lat' dir='ltr'><strong>meritam.</strong></span> <span class='ocrx_word' id='word_1_934' title='bbox 2869 5666 2886 5698; x_wconf 75' lang='grc' dir='ltr'><strong><em>ι</em></strong></span> 
     </span>
    </p>
   </div>
   <div class='ocr_carea' id='block_1_117' title="bbox 2161 5656 3366 5793">
    <p class='ocr_par' dir='ltr' id='par_1_117' title="bbox 2161 5656 3366 5793">
     <span class='ocr_line' id='line_1_117' title="bbox 2187 5656 2886 5720; baseline -0.006 -18"><span class='ocrx_word' id='word_1_935' title='bbox 2187 5656 2276 5720; x_wconf 78' lang='lat'><strong>6‘2)</strong></span> <span class='ocrx_word' id='word_1_936' title='bbox 2308 5656 2474 5711; x_wconf 84' lang='lat' dir='ltr'><strong>Alias,</strong></span> <span class='ocrx_word' id='word_1_937' title='bbox 2506 5668 2524 5699; x_wconf 74' lang='grc' dir='ltr'>ι</span> <span class='ocrx_word' id='word_1_938' title='bbox 2558 5656 2824 5700; x_wconf 87' lang='lat' dir='ltr'><strong>meritam.</strong></span> <span class='ocrx_word' id='word_1_939' title='bbox 2869 5666 2886 5698; x_wconf 75' lang='grc' dir='ltr'><strong><em>ι</em></strong></span> 
     </span>
     <span class='ocr_line' id='line_1_118' title="bbox 2161 5656 3366 5793; baseline 0.001 -19"><span class='ocrx_word' id='word_1_940' title='bbox 2161 5656 2277 5793; x_wconf 52' lang='grc' dir='ltr'><strong>ἱϋὸ)</strong></span> <span class='ocrx_word' id='word_1_941' title='bbox 2301 5722 2472 5783; x_wconf 85' lang='lat' dir='ltr'><strong>Alias,</strong></span> <span class='ocrx_word' id='word_1_942' title='bbox 2505 5738 2524 5772; x_wconf 72' lang='grc' dir='ltr'>ι</span> <span class='ocrx_word' id='word_1_943' title='bbox 2556 5718 2853 5790; x_wconf 56' lang='lat' dir='ltr'><strong>adaquari,</strong></span> <span class='ocrx_word' id='word_1_944' title='bbox 2881 5719 3010 5788; x_wconf 87' lang='lat' dir='ltr'><strong>quia</strong></span> <span class='ocrx_word' id='word_1_945' title='bbox 3046 5719 3174 5783; x_wconf 87' lang='lat' dir='ltr'><strong>Deo,</strong></span> <span class='ocrx_word' id='word_1_946' title='bbox 3213 5738 3232 5770; x_wconf 73' lang='grc' dir='ltr'><strong><em>ι</em></strong></span> <span class='ocrx_word' id='word_1_947' title='bbox 3257 5729 3366 5774; x_wconf 70' lang='lat' dir='ltr'><strong>etv.</strong></span> 
     </span>
    </p>
   </div>
   <div class='ocr_carea' id='block_1_118' title="bbox 3267 5880 3347 5943">
    <p class='ocr_par' dir='ltr' id='par_1_118' title="bbox 3267 5880 3347 5943">
     <span class='ocr_line' id='line_1_119' title="bbox 3267 5880 3347 5943; baseline 0.013 -1"><span class='ocrx_word' id='word_1_948' title='bbox 3267 5880 3347 5943; x_wconf 82' lang='lat'><strong>31</strong></span> 
     </span>
    </p>
   </div>
  </div>
