4170 6412
453 328 558 385 επ

1943 318 2264 377 ORIGENIS

3606 322 3716 378 972

528 452 584 504 4.
617 467 637 501 ι
677 447 735 504 Si
765 446 910 502 enim
938 443 1028 515 qni
1069 455 1135 496 ex
1167 440 1303 512 lege,
1349 441 1404 496 hi
1443 439 1557 512 (64)
1596 439 1840 495 hzcredcs
1870 451 2036 508 sunt,
2067 447 2112 502 Α
2143 442 2218 495 tio
2247 439 2407 511 527
2456 439 2583 493 erit.
2619 457 2637 491 ι
2688 437 3052 507 Requiramus
3079 452 3211 508 ergo
3244 438 3315 494 ab
3340 437 3423 495 eis
3468 456 3486 494 :
3520 437 3578 494 Si
3619 442 3711 496 ubi

458 541 737 597 exinanita
769 549 855 593 est
880 539 1036 604 ﬁdes,
1067 549 1122 593 et
1152 544 1415 592 evacuata
1453 533 1565 606 (65)
1601 542 1688 588 est
1722 533 2032 604 promissio.

461 638 572 691 Lex
611 635 756 689 enim
801 633 938 686 iram
969 639 1253 700 operatur.
1284 628 1384 684 Ubi
1417 639 1598 682 autem
1632 641 1736 680 non
1787 634 1870 680 est
1901 625 1982 679 lex
2015 664 2032 691 ,

463 743 562 782 nec
593 724 971 796 praevaricatio
997 721 1042 774 ⁸.
1082 740 1102 773 ι
1130 720 1215 783 Si,
1267 720 1485 788 inquit,
1519 733 1627 772 non
1661 732 1730 771 ex
1757 715 1877 786 lege
1909 731 2038 787 pro-

459 821 648 876 missio
680 819 803 872 data
837 826 922 870 est
959 815 1195 869 Abrahae
1221 823 1284 868 ut
1313 815 1487 867 haeres
1519 819 1663 866 esset
1693 811 1902 876 mundi,
1936 809 2029 864 sed

459 929 557 982 per
587 911 747 964 ﬁdem
789 924 908 978 quae
936 908 986 962 ei
1028 907 1093 960 ad
1115 906 1393 974 justitiam
1429 914 1677 974 reputata
1702 914 1806 970 est,
1838 919 2032 958 conse-

457 1019 634 1075 quens
660 1003 778 1056 sine
801 1001 964 1054 dubio
993 999 1118 1062 erit,
1163 1007 1222 1051 ut
1263 1005 1318 1052 et
1343 1012 1533 1051 omnes
1562 996 1654 1066 qui
1683 1005 1903 1065 sperant
1927 996 2028 1050 sibi

460 1109 490 1146 a
529 1093 638 1146 Deo
663 1090 930 1161 justitiam
967 1087 1321 1155 reputandam
1353 1131 1368 1152 ,
1408 1103 1512 1141 non
1560 1102 1656 1156 per
1710 1087 1905 1156 legem,
1939 1086 2033 1141 sed

457 1199 560 1254 per
592 1184 751 1237 ﬁdem
787 1189 1029 1250 sperent.
1052 1179 1117 1232 Et
1142 1188 1202 1232 ut
1231 1180 1333 1232 hoc
1361 1179 1667 1233 evidentius
1693 1179 2032 1242 ostenderet,

459 1275 666 1330 addidit
705 1295 716 1327 :
750 1272 830 1337 Si,
866 1270 1063 1340 inquit,
1091 1271 1144 1324 hi
1181 1271 1273 1339 qui
1301 1285 1368 1325 ex
1402 1270 1518 1340 lege
1545 1280 1692 1334 sunt,
1720 1269 1818 1338 ipsi
1861 1270 2037 1323 haere-

460 1368 557 1422 des
595 1375 756 1420 erunt
781 1362 1223 1432 repromissionis
1258 1361 1404 1415 illius
1429 1377 1590 1431 quam
1616 1376 1713 1430 per
1743 1360 1902 1414 ﬁdem
1923 1374 2038 1412 me-

459 1459 570 1513 ruit
598 1456 896 1520 Abraham,
921 1456 1278 1510 evacuabitur
1315 1455 1446 1510 illud
1472 1455 1618 1524 quod
1647 1469 1716 1508 ex
1746 1454 1850 1508 ﬁde
1873 1453 2036 1522 justi-

462 1549 653 1600 ﬁcatus
678 1555 761 1600 est
787 1547 1062 1599 Abraham
1090 1562 1106 1599 :
1148 1560 1270 1598 cum
1319 1545 1506 1613 utique
1531 1544 1579 1598 si
1602 1559 1668 1599 ex
1708 1542 1829 1614 lege
1851 1543 2035 1597 futura

457 1648 606 1694 esset
628 1640 932 1702 haereditas,
957 1638 1263 1707 oportuerit
1294 1644 1348 1691 et
1375 1637 1647 1691 Abraham
1677 1637 1852 1707 legem
1884 1637 2039 1707 prius

458 1730 708 1799 implere,
752 1739 807 1784 et
843 1731 919 1783 ita
955 1730 1329 1784 haereditatem
1357 1729 1586 1798 justitia:
1610 1729 1934 1798 promereri.
1972 1729 2038 1782 Et

461 1833 523 1878 ut
551 1823 802 1878 ostendat
831 1823 977 1877 nullo
1006 1823 1166 1877 modo
1195 1823 1298 1876 hoc
1332 1822 1408 1876 ita
1455 1821 1568 1876 ﬁeri
1604 1822 1868 1891 potuisse,
1904 1821 2036 1875 dicit

461 1915 606 1984 quod
631 1914 714 1968 lex
751 1915 889 1968 iram
921 1924 1200 1984 operatur.
1247 1911 1352 1968 Ubi
1407 1923 1587 1967 autem
1623 1914 1704 1968 ira
1728 1922 1832 1977 est,
1864 1914 2038 1967 haere-

463 2007 608 2062 ditas
634 2022 742 2061 non
775 2017 893 2072 est;
917 2015 971 2060 et
999 2007 1246 2060 addidit:
1280 2023 1300 2056 ‹
1331 2004 1437 2061 Ubi
1466 2015 1645 2060 autem
1681 2021 1784 2060 non
1809 2015 1892 2061 est
1925 2004 2035 2071 lex,

463 2113 565 2154 nec
594 2098 996 2168 praevaricatio.
1031 2118 1054 2150 ν
1089 2095 1196 2153 Sed
1229 2106 1548 2168 repetamus
1582 2098 1861 2168 paululum
1898 2097 2032 2170 (66),

458 2197 515 2243 ει
547 2189 825 2244 videamus
849 2191 914 2244 de
947 2205 1056 2259 qua
1080 2189 1198 2260 lege
1227 2191 1328 2246 ista
1371 2191 1650 2244 dicantur.
1697 2191 1755 2245 ln
1792 2193 2038 2262 superio-

460 2279 612 2333 ribus
645 2279 862 2347 quidem
911 2280 1002 2333 ubi
1051 2279 1206 2344 dicit,
1239 2297 1259 2330 ο
1301 2277 1358 2332 Si
1399 2279 1544 2334 enim
1597 2281 1686 2348 qui
1709 2295 1776 2335 ex
1810 2281 1950 2350 lege,
1983 2283 2035 2336 bi

461 2371 706 2426 hairedes
737 2381 885 2434 sunt,
919 2371 1201 2426 exinanita
1257 2379 1340 2424 est
1391 2371 1550 2436 ﬁdes,
1577 2381 1632 2426 et
1655 2383 1918 2427 evacuata
1951 2383 2040 2428 est

459 2462 776 2532 promissio,
814 2483 833 2514 ›
865 2472 1042 2534 petest
1079 2472 1137 2518 et
1167 2463 1233 2516 ad
1269 2463 1440 2532 Moysi
1477 2463 1673 2533 legem,
1707 2475 1763 2520 et
1785 2467 1852 2519 ad
1882 2475 2040 2519 uatu-

465 2554 632 2608 ralem
661 2554 877 2610 referri.
929 2553 1152 2608 Certum
1205 2563 1292 2609 est
1340 2555 1486 2608 enim
1541 2553 1682 2624 quod
1731 2554 1776 2608 si
1829 2571 1896 2610 ex
1924 2555 2042 2625 lege

463 2646 633 2718 Moysi
653 2656 943 2718 prmslatur
961 2646 1272 2711 haereditas,
1295 2658 1595 2701 evacuatur
1615 2648 1728 2719 (67)
1749 2647 1876 2701 illud
1897 2648 2039 2715 quod

463 2741 748 2807 scribitur,
777 2741 1053 2795 Abraham
1085 2738 1209 2792 ﬁdei
1246 2738 1570 2795 credulitate
1601 2741 1868 2794 meruisse
1891 2740 2038 2808 (68):

461 2843 520 2888 et
544 2848 756 2888 rursum
798 2832 844 2886 si
878 2834 947 2887 ad
993 2832 1300 2887 naturalem
1350 2831 1522 2900 legem
1556 2842 1916 2886 convertatur
1955 2832 2041 2884 in-

463 2924 784 2994 telligentia,
816 2927 930 2978 haec
958 2923 1063 2979 dici
1097 2933 1327 2994 possunt
1381 2922 1534 2995 (69):
1564 2923 1623 2978 Si
1663 2925 1909 2979 sufﬁcere
1950 2939 2043 2992 po-

463 3016 658 3071 tuisset
685 3015 771 3068 lex
817 3015 1079 3069 naturalis
1107 3014 1174 3068 ad
1219 3013 1381 3069 ﬁdem
1412 3056 1428 3081 ,
1467 3014 1801 3084 superllumn
1830 3015 2043 3068 videre-

465 3116 555 3160 tur
574 3108 717 3176 quod
764 3107 965 3160 dictqu
991 3115 1074 3160 est
1117 3108 1184 3161 ad
1229 3107 1548 3161 Abraham:
1591 3125 1610 3158 σ
1647 3106 1746 3160 Exi
1778 3109 1844 3160 de
1893 3117 2037 3161 terra
2068 3145 2110 3201 Ο

463 3211 580 3268 tua,
604 3209 659 3254 et
686 3200 752 3253 de
773 3200 1098 3268 cognatione
1121 3207 1235 3262 tua,
1279 3209 1334 3253 et
1360 3198 1430 3253 de
1455 3197 1614 3252 domo
1636 3200 1808 3268 patris
1835 3200 1934 3264 tui,
1988 3209 2042 3252 et

463 3293 588 3347 veni
630 3292 685 3345 iu
728 3299 933 3347 terram
985 3306 1149 3360 quam
1197 3292 1490 3345 ostendero
1545 3291 1642 3344 tibi
1671 3292 1715 3344 θ.
1775 3309 1795 3343 ι
1842 3290 2042 3360 thuid

463 3384 610 3437 enim
639 3383 814 3438 exiret
841 3384 907 3439 de
942 3393 1088 3439 terra
1113 3399 1233 3450 sua,
1259 3393 1316 3438 et
1340 3384 1405 3437 de
1440 3386 1600 3438 domo
1636 3399 1757 3450 sua,
1787 3384 1834 3439 si
1880 3384 1931 3438 ei
1955 3384 2044 3437 lex

465 3474 740 3530 subiceret
772 3476 1064 3540 naturalis,
1094 3491 1256 3547 quam
1285 3478 1479 3546 utique
1506 3477 1635 3530 etin
1660 3484 1805 3530 terra
1831 3491 1927 3531 sua
1943 3491 2044 3544 po-

465 3565 603 3620 situs
627 3565 826 3620 habere
850 3574 904 3620 et
932 3566 1210 3621 custodire
1259 3569 1572 3636 potuisset?
1598 3567 1704 3623 Sed
1730 3583 1873 3622 nunc
1898 3568 2046 3623 velut

467 3659 556 3713 illa
585 3661 766 3714 minus
798 3658 1102 3715 sulIicieute
1128 3659 1355 3728 iubetur
1387 3662 1556 3732 legem
1579 3661 1703 3716 ﬁdei
1728 3661 1909 3730 sequi,
1929 3661 2047 3716 sine

465 3765 570 3820 qua
600 3749 711 3822 (70)
737 3766 835 3804 nec
860 3752 1033 3806 haeres
1061 3767 1183 3807 esse
1205 3752 1389 3806 mundi
1410 3753 1523 3823 ipse
1545 3752 1630 3808 vel
1657 3767 1843 3807 semen
1863 3767 2049 3819 suum,

466 3856 570 3897 nec
596 3843 804 3897 amicus
827 3841 921 3896 Dei
951 3851 1166 3910 poterat
1183 3843 1442 3914 appellari
1471 3861 1487 3899 :
1515 3846 1596 3900 sic
1616 3859 1748 3915 ergo
1775 3856 1953 3916 potest
1978 3847 2048 3900 ab

466 3941 701 4002 utraque
729 3933 846 4004 lege
882 3936 1224 3990 subtractum
1278 3937 1344 3992 ad
1386 3938 1556 3992 solam
1600 3939 1722 3993 ﬁdei
1757 3938 1929 4009 legem
1963 3954 2050 3993 re-

467 4025 681 4092 spicere
702 4026 846 4094 quod
880 4027 1047 4081 dicit:
1087 4045 1106 4078 ι
1146 4027 1202 4082 Si
1238 4029 1382 4082 enim
1415 4031 1503 4098 qui
1534 4045 1600 4085 ex
1634 4030 1774 4101 lege,
1831 4030 1882 4085 hi
1945 4031 2050 4086 hae-

468 4117 628 4170 redes
650 4123 796 4182 sunt,
835 4118 1118 4172 exinanita
1145 4127 1230 4173 est
1266 4118 1419 4186 ﬁdes,
1448 4131 1503 4174 et
1523 4132 1781 4176 evacuata
1813 4131 1899 4176 est
1923 4137 2052 4190 pro-

469 4207 679 4262 missio.
706 4226 725 4258 ι
749 4205 868 4261 Jam
912 4223 1042 4263 vero
1067 4211 1119 4264 in
1153 4211 1258 4266 hoc
1282 4212 1398 4267 loco
1422 4213 1680 4280 ubidicit,
1713 4236 1732 4266 ι
1769 4213 1879 4268 Lex
1903 4216 2050 4270 enim

469 4301 607 4352 iram
638 4308 914 4368 operatur,
953 4318 973 4354 ι
1007 4301 1320 4372 diligentius
1341 4304 1653 4360 intuendum
1681 4316 1765 4361 est
1795 4308 1862 4360 ad
1887 4322 2050 4376 quam

469 4388 642 4458 legem
676 4391 957 4458 respicere
991 4395 1240 4450 videatur
1269 4395 1360 4448 hic
1392 4411 1572 4452 sermo
1597 4415 1615 4464 ;
1642 4398 1735 4453 sed
1764 4406 1817 4452 et
1845 4397 1934 4453 ille
1959 4399 2051 4468 qui

2137 531 2220 586 lex
2270 542 2389 598 est,
2445 542 2500 586 et
2539 531 2922 600 praevaricatio
2972 530 3078 583 erit
3135 540 3490 599 transgressa:
3546 531 3715 601 legis;

2137 638 2268 693 ergo
2294 633 2351 678 et
2379 624 2472 678 ubi
2505 624 2638 677 ﬁdes
2667 631 2748 676 est
2767 660 2782 686 ,
2834 632 3188 692 transgressa:
3218 622 3340 676 ﬁdei
3386 624 3716 692 praevarica-

2137 717 2214 771 tio
2240 716 2368 770 erit.
2411 714 2468 770 Si
2504 717 2649 769 enim
2683 715 3072 784 praevaricator
3097 712 3328 768 elﬁcitur
3357 715 3450 780 qui
3475 715 3716 769 declinat

2137 822 2165 860 a
2191 807 2328 875 lege,
2370 807 2488 862 sine
2520 807 2682 860 dubio
2717 814 2772 858 et
2805 805 2892 858 ille
2919 806 3307 872 prtevarieator
3338 806 3451 877 (71)
3497 817 3583 861 εει
3616 808 3715 876 qui

2134 901 2372 954 declinat
2403 917 2432 954 a
2461 899 2571 954 .ﬁde
2593 918 2608 953 :
2633 911 2689 954 et
2720 901 2765 953 si
2791 900 3224 969 przevaricationi
3257 900 3332 954 illi
3361 915 3485 969 qua:
3514 900 3566 954 in
3596 901 3717 970 lege

2134 1005 2218 1047 est
2248 991 2331 1045 lex
2363 993 2477 1060 ipsa
2513 992 2567 1045 in
2595 1005 2757 1044 causa
2786 997 2891 1056 est,
2924 993 3088 1046 etiam
3120 993 3555 1059 przevaricationi
3586 993 3716 1046 huic

2135 1097 2255 1152 quae
2305 1084 2358 1136 in
2399 1083 2502 1136 ﬁde
2541 1092 2623 1135 est
2671 1083 2806 1138 ﬁdes
2855 1085 2910 1137 in
2957 1097 3122 1137 causa
3174 1099 3296 1137 esse
3343 1085 3602 1139 creditur.
3654 1083 3719 1139 Si

2135 1188 2267 1228 vero
2311 1173 2422 1243 (72)
2473 1173 2768 1228 absurdum
2800 1183 2884 1228 est
2912 1174 3095 1229 dicere
3123 1173 3251 1243 quia
3285 1174 3419 1230 ﬁdes
3460 1175 3513 1228 in
3544 1190 3714 1229 causa

2135 1276 2218 1321 est
2249 1275 2308 1320 ut
2336 1267 2459 1335 quis
2493 1266 2882 1335 praevaricetur
2918 1282 2947 1320 a
2981 1266 3083 1321 ﬁde
3105 1306 3122 1330 ,
3151 1276 3205 1320 et
3226 1267 3270 1322 si
3309 1285 3413 1322 non
3448 1270 3722 1323 accessis-

2136 1371 2221 1414 set
2254 1361 2322 1414 ad
2368 1360 2526 1413 ﬁdem
2557 1398 2572 1423 ,
2617 1361 3006 1430 praevaricator
3051 1359 3177 1414 ﬁdci
3224 1375 3328 1412 non
3381 1358 3605 1426 fuisset;
3641 1359 3719 1413 ita

2138 1453 2430 1506 absurdum
2455 1453 2558 1506 erit
2579 1451 3081 1522 praevaricationem
3113 1450 3250 1521 legis
3270 1465 3335 1504 ex
3374 1464 3440 1504 eo
3465 1452 3716 1518 accipere

2137 1538 2280 1606 quod
2329 1540 2629 1607 susceperit
2669 1540 2791 1610 quis
2844 1539 3248 1593 observantiam
3297 1537 3448 1609 legis.
3507 1538 3616 1593 Sed
3660 1549 3722 1593 et

2139 1631 2268 1684 illud
2300 1632 2565 1685 addamus
2604 1631 2737 1702 (75).
2779 1631 2919 1708 Quid
2963 1630 3150 1684 dicent
3199 1631 3355 1684 nobis
3399 1633 3466 1685 de
3502 1630 3588 1684 his
3622 1631 3715 1699 qui

2139 1732 2270 1778 aute
2297 1723 2468 1792 legem
2505 1722 2672 1793 Moysi
2707 1724 2760 1776 in
2792 1722 3239 1792 prmvaricatione
3269 1719 3396 1775 lacti
3427 1721 3599 1775 sunt?
3655 1721 3719 1775 Si

2070 1797 2282 1867 Benim
2330 1813 2512 1868 nullus
2565 1823 2690 1868 ante
2749 1813 2966 1885 Moysen
3025 1815 3416 1883 przevaricator
3479 1814 3718 1878 exstitit,

2138 1921 2299 1961 nemo
2327 1907 2725 1962 condemnatus
2757 1916 2862 1971 est,
2899 1921 3060 1960 nemo
3085 1907 3327 1975 punitus.
3366 1904 3506 1972 Quid
3533 1906 3718 1961 dicent

2137 1999 2204 2053 de
2235 1997 2574 2052 Sodomitis?
2621 1999 2750 2068 quid
2798 2001 2864 2053 de
2895 2001 2978 2054 his
3001 2001 3091 2069 qui
3121 2001 3174 2054 in
3218 2001 3423 2055 diluvio
3452 2001 3718 2056 condem-

2137 2091 2249 2144 nati
2309 2093 2474 2146 sunt?
2531 2091 2658 2160 quid
2706 2092 2773 2147 de
2814 2091 2991 2147 Cain?
3046 2093 3181 2162 qttid
3221 2093 3291 2148 de
3335 2093 3456 2162 ipso
3499 2093 3725 2148 Adam?

2139 2184 2270 2253 quid
2299 2185 2364 2237 de
2391 2184 2499 2238 Eva
2532 2185 2957 2254 respondebunt,
2991 2186 3057 2240 de
3085 2199 3193 2254 qua
3219 2186 3513 2254 Apostolus
3541 2185 3674 2240 dicit
3701 2204 3718 2239 :

2144 2296 2166 2329 ο
2215 2278 2406 2332 Mulier
2457 2287 2634 2332 autem
2700 2279 2922 2332 seducta
2970 2279 3024 2332 in
3077 2280 3519 2348 praevaricatione
3571 2278 3719 2334 facta

2139 2379 2223 2423 est
2254 2368 2336 2422 ‘°?
2377 2387 2396 2421 ›
2442 2369 2498 2422 Si
2530 2368 2648 2422 sine
2688 2368 2808 2435 lege
2853 2367 3022 2438 Moysi
3069 2384 3174 2422 non
3202 2379 3286 2423 est
3314 2368 3722 2438 praevaricatio,

2141 2460 2284 2514 unde
2317 2460 2524 2520 Adam.
2570 2459 2714 2512 unde
2742 2458 2851 2512 Eva
2885 2460 3334 2529 praevaricatores
3365 2459 3433 2514 ab
3459 2459 3729 2530 Apostolo

2140 2552 2534 2606 nominantur?
2567 2552 2790 2616 Verum,
2813 2561 2871 2605 ut
2893 2552 3057 2604 etiam
3091 2553 3145 2606 in
3181 2551 3552 2621 superioribus
3578 2567 3724 2620 saepe

2135 2644 2247 2713 jam
2296 2643 2568 2709 diximus,
2604 2642 2850 2696 diversas
2883 2642 2937 2696 in
2972 2643 3075 2697 hac
3118 2642 3357 2712 Epistula
3401 2643 3548 2714 leges
3577 2643 3726 2712 Apo-

2141 2737 2315 2792 stolus
2361 2736 2688 2801 introducit,
2725 2745 2782 2789 et
2822 2751 2964 2790 nunc
2992 2725 3060 2790 de
3102 2736 3220 2805 lege
3251 2736 3421 2807 Moysi
3455 2737 3724 2806 loquitur,

2144 2841 2288 2880 ntutc
2323 2825 2494 2896 legem
2538 2825 2662 2879 ﬁdei
2711 2825 2979 2889 nominat,
3015 2826 3156 2880 sicut
3188 2842 3312 2881 cum
3340 2828 3519 2882 dicit:
3557 2846 3575 2878 ε
3619 2827 3722 2883 Ubi

2145 2930 2228 2972 est
2251 2933 2380 2986 ergo
2406 2917 2660 2987 gloriatio
2688 2925 2778 2969 tua
2802 2917 2826 2970 ?
2878 2917 3112 2972 Exclusa
3139 2928 3244 2973 est.
3301 2918 3406 2974 Per
3443 2936 3607 2989 quam
3642 2921 3728 2974 le—

2143 3011 2306 3080 gem?
2337 3011 2616 3080 Opermn‘?
2654 3015 2807 3083 Non;
2843 3020 2935 3072 sed
2969 3034 3062 3088 per
3087 3020 3259 3090 legem
3296 3020 3419 3075 ﬁdei
3453 3021 3519 3074 “.
3561 3041 3582 3074 ι
3638 3023 3732 3075 Ιη-

2145 3103 2291 3156 ducit
2313 3114 2578 3171 praeterea
2609 3117 2662 3162 et
2694 3107 2828 3163 alias
2854 3111 3017 3180 leges,
3037 3113 3102 3166 de
3127 3114 3327 3182 quibus
3347 3113 3480 3168 dicit
3505 3131 3520 3168 :
3553 3132 3572 3165 ι
3592 3113 3731 3168 Con-

2145 3194 2390 3251 delector
2423 3199 2566 3252 enim
2599 3199 2704 3270 legi
2747 3199 2843 3255 Dei
2873 3205 3173 3258 secundum
3203 3205 3516 3260 interiorem
3551 3207 3727 3261 homi-

2146 3301 2268 3338 nem
2303 3303 2316 3339 :
2353 3287 2510 3342 video
2542 3298 2722 3343 autem
2765 3291 2927 3345 aliam
2963 3294 3134 3363 legem
3175 3295 3228 3350 in
3274 3297 3538 3352 membris
3566 3298 3728 3361 meis,

2145 3391 2537 3448 repugnantem
2574 3381 2679 3449 legi
2711 3383 2907 3438 mentis
2937 3401 3090 3452 mete,
3125 3397 3181 3442 et
3204 3389 3482 3457 captivum
3505 3403 3592 3443 me
3621 3389 3728 3441 du-

2145 3479 2358 3522 centem
2393 3469 2444 3522 in
2478 3472 2594 3540 lege
2626 3476 2837 3542 peccati
2879 3477 2958 3540 “;
2994 3494 3014 3527 i
3053 3485 3108 3533 et
3154 3477 3228 3532 ita
3271 3479 3338 3533 de
3365 3494 3471 3532 una
3497 3479 3564 3533 ad
3594 3479 3730 3533 alte-

2147 3576 2265 3614 ram
2317 3562 2491 3631 legem
2530 3571 2760 3632 transit,
2800 3577 2859 3623 ut
2904 3569 3008 3623 nisi
3050 3583 3244 3624 sensus
3292 3570 3525 3641 vigilans
3557 3580 3612 3626 et
3646 3571 3732 3623 in-

2150 3660 2331 3708 tentus
2364 3656 2476 3721 sit,
2514 3657 2923 3726 deprehendere
2961 3677 3090 3718 eum
3121 3673 3177 3717 et
3213 3664 3366 3733 sequi
3413 3664 3504 3718 vix
3532 3665 3730 3736 possit.

2155 3744 2452 3803 Videndum
2482 3759 2566 3804 est
2587 3767 2719 3821 ergo
2741 3769 2808 3807 ue
2832 3754 2972 3808 forte
2991 3755 3082 3809 illa
3111 3755 3198 3810 lex
3223 3771 3343 3824 quae
3364 3766 3450 3812 est
3479 3757 3533 3812 in
3558 3773 3732 3813 mem-

2149 3843 2266 3898 bris
2295 3847 2497 3900 nostris
2529 3845 2664 3916 (74),
2703 3857 2759 3902 ει
2789 3849 3038 3917 captivos
3065 3865 3164 3904 nos
3193 3850 3341 3905 ducit
3373 3851 3429 3906 in
3459 3852 3577 3922 lege
3603 3866 3733 3922 pec-

2147 3935 2295 3999 cati,
2345 3935 2459 4004 ipsa
2497 3935 2571 3989 sit
2615 3937 2700 3990 lex
2741 3953 2904 4007 quam
2937 3937 3229 4004 Apostolus
3259 3940 3395 3994 iram
3427 3941 3560 3996 dicit
3599 3958 3737 4011 0pc-

2150 4029 2285 4081 rari.
2326 4029 2599 4098 Operatur
2627 4031 2775 4083 enim
2809 4032 2929 4087 sine
2951 4032 3119 4086 dubio
3156 4032 3295 4086 iram
3322 4035 3370 4088 ei
3390 4072 3412 4099 ,
3438 4048 3600 4103 quem
3633 4049 3732 4088 ca-

2149 4123 2358 4190 ptivum
2393 4122 2612 4176 duxerit
2644 4123 2698 4176 in
2733 4124 2849 4194 lege
2881 4128 3114 4195 peccati.
3172 4124 3489 4181 Ubi-autem
3519 4127 3604 4181 lex
3628 4126 3733 4181 ista

2152 4231 2258 4269 non
2307 4214 2505 4281 fuerit,
2537 4226 2748 4270 certum
2798 4227 2882 4271 est
2923 4218 3067 4286 quod
3113 4218 3184 4270 ibi
3220 4233 3319 4272 uec
3349 4219 3741 4288 praivaricatio

2153 4307 2280 4362 erit.
2322 4309 2424 4376 Qui
2455 4323 2582 4362 vero
2616 4310 2718 4363 sub
2755 4308 2860 4364 ista
2901 4309 3018 4379 lege
3045 4310 3282 4376 iuerint,
3334 4320 3742 4380 consequenter

2154 4413 2256 4454 nec
2282 4399 2523 4455 haeredes
2551 4409 2736 4455 erunt.
2797 4387 2959 4468 Quod
2980 4412 3034 4456 et
3057 4402 3100 4456 si
3137 4403 3204 4456 de
3237 4402 3352 4473 lege
3384 4402 3550 4474 Moysi
3586 4419 3741 4458 com-

469 4483 738 4551 sequitur,
777 4502 796 4536 ‹
842 4485 945 4541 Ubi
977 4490 1123 4541 enim
1155 4503 1263 4542 non
1294 4499 1378 4542 est
1432 4489 1542 4556 lex,
1572 4506 1679 4546 nec
1717 4490 2048 4559 praevarica-
2083 4490 2128 4545 D
2161 4494 2459 4546 memorari
2492 4493 2614 4561 quis
2642 4493 2796 4557 velit,
2836 4503 2889 4546 et
2917 4491 3099 4547 dicere
3126 4496 3252 4563 quia
3286 4495 3420 4548 iram
3453 4502 3738 4564 operatur,

473 4577 565 4631 tio.
581 4596 600 4629 ι
629 4576 736 4631 Sed
754 4580 1067 4646 priusquam
1083 4594 1114 4633 a
1139 4579 1294 4634 nobis
1311 4579 1519 4650 plenior
1536 4580 1847 4650 explanatio
1871 4581 2050 4650 requi-

471 4679 646 4735 ratur,
663 4669 731 4722 ad
753 4669 840 4722 illa
859 4670 1098 4725 breviter
1116 4673 1567 4739 respondeamus,
1586 4687 1707 4742 qua:
1730 4673 1798 4728 de
1812 4673 1916 4727 hoc
1931 4673 2052 4728 loco

474 4760 714 4814 haeretici
740 4763 896 4816 nobis
917 4761 1092 4816 solent
1115 4763 1436 4818 obtendere.
1467 4764 1826 4818 Aiunteuim:
1861 4785 1881 4817 ι
1912 4766 2052 4821 Ecce

476 4852 748 4920 quomodo
775 4854 1063 4922 Apostolus
1093 4855 1227 4909 dicit
1258 4856 1383 4925 quia
1426 4855 1511 4910 lex
1547 4855 1718 4926 Moysi
1751 4858 1888 4911 iram
1916 4873 2051 4928 ope-

473 4954 627 4999 ratur
643 4986 660 5010 ,
687 4945 778 5000 ubi
794 4961 922 5001 vero
942 4945 1027 5001 lex
1048 4947 1140 5002 illa
1164 4964 1270 5002 non
1293 4949 1481 5014 fuerit,
1506 4949 1576 5004 ibi
1604 4965 1704 5004 nec
1724 4953 2053 5018 praivarica-

545 5111 568 5144 ⁸
599 5111 757 5166 Rom.
795 5127 870 5178 tv,
925 5111 1034 5181 14,
1078 5113 1167 5168 15.
1245 5115 1266 5146 ⁹
1298 5113 1436 5170 Geu.
1472 5131 1573 5185 xu,
1609 5120 1666 5174 l.

499 5335 501 5338 ι
545 5263 660 5338 (ﬁt)
693 5261 789 5338 Ψ.
826 5263 993 5319 Deest
1026 5265 1078 5320 in
1115 5276 1273 5338 antea
1305 5268 1488 5324 editis.

572 5333 661 5396 65‘)
690 5333 758 5386 Et
779 5343 1053 5392 evacuate.
1085 5337 1171 5390 Al.
1207 5355 1227 5388 ι
1262 5347 1318 5393 et
1349 5340 1574 5396 abolita.
1608 5360 1629 5395 ι

574 5404 663 5477 (id)
689 5404 875 5477 Alias,
912 5424 931 5456 ε
962 5407 1068 5460 Sed
1104 5417 1415 5477 repetamus
1439 5409 1686 5467 Paulum.
1730 5431 1750 5465 ι

553 5476 668 5544 (67)
694 5475 842 5544 Ειιὶιί
876 5492 890 5528 :
926 5494 946 5526 ‹
993 5485 1051 5530 ut
1078 5475 1392 5532 evacuetur.
1423 5497 1442 5530 ι

550 5547 664 5614 (68)
691 5543 792 5618 Ms.
809 5559 1006 5618 unus:
1040 5564 1060 5599 ι
1100 5562 1199 5618 per
1234 5549 1361 5604 ﬁdei
1407 5550 1784 5607 credulitatem
1827 5553 2054 5611 meruis-

480 5631 574 5686 se;
625 5635 644 5667 ι
682 5615 753 5686 al.
789 5616 942 5686 deest
974 5635 993 5668 ε
1031 5615 1146 5686 per.
1189 5637 1209 5671 ι

557 5685 671 5762 (ρῼ)
705 5685 846 5762 ξριιὶιί
881 5703 894 5739 :
938 5703 957 5736 ‹
981 5685 1338 5762 itrtell_igentia
1373 5690 1511 5756 haec,
1540 5691 1652 5746 dici
1681 5701 1880 5762 potest.
1919 5711 1940 5748 ›

551 5754 665 5827 (70)
699 5754 824 5812 Siue
853 5771 978 5826 qua.
1003 5754 1184 5827 Editi,‘
1199 5776 1220 5813 ι
1258 5762 1436 5831 quasi,
1473 5754 1504 5815 ι’
1533 5754 1695 5820 male.

1733 5116 1780 5148 ¹⁰
1815 5115 2006 5173 lTiut.
2041 5133 2105 5186 It,
2141 5118 2228 5173 14.

2155 4598 2256 4653 pro
2298 4597 2365 4637 eo
2409 4583 2823 4639 fortassis'solo
2871 4584 2975 4638 hoc
3022 4587 3224 4654 poterit
3276 4585 3547 4642 allitmare
3593 4589 3744 4659 quod

2157 4681 2471 4744 peccantem
2499 4675 2550 4728 in
2582 4689 2646 4728 se
2671 4674 2786 4744 (75)
2809 4686 2904 4728 aut
2935 4676 3161 4745 lapidari
3186 4679 3470 4744 continuo,
3501 4689 3598 4734 aut
3622 4694 3745 4733 cre-

2160 4767 2298 4820 mari
2347 4766 2562 4836 ignibus
2601 4766 2796 4834 jubet,
2829 4767 2913 4821 vel
2958 4769 3004 4821 si
3036 4769 3179 4837 quod
3213 4769 3357 4822 aliud
3387 4770 3745 4838 peccantibus

2159 4859 2474 4912 decernitur
2525 4858 2576 4912 in
2621 4859 2738 4929 lege
2770 4859 3094 4929 supplicium
3146 4878 3162 4916 :
3201 4868 3259 4914 ut
3285 4876 3444 4931 poena
3475 4861 3594 4932 ipsa
3623 4878 3746 4931 qua:

2161 4951 2411 5021 peccanti
2444 4949 2675 5006 infertur
2707 4967 2777 5005 ex
2812 4952 2956 5021 lege,
2985 4953 3064 5006 ira
3099 4970 3243 5008 nunc
3266 4955 3335 5008 ab
3359 4954 3618 5023 Apostolo
3641 4971 3747 5008 uo-

2328 5118 2369 5150 “
2403 5117 2563 5173 Rom.
2597 5134 2682 5180 ιιι.
2713 5118 2806 5172 27.
2906 5120 2948 5151 ¹²
2984 5119 3144 5177 Rom.
3173 5119 3384 5184 "1,22,
3417 5119 3512 5176 23.

2238 5273 2352 5349 (7i)
2393 5273 2615 5349 Editi,__t
2649 5275 3011 5349 quidecliuat
3042 5291 3071 5329 a
3104 5276 3228 5341 ﬁde,
3259 5286 3314 5332 et
3344 5278 3390 5332 si
3421 5281 3744 5349 praevarica-

2164 5343 2380 5420 tioui,_’_i
2407 5353 2513 5397 etc.
2556 5343 2719 5420 Multa
2751 5346 2933 5415 itaque
2955 5349 3155 5402 omissa
3183 5359 3341 5403 erant
3363 5343 3485 5420 qua:
3510 5366 3580 5406 ex
3613 5369 3748 5406 mss.

2162 5415 2447 5469 codicibus
2478 5418 2859 5470 restituuntur.

2235 5482 2348 5554 (72)
2388 5483 2556 5547 Alias,
2598 5504 2616 5535 ι
2654 5485 2812 5540 Sicut
2843 5502 2994 5541 vero.
3028 5506 3048 5540 ι

2232 5556 2347 5626 (75)
2384 5557 2566 5624 Alias,
2611 5573 2630 5608 ι
2669 5555 2738 5609 Ει
2787 5556 2919 5611 illud
2962 5558 3246 5627 addimus;
3285 5579 3304 5613 ι
3355 5560 3463 5628 al.,
3505 5580 3526 5613 ι
3579 5565 3749 5618 adde-

2162 5641 2305 5681 ωυε.
2343 5645 2362 5677 ι

2236 5695 2350 5764 (74)
2387 5695 2555 5762 Alias,
2593 5716 2612 5748 ε
2645 5697 2801 5752 meis.
2838 5715 2856 5748 ι

2234 5767 2349 5838 (75)
2380 5768 2562 5840 Alias,
2597 5785 2618 5821 ς
2652 5778 2969 5838 peccantem
3004 5784 3085 5826 se.
3117 5787 3140 5822 ι
