4170 6422
490 340 597 394 975

1443 330 1796 389 COMMENT.
1833 330 1898 384 IN
1931 329 2148 386 EPIST.
2183 331 2272 383 AD
2306 328 2474 386 ltOM.
2508 330 2634 385 LIB.
2669 330 2784 386 l-V.,,

3631 337 3736 391 97L

491 456 696 508 minata
724 452 992 506 videnlur.
1039 451 1306 507 Similiter
1332 461 1388 506 et
1420 451 1486 506 de
1508 449 1977 520 praevaricatione,
2005 458 2062 502 ut
2090 455 2139 511 Α
2167 449 2322 518 pulus
2368 451 2514 513 Deo,
2569 461 2623 503 et
2667 450 2837 519 Moysi
2885 450 3087 506 famulo
3132 453 3246 518 ejus
3283 455 3360 520 ¹⁶;
3400 474 3419 508 ι
3452 464 3507 510 et
3538 457 3736 514 iterum

493 562 599 601 non
650 559 868 600 onmem
919 544 1428 612 praevaricationem
1483 544 1809 614 generaliter
1856 544 1908 597 in
1958 544 2062 598 hoc

494 638 615 690 loco
638 638 884 692 adstruat
913 637 1256 707 appellatam,
1288 637 1382 690 sed
1426 637 1542 702 ejus
1563 638 1654 705 qui
1686 638 1738 690 iu
1771 637 1890 706 lege
1918 635 2065 704 posi-

493 737 582 781 tus
625 728 924 798 deliquerit
971 744 986 783 :
1023 737 1083 780 ut
1111 729 1332 797 gravius
1361 728 1617 782 delictum
1659 727 1909 781 videatur
1948 726 2065 794 ejus

493 819 584 883 qui
634 834 730 887 per
765 820 936 888 legem
973 819 1276 888 prohibitus
1319 829 1509 889 peccat
1553 817 1704 888 (76),
1747 833 1910 889 quam
1949 819 2065 884 ejus

493 911 586 978 qui
641 909 784 963 nulla
836 911 997 964 fuerit
1033 911 1150 977 lege
1191 911 1577 964 commonitus.
1617 908 1721 963 Sed
1750 908 1955 963 etillud
1985 909 2064 960 vi-

494 1003 730 1056 dendum
763 1009 869 1065 est,
900 1002 1026 1070 quia
1053 1017 1158 1056 non
1195 1001 1334 1054 dixit
1359 1001 1651 1070 Apostolus
1679 1002 1821 1068 quod
1853 999 1942 1054 ubi
1977 999 2064 1053 lex

494 1091 681 1155 fuerit,
710 1092 780 1146 ibi
807 1100 862 1145 et
886 1091 1280 1159 praevaricatio,
1300 1093 1394 1146 sed
1424 1091 1498 1145 ait
1529 1107 1542 1143 :
1579 1109 1597 1142 ι
1622 1088 1723 1145 Ubi
1752 1105 1930 1145 aurem
1959 1104 2064 1143 non

493 1191 580 1235 est
609 1181 720 1242 lex.
754 1197 852 1236 nec
878 1182 1256 1251 praevaricatio
1276 1181 1340 1236 ¹³.
1377 1201 1396 1233 ι
1437 1178 1494 1234 In
1521 1196 1628 1251 quo
1654 1181 1891 1238 ostendit
1921 1181 2064 1249 quod

497 1275 870 1342 praevaricatio
909 1274 1125 1343 quidem
1174 1288 1294 1329 esse
1323 1273 1545 1328 omnino
1574 1288 1680 1327 non
1713 1273 1922 1342 possit,
1962 1271 2061 1326 nisi

493 1363 579 1415 lex
608 1364 801 1429 fuerit;
837 1379 944 1418 non
980 1354 1158 1418 tamen
1191 1363 1238 1418 si
1262 1363 1345 1418 lex
1379 1363 1469 1427 sit,
1498 1359 1645 1415 omni
1677 1377 1877 1431 genere
1902 1362 2062 1416 etiam

494 1455 876 1523 praevaricatio
917 1455 1042 1510 erit.
1103 1453 1287 1509 Potest
1317 1455 1462 1509 enim
1495 1454 1611 1508 ﬁeri
1657 1463 1717 1506 ut
1759 1455 1829 1507 sit
1859 1453 1943 1507 lex
1965 1493 1978 1515 ,
2011 1461 2066 1508 et

495 1543 874 1611 praevaricatio
920 1558 1029 1598 non
1074 1543 1145 1597 sit
1189 1560 1204 1598 :
1242 1559 1346 1598 non
1392 1553 1568 1612 potest
1617 1553 1793 1596 tamen
1844 1542 1958 1595 ﬁeri
2006 1550 2066 1595 ut

495 1634 873 1701 prmvaricatio
899 1633 1007 1698 sit,
1043 1635 1135 1689 ubi
1178 1634 1265 1688 lex
1297 1649 1402 1688 non
1435 1647 1540 1689 est.
1579 1634 1712 1688 Nam
1740 1643 1794 1687 et
1823 1635 1867 1686 si
1900 1633 2064 1703 Moysi

494 1727 668 1796 legem
702 1742 1000 1796 ponamus,
1045 1741 1153 1780 non
1200 1727 1458 1780 continuo
1484 1725 1596 1797 (77)
1627 1740 1818 1781 omnes
1842 1725 1932 1795 qui
1964 1725 2064 1780 sub

2168 542 2426 596 Dominus
2449 543 2502 597 in
2531 541 2823 614 Evangelia
2851 544 2998 599 dicat
3027 563 3040 599 :
3081 565 3099 598 ι
3130 547 3186 602 Si
3212 550 3511 604 crederetis
3541 551 3736 624 Moysi.

2163 634 2462 690 crederetis
2508 637 2696 704 utique
2744 645 2800 691 et
2843 636 2974 691 mihi
3028 652 3044 692 :
3091 639 3159 694 de
3186 656 3270 695 me
3300 642 3444 696 enim
3476 642 3567 698 ille
3600 648 3738 699 scri-

2165 725 2271 793 psit
2300 726 2362 779 ¹⁷.
2395 744 2414 776 ›
2449 727 2731 782 Videbitur
2749 727 2896 782 enim
2930 729 3070 784 sicut
3091 733 3157 785 de
3177 746 3234 787 se
3256 733 3414 798 dixit,
3440 735 3566 802 quia
3599 755 3617 787 ι
3643 739 3738 806 qui

2165 818 2334 872 credit
2367 819 2418 872 in
2459 834 2578 883 me,
2605 821 2778 875 credit
2813 830 2866 876 et
2914 824 2966 876 in
3019 836 3144 876 eum
3177 825 3267 894 qui
3299 826 3445 880 misit
3475 843 3560 880 me
3594 829 3672 892 ιδ,
3709 849 3729 882 ι

2167 907 2240 961 ita
2268 917 2324 963 et
2349 910 2414 963 de
2447 909 2630 982 Moyse
2659 911 2860 977 dicere,
2894 914 3036 982 quod
3075 933 3093 966 ι
3125 915 3170 968 si
3209 917 3508 974 crederetis
3537 917 3733 990 Moysi,

2164 997 2463 1053 crederetis
2517 999 2704 1068 utique
2747 1009 2804 1054 et
2835 1001 2989 1055 mihi.
3034 1021 3054 1055 ι
3098 1001 3180 1057 Ad
3208 1005 3350 1074 quod
3383 1009 3736 1075 respondebi-

2165 1101 2306 1150 mus,
2337 1086 2462 1156 quia
2497 1087 2626 1140 illud
2659 1089 2801 1157 quod
2828 1091 3033 1144 dictum
3061 1100 3144 1146 est
3176 1092 3228 1147 iu
3265 1093 3478 1148 deserto
3502 1135 3517 1162 ,
3558 1114 3578 1148 ι
3605 1097 3738 1154 Cre-

2166 1177 2302 1231 didit
2329 1178 2558 1248 populus
2587 1178 2720 1245 Deo,
2755 1189 2808 1235 et
2834 1179 3006 1252 Moysi
3035 1183 3234 1238 famulo
3268 1184 3403 1253 ejus,
3436 1205 3456 1236 o
3494 1190 3736 1243 narratio

2166 1277 2287 1333 est,
2335 1285 2440 1338 qua
2486 1272 2791 1326 ostenditur
2837 1274 2980 1341 quod
3016 1289 3110 1343 per
3140 1275 3510 1331 ministerium
3565 1277 3734 1348 Moysi

2165 1371 2275 1425 quo
2318 1361 2467 1428 signa
2498 1369 2549 1415 et
2577 1361 2845 1415 mirabilia
2885 1364 3249 1429 ministravit,
3281 1367 3510 1436 populus
3551 1372 3733 1425 credi-

2165 1450 2244 1502 dit
2287 1450 2394 1504 Deo
2428 1467 2444 1504 :
2483 1450 2534 1504 in
2581 1453 2684 1506 hoc
2729 1455 2895 1509 verbo
2943 1457 3030 1510 ubi
3083 1458 3246 1526 dicit,
3288 1477 3308 1510 ί
3342 1459 3400 1515 Si
3439 1463 3734 1519 crederetis

2165 1537 2358 1610 Moysi,
2393 1541 2686 1598 crederetis
2728 1545 2913 1614 utique
2940 1555 2994 1600 et
3022 1547 3176 1614 mihi,
3211 1566 3230 1600 ι
3285 1551 3464 1620 arguit
3497 1552 3729 1608 inﬁdeli-

2170 1637 2332 1685 tatem
2361 1647 2550 1686 eorum
2579 1635 2672 1703 qui
2709 1634 2835 1689 dum
2867 1637 2971 1692 sibi
3003 1655 3107 1694 non
3154 1641 3406 1708 credunt,
3438 1646 3734 1700 ostendunt

2167 1736 2224 1776 se
2256 1737 2360 1778 nec
2399 1723 2571 1794 Moysi
2616 1724 2813 1781 litteris
2839 1729 3064 1785 credere
3095 1731 3150 1785 in
3181 1733 3375 1801 quibus
3408 1735 3475 1789 de
3500 1736 3730 1791 advequ

497 1817 665 1890 Moysi
698 1818 810 1889 lege
840 1819 1116 1880 vixerunt,
1149 1817 1201 1871 in
1232 1819 1680 1886 praevaricatione
1724 1817 1850 1871 tacti
1882 1825 2011 1870 sunt
2046 1833 2060 1869 :
2095 1804 2136 1858 Β
2165 1810 2364 1866 Christi
2391 1815 2691 1884 prophetali
2726 1831 2980 1874 sermone
3002 1823 3452 1891 comprehensum
3478 1835 3561 1880 est
3588 1843 3603 1881 :
3640 1827 3730 1882 ubi

498 1910 738 1977 alioquin
768 1909 926 1962 simul
961 1919 1014 1962 et
1036 1909 1370 1978 prophetas,
1407 1917 1462 1962 et
1484 1923 1675 1965 omnes
1709 1905 1885 1973 iustos
1911 1906 2060 1959 vide-

495 2017 618 2054 mur
647 1999 923 2054 involvere
949 2017 961 2054 :
987 2000 1090 2054 nisi
1115 1999 1256 2054 forte
1282 2001 1428 2054 dicat
1454 1999 1648 2068 aliquis
1668 1998 1847 2068 justos
1875 2013 2063 2054 omnes

492 2101 552 2145 et
580 2092 869 2160 prophetas
906 2106 1013 2147 non
1047 2102 1153 2145 tam
1186 2092 1286 2144 sub
1320 2091 1473 2160 lege,
1507 2105 1666 2160 quam
1718 2091 1818 2145 sub
1847 2089 1952 2145 ﬁde
1985 2091 2064 2144 vi-

496 2182 672 2247 xisse;
731 2192 1043 2250 peccatores
1089 2195 1219 2235 vero
1271 2191 1326 2235 et
1376 2179 1603 2250 injustos
1657 2180 1792 2248 legis
1835 2180 2064 2234 vinculis

495 2272 663 2329 fuisse
692 2274 1037 2339 constrictos,
1065 2274 1202 2328 sicut
1238 2281 1293 2328 et
1318 2271 1608 2342 Apostolus
1636 2272 1824 2327 dicit“
1843 2279 1901 2327 :1
1929 2272 2061 2338 Quia

490 2365 638 2431 justo
661 2365 743 2419 lex
777 2381 883 2419 non
927 2374 1011 2421 est
1037 2367 1233 2434 posita,
1278 2365 1372 2419 sed
1407 2365 1620 2433 injustis
1650 2375 1706 2419 et
1743 2380 1848 2418 non
1880 2363 2064 2418 subdi-

497 2463 599 2522 tis,
647 2460 828 2528 impiis
875 2467 927 2513 et
969 2459 1385 2528 peccatoribus,
1436 2458 1683 2514 scelestis
1720 2466 1776 2512 et
1800 2457 2060 2527 profanis,

497 2553 783 2620 patricidis
817 2561 871 2606 et
899 2551 1199 2606 matricidis
1219 2591 1234 2613 ,
1265 2550 1588 2611 bomicidis,
1619 2549 2061 2612 lornicatoribus,

497 2643 862 2696 masculorum
896 2643 1360 2705 concubitoribus,
1395 2641 1784 2712 plagiatoribus
1803 2681 1818 2702 ,
1845 2640 2064 2694 menda-

495 2736 674 2800 cibus,
706 2735 960 2804 perjuris,
996 2744 1050 2788 et
1075 2736 1120 2788 si
1149 2735 1281 2804 quid
1316 2733 1458 2786 aliud
1506 2747 1650 2788 sana:
1679 2732 1939 2786 doctrinae
1968 2732 2058 2783 ad-

495 2837 769 2881 versatur.
804 2846 822 2878 ι
868 2827 1020 2892 Quod
1052 2826 1097 2880 si
1127 2824 1328 2880 talibus
1358 2826 1441 2880 lex
1469 2825 1641 2894 posita
1671 2834 1774 2887 est,
1820 2839 1923 2877 non
1967 2821 2062 2877 tibi

497 2919 666 2973 multo
715 2919 970 2974 meliores
1016 2918 1094 2972 illi
1137 2917 1464 2972 videbuntur
1491 2917 1556 2970 de
1581 2916 1780 2984 quibus
1817 2916 2013 2970 dicitur
2043 2929 2061 2968 :

498 3029 520 3060 ‹
553 3009 685 3064 Cum
713 3010 857 3064 enim
888 3017 1095 3079 gentes,
1139 3023 1258 3076 quae
1287 3007 1457 3077 legem
1488 3021 1594 3059 non
1643 3006 1862 3069 habent,
1909 3014 2064 3059 natu-

500 3101 688 3154 raliter
713 3114 833 3168 quae
859 3098 991 3168 legis
1016 3107 1145 3152 sunt
1175 3096 1400 3164 faciunt,
1425 3096 1731 3163 hujusmodi
1760 3096 1930 3165 legem
1958 3110 2060 3149 non

497 3191 784 3254 habentes,
815 3189 915 3258 ipsi
944 3189 1046 3243 sibi
1073 3197 1200 3243 sunt
1231 3188 1341 3266 lex,
1371 3188 1461 3256 qui
1505 3188 1801 3242 ostendunt
1825 3201 1961 3256 Opus
1985 3186 2063 3240 le—

493 3283 580 3351 gis
603 3283 863 3350 scriptum
897 3283 950 3335 in
974 3280 1230 3335 cordibus
1253 3281 1386 3342 suis,
1412 3280 1778 3334 testimonium
1805 3279 2063 3333 reddente

493 3376 576 3429 eis
616 3373 946 3429 conscientia
979 3373 1043 3425 η.
1078 3386 1112 3424 ι·
1153 3371 1220 3425 Ει
1249 3380 1555 3425 statuamus
1602 3379 1727 3424 ante
1760 3369 1946 3424 oculos
1968 3411 1983 3432 ,
2017 3370 2060 3422 si

498 3469 717 3523 videtur
739 3509 755 3532 ,
795 3453 928 3522 duos
977 3466 1215 3535 aliquos,
1251 3463 1399 3518 verbi
1430 3462 1605 3532 gratia
1627 3502 1643 3526 ,
1679 3462 1771 3530 qui
1801 3477 1919 3516 cum
1952 3477 2062 3513 ma-

495 3559 662 3614 sculis
697 3574 802 3612 non
848 3557 1261 3612 concubuerunt
1302 3553 1592 3609 concubitu
1629 3553 1877 3607 muliebri
1907 3553 2058 3620 (78);

495 3666 664 3704 unum
694 3665 760 3704 ex
791 3638 876 3703 his
917 3658 1187 3718 praecepto
1229 3647 1364 3714 legis
1410 3629 1774 3713 prohibitum,
1826 3643 1984 3712 cujus
2016 3643 2060 3698 si

499 3748 704 3795 metum
738 3754 845 3792 nou
879 3739 1181 3801 habuisset,
1216 3736 1446 3790 fortasse
1483 3734 1704 3790 fecisset
1750 3751 1763 3786 :
1814 3743 1870 3788 et
1896 3733 2059 3786 alium

498 3833 588 3900 qui
619 3831 850 3900 pr0pria2
883 3829 1079 3883 mentis
1117 3827 1322 3895 judicio
1369 3824 1738 3892 hujuscemodi
1781 3823 2061 3892 contagio-

497 3938 618 3976 uem
648 3937 715 3975 ne
742 3919 1096 3989 cogitationes
1120 3919 1334 3987 quidem
1371 3932 1501 3972 suas
1531 3917 1682 3971 adire
1710 3917 2018 3985 permiserit
2043 3933 2058 3969 :

495 4027 670 4065 nonne
717 4012 884 4065 multo
919 4009 1066 4062 illum
1100 4008 1361 4077 praeferas
1405 4007 1496 4076 qui
1535 4007 1682 4062 nulla
1717 4007 1850 4077 legis
1893 4007 2062 4061 inter-

493 4102 789 4156 miuatioue
813 4099 1127 4160 deterritus,
1163 4099 1458 4151 immunem
1490 4112 1550 4153 se
1579 4115 1610 4152 a
1645 4096 1835 4168 ﬂagitii
1863 4107 2058 4153 conta-

494 4193 790 4247 minatione
857 4189 1132 4245 servavit?
1187 4189 1456 4244 Similiter
1520 4190 1682 4245 etiam
1735 4191 1801 4243 de
1846 4191 2060 4244 caneris

493 4285 734 4354 peccatis
765 4285 809 4337 si
841 4283 1102 4338 habeatur
1123 4297 1372 4337 examen.
1401 4282 1465 4335 Et
1489 4282 1608 4336 ideo
1632 4283 1745 4338 sive
1773 4283 1941 4353 Moysi
1972 4283 2058 4337 lex

492 4376 863 4446 intelligatur,
909 4376 1023 4429 sive
1053 4376 1220 4430 etiam
1243 4388 1305 4428 ea
1333 4389 1455 4443 quae
1487 4373 1540 4428 in
1570 4374 1770 4429 nostris
1797 4374 2058 4429 membris

2163 1918 2295 1958 vero
2326 1905 2473 1970 dicit,
2510 1924 2531 1958 ι
2564 1905 2665 1973 Qui
2709 1911 2884 1964 credit
2932 1912 2985 1964 in
3019 1928 3128 1981 me,
3171 1916 3343 1972 credit
3390 1917 3443 1970 in
3483 1931 3604 1971 eum
3637 1919 3730 1989 qui

2166 1992 2310 2044 misit
2333 2008 2436 2055 me,
2471 2013 2492 2048 ι
2531 2010 2679 2066 spem
2708 1999 3042 2055 credentium
3074 2003 3251 2058 elevat
3281 2021 3450 2075 usque
3474 2009 3540 2063 ad
3563 2009 3729 2064 Deum

2163 2080 2403 2150 Patrem,
2423 2096 2480 2140 ut
2505 2087 2646 2143 sicut
2674 2090 2796 2159 quis
2823 2105 2946 2146 cum
2977 2093 3126 2148 videt
3154 2094 3264 2169 (79)
3296 2095 3731 2166 Filium,vidisse

2165 2187 2224 2226 se
2253 2174 2388 2228 sciat
2412 2185 2464 2229 et
2489 2175 2706 2233 Patrem
2740 2181 2782 2212 ¹⁹
2803 2219 2819 2243 ,
2856 2181 2926 2236 ita
2959 2198 3081 2238 cum
3129 2188 3303 2242 credit
3343 2187 3518 2256 Filio,
3542 2188 3730 2249 credi-

2165 2263 2307 2318 disse
2339 2279 2398 2320 se
2421 2265 2534 2338 (80)
2557 2270 2694 2324 sciat
2718 2280 2772 2325 et
2797 2270 2965 2328 Patri.

2236 2355 2291 2412 5.
2337 2377 2357 2408 ι
2395 2357 2518 2414 Ideo
2554 2375 2620 2414 ex
2648 2363 2772 2427 lide,
2797 2371 2857 2417 ut
2886 2365 3180 2421 secundum
3213 2371 3445 2437 gratiam
3475 2372 3630 2430 ﬁrma
3661 2376 3733 2430 sit

2166 2449 2452 2512 promissio
2494 2450 2640 2505 omni
2695 2453 2924 2517 semini,
2967 2471 3071 2510 non
3117 2457 3165 2511 ei
3196 2457 3308 2528 (8i)
3343 2461 3485 2530 quod
3514 2478 3584 2516 ex
3613 2463 3732 2534 lege

2164 2551 2245 2592 est
2272 2548 2502 2606 tantum,
2537 2543 2634 2596 sed
2664 2553 2717 2599 et
2738 2543 2785 2597 ei
2819 2544 2930 2615 (82)
2955 2548 3096 2614 quod
3134 2561 3199 2602 ex
3235 2549 3339 2603 ﬁde
3361 2561 3444 2606 est
3472 2553 3728 2621 Abrahae,

2165 2631 2254 2698 qui
2290 2641 2375 2686 est
2403 2641 2554 2702 pater
2574 2634 2815 2688 omnium
2857 2645 3100 2690 nostrum
3129 2639 3293 2706 (sicut
3314 2642 3572 2710 scriptum
3607 2653 3727 2700 est:

2164 2723 2299 2788 Quia
2334 2734 2540 2793 patrem
2577 2725 2866 2780 multarum
2900 2728 3141 2798 gentium
3166 2731 3316 2798 posui
3347 2731 3420 2804 te)
3453 2743 3579 2789 ante
3605 2751 3729 2791 eum

2164 2815 2249 2867 cui
2283 2815 2513 2870 credidit
2546 2816 2662 2886 (85)
2694 2817 2897 2883 Deum,
2950 2821 3040 2888 qui
3089 2822 3324 2875 vivilicat
3371 2835 3650 2892 mortuos,
3676 2835 3731 2879 ut

2165 2917 2322 2961 vocat
2343 2922 2405 2961 ea
2431 2923 2550 2978 qua:
2584 2924 2689 2964 non
2721 2920 2878 2973 sunt,
2913 2919 3168 2984 tanquam
3200 2931 3262 2969 ea
3291 2931 3413 2986 quae
3441 2928 3568 2972 sunt
3597 2918 3665 2974 ³³.
3705 2937 3726 2969 ι

2164 2997 2221 3052 lu
2277 2999 2650 3068 superioribus
2696 3001 3100 3059 distinctionem
3166 3006 3314 3062 dedit
3360 3010 3624 3065 mercedis
3675 3021 3732 3066 et

2164 3090 2370 3158 gratiae,
2409 3091 2597 3145 dicens
2624 3094 2929 3146 mercedem
2955 3109 3068 3149 rem
3113 3095 3276 3149 debiti
3310 3111 3463 3161 esse;
3501 3100 3728 3168 gratiam

2165 3191 2346 3236 autem
2378 3181 2575 3238 nullius
2604 3198 2722 3238 esse
2754 3185 2956 3249 debiti,
2982 3186 3076 3240 sed
3109 3187 3492 3243 benevolentia:
3522 3190 3728 3244 beneﬁ-

2165 3271 2330 3325 cium.
2392 3272 2455 3328 Et
2501 3273 2552 3328 in
2587 3276 2838 3343 prmsenti
2885 3291 3014 3347 ergo
3064 3277 3186 3334 loco
3218 3282 3508 3335 Ostendere
3546 3285 3732 3339 volens

2164 3362 2332 3417 Deum
2377 3363 2744 3420 baereditatem
2797 3369 3216 3437 promissionum
3267 3388 3372 3426 nou
3427 3389 3493 3428 ex
3525 3375 3729 3440 debito,

2163 3457 2258 3510 sed
2289 3472 2384 3526 per
2412 3459 2641 3528 gratiam
2683 3459 2852 3523 dare,
2904 3461 3035 3514 dicit
3077 3463 3204 3531 quia
3255 3463 3542 3520 brereditas
3565 3482 3592 3518 a
3621 3467 3730 3524 Deo

2167 3547 2250 3600 his
2273 3547 2366 3616 qui
2398 3552 2659 3616 credunt,
2692 3565 2798 3604 nou
2828 3563 2892 3603 ex
2932 3551 3197 3607 mercedis
3233 3553 3448 3620 debito,
3480 3556 3572 3611 sed
3609 3558 3729 3612 ﬁdei

2165 3655 2388 3695 munere
2414 3639 2763 3696 concedatur.
2824 3641 2982 3696 Sicut
3019 3645 3164 3698 enim
3193 3644 3275 3715 (ut
3302 3649 3531 3716 exempli
3566 3666 3729 3704 causa

2165 3731 2417 3802 dixerim)
2455 3734 2556 3788 hoc
2581 3735 2723 3802 quod
2771 3734 3111 3789 subsistimus
3161 3751 3266 3792 non
3298 3748 3476 3809 potest
3507 3742 3728 3814 intelligi

2163 3826 2315 3894 quasi
2355 3825 2468 3895 (84)
2508 3841 2573 3879 ex
2614 3827 2795 3895 operis
2836 3828 3004 3882 nostri
3050 3831 3298 3885 mercede
3349 3834 3729 3903 subsistamus,

2164 3917 2257 3972 sed
2292 3918 2574 3972 evidenter
2605 3918 2694 3972 Dei
2743 3934 2940 3974 munus
2973 3922 3222 3990 estquod
3256 3938 3474 3988 sumus,
3526 3936 3580 3980 et
3605 3943 3729 3998 gra-

2167 4010 2237 4064 tia
2258 4007 2564 4064 Conditoris
2585 4050 2601 4076 ,
2643 4011 2733 4080 qui
2773 4025 2894 4065 esse
2920 4027 3017 4067 nos
3043 4013 3210 4067 voluit
3241 4033 3256 4068 :
3295 4017 3366 4070 ita
3394 4026 3448 4072 et
3482 4019 3528 4073 si
3556 4021 3731 4076 haere-

2164 4100 2386 4155 ditatem
2415 4101 2834 4171 promissionum
2867 4101 2957 4158 Dei
2985 4105 3258 4173 capiamus
3278 4146 3293 4172 ,
3325 4108 3520 4164 divinae
3544 4115 3732 4182 gratim

2164 4199 2266 4252 est,
2302 4205 2408 4244 non
2438 4191 2664 4258 alicujus
2696 4192 2864 4246 debiti
2895 4204 2988 4248 aut
3011 4196 3191 4264 operis
3227 4212 3452 4254 merces.
3497 4201 3648 4266 Quod
3684 4203 3732 4257 si

2163 4280 2304 4335 forte
2324 4281 2570 4334 videatur
2599 4272 2701 4336 hoc
2737 4281 2909 4350 ipsum
2942 4285 3084 4351 quod
3114 4285 3310 4341 dicitur
3339 4303 3405 4340 ex
3439 4287 3576 4351 ﬁde.
3623 4307 3730 4344 non

2163 4389 2284 4429 esse
2308 4375 2510 4442 gratis,
2546 4375 2741 4443 quippe
2789 4375 2834 4430 si
2880 4375 3153 4432 ollereuda
3203 4380 3273 4433 sit
3313 4380 3449 4436 ﬁdes
3483 4384 3632 4449 prius
3665 4384 3730 4437 ab

490 4479 593 4531 est,
623 4479 677 4521 et
700 4468 839 4520 iram
869 4476 1144 4535 operatur,
1168 4481 1273 4519 non
1299 4473 1526 4534 possunt
1551 4466 1643 4534 qui
1666 4481 1734 4520 ex
1763 4465 1879 4535 ipsa
1907 4474 2056 4529 sunt,
2090 4484 2135 4538 ι)
2163 4467 2402 4532 homine,
2432 4477 2488 4521 et
2515 4469 2585 4520 ita
2613 4482 2641 4520 a
2676 4467 2785 4521 Deo
2808 4469 2982 4536 gratia
3007 4473 3366 4539 promerenda
3401 4490 3415 4526 :
3445 4475 3568 4529 audi
3592 4491 3727 4543 quo-

490 4559 730 4613 haeredes
758 4574 883 4612 esse
903 4600 919 4620 ,
956 4559 1051 4613 sed
1081 4557 1152 4610 illi
1181 4558 1269 4625 qui
1304 4567 1432 4611 sunt
1459 4573 1524 4611 ex
1556 4558 1673 4628 lege
1699 4556 1818 4611 ﬁdei
1845 4575 1860 4611 :
1893 4555 2060 4626 528

493 4649 614 4704 ﬁdei
645 4659 823 4703 autem
855 4649 998 4702 illius
1030 4664 1097 4703 ex
1122 4664 1228 4718 qua
1268 4647 1596 4716 justiﬁcatus
1643 4657 1727 4702 est
1761 4647 2057 4701 Abraham.

493 4741 599 4794 Sed
632 4741 862 4794 fortasse
899 4741 1142 4806 requirat
1188 4740 1390 4810 aliquis
1441 4739 1710 4807 quomodo
1739 4753 1843 4793 non
1883 4749 1939 4792 et
1967 4738 2058 4808 qui

491 4831 593 4884 sub
630 4831 746 4900 lege
777 4830 946 4903 Moysi
998 4841 1114 4892 est.
1165 4837 1266 4885 sub
1317 4831 1432 4900 lege
1480 4830 1604 4884 ﬁdei
1637 4845 1758 4884 esse
1789 4829 2057 4895 videatur,

492 4937 616 4977 cum
649 4923 908 4992 scriptum
938 4925 1011 4978 sit
1055 4924 1107 4977 in
1135 4922 1323 4978 Exodo
1358 4941 1372 4977 :
1412 4939 1433 4976 ι
1463 4922 1705 4977 Credidit
1752 4931 1934 4975 autem
1960 4937 2058 4990 po-

563 5058 608 5090 "
635 5060 793 5114 Rom.
817 5075 890 5123 Iv,
923 5062 1009 5115 l5.

490 5144 591 5194 xu,
636 5130 726 5184 44.
829 5131 871 5161 ⁸³
905 5127 1062 5185 Joan.
1096 5145 1208 5194 xlv,
1241 5132 1295 5186 9.
1394 5131 1438 5162 ³⁸
1476 5132 1633 5186 Rom.
1671 5145 1748 5196 1v,
1776 5129 1864 5194 16,
1899 5129 1988 5183 Π.

559 5246 672 5314 (76)
711 5245 875 5307 Editi,
912 5263 931 5296 ι
965 5247 1282 5314 prolllDellll'
1309 5255 1366 5301 et
1394 5257 1604 5314 peccat.
1638 5266 1656 5297 ι

561 5317 671 5385 (7'7)
713 5317 804 5368 Sic
853 5331 1045 5369 onmes
1093 5331 1264 5381 mss.,
1315 5317 1572 5370 [tabanus
1615 5325 1670 5371 et
1713 5314 2056 5371 Salodianus.

488 5385 682 5457 Cameri
704 5399 836 5440 vero
865 5386 1018 5452 editi,
1056 5404 1075 5437 ι
1095 5386 1209 5440 Non
1236 5386 1339 5440 etsi
1366 5385 1535 5455 Moysi
1568 5387 1739 5457 legem
1771 5399 2057 5456 ponamus,

488 5455 768 5517 continuo,
800 5473 818 5504 ι
859 5463 966 5510 etc.

558 5523 672 5594 (78)
712 5524 787 5577 lta
829 5523 1124 5590 Rabanus;
1167 5524 1298 5577 editi
1343 5540 1478 5580 vero
1533 5535 1588 5579 et
1634 5540 1766 5579 mss.
1814 5525 2056 5588 quidam,

494 5613 512 5643 ι
550 5608 653 5646 non
705 5594 966 5662 petierint
1019 5594 1365 5648 concubitum
1416 5595 1756 5649 muliebrem.
1791 5614 1810 5644 ι
1867 5595 2055 5649 Caneri

491 5677 618 5736 mss.
657 5663 850 5736 nostri,
891 5682 910 5713 ι
947 5678 1050 5736 non
1081 5665 1510 5736 concupiverunt
1543 5684 1561 5716 ι
1593 5664 1714 5736 [:tl.,
1752 5683 1770 5716 ι
1794 5681 1913 5727 nou
1938 5681 2055 5720 cou-

487 5732 779 5794 cupierintl
813 5731 1163 5788 concubitum
1193 5733 1534 5789 muliebrem.
1576 5754 1595 5786 ι

1085 5060 1129 5091 ιι
1159 5059 1181 5113 Ι
1210 5060 1353 5116 Tim.‘
1376 5077 1415 5118 ι.
1449 5063 1504 5124 9,
1538 5061 1626 5116 10.
1703 5061 1746 5092 ¹⁸
1775 5058 1929 5112 Rom.
1970 5074 2032 5126 ιι,
2068 5060 2157 5124 14,
2192 5060 2280 5115 15.
2378 5058 2420 5090 ’⁸
2449 5059 2522 5112 Ex

1096 5145 1208 5185 xlv.
1241 5132 1295 5185 9.
1394 5131 1438 5162 ³⁸
1476 5132 1633 5185 Rom.
1671 5145 1748 5185 1v.
1776 5129 1864 5185 16.
1899 5129 1988 5183 Π.
2089 5131 2132 5160 ἰ
2165 5129 2334 5185 lCor.
2359 5143 2462 5185 xu.
2487 5127 2522 5181 8

2288 5144 2334 5186 r.
2359 5143 2462 5193 xtt,
2487 5143 2543 5181 δ.

2161 4559 2322 4612 modo
2358 4560 2409 4611 in
2456 4557 2578 4612 aliis
2607 4558 2770 4612 etiam
2806 4559 2871 4613 de
2903 4559 3006 4614 hoc
3041 4560 3178 4614 idem
3206 4561 3501 4630 Apostolus
3549 4565 3728 4621 docet.

2161 4649 2370 4703 Etenim
2421 4649 2509 4703 ubi
2553 4663 2834 4705 emtmerat
2879 4651 3018 4705 dona
3067 4651 3306 4720 Spiritus
3332 4653 3412 4716 ²¹,
3445 4670 3565 4724 quae
3601 4657 3729 4709 dicit

2158 4739 2458 4792 secundum
2493 4753 2798 4793 mensuram
2836 4741 2953 4794 ﬁdei
2981 4742 3329 4797 credentibus
3354 4743 3504 4805 dari,
3545 4744 3614 4796 ibi
3651 4745 3726 4796 in.

2159 4837 2240 4881 ter
2269 4839 2467 4883 caetera
2504 4829 2666 4882 etiam
2703 4831 2898 4883 donum
2932 4830 3053 4885 ﬁdei
3099 4833 3296 4886 asserit
3340 4847 3436 4901 per
3468 4833 3726 4902 Spiritum

2159 4928 2404 4974 sanctum
2448 4919 2632 4974 tribui.
2689 4919 2818 4976 Post
2868 4922 3033 4975 multa
3063 4937 3296 4991 namque
3347 4925 3419 4978 ita
3469 4927 3632 4978 etiam
3665 4909 3733 4978 de

2378 5058 2420 5090 "
2449 5059 2619 5112 Exod.
2647 5073 2760 5122 xlv,
2801 5057 2895 5111 51.
2947 5037 2954 5048 ’
2989 5059 3031 5092 ²⁷
3061 5056 3220 5112 Joan.
3251 5073 3304 5124 v,
3335 5059 3423 5112 46.
3501 5059 3543 5091 ¹⁸
3572 5057 3728 5114 Joan.

2231 5241 2344 5312 (79)
2381 5243 2556 5308 Alias,
2587 5259 2607 5293 ι
2642 5242 2730 5310 qui
2761 5241 2926 5294 videt.
2961 5260 2981 5293 ι

2226 5309 2340 5380 (80)
2378 5312 2469 5367 Se.
2507 5309 2670 5366 Deest
2693 5314 2743 5364 in
2777 5321 2934 5365 antea
2962 5309 3145 5365 editis.

2250 5382 2339 5450 81)
2377 5382 2548 5447 A'lias,
2591 5400 2609 5433 ι
2646 5383 2761 5450 qui.
2804 5399 2823 5432 ι

2252 5454 2340 5517 82)
2381 5453 2551 5513 Alias,
2593 5469 2611 5502 ι
2649 5452 2762 5520 qui.
2801 5469 2817 5498 ι

2157 5593 2207 5646 d_
2228 5519 2338 5644 (85)
2376 5522 2545 5589 Alias,
2582 5541 2600 5572 ι
2623 5519 2750 5577 ante
2776 5520 2942 5574 Deum
2969 5521 3054 5575 cui
3086 5519 3360 5575 credidiSti
3383 5540 3428 5585 ;ι
3450 5520 3544 5584 al.,
3581 5533 3733 5577 tere-

2195 5609 2230 5646 u
2255 5604 2314 5645 u.
2346 5610 2364 5642 ι
3431 5608 3436 5613 -

2195 5594 2314 5646 itlil.
2346 5610 2364 5642 ι
3431 5608 3436 5613 ·

2231 5663 2341 5730 (84)
2383 5659 2519 5712 Editi
2550 5670 2618 5741 ,οι
2650 5675 2784 5715 mss.
2818 5659 3019 5730 plures,
3060 5681 3076 5712 ι
3112 5664 3235 5732 quia
3271 5681 3312 5716 ι.
3347 5661 3566 5716 Ιὶιιειίηε
3597 5675 3747 5720 IIIS-3o

2160 5748 2317 5793 unus,
2354 5750 2370 5781 ι
2407 5747 2583 5794 quas't.
2619 5749 2636 5780 ι
