4170 6414
395 355 502 411 9ῖὸ

1902 331 2230 392 ORIGENIS

3555 326 3660 381 976

390 479 501 532 hoc
545 473 724 530 die“!
766 490 782 523 ι
824 470 925 525 Alii
974 469 1108 524 ﬁdes
1154 468 1205 522 ίη
1256 468 1443 522 εοάεηὶ
1494 464 1698 534 simil"
1735 464 1778 494 ²¹
1810 477 1825 516 ε
1868 481 1886 514 ι
1923 466 2055 523 "1A
2083 475 2248 528 corde
2280 482 2466 527 nostro
2500 470 2770 538 descripta
2801 476 2949 536 sunt,
2998 467 3142 524 sicut
3185 467 3326 521 idem
3363 467 3480 538 ipse
3512 470 3659 535 Apo.

394 568 650 624 ostendat
681 565 807 635 quia
839 563 1005 618 etiam
1031 562 1164 616 ﬁdes
1198 577 1294 631 per
1320 559 1550 630 gratiam
1578 559 1756 612 datur.
1785 554 1891 609 Sed
1921 564 1975 608 et

396 658 526 712 alibi
578 656 721 712 idem
770 654 1059 727 Apostolus
1106 652 1268 707 docet
1312 652 1539 708 dicens:
1584 669 1602 700 ι
1632 648 1766 716 Quia
1803 664 1832 702 a
1865 647 1974 701 Deo

396 750 552 805 vobis
580 749 760 804 datum
788 756 872 802 est
899 760 1007 800 non
1037 745 1213 801 solum
1239 752 1297 797 ut
1323 743 1561 798 credatis
1593 740 1646 794 in
1673 740 1972 803 Chrisuim,

397 843 490 898 sed
519 843 684 898 etiam
725 850 784 894 ut
816 838 1095 910 patiamini
1131 853 1228 907 pro
1257 837 1346 890 illo
1375 836 1441 890 “.
1481 853 1500 886 ι
1540 825 1754 887 invenis
1788 833 1891 886 hoc
1919 839 1976 884 et

399 937 452 990 in
487 935 794 1005 Evangeliis
841 931 1151 1001 designari,
1197 929 1284 984 ubi
1336 928 1561 996 apostoli
1609 926 1974 991 intelligentes

397 1029 541 1096 quod
586 1042 646 1081 ea
695 1042 815 1094 qua!
841 1042 906 1080 ex
935 1026 1158 1080 homine
1193 1035 1269 1078 cst
1307 1023 1440 1078 ﬁdes
1461 1063 1475 1086 ,
1512 1036 1616 1075 non
1649 1028 1826 1088 potest
1854 1032 1976 1072 esse

399 1119 660 1188 perfecta,
684 1119 786 1172 nisi
820 1118 998 1172 addita
1026 1115 1189 1172 fuerit
1213 1118 1379 1170 etiam
1407 1130 1467 1170 ea
1499 1130 1619 1184 quae
1642 1129 1705 1168 ex
1739 1113 1844 1166 Deo
1869 1121 1974 1175 est,

397 1212 587 1264 dicunt
615 1211 681 1265 ad
706 1208 1040 1264 Salvatorem
1074 1227 1087 1262 :
1126 1227 1145 1261 ι
1175 1209 1328 1280 Auge
1373 1205 1528 1261 nobis
1554 1204 1712 1258 ﬁdem
1748 1202 1812 1257 “.
1843 1221 1862 1254 ι
1899 1201 1974 1254 Ex

396 1301 594 1368 quibus
619 1299 876 1354 omnibus
901 1299 1247 1367 apertissime
1289 1298 1678 1366 comprobatur
1707 1293 1852 1364 quod
1887 1293 1976 1347 hic

396 1393 534 1448 dicit
554 1391 848 1460 Apostolus
878 1407 893 1444 ε
937 1409 955 1442 ι
993 1389 1116 1444 Ideo
1159 1405 1224 1442 ex
1259 1388 1390 1452 ﬁde,
1427 1398 1486 1441 ut
1516 1386 1815 1441 secundum
1846 1399 1976 1453 grao

395 1487 528 1538 tiam
562 1484 716 1540 ﬁrma
748 1483 820 1539 sit
847 1484 1135 1554 promissio
1160 1483 1205 1515 "’
1238 1501 1252 1536 :
1297 1501 1316 1534 ι
1349 1482 1478 1550 quia
1510 1480 1673 1534 etiam
1701 1477 1835 1532 ﬁdes
1861 1478 1972 1546 ipsa

397 1593 502 1644 qua
541 1577 769 1634 credere
805 1577 1055 1632 videmur
1091 1576 1236 1638 Deo,
1284 1574 1425 1628 dono
1472 1572 1524 1626 in
1585 1570 1740 1626 nobis
1789 1570 1976 1638 gratiae

399 1667 780 1722 conﬁrmatur.
843 1667 970 1721 Haec
998 1673 1180 1719 autem
1217 1673 1300 1718 est
1327 1662 1502 1734 gratia
1532 1676 1695 1731 quam
1729 1659 1975 1714 invenire

399 1761 538 1814 sicut
587 1761 902 1814 thesaurum
938 1773 1192 1829 maguum
1244 1765 1485 1811 meretur
1536 1757 1581 1810 si
1630 1757 1755 1826 quis
1788 1755 1976 1809 beatus

398 1863 484 1908 est
507 1852 576 1905 “.
638 1851 791 1906 Hanc
836 1851 1047 1906 invenit
1081 1848 1224 1915 Noe;
1261 1857 1316 1903 et
1345 1848 1468 1902 ideo
1512 1847 1773 1917 scriptum
1800 1854 1884 1901 est
1912 1846 1977 1900 de

399 1958 464 1998 eo
492 1961 508 1998 :
546 1961 565 1995 ‹
595 1941 709 1998 Noe
739 1953 919 1997 autem
949 1941 1158 1997 invenit
1197 1941 1428 2012 gratiam
1467 1939 1521 1994 in
1551 1948 1841 2010 conspectu
1870 1939 1975 1993 Do-

401 2035 532 2089 mini
565 2035 659 2090 Dei
687 2035 755 2088 ".
794 2053 814 2086 ι
849 2033 1001 2088 Hanc
1052 2033 1335 2086 invenerat
1384 2032 1612 2102 gratiam
1645 2040 1699 2086 et
1730 2029 1972 2102 Moyses;

398 2135 455 2180 et
486 2125 607 2180 ideo
639 2124 851 2179 dicebat
881 2124 947 2178 ad
975 2123 1142 2177 Deum
1198 2137 1212 2175 :
1268 2139 1290 2172 ο
1322 2120 1380 2176 Si
1428 2121 1612 2175 inveni
1656 2121 1885 2191 gratiam
1921 2119 1974 2172 in

396 2225 690 2286 conspectu
729 2226 820 2270 tuo
849 2214 918 2268 ⁸⁸.
954 2233 972 2267 ι
1022 2211 1338 2268 Invenimus
1392 2223 1570 2268 tamen
1609 2212 1816 2280 aliquos
1847 2226 1979 2265 sano

398 2320 613 2364 ctorum
633 2349 649 2372 ,
680 2323 788 2363 non
816 2307 991 2362 solum
1040 2306 1094 2360 in
1126 2314 1422 2375 conspectu
1455 2303 1669 2358 Domini
1700 2303 1791 2357 Dei
1827 2303 1976 2357 inve-

400 2402 547 2456 uisse
593 2401 860 2472 gratiam,
909 2398 1002 2454 sed
1051 2398 1220 2462 etiam
1254 2400 1304 2452 iu
1334 2405 1628 2468 conspectu
1673 2396 1972 2451 hominum.

401 2493 641 2561 Denique
666 2492 731 2546 de
762 2491 926 2545 beato
955 2488 1153 2558 Joseph
1202 2489 1464 2558 scriptum
1509 2498 1587 2542 est
1621 2505 1637 2541 :
1675 2507 1694 2539 ι
1732 2486 1799 2541 Ει
1823 2487 1976 2541 inve-

399 2586 479 2639 nit
521 2582 718 2652 Joseph
766 2582 999 2651 gratiam
1056 2582 1110 2636 in
1162 2591 1453 2650 conspectu
1485 2579 1686 2635 domini
1717 2579 1800 2633 sui
1837 2579 1902 2633 π.
1951 2596 1970 2629 ι

400 2675 508 2730 Sed
541 2675 642 2729 ista
677 2674 850 2745 gratia
885 2688 1005 2742 quae
1053 2672 1106 2728 in
1136 2681 1428 2741 conspectu
1459 2671 1736 2727 hominum
1766 2668 1976 2724 iuveni-

403 2776 523 2832 tur,
576 2766 685 2819 Deo
722 2763 988 2832 largiente
1020 2764 1362 2818 conceditur.
1402 2763 1493 2818 Sic
1539 2763 1682 2817 enim
1716 2762 1975 2832 scriptum

399 2867 485 2912 est
527 2856 594 2911 de
635 2855 822 2909 eodem
851 2853 1048 2923 Joseph
1080 2873 1093 2908 :
1135 2873 1154 2906 ι
1187 2855 1252 2908 Et
1281 2864 1402 2909 erat
1444 2855 1704 2909 Dominus
1731 2869 1854 2908 cum
1881 2850 1976 2906 Jo-

400 2947 563 3015 seph,
597 2956 651 3001 et
680 2944 875 3002 inludit
908 2961 1072 3016 super
1094 2961 1217 3001 eum
1256 2946 1712 3012 misericordiam,
1746 2954 1802 3000 et
1825 2945 1976 3000 dedit

399 3038 478 3092 illi
523 3037 758 3108 gratiam
809 3038 862 3090 in
909 3046 1202 3107 conspectu
1242 3038 1504 3108 principis
1551 3036 1795 3092 carceris
1841 3036 1907 3091 ’°.
1951 3053 1972 3089 ι

403 3129 650 3198 Amplius
681 3129 858 3182 adhuc
882 3126 1083 3195 aliquid
1119 3127 1183 3180 de
1213 3126 1518 3196 hujusmodi
1552 3127 1725 3196 gratia
1753 3127 1808 3180 in
1837 3125 1977 3181 divi—
2003 3164 2046 3222 α

402 3219 490 3275 ais
532 3217 730 3272 litteris
763 3229 1097 3271 memoratur
1141 3216 1210 3271 de
1258 3219 1414 3271 beata
1444 3217 1660 3272 Esther.
1698 3215 1790 3272 Sic
1829 3216 1975 3272 enim

397 3311 480 3363 ait
531 3327 546 3362 :
588 3309 720 3375 Quia
765 3327 784 3360 ι
820 3319 940 3364 erat
983 3309 1185 3364 Esther
1231 3309 1516 3364 inveniens
1559 3309 1788 3380 gratiam
1837 3310 1979 3380 apud

397 3416 592 3459 omnes
623 3403 717 3473 qui
747 3403 1005 3458 videbant
1034 3418 1154 3458 eam
1187 3401 1252 3457 ³¹.
1287 3420 1305 3452 ι
1334 3401 1500 3456 Paulo
1529 3411 1653 3473 post
1673 3402 1804 3458 dicit
1829 3403 1980 3458 Scri-

402 3503 559 3564 ptura
594 3512 606 3547 :
649 3511 668 3545 (
702 3492 916 3549 Invenit
965 3494 1196 3565 gratiam
1227 3493 1426 3548 Esther
1455 3507 1618 3562 super
1641 3507 1834 3548 omnes
1875 3508 1980 3548 ca:—

404 3596 550 3639 teras
585 3583 861 3653 virgines,
913 3593 968 3638 et
1014 3585 1272 3654 imposuit
1299 3584 1349 3638 ei
1381 3598 1474 3638 rex
1507 3583 1754 3638 diadema
1784 3582 1979 3637 mulie-

403 3678 503 3734 bre
530 3678 598 3733 ³².
632 3697 650 3729 ι
686 3678 812 3734 Haec
844 3688 1025 3734 autem
1073 3694 1182 3732 non
1216 3678 1523 3746 importune
1545 3717 1560 3743 ,
1605 3677 1879 3742 arbitror,
1913 3675 1980 3730 de

401 3768 708 3838 Scripturis
745 3771 952 3826 sanctis
992 3769 1376 3838 requisivimus
1411 3768 1478 3821 ad
1508 3767 1978 3822 conﬁrmationem

403 3861 686 3931 apostolici
721 3861 886 3925 dicti,
938 3859 992 3914 in
1041 3873 1148 3928 quo
1177 3858 1245 3913 de
1269 3858 1376 3912 ﬁde
1411 3867 1466 3912 et
1495 3859 1670 3928 gratia
1717 3858 1977 3927 diSputat.

401 3953 493 4006 Ait
540 3966 674 4021 ergo
724 3968 738 4005 :
794 3969 814 4002 ι
849 3949 973 4004 Ideo
1005 3965 1073 4004 ex
1135 3947 1273 4011 ﬁde,
1319 3958 1378 4001 ut
1405 3950 1702 4002 secundum
1749 3948 1980 4019 gratiam

402 4039 560 4092 ﬁrma
625 4037 698 4093 sit
749 4038 1038 4108 promissio
1080 4038 1144 4090 ³³.
1187 4055 1206 4088 ι
1275 4037 1382 4092 Sed
1430 4047 1483 4092 et
1527 4040 1636 4093 hoc
1685 4037 1978 4093 notandum

399 4141 484 4185 est
526 4132 673 4201 quod
717 4131 824 4198 ait,
881 4149 900 4182 ς
933 4129 1059 4185 Ideo
1112 4144 1175 4184 ex
1222 4130 1365 4193 ﬁde,
1401 4139 1462 4184 ut
1510 4130 1805 4185 secundum
1856 4145 1981 4201 gra-

401 4224 534 4278 tiam
582 4222 739 4277 ﬁrma
792 4225 864 4277 sit
909 4220 1238 4293 promissio,
1273 4239 1292 4272 ι
1343 4220 1500 4290 quasi
1551 4221 1842 4276 ostendere
1885 4234 1976 4274 vo-

404 4314 520 4367 lens
554 4315 698 4383 quod
744 4314 789 4367 si
831 4329 899 4369 ex
946 4314 1062 4384 lege
1103 4322 1283 4378 esset,
1315 4324 1370 4367 et
1417 4327 1520 4366 non
1551 4329 1616 4367 ex
1647 4311 1818 4381 gratia
1856 4325 1984 4379 pro-

403 4405 624 4468 missio,
657 4406 810 4460 ﬁrma
843 4421 948 4461 nou
973 4417 1158 4477 esset;
1189 4425 1330 4463 nunc
1363 4420 1542 4462 autem
1577 4407 1782 4461 idcirco
1821 4405 1977 4458 ﬁrma

2078 567 2249 622 stolus
2297 567 2548 620 minister
2596 565 2760 634 hujus
2804 564 2990 632 gratia:
3026 563 3077 616 in
3115 562 3238 617 aliis
3267 562 3552 632 designat,
3603 572 3660 617 et

2078 659 2257 712 dicit:
2295 675 2315 708 ι
2353 656 2594 726 Epistola
2641 667 2828 710 nostra
2879 668 2976 708 vos
3023 653 3182 717 estis,
3235 652 3496 722 inscripta
3551 669 3658 707 non

2078 759 2405 814 atramento,
2427 749 2518 803 sed
2545 749 2751 816 Spiritu
2778 747 2870 802 Dei
2896 746 3004 801 vivi
3028 764 3042 811 ;
3083 762 3188 800 non
3216 745 3270 799 in
3304 745 3503 800 tabulis
3526 744 3664 816 lapi—

2078 843 2214 906 dris,
2242 841 2336 896 sed
2375 843 2425 894 in
2465 841 2662 895 tabulis
2696 841 2880 894 cordis
2915 838 3227 894 carnalibus
3251 837 3318 894 “.
3362 856 3382 890 ι
3442 838 3566 902 deo,
3603 847 3662 892 nt

2079 935 2210 988 mihi
2252 935 2490 998 videtur,
2546 932 2792 986 ﬁrmiora
2844 930 2974 985 dicit
3006 945 3069 982 ea
3119 945 3240 998 qua:
3281 944 3379 998 per
3425 931 3660 998 gratiam

2077 1043 2240 1094 quam
2270 1041 2332 1079 ea
2360 1041 2480 1093 qua:
2507 1041 2571 1078 ex
2599 1024 2711 1093 lege
2735 1033 2882 1089 sunt,
2916 1022 3042 1092 quia
3075 1022 3164 1075 illa
3189 1033 3345 1077 extra
3380 1038 3478 1077 nos
3509 1032 3660 1086 sunt,

2078 1125 2133 1170 et
2163 1115 2281 1170 haec
2322 1115 2462 1168 intra
2497 1129 2598 1168 nos
2630 1133 2642 1166 :
2677 1123 2732 1167 et
2768 1113 2856 1166 illa
2895 1113 2948 1166 in
2976 1112 3154 1182 fragili
3188 1112 3416 1166 materia
3473 1113 3662 1167 cousi-

2079 1215 2254 1272 stunt,
2308 1205 2380 1259 ita
2425 1215 2483 1257 ut
2524 1204 2682 1259 facile
2732 1205 2944 1274 possint
2993 1204 3311 1258 exolescere
3342 1225 3355 1259 :
3385 1205 3500 1259 huic
3529 1192 3664 1259 vero,

2078 1300 2169 1354 Dei
2197 1298 2402 1369 Spiritu
2436 1299 2727 1368 inscripta,
2752 1309 2806 1353 et
2840 1299 2891 1353 in
2933 1299 3126 1352 anima:
3159 1299 3530 1366 penetralibus
3561 1299 3664 1351 im-

2079 1402 2292 1456 pressa,
2332 1387 2647 1444 ﬁrmitatem
2675 1389 3050 1459 perpetuitatis
3091 1391 3392 1444 obtineant.
3443 1389 3664 1445 Talibus

2077 1492 2206 1548 ergo
2224 1479 2420 1534 litteris
2441 1481 2820 1550 promissionis
2835 1481 3151 1535 inscribitur
3165 1482 3343 1534 anima
3361 1496 3481 1550 quae
3501 1482 3659 1537 ﬁdem

2077 1587 2226 1625 suam
2249 1573 2358 1626 Deo
2387 1573 2532 1626 velut
2560 1588 2715 1628 ceras
2736 1573 2996 1628 obtulerit
3022 1583 3356 1642 praeparatas
3374 1575 3512 1644 (85),
3533 1575 3658 1629 utin

2078 1664 2166 1718 his
2195 1664 2287 1717 Dei
2312 1665 2485 1735 gratia
2513 1665 2804 1735 dignanter
2836 1666 3008 1734 possit
3033 1665 3368 1721 inscribi:et
3410 1667 3531 1721 idco
3561 1668 3665 1721 hu-

2075 1755 2317 1822 iusmodi
2369 1759 2502 1811 ﬁdes
2542 1767 2824 1826 reputatur
2866 1760 2931 1812 ad
2985 1757 3292 1827 justitiam,
3338 1774 3459 1829 quae
3488 1774 3660 1827 capax

2081 1851 2270 1918 gratiae
2295 1849 2538 1905 caelestis
2570 1850 2863 1906 exstiterit.
2902 1849 3016 1904 Hoc
3050 1860 3232 1904 autem
3266 1851 3538 1922 contingit
3568 1867 3660 1906 se-

2079 1941 2210 1994 mini
2240 1941 2493 2003 Abraha,
2519 1956 2624 1994 non
2678 1941 2726 1995 ei
2776 1948 2980 1994 unitum
3007 1940 3150 2007 quod
3181 1955 3246 1993 ex
3274 1941 3389 2008 lege
3409 1949 3495 1995 est
3521 1939 3662 2008 (86),

2078 2034 2170 2086 sed
2190 2040 2245 2086 et
2281 2032 2331 2085 ei
2363 2032 2507 2100 quod
2529 2047 2596 2085 ex
2624 2031 2725 2084 ﬁde
2755 2041 2871 2088 est.
2900 2029 3069 2084 Multo
3107 2033 3252 2086 enim
3290 2032 3527 2085 Abralue
3563 2048 3663 2085 no-

2076 2122 2237 2178 bilior
2265 2137 2330 2177 ex
2363 2122 2468 2177 ﬁde
2517 2133 2622 2189 est,
2655 2139 2818 2192 quam
2850 2137 2919 2176 ea
2949 2138 3114 2177 carne
3167 2124 3464 2185 successio,
3527 2124 3660 2192 quia

2077 2231 2182 2270 non
2214 2231 2279 2271 ex
2307 2230 2495 2280 carne,
2523 2217 2617 2270 sed
2639 2230 2706 2270 ex
2741 2215 2845 2270 ﬁde
2867 2214 3200 2283 justiﬁcatus
3237 2231 3358 2270 esse
3389 2231 3662 2271 memora-

2078 2316 2182 2362 tur.
2218 2308 2274 2363 Si
2297 2309 2440 2363 enim
2482 2325 2588 2362 non
2613 2322 2680 2362 ex
2711 2307 2837 2372 ﬁde,
2863 2307 2955 2363 sed
2988 2323 3054 2361 ex
3084 2309 3292 2362 semine
3319 2307 3498 2362 danda
3535 2322 3662 2362 suc-

2077 2401 2256 2455 cessio
2281 2409 2385 2463 est,
2409 2400 2740 2454 conveniens
2765 2400 2872 2454 erit
2900 2410 2954 2453 et
2976 2397 3227 2454 lsmaelis
3256 2399 3660 2468 posteritatem,

2076 2498 2132 2543 et
2159 2503 2253 2544 eos
2274 2489 2367 2559 qui
2392 2505 2456 2544 ex
2497 2489 2736 2545 Cethura
2757 2490 3110 2555 descendunt,
3131 2491 3196 2544 ad
3230 2491 3654 2561 promissionum

2077 2589 2420 2635 sacramenta
2443 2581 2685 2650 perduci.
2713 2580 2868 2648 Quod
2897 2583 3087 2650 utique
3116 2597 3222 2636 non
3253 2583 3535 2652 recipitur,
3562 2584 3661 2639 sed

2075 2671 2187 2726 sola
2227 2671 2361 2742 legis
2395 2688 2458 2726 ac
2510 2673 2632 2726 ﬁdei
2687 2673 2982 2742 posteritas
3033 2675 3413 2728 introducitur.
3453 2675 3657 2730 Verum

2078 2777 2184 2817 non
2234 2778 2334 2818 nos
2385 2763 2940 2832 praetercatApostoli
2975 2764 3026 2816 in
3065 2764 3169 2816 hoc
3193 2763 3313 2817 loco
3343 2764 3662 2818 nutabunda

2077 2856 2321 2925 quaedam
2342 2856 2661 2924 etambigne
2682 2855 2885 2925 prolata
2901 2855 3124 2909 locutio.
3145 2855 3296 2922 Quod
3328 2856 3474 2909 enim
3501 2857 3658 2922 dixit,

2085 2966 2103 2999 ι
2145 2948 2212 3004 Ut
2244 2948 2399 3002 ﬁrma
2427 2950 2500 3002 sit
2533 2948 2826 3012 promissio
2856 2947 3004 3002 omni
3040 2947 3255 3012 semini,
3295 2963 3400 3000 non
3432 2947 3482 3001 ei
3511 2948 3661 3017 quod

2078 3055 2144 3095 ex
2170 3040 2291 3110 lege
2321 3049 2406 3095 est
2431 3050 2662 3105 tantum,
2702 3041 2794 3094 sed
2818 3048 2873 3094 et
2899 3040 2947 3094 ei
2971 3041 3113 3108 quod
3138 3055 3204 3092 ex
3231 3041 3334 3093 ﬁde
3351 3037 3521 3104 est”,
3567 3057 3586 3090 ›
3615 3040 3664 3094 si

2080 3131 2153 3185 ita
2183 3129 2516 3200 intelligatur
2546 3129 2700 3199 quasi
2747 3129 2893 3183 aliud
2922 3145 2990 3182 ex
3022 3127 3139 3196 lege
3179 3143 3390 3195 semen,
3427 3137 3483 3182 et
3517 3128 3663 3182 aliud

2079 3235 2146 3274 ex
2175 3220 2280 3275 ﬁde
2310 3222 2528 3287 dixerit,
2555 3231 2612 3275 ut
2640 3231 2897 3290 tanquam
2940 3222 3009 3274 ab
3037 3231 3266 3288 utroque
3292 3222 3500 3275 semine
3536 3236 3667 3290 pro-

2081 3312 2267 3368 missio
2300 3312 2638 3368 haereditatis
2670 3311 2782 3385 (87)
2810 3313 3353 3381 debeatexspcclari,
3388 3313 3666 3366 invenitur

2081 3405 2359 3463 contraria
2411 3403 2593 3458 dicere
2639 3404 2724 3458 his
2757 3418 2878 3474 quae
2931 3404 3185 3473 superius
3239 3404 3483 3473 scripsit,
3535 3419 3659 3457 cum

2080 3493 2250 3548 ait":
2276 3513 2295 3546 ι
2328 3493 2445 3549 Νοιι
2477 3494 2622 3548 enim
2643 3494 2889 3563 hiquiex
2915 3495 3060 3565 lege,
3084 3495 3326 3549 haeredes
3344 3492 3660 3565 διιιιι(88);›

2081 3584 2210 3639 item
2250 3584 2374 3639 alibi
2401 3584 2489 3636 ’7:
2531 3601 2550 3634 ι
2597 3583 2948 3638 Arbitramur
2990 3584 3136 3638 enim
3163 3583 3458 3652 justilicari
3494 3585 3666 3638 homi-

2079 3689 2204 3730 nem
2237 3690 2331 3744 per
2363 3673 2524 3730 ﬁdem
2563 3676 2682 3728 sine
2707 3673 2971 3744 operibus
2994 3675 3165 3745 legis;
3194 3693 3212 3726 ι
3249 3684 3306 3728 et
3340 3691 3556 3729 rursum
3577 3675 3656 3728 ηε

2086 3786 2104 3819 ε
2143 3767 2200 3822 Si
2231 3768 2375 3821 enim
2425 3768 2478 3822 hi
2525 3768 2615 3837 qui
2663 3783 2731 3822 ex
2760 3767 2898 3835 lege,
2929 3766 3178 3821 baeredes
3211 3778 3362 3831 sunt,
3398 3779 3664 3823 evacuata

2081 3867 2166 3914 est
2194 3858 2351 3914 ﬁdes.
2385 3877 2403 3910 ι
2443 3857 2660 3912 Etenim
2695 3859 2741 3912 si
2766 3873 2835 3912 ex
2867 3858 2972 3912 ﬁde
2995 3856 3332 3925 justiﬁeatur
3355 3857 3516 3912 homo
3545 3859 3666 3913 sine

2081 3951 2338 4019 operibus
2367 3949 2522 4021 legis,
2561 3959 2616 4004 et
2649 3951 2892 4006 literedes
2918 3965 3023 4004 non
3061 3950 3196 4004 ﬁunt
3233 3950 3345 4022 (89)
3385 3951 3438 4005 hi
3476 3951 3568 4020 qui
3597 3965 3662 4004 ex

2082 4041 2199 4111 lege
2222 4051 2374 4106 sunt,
2407 4043 2680 4111 quomodo
2712 4058 2817 4097 non
2845 4046 3185 4098 contrarium
3210 4045 3486 4099 videbitur
3519 4044 3662 4113 quod

2084 4132 2138 4185 in
2173 4132 2276 4186 hoc
2326 4131 2446 4186 loco
2499 4133 2656 4199 dicit,
2709 4133 2924 4188 ﬁrmam
2974 4150 3091 4190 esse
3119 4134 3538 4206 promissionem
3566 4149 3664 4204 per

2081 4224 2335 4292 gratiam,
2385 4238 2497 4278 non
2533 4224 2584 4278 ei
2633 4234 2848 4279 tantum
2883 4226 3079 4281 semini
3115 4227 3261 4297 quod
3304 4241 3371 4281 ex
3409 4226 3525 4295 lege
3554 4236 3658 4287 est,

2080 4317 2177 4369 sed
2203 4325 2259 4370 et
2286 4315 2337 4370 ei
2371 4317 2514 4384 quod
2556 4331 2623 4370 ex
2663 4317 2768 4373 ﬁde
2805 4321 2928 4375 est?
2956 4320 3023 4375 Et
3050 4335 3174 4374 cum
3201 4320 3255 4374 in
3291 4317 3662 4387 superioribus

2082 4420 2176 4460 eos
2189 4407 2278 4475 qui
2307 4421 2373 4460 cx
2400 4407 2519 4474 lege
2541 4417 2669 4464 sunt
2702 4411 2967 4479 repulisse
2991 4410 3262 4474 videatur,
3295 4409 3386 4463 hic
3407 4423 3500 4464 eos
3525 4425 3662 4477 quo-

399 4497 506 4561 sit,
558 4499 684 4567 quia
733 4516 836 4555 non
877 4516 944 4555 ex
991 4501 1144 4572 lege,
1195 4504 1294 4558 sed
1337 4517 1432 4570 per
1461 4499 1714 4570 gratiam.
1764 4496 1822 4551 In
1868 4512 1976 4568 quo
2008 4517 2054 4571 ι)
2083 4495 2240 4549 modo
2267 4506 2514 4564 exaequat
2543 4497 2625 4551 his
2653 4513 2791 4567 quos
2827 4513 2891 4553 ex
2931 4500 3035 4554 ﬁde
3060 4514 3286 4568 sperare
3315 4500 3545 4565 gratiam
3577 4497 3662 4550 di-

399 4605 500 4658 ego
554 4601 684 4660 puto
735 4593 879 4660 quod
932 4593 1037 4647 tale
1090 4593 1292 4663 aliquid
1350 4593 1574 4663 intelligi
1623 4591 1789 4656 velit,
1849 4590 1977 4660 quia

397 4697 522 4750 quae
566 4698 633 4737 ex
681 4682 801 4749 lege
849 4694 1005 4749 sunt,
1058 4694 1212 4740 extra
1264 4701 1361 4740 nos
1408 4695 1534 4740 sunt
1577 4702 1591 4737 :
1642 4699 1763 4752 quae
1794 4691 1975 4735 autem

402 4789 502 4838 per
552 4774 817 4845 gratiam,
871 4775 1012 4830 intra
1065 4792 1163 4831 nos
1203 4777 1491 4831 habentur.
1569 4773 1725 4829 Verbi
1786 4787 1978 4837 causa,

407 4863 570 4935 529
608 4880 729 4934 qua:
770 4867 824 4920 in
859 4865 978 4936 lege
1014 4867 1220 4936 scripta
1257 4875 1420 4928 sunt,
1447 4864 1686 4934 (calamo
1726 4875 1783 4917 et
1832 4872 1980 4916 atra-

405 4968 589 5011 mento
617 4958 669 5011 in
691 4959 1023 5014 membranis
1041 4960 1124 5014 vel
1155 4961 1422 5016 chartulis
1443 4960 1646 5025 scripta
1671 4965 1830 5020 sunt;
1858 4968 1980 5024 qute

434 5057 581 5104 utem
613 5063 681 5105 ex
713 5051 888 5120 gratia
941 5053 1303 5120 descendunt,
1350 5068 1445 5123 per
1494 5051 1758 5120 Spiritum
1795 5048 1890 5103 Dei
1922 5047 1977 5100 in

504 5229 552 5259 “
581 5227 598 5282 1
629 5227 754 5282 Cor.
783 5245 879 5293 xu,
916 5229 968 5284 9.

405 5306 476 5355 Vl.
503 5298 556 5353 8.
650 5299 698 5331 ³⁸
727 5299 893 5353 Exod.
929 5315 1126 5364 xxxm,
1160 5303 1245 5354 l3.

400 5379 475 5428 ιν,
513 5368 600 5424 16.
642 5368 688 5402 “
711 5369 754 5422 ll
775 5371 903 5425 Cor.
928 5386 1012 5437 ιιι,
1044 5374 1098 5425 5.

497 5512 585 5584 85)
624 5513 738 5578 ΑΙ.,
771 5531 790 5564 ε
833 5516 974 5570 ceris
993 5515 1251 5570 obtulerit
1277 5514 1658 5584 praeparatis.»

496 5581 585 5652 86)
624 5585 751 5638 Mss.
784 5584 987 5653 plures,
1019 5603 1037 5636 ι
1062 5602 1168 5640 non
1193 5586 1242 5640 ei
1277 5581 1487 5639 tantum
1516 5585 1610 5654 qui
1645 5597 1709 5636 ex
1735 5581 1849 5653 lege
1870 5592 1973 5647 cst,

401 5654 496 5707 sed
530 5655 580 5723 ei
602 5655 693 5723 qui
722 5669 789 5706 ex
819 5654 922 5709 ﬁde
954 5665 1056 5709 est.
1090 5675 1109 5706 ι

475 5719 588 5792 (87)
621 5719 988 5778 Ἠωγεάὶιαιὶε.
1029 5725 1186 5780 Deest
1221 5725 1272 5778 in
1297 5724 1480 5779 editis.

482 5791 597 5863 (88’)
640 5792 760 5846 Non
790 5794 927 5847 enim
958 5795 1010 5847 hi
1056 5797 1146 5865 qui
1179 5811 1243 5851 ex
1278 5794 1410 5868 lege,
1440 5795 1672 5851 hwredes
1707 5803 1849 5848 sunt.
1882 5791 1975 5848 Sic

2085 4587 2199 4642 cit?
2233 4587 2340 4642 Sed
2377 4589 2510 4642 mihi
2551 4589 2769 4644 videtur
2800 4591 2945 4660 quod
2981 4592 3134 4657 dicit,
3170 4608 3189 4642 ι
3231 4589 3392 4646 Omni
3431 4589 3665 4654 semini,

2087 4693 2193 4732 non
2230 4679 2280 4734 ei
2319 4680 2463 4749 quod
2502 4697 2569 4735 ex
2613 4681 2730 4752 lege
2761 4690 2843 4736 est
2874 4691 3103 4749 tantum,
3153 4683 3245 4737 sed
3273 4681 3396 4736 etei
3427 4683 3668 4750 quodex

2090 4774 2194 4829 ﬁde
2235 4784 2318 4829 est
2345 4774 2412 4842 ”,
2445 4793 2465 4828 ι
2504 4775 2674 4846 legem
2713 4776 2825 4840 hic,
2865 4776 3007 4829 sicut
3049 4789 3191 4843 saepe
3234 4772 3346 4842 jam
3401 4772 3665 4835 diximus,

2088 4865 2330 4922 indicare
2361 4868 2688 4931 naturalem,
2731 4877 2786 4921 et
2816 4868 2917 4920 hoc
2959 4879 3230 4931 asserere,
3273 4863 3418 4934 quod
3442 4879 3546 4917 non
3580 4863 3667 4917 bis

2087 4954 2178 5024 qui
2207 4971 2275 5010 et
2315 4955 2430 5027 lege
2471 4957 2705 5012 naturali
2753 4958 2928 5012 solum
2959 4957 3206 5020 veniunt,
3245 4957 3399 5009 ﬁrma
3442 4955 3517 5010 sit
3547 4970 3670 5024 pro-

2085 5047 2402 5112 missio,sed
2428 5058 2482 5102 et
2506 5049 2590 5103 his
2615 5048 2706 5117 qui
2735 5063 2800 5102 ex
2831 5047 2934 5102 ﬁde
2965 5046 3070 5116 legi
3096 5045 3404 5100 addiderint
3426 5045 3664 5099 naturali

1049 5230 1094 5261 ³³
1123 5229 1319 5300 Philip.
1352 5247 1390 5290 ι,
1419 5230 1510 5284 29.
1587 5229 1633 5260 ’⁸
1663 5229 1795 5281 Luc.
1841 5242 1977 5288 xvu,

1049 5316 1126 5354 nt.
1160 5303 1245 5354 l3.
1343 5303 1388 5333 ²⁹
1423 5300 1556 5354 Gen.
1601 5315 1790 5354 xxxvi.
1839 5297 1893 5350 4.
1969 5298 1977 5327 ³

2079 5267 2094 5279 .
2169 5226 2402 5280 ’⁵11οω.
2459 5243 2532 5286 ιν.
2596 5227 2684 5281 16.
2758 5227 2983 5280 “Prov.
3041 5241 3124 5290 ιιι,
3183 5225 3372 5281 13-15.
3449 5224 3493 5256 ’τ
3523 5223 3660 5278 Gen.

2079 5295 2177 5352 )id.
2223 5297 2315 5352 21.
2405 5298 2449 5329 ³³
2496 5298 2694 5351 Esther
2742 5313 2806 5354 ιι.
2839 5299 2920 5351 15.
3019 5297 3062 5327 ³²
3102 5295 3350 5354 ibid.l7.
3425 5295 3471 5326 ³³
3502 5296 3660 5350 ltum.

1197 5336 1930 5437 :5nom.‘iI-':'16."33'ibili.
1975 5336 2183 5422 Min
2215 5336 2315 5420 ιῖὀί

2405 5298 2449 5329 ³³
2496 5298 2694 5351 Esther
2742 5313 2806 5360 tt,
2839 5299 2920 5351 15.
3019 5297 3062 5327 ³²
3102 5295 3350 5355 ibid.l7.
3425 5295 3471 5326 ³³
3502 5296 3661 5350 ltum.

2142 5367 2183 5397 ³⁷
2215 5367 2375 5420 llum.
2410 5383 2492 5433 ιιι,
2518 5368 2588 5422 28
2663 5367 2707 5399 ³³
2729 5367 2888 5422 Betti.
2926 5382 3003 5433 tv,
3033 5365 3119 5420 M.
3197 5367 3240 5400 ³⁸
3273 5367 3430 5420 ltum.
3466 5381 3540 5431 tv,
3577 5366 3664 5416 16.

2078 5525 2269 5565 omnes
2293 5524 2427 5564 mss.
2459 5511 2634 5565 nostri
2679 5521 2734 5565 et
2782 5511 2948 5576 editi;
2993 5519 3232 5564 attamen
3262 5509 3546 5578 tegendum
3586 5507 3666 5559 vi-

2077 5583 2261 5646 detur,
2295 5599 2314 5632 t
2349 5580 2463 5635 Non
2518 5583 2666 5636 enim
2712 5597 2808 5651 per
2861 5581 3032 5650 legem
3067 5580 3363 5645 promissio
3401 5578 3658 5636 Abrahze,

2079 5661 2174 5705 aut
2204 5651 2395 5705 semini
2433 5651 2571 5720 ejus,
2622 5661 2680 5704 ut
2738 5656 2914 5706 haeres
2949 5662 3098 5704 esset
3148 5652 3380 5714 mundi;
3415 5653 3510 5703 sed
3568 5662 3666 5716 per

2073 5721 2342 5792 justitiam
2365 5721 2510 5792 litlei.
2545 5741 2562 5773 ι

2153 5791 2265 5860 (89)
2302 5788 2467 5857 Editi,
2504 5808 2523 5842 ι
2552 5806 2659 5846 non
2689 5789 2912 5857 iuerint,
2949 5788 3166 5862 p‘tnale.
