4170 6420
455 337 563 394 979
1939 342 2018 397 ΟΠ

2120 341 2188 395 ΞΝ
2195 340 2262 396 IS
3605 350 3708 404 980

459 470 582 509 cum
613 469 678 510 ex
714 452 882 508 nihilo
909 468 1031 509 esse
1081 452 1208 507 fecit
1255 455 1529 522 universa,
1581 463 1636 510 et
1665 471 1727 510 ea
1761 471 1881 526 quae
1924 472 2029 509 non
2059 461 2107 515 Α
2135 468 2299 508 arena
2325 455 2492 508 maris
2515 453 2683 525 (1-),Et
2715 469 2820 509 non
2845 455 3154 510 inﬁrmatus
3183 465 3269 510 est
3296 456 3420 522 ﬁde,
3454 472 3552 512 nec
3581 475 3703 513 cun-

456 558 635 611 erant,
669 547 868 601 virtute
895 547 1150 616 potentiae
1186 560 1297 599 sua:
1327 556 1580 614 umquam
1627 562 1746 616 qua:
1771 555 2034 601 essentet
2134 545 2396 598 sideravit
2423 560 2622 615 corpus
2670 561 2826 601 suum
2869 545 2983 616 jam
3027 557 3361 610 emortuum,
3414 565 3540 602 cum
3593 551 3707 606 fere

455 638 823 692 subsisterent.
874 637 1162 692 evocavit:
1196 647 1250 691 et
1291 637 1363 691 ita
1397 640 1445 692 ei
1501 638 1554 692 in
1605 638 1844 693 creando
1899 637 2032 690 nihil

461 731 630 784 fuisse
662 728 900 797 difﬁcile,
933 740 991 783 ut
1014 744 1138 784 cum
1175 728 1310 783 nihil
1344 731 1656 795 exsisteret,
1705 730 1884 784 omnia
1903 729 2033 786 sub-

454 826 533 879 ito
585 832 773 876 vocata
793 823 864 876 ita
895 821 1194 877 adfuissent
1215 833 1468 891 tanquam
1487 837 1607 891 quas
1620 836 1834 890 semper
1855 822 2027 876 exsti-

454 915 622 968 terint
649 913 783 986 (94).
827 913 979 981 Quod
1010 914 1055 968 si
1095 915 1219 982 quis
1251 915 1406 968 nobis
1441 914 1661 981 objiciat
1689 914 1838 968 illum
1879 915 2029 984 Apo—

451 1006 576 1060 stoli
604 1021 938 1073 sermonem,
959 1021 1124 1077 quem
1161 1008 1228 1060 ad
1276 1007 1592 1062 Corinthios
1623 1007 1814 1062 scribit
1835 1007 1925 1061 ubi
1947 1007 2028 1061 di-

451 1099 548 1163 cit,
579 1099 706 1168 quia
735 1118 756 1149 ‹
787 1099 1219 1168 contemptibilia
1247 1097 1608 1168 mundielegit
1633 1100 1798 1164 Deus,
1829 1107 1884 1153 et
1908 1113 2028 1166 qua:

449 1203 556 1243 non
593 1198 744 1254 sunt,
783 1201 934 1245 utea
981 1207 1103 1262 quae
1143 1202 1268 1245 sunt
1302 1191 1630 1254 destrueret,
1677 1202 1737 1244 ut
1775 1207 1881 1245 non
1907 1190 2024 1259 glo-

453 1282 630 1336 rietur
662 1283 841 1337 omnis
870 1298 1000 1338 caro
1049 1298 1232 1338 coram
1268 1282 1376 1338 Deo
1390 1283 1435 1315 ⁸⁸
1467 1299 1481 1336 :
1519 1303 1538 1335 ι
1563 1293 1620 1338 et
1647 1283 1794 1337 dicat
1825 1297 2025 1338 secun-

446 1371 577 1425 dum
610 1371 756 1427 hanc
807 1374 1200 1443 expositionem
1232 1391 1340 1428 non
1392 1375 1686 1430 convenire
1703 1362 1778 1432 ἰιι
1819 1373 2023 1428 destrui

449 1465 706 1518 dicantur
733 1480 854 1534 quae
909 1474 1039 1520 sunt
1082 1481 1206 1520 cum
1252 1480 1317 1521 ea
1350 1482 1472 1533 quae
1522 1482 1628 1520 non
1675 1475 1804 1520 sunt
1850 1466 2023 1521 electa

445 1556 557 1609 sint
587 1557 724 1628 (95),
776 1559 1020 1614 dicemus
1065 1560 1131 1614 ad
1167 1560 1280 1614 haec
1307 1560 1438 1629 quia
1472 1561 1529 1613 in
1571 1558 1665 1613 illo
1713 1560 1836 1614 loro
1891 1558 2024 1612 alios

448 1649 586 1702 dixit
618 1663 713 1704 eos
735 1650 826 1719 qui
849 1661 1003 1715 sunt,
1025 1659 1080 1706 et
1113 1651 1249 1706 alios
1283 1651 1334 1705 in
1365 1652 1470 1706 hoc
1498 1652 1678 1720 capite
1706 1651 1758 1705 in
1785 1650 2022 1718 Epistula

447 1744 514 1793 ad
542 1740 842 1800 Romanos.
880 1741 1344 1797 Declaravitenim
1377 1744 1444 1796 ad
1467 1742 1780 1798 Corinthios
1805 1741 1932 1812 quia
1955 1741 2023 1796 de

449 1833 533 1886 his
562 1833 766 1887 diceret
801 1848 941 1904 quos
987 1849 1152 1904 supra
1205 1845 1641 1890 enumeraverat.
1675 1834 1820 1888 Dixit
1872 1832 2018 1888 enim

441 1924 692 1993 superius
716 1924 804 1979 διε
844 1943 865 1979 ‹
901 1925 1092 1981 Videte
1151 1926 1295 1981 enim
1345 1926 1683 1982 vocationem
1743 1935 2016 1990 vestram,

441 2016 662 2082 fratres,
682 2017 811 2086 quia
836 2031 942 2072 non
967 2018 1120 2072 multi
1140 2018 1414 2089 sapientes
1436 2019 1579 2073 inter
1601 2033 1696 2072 vos
1718 2017 2018 2073 secundum

444 2124 688 2174 carnem,
719 2125 822 2164 non
845 2109 996 2166 multi
1016 2119 1262 2180 potentes
1307 2105 1443 2178 (96),
1467 2119 1580 2159 non
1598 2105 1752 2159 multi
1773 2122 1824 2160 ni
1846 2106 2011 2161 b'les:

440 2203 536 2256 sed
561 2217 683 2273 quae
714 2203 880 2258 stulta
913 2214 1042 2258 sunt
1079 2203 1262 2259 mundi
1299 2201 1462 2272 elegit
1492 2199 1657 2265 Deus,
1689 2211 1750 2255 ut
1787 2199 2018 2256 confun-

442 2295 533 2350 dat
559 2296 836 2365 sapientes
861 2305 948 2350 :et
974 2295 1188 2350 inﬁrma
1217 2295 1405 2350 mundi
1435 2293 1598 2363 elegit
1626 2293 1789 2358 Deus,
1807 2300 1866 2346 ut
1888 2307 2020 2346 con-

439 2384 638 2439 fundat
687 2385 872 2439 fortia.
904 2403 924 2437 l
954 2383 1113 2441 Sicut
1163 2400 1294 2455 ergo
1345 2384 1512 2439 stulta
1559 2385 1745 2438 mundi
1789 2384 2019 2454 elegisse

439 2476 578 2532 dicit
599 2477 798 2542 Deum,
833 2479 935 2533 hoc
978 2486 1063 2532 est
1090 2487 1301 2547 gentes,
1334 2488 1396 2531 ut
1418 2477 1771 2532 confunderet
1799 2479 2017 2546 sapien-

439 2581 546 2634 tes,
575 2570 696 2624 sine
725 2570 888 2625 dubio
914 2568 1170 2635 Judteos;
1211 2579 1267 2624 et
1307 2569 1525 2624 inﬁrma
1560 2569 1766 2634 mundi,
1801 2578 2018 2622 utcon-

435 2663 632 2719 fundat
666 2664 853 2729 fortia,
884 2663 1074 2718 eodem
1110 2663 1303 2717 ordine
1340 2663 1394 2715 in
1428 2661 1530 2716 hoc
1555 2661 1680 2716 loco
1709 2661 1844 2717 dicit
1873 2673 1929 2716 et
1951 2662 2019 2714 de

435 2759 522 2812 his
552 2773 673 2827 quae
705 2772 810 2812 non
835 2768 982 2823 sunt,
1017 2767 1077 2812 ut
1103 2773 1163 2812 ea
1193 2773 1313 2826 qua
1340 2769 1467 2813 sunt
1498 2759 1742 2812 deStruat
1771 2775 1789 2814 :
1823 2766 1879 2811 et
1908 2771 2016 2812 non

437 2866 562 2904 esse
589 2860 796 2920 gentes,
822 2866 943 2906 esse
967 2862 1149 2906 autem
1171 2849 1386 2905 Judzeos
1415 2851 1676 2918 ostendit,
1709 2852 1760 2906 id
1791 2860 1896 2918 est,
1922 2851 2016 2921 qui

436 2943 493 2997 in
528 2943 644 3010 lege
666 2951 843 3007 erant,
885 2945 978 2997 sed
1005 2941 1179 3012 legem
1206 2956 1310 2996 nou
1341 2941 1658 3011 implebant,
1681 2951 1741 2996 ut
1771 2943 2018 2996 destrue-

438 3044 655 3098 rentur,
681 3044 734 3088 et
768 3033 1159 3090 inducerentur
1190 3032 1302 3104 (97)
1338 3033 1416 3087 illi
1467 3033 1563 3103 qui
1621 3049 1728 3087 non
1764 3043 1926 3087 erant
1961 3033 2014 3086 in

438 3126 582 3195 lege,
606 3138 660 3181 et
684 3127 920 3183 Abrahae
967 3125 1093 3181 ﬁdei
1124 3125 1464 3182 credulitatis
1495 3125 1691 3180 merito
1718 3125 2015 3195 jungeren-

439 3233 548 3278 tur.
578 3221 730 3289 Quod
755 3231 939 3278 autem
970 3222 1149 3277 dixit:
1183 3238 1202 3272 ι
1229 3218 1613 3280 Utconﬁmdat
1644 3221 1918 3290 sapientes
1948 3236 1961 3272 :
1987 3239 2007 3272 ι

437 3328 542 3367 non
574 3329 683 3384 quo
719 3329 849 3370 vere
879 3313 1156 3383 sapientes
1211 3322 1396 3366 essent
1448 3309 1597 3382 (98);
1639 3311 1844 3382 alioqui
1876 3328 2015 3366 nun-

435 3419 601 3474 quam
623 3406 980 3461 confunderet
1014 3405 1156 3461 Deus
1181 3419 1276 3460 eos
1321 3404 1414 3474 qui
1453 3405 1753 3459 secundum
1783 3403 1876 3459 Dei
1921 3420 2011 3459 sa-

434 3498 704 3564 pientiam
747 3498 1025 3567 Sapientes
1072 3509 1202 3553 sunt
1231 3498 1317 3564 ";
1373 3496 1469 3552 sed
1513 3496 1633 3552 illos
1659 3496 1794 3551 dicit
1831 3497 1922 3566 qui
1955 3513 2014 3552 sc

437 3599 628 3658 putant
653 3603 775 3644 esse
800 3589 1100 3658 sapientes,
1119 3599 1176 3645 et
1211 3605 1315 3645 non
1340 3597 1491 3653 sunt,
1521 3588 1666 3642 sicut
1686 3595 1742 3642 et
1769 3586 1900 3642 alibi
1932 3588 2015 3642 di-

438 3683 542 3738 cit:
568 3701 587 3734 ‹
617 3681 716 3740 Ubi
737 3682 994 3750 sapiens?
1023 3682 1116 3736 ubi
1135 3681 1348 3736 scriba?
1370 3682 1460 3736 ubi
1493 3680 1832 3750 conquisitor
1855 3679 2015 3747 hujus

436 3772 663 3828 sazculi?
692 3771 878 3828 Nonne
907 3771 1127 3826 stultam
1159 3771 1290 3827 fecit
1321 3771 1465 3826 Deus
1490 3772 1818 3841 sapientiam
1851 3771 2012 3840 hujus

439 3865 624 3918 mundi
649 3863 732 3916 “1'
769 3882 790 3915 ι
824 3863 991 3933 Hujus
1028 3862 1217 3917 mundi
1247 3876 1378 3932 ergo
1418 3861 1694 3930 sapientes
1721 3860 2012 3916 confundit

436 3958 645 4026 eligens
692 3955 912 4022 stultos,
951 3971 1058 4010 non
1088 3955 1216 4025 quia
1259 3955 1520 4009 similiter
1557 3953 1711 4008 stulti
1741 3961 1926 4009 essent
1959 3959 2014 4004 et

438 4049 527 4103 isti
560 4063 658 4115 per
689 4047 802 4118 (99)
831 4048 1112 4117 penuriam
1162 4061 1354 4102 sensus
1379 4086 1395 4112 ,
1429 4045 1526 4102 sed
1561 4044 1855 4100 secundum
1885 4042 2014 4095 illud

436 4144 580 4211 quod
608 4141 812 4194 dictum
839 4149 920 4194 est
942 4139 1031 4192 ’τε
1076 4157 1095 4191 ι
1133 4137 1237 4206 Qui
1276 4139 1389 4196 vult
1440 4138 1656 4207 sapiens
1681 4150 1822 4200 esse,
1849 4133 2010 4206 531

439 4233 638 4288 stultus
691 4231 786 4288 ﬁat
831 4231 883 4287 in
939 4231 1043 4285 hoc
1097 4231 1320 4294 mundo,
1375 4238 1435 4283 ut
1476 4228 1548 4283 sit
1599 4228 1817 4296 sapiens
1872 4226 2014 4295 apud

440 4325 639 4379 Deum:
661 4325 787 4394 quia
826 4323 1092 4394 sapientia
1115 4322 1277 4393 hujus
1299 4322 1485 4377 mundi
1515 4321 1743 4377 stultitia
1769 4329 1853 4376 est
1873 4319 2014 4390 apud

439 4418 670 4476 DeumuD

2131 645 2348 692 centum
2379 649 2526 692 esset
2551 654 2837 704 annorum,
2868 649 2923 694 et
2947 648 3252 693 emortuam
3289 639 3504 694 vulvam
3536 642 3703 698 Sarw.

2132 729 2187 782 lu
2215 732 2636 800 repromissione
2674 733 2838 786 etiam
2878 733 2974 787 Dei
3011 747 3117 786 non
3149 733 3420 788 lmsitavit
3458 735 3702 790 diﬁiden-

2133 820 2205 875 tia
2248 821 2380 875 :sed
2409 820 2751 878 confortatus
2771 834 2856 878 est
2887 824 2993 878 iide
3019 863 3034 888 ,
3068 825 3202 878 dans
3228 825 3456 894 gloriam
3488 827 3617 891 Deo,
3649 843 3708 884 et.

2129 912 2442 981 plenissime
2473 915 2653 969 sciens
2679 915 2804 984 quia
2850 931 3192 985 quascunque
3215 918 3480 986 promisit,
3512 929 3704 987 potens

2129 1013 2215 1057 est
2249 1013 2304 1057 et
2343 1004 2544 1059 facere.
2575 1005 2699 1060 Ideo
2737 1015 2793 1060 et
2829 1016 3136 1076 reputatum
3181 1018 3264 1062 est
3312 1009 3389 1064 illi
3431 1012 3496 1064 ad
3535 1010 3700 1076 justi-

2132 1095 2259 1148 tiam
2313 1096 2427 1150 ⁸⁸.»
2487 1095 2711 1153 Videtur
2765 1098 2898 1152 mihi
2954 1101 3098 1168 quod
3161 1100 3302 1155 dixit
3366 1102 3654 1170 Apostolus
3687 1143 3702 1165 ,

2135 1204 2154 1237 ι
2186 1198 2375 1241 contra
2412 1203 2585 1258 spem,
2612 1208 2632 1241 ι
2668 1191 2952 1260 aspexisse
3004 1191 3133 1246 illud
3180 1194 3323 1261 quod
3383 1194 3436 1246 in
3502 1191 3701 1248 Genesi

2131 1277 2366 1332 refertur
2405 1280 2678 1336 Abraham
2731 1283 2936 1338 dixisse
2987 1283 3054 1338 ad
3098 1284 3428 1338 Dominum:
3466 1301 3485 1334 ς
3516 1285 3697 1338 Domi-

2129 1379 2288 1423 nator
2311 1370 2563 1440 Domine,
2604 1373 2733 1441 quid
2767 1375 2899 1428 mihi
2924 1375 3116 1429 dabis?
3164 1374 3275 1444 Ego
3310 1385 3490 1430 autem
3520 1376 3701 1430 dimit-

2128 1475 2212 1519 tor
2240 1465 2358 1519 sine
2389 1463 2556 1519 ﬁliis:
2590 1465 2677 1519 hic
2703 1474 2888 1519 autem
2930 1466 3072 1521 ﬁlius
3114 1466 3327 1522 Mascch
3371 1467 3448 1538 (2)
3497 1485 3698 1522 verna-

2125 1556 2261 1610 culae
2288 1571 2421 1611 mea:
2447 1556 2746 1612 Damascus
2770 1557 2997 1613 Eliezer.
3026 1558 3092 1612 Et
3121 1559 3260 1613 dixit
3291 1560 3562 1614 Abraham
3595 1562 3695 1628 (3):

2125 1649 2393 1716 Quoniam
2418 1650 2548 1704 mihi
2571 1665 2678 1704 non
2708 1651 2902 1715 dedisti
2938 1667 3121 1707 semen
3146 1691 3162 1716 ,
3214 1655 3305 1708 hic
3357 1654 3687 1708 vernaculus

2124 1758 2278 1796 meus
2306 1743 2481 1796 iurares
2517 1757 2670 1797 meus
2689 1742 2796 1798 erit
2829 1743 2896 1802 ".
2919 1761 2938 1796 ι
2970 1743 3048 1797 Ex
3079 1745 3276 1812 quibus
3301 1747 3487 1814 utique
3514 1747 3698 1800 verbis

2052 1809 2094 1864 Β
2125 1834 2395 1889 Abraham
2441 1835 2510 1890 de
2560 1834 2685 1890 ﬁliis
2729 1809 3109 1905 suscipiendis
3141 1809 3698 1906 intelligiturjdespe-

2125 1943 2296 1983 rasse.
2324 1927 2479 1994 Quod
2505 1943 2638 1983 vero
2675 1929 2836 1994 dixit,
2872 1929 2956 1982 «in
2982 1944 3131 1999 spem
3171 1931 3424 1995 credidit,
3453 1948 3473 1981 ι
3510 1931 3696 1985 datam

2125 2035 2310 2075 rursus
2341 2021 2390 2075 ei
2423 2035 2598 2090 spem,
2630 2022 2842 2090 opinor,
2878 2021 3004 2076 inde
3043 2021 3251 2092 colligit
3300 2023 3389 2077 ubi
3431 2025 3696 2092 scriptum

2120 2121 2207 2166 est
2235 2127 2250 2164 :
2293 2112 2388 2166 tEt
2418 2127 2521 2167 vox
2547 2113 2761 2168 Domini
2792 2113 2937 2167 facta
2966 2124 3050 2168 est
3077 2114 3145 2166 ad
3175 2129 3299 2168 eum
3333 2115 3522 2170 dicens
3546 2115 3696 2170 :Non

2121 2215 2208 2258 est
2231 2204 2320 2260 hic
2353 2205 2529 2260 haeres
2560 2215 2684 2261 tuus
2717 2225 2732 2262 :
2761 2207 2853 2260 sed
2889 2206 2978 2275 qui
3013 2207 3209 2260 exierit
3240 2206 3306 2261 de
3329 2216 3381 2261 te
3402 2247 3416 2271 ,
3447 2207 3562 2277 ipse
3592 2208 3699 2264 erit

2121 2295 2300 2353 haeres
2335 2307 2480 2352 tuus.
2517 2298 2717 2352 Eduxit
2739 2307 2917 2351 autem
2948 2313 3070 2352 eum
3101 2297 3279 2365 foras,
3311 2309 3366 2354 et
3396 2301 3535 2354 dixit
3571 2301 3646 2354 illi
3675 2317 3692 2354 :

2121 2387 2351 2456 Respice
2373 2390 2441 2442 ad
2469 2389 2689 2454 caelum,
2742 2399 2798 2443 et
2836 2404 3063 2443 numera
3097 2388 3306 2455 stellas,
3353 2391 3400 2445 si
3451 2393 3697 2460 potueris

2120 2482 2467 2537 dinumerare
2495 2496 2612 2538 eas.
2664 2481 2733 2536 Et
2778 2486 2855 2537 ait
2896 2484 2962 2537 ad
2997 2497 3121 2538 eum
3155 2502 3169 2539 :
3198 2483 3291 2539 Sic
3346 2487 3456 2540 erit
3507 2502 3694 2542 semen

2121 2584 2296 2627 tuum.
2339 2574 2655 2629 Etcredidit
2683 2574 2817 2639 Deo,
2849 2585 2905 2629 et
2935 2584 3246 2644 reputatum
3274 2585 3358 2630 est
3386 2576 3436 2631 ei
3476 2578 3542 2631 ad
3601 2575 3695 2646 ju-

2118 2657 2402 2718 SIitiam“.
2422 2679 2441 2712 ι
2496 2665 2574 2718 Ex
2605 2665 2690 2720 bis
2719 2679 2850 2735 ergo
2875 2665 3058 2720 verbis
3101 2676 3156 2720 et
3183 2667 3491 2736 desperatio
3517 2669 3692 2736 prius,

2119 2763 2175 2804 et
2215 2743 2561 2820 postmodum
2595 2755 2718 2807 data
2776 2757 2826 2809 ei
2891 2769 3019 2824 spes
3085 2757 3180 2811 Dei
3241 2759 3696 2826 promissionibus

2120 2845 2449 2899 declaratur.
2484 2844 2582 2901 Cui
2627 2848 2753 2916 quia
2781 2850 3036 2914 credidit,
3081 2851 3342 2906 scribitur
3385 2853 3453 2907 de
3495 2866 3560 2904 eo
3593 2853 3696 2906 hoc

2121 2937 2264 3006 quod
2303 2953 2448 2992 nunc
2479 2941 2736 3008 proponit
2762 2940 2839 3010 (4)
2873 2943 3162 3010 Apostolus
3189 2983 3205 3008 ,
3251 2945 3383 3012 quia
3422 2963 3440 2995 ι
3475 2956 3693 3014 reputa-

2122 3038 2233 3082 tum
2261 3037 2350 3083 est
2376 3029 2425 3082 ei
2461 3030 2526 3083 ad
2549 3030 2819 3099 justitiam
2849 3032 2916 3086 ⁶¹.
2944 3049 2965 3084 ι
2995 3031 3188 3086 Merito
3222 3044 3428 3101 autem,
3455 3044 3512 3088 et
3541 3050 3694 3091 more

2121 3119 2202 3190 (5)
2231 3120 2332 3174 sibi
2368 3119 2526 3174 solito
2569 3121 2656 3175 ubi
2689 3122 2757 3175 de
2789 3121 2894 3176 ﬁde
2940 3132 3160 3188 tractat,
3205 3123 3505 3192 Apostolus
3551 3140 3691 3180 con-

2115 3208 2295 3280 jungit
2325 3219 2378 3265 et
2410 3225 2588 3281 spem,
2631 3211 2809 3266 sciens
2856 3211 2981 3267 ﬁdei
3040 3229 3194 3284 spem
3251 3215 3691 3284 inseparabiliter

2114 3302 2394 3357 cohaerere
2421 3341 2436 3368 ,
2466 3301 2607 3357 sicut
2639 3314 2694 3358 et
2723 3303 2778 3358 in
2827 3301 3069 3373 Epistola
3121 3306 3187 3359 ad
3237 3304 3497 3360 Hebraeos
3548 3307 3691 3360 idem

2115 3393 2274 3447 docet
2301 3393 2490 3449 dicens
2519 3408 2536 3448 :
2573 3393 2700 3449 «Est
2725 3402 2904 3448 autem
2929 3394 3062 3449 ﬁdes
3088 3395 3480 3464 sperandarum
3505 3411 3691 3451 rerum

2117 3487 2462 3552 substantia,
2515 3486 2778 3540 indicium
2836 3501 2944 3539 non
2999 3487 3374 3555 apparentium
3431 3487 3498 3539 ⁸³.
3533 3504 3552 3538 ι
3623 3486 3693 3540 Et

2116 3577 2315 3630 iterum
2346 3578 2400 3632 in
2425 3576 2529 3631 hac
2551 3577 2738 3632 eadem
2772 3577 2838 3630 ad
2866 3576 3137 3630 Romanos
3168 3577 3406 3646 Epistola
3433 3578 3484 3629 in
3510 3587 3693 3645 poste-

2117 3668 2354 3723 rioribus
2381 3668 2516 3724 dicit
2547 3683 2562 3722 :
2594 3686 2613 3720 t
2636 3667 2744 3738 Spe
2772 3678 2955 3722 autem
2986 3669 3121 3723 salvi
3151 3668 3282 3723 facti
3312 3684 3520 3724 sumus.
3556 3669 3695 3737 Spes

2116 3771 2300 3815 autem
2325 3775 2446 3830 qua}
2474 3761 2713 3827 videtur,
2743 3775 2852 3814 non
2880 3769 2965 3815 est
2994 3776 3139 3830 spes.
3177 3760 3331 3826 Quod
3365 3763 3513 3815 enim
3544 3762 3694 3816 videt

2115 3854 2261 3922 quis,
2289 3853 2418 3922 quid
2447 3853 2666 3920 sperat?
2691 3850 2748 3906 Si
2777 3866 2906 3906 vero
2925 3853 3067 3922 quod
3099 3867 3206 3906 non
3237 3853 3486 3908 videmus
3509 3851 3692 3922 spera-

2116 3961 2260 4010 mus,
2289 3960 2385 4014 per
2419 3944 2740 4014 patientiam
2772 3957 3152 4015 exspectamus
3186 3946 3253 4000 ⁸³.
3293 3964 3314 3998 ι
3363 3947 3517 4012 Quod
3572 3948 3690 4011 ait,

2121 4057 2139 4088 ι
2170 4052 2265 4107 spe
2303 4036 2436 4090 salvi
2473 4034 2600 4090 facti
2630 4052 2841 4102 sumus,
2897 4057 2916 4091 ι
2945 4039 3048 4091 hoc
3098 4037 3239 4091 idem
3267 4045 3351 4090 est
3388 4038 3534 4106 quod
3563 4038 3690 4092 alibi

2116 4129 2266 4194 dicit,
2297 4127 2424 4198 quia
2460 4146 2479 4178 ‹
2503 4141 2600 4195 per
2631 4127 2793 4182 ﬁdem
2824 4127 3010 4183 salvati
3058 4143 3247 4182 sumus
3273 4127 3318 4160 “
3347 4150 3396 4187 ε»
3437 4139 3514 4192 et,
3552 4148 3571 4180 ε
3597 4127 3689 4182 Fi-

2115 4219 2211 4273 des
2244 4230 2333 4273 tua
2377 4229 2428 4273 te
2455 4219 2661 4273 salvam
2707 4217 2836 4273 fecit
2871 4238 2917 4288 ;»
2973 4230 3047 4284 et,
3107 4236 3127 4269 ι
3157 4219 3468 4273 Secundum
3527 4218 3683 4271 ﬁdem

2120 4321 2266 4364 luant
2297 4312 2581 4380 contingat
2616 4309 2710 4364 tibi
2746 4310 2813 4362 °'.
2839 4329 2858 4362 ι
2899 4309 3030 4376 Quae
3060 4311 3248 4379 utique
3299 4309 3403 4363 illis
3437 4309 3691 4362 dicuntur

2117 4403 2206 4471 qui
2241 4403 2528 4458 credentes
2559 4403 2611 4456 in
2638 4401 2824 4458 Jesum
2865 4417 3014 4471 spem
3063 4410 3347 4472 gesserunt
3397 4404 3466 4455 ab
3511 4416 3575 4455 eo
3628 4415 3692 4456 se

507 4509 562 4564 6,
599 4525 621 4563 ι
655 4507 755 4574 Qui
795 4519 979 4564 comm
1015 4523 1166 4577 spem
1196 4508 1248 4562 in
1281 4525 1429 4580 Spw.
1453 4507 1687 4563 credidi;
1714 4546 1731 4570 ,
1763 4513 1822 4559 ιιι
1855 4504 2009 4558 ﬁeret
2042 4507 2088 4561 ι)
2117 4509 2276 4565 posse
2313 4495 2520 4549 curari.
2558 4493 2714 4548 Sicut
2739 4503 2921 4548 autem
2965 4493 3238 4547 Abraham
3281 4510 3301 4544 ι
3324 4503 3514 4548 contra
3542 4507 3693 4561 spem

435 4610 593 4670 pater
622 4600 909 4658 multarum
944 4601 1225 4669 gentium,
1269 4601 1569 4656 secundum
1617 4597 1760 4666 quod
1808 4597 2010 4650 dictum

435 4700 522 4746 est
550 4693 600 4747 ei
643 4712 657 4748 :
692 4690 784 4746 Sic
820 4691 926 4752 erit
967 4705 1151 4747 semen
1195 4701 1347 4749 tuum
1396 4690 1540 4746 sicut
1569 4687 1736 4744 stella:
1763 4684 1911 4754 cceli,
1955 4692 2010 4739 et

507 4829 592 4884 ⁸³1
620 4829 743 4884 Cor.
775 4844 813 4894 ι,
848 4829 941 4894 28,
964 4829 1053 4882 29.

436 4986 500 5038 ll,
551 4972 604 5027 8.
684 4971 729 5002 ”
765 4967 953 5024 Matth.
999 4985 1076 5036 1x,
1131 4968 1319 5024 22-29.
1395 4969 1440 4999 ⁶⁶
1475 4966 1635 5020 Rom.
1672 4981 1746 5032 tv,
1773 4966 1859 5020 18.

509 5080 622 5149 (94)
659 5080 736 5136 Ita
786 5095 892 5135 ms.
944 5091 1086 5133 unus
1121 5075 1324 5149 Regius
1359 5091 1511 5131 num.
1544 5072 2018 5149 l659_.__liabanus

438 5143 778 5216 vero,'editi,
809 5161 864 5205 et
904 5164 1032 5201 mss.
1057 5143 1344 5216 quidam”
1369 5157 1428 5199 ut
1463 5162 1585 5200 cum
1619 5143 1754 5216 nihil
1783 5143 2021 5216 exsiste-

439 5233 523 5291 ret
549 5208 668 5291 [ἀι.
697 5208 1029 5291 exsisterent]
1046 5208 1247 5291 omnia
1263 5217 1443 5291 subito
1468 5226 1659 5270 vocata
1700 5208 2019 5268 itaadiuisse

441 5285 663 5366 [al.,'ita
691 5292 896 5373 fuisse;
921 5285 1113 5351 al.[ita
1145 5294 1198 5338 ut
1221 5285 1410 5357 fuisse]
1444 5296 1700 5353 tanquam
1725 5299 1845 5352 quae
1873 5297 2018 5335 sem-

439 5362 536 5432 per
567 5362 898 5432 exstiterint.
940 5377 958 5409 ι
1295 5424 1306 5432 _
1405 5423 1439 5432 η
1487 5425 1496 5432 _
1698 5422 1789 5432 nn
1822 5421 1834 5432 .

513 5432 626 5500 (95)
662 5431 735 5484 ita
757 5445 946 5483 omnes
979 5441 1111 5484 mss.
1137 5424 1306 5480 nostri
1332 5432 1386 5479 et
1403 5423 1676 5479 Rabanus.
1698 5422 1838 5478 Editi
1862 5435 2010 5488 vero,

446 5521 466 5552 ι
498 5511 690 5556 vocata
719 5511 865 5555 sunt.
907 5518 925 5549 ι

513 5572 628 5641 (96)
670 5571 795 5625 Non
840 5569 993 5623 multi
1027 5579 1282 5637 potentes.
1338 5564 1462 5622 Haec
1516 5564 1712 5622 desunt.
1763 5564 1814 5618 in
1852 5571 2012 5616 antea

441 5643 622 5697 editis.

511 5712 626 5780 (97)
663 5711 835 5773 Alias,
864 5729 882 5760 ε
915 5708 1314 5781 iudicarentur,
1353 5725 1370 5756 ι
1415 5704 1574 5781 male.

513 5775 626 5847 (98)
670 5782 760 5835 Sic
793 5775 937 5836 mss.“
985 5781 1156 5835 nostri
1207 5794 1423 5839 omnes.
1477 5775 1621 5838 Editi
1659 5791 1811 5842 vero,
1855 5791 1873 5826 ε
1911 5790 2014 5832 non

1138 4829 1184 4860 δ”
1218 4829 1345 4884 ibid.
1378 4827 1472 4891 26,
1502 4827 1592 4880 27.
1665 4825 1712 4857 ⁸⁸
1743 4823 1863 4878 lsai.
1890 4840 1943 4885 v,
1976 4821 2068 4875 2|.

437 4900 634 4954 (8—22.
703 4900 752 4934 "
795 4890 937 4958 Cen.
971 4899 1028 4961 2.
1065 4900 1121 4954 5.
1193 4899 1238 4930 ⁸ο
1269 4900 1396 4954 ibid.
1431 4890 1552 4952 4-6.
1631 4897 1673 4928 ⁶¹
1710 4893 1868 4949 Rom.
1894 4892 2018 4962 ΝΑ

2163 4891 2208 4922 ⁸³
2239 4890 2402 4944 Hebr.
2450 4904 2526 4953 xt,
2556 4890 2604 4940 l.

2117 4588 2172 4642 iu
2203 4601 2354 4657 spem
2384 4585 2619 4641 credidit
2645 4585 2714 4650 ⁸⁸,
2740 4606 2759 4638 ι
2797 4587 2872 4641 ita
2904 4601 3095 4640 omnes
3140 4586 3233 4655 qui
3265 4600 3364 4655 per
3396 4585 3556 4638 tidem
3593 4583 3694 4640 ﬁlii

2114 4689 2244 4733 sunt
2289 4677 2588 4743 Abraham,
2637 4687 2830 4732 contra
2878 4691 3028 4747 spem
3089 4677 3142 4730 in
3175 4691 3324 4746 spem
3358 4677 3590 4730 credunt
3625 4675 3695 4732 de

2143 4819 2190 4854 “
2225 4820 2391 4874 lCor.
2422 4833 2460 4878 ι.
2493 4817 2584 4872 20.
2661 4816 2707 4847 ⁵⁷
2743 4814 2915 4868 lCor.
2948 4813 3130 4875 111.18,
3161 4813 3244 4868 19.
3320 4813 3365 4846 ⁵⁸
3411 4812 3569 4866 Rom.
3615 4827 3693 4881 tv,

2683 4886 2727 4916 ⁸³
2770 4884 2926 4938 lium.
2957 4900 3071 4949 vm,
3099 4886 3188 4950 24,
3242 4884 3333 4938 25.
3411 4883 3456 4914 ⁸⁸
3490 4884 3693 4953 Ephes.

2121 5069 2275 5138 quod,
2291 5079 2424 5138 vere
2447 5062 2718 5138 sapientes
2741 5073 2943 5138 essent.
2980 5078 2999 5111 ι

2193 5135 2309 5209 (99)
2350 5133 2626 5209 Sapientes
2659 5130 2934 5209 confundit
2961 5133 3396 5209 eligensstultos,
3416 5148 3532 5209 Δηοζι
3562 5135 3688 5205 quia

2118 5200 2367 5262 similiter
2404 5200 2553 5257 stulti
2591 5212 2763 5256 essent
2797 5210 2846 5254 et
2887 5200 2977 5254 isti
3002 5218 3113 5270 per.
3163 5203 3288 5257 Huic
3313 5200 3690 5260 desiderantur

2117 5278 2172 5336 in
2199 5288 2356 5330 antea
2385 5274 2570 5327 editis.

2190 5346 2265 5418 (1)
2294 5343 2443 5418 Sicut
2470 5342 2637 5418 uella;
2666 5339 2804 5402 cmii,
2837 5351 2884 5394 et
2914 5357 3078 5394 arena
3097 5346 3309 5418 utaris.
3331 5345 3456 5400 “me
3478 5346 3691 5399 deside-

2117 5413 2308 5473 rantur
2365 5416 2420 5468 in
2463 5413 2714 5468 omnibus
2763 5427 2895 5466 mss.
2941 5416 3173 5482 nostris;
3217 5417 3314 5471 sed
3365 5426 3587 5471 exstant
3640 5417 3694 5472 in

2119 5488 2302 5544 editis.

2193 5559 2270 5625 ('2)
2305 5552 2750 5625 MasechrEditi,
2773 5564 3019 5625 «manet,
3047 5573 3066 5606 ι
3109 5558 3266 5613 male.

2194 5623 2272 5696 (5)
2307 5626 2471 5691 Editi,
2501 5643 2520 5674 ‹
2552 5623 2841 5677 Etaddidit
2871 5625 3130 5682 Abram.»

2196 5697 2272 5765 (4)
2301 5697 2427 5749 Mss.
2461 5711 2622 5757 unus,
2655 5713 2673 5744 ε
2699 5697 3040 5760 pronuntiat.
3069 5715 3086 5746 ι

2195 5773 2270 5837 (Ἰ)
2308 5769 2431 5820 Mss.
2463 5782 2622 5831 unus,
2658 5782 2678 5815 ι
2705 5779 2768 5816 ex
2801 5779 2968 5816 more.
3001 5783 3021 5817 ι
