4170 6426
435 346 532 401 981

1389 343 1740 400 ΕΟΜΜΕΝΤ.
1780 344 1844 398 ΙΝ
1880 342 2098 400 EPIST.
2140 341 2234 398 AD
2263 340 2430 398 ROM.
2464 340 2592 396 LIB.
2630 339 2720 399 IV.

3579 341 3700 398 982

437 466 666 537 singulis
705 466 1011 536 quibusque
1063 481 1182 534 quae
1231 469 1485 532 credunt,
1525 470 1642 522 sive
1691 469 1758 523 de
1823 483 2008 524 resur—
2035 472 2084 530 Α
2112 467 2358 522 irritatur
2392 481 2406 518 :
2437 465 2620 520 omnia
2658 463 2874 528 tolerat,
2907 462 3092 518 omnia
3124 461 3322 527 credit,
3359 462 3539 516 omnia
3571 476 3695 532 spe-

439 558 682 612 rectione
709 566 1071 624 mortuorum,
1098 558 1215 613 sive
1246 559 1316 612 de
1344 559 1662 614 hazreditate
1714 561 1865 629 regni
1900 573 2015 615 cte-

438 644 636 700 lorum.
672 646 800 701 Haec
837 646 1002 707 enim,
1044 653 1306 714 quantum
1337 647 1404 700 ad
1430 656 1684 702 naturam
1714 648 2014 703 humanam

437 744 669 803 spectat,
704 745 895 790 contra
923 751 1074 806 spem
1105 736 1392 800 videntur;
1425 748 1686 808 quantum
1727 750 1909 795 autem
1945 741 2016 796 ad

437 829 735 896 potentiam
795 828 930 892 Dei,
968 829 1023 884 in
1057 844 1208 900 spem
1261 831 1558 888 creduntur
1603 832 1720 902 (6);
1769 833 2016 902 exemplo

437 919 722 974 Abraham
777 919 1056 974 credentis
1111 921 1237 990 quia
1309 941 1329 974 ι
1365 937 1704 994 quaecunque
1761 925 2018 994 promisit

440 1010 605 1076 Deus,
638 1021 834 1081 potens
860 1023 948 1068 est
973 1022 1027 1068 et
1054 1013 1236 1069 facere
1265 1015 1350 1082 '7;
1405 1034 1424 1068 ι
1462 1015 1511 1071 si
1560 1026 1737 1073 tamen
1786 1019 1872 1073 his
1922 1018 2016 1088 qui

438 1102 672 1156 credunt
705 1113 925 1158 maneat
968 1105 1126 1171 ﬁdes,
1155 1123 1300 1178 spes,
1349 1117 1404 1162 et
1434 1109 1702 1164 charitas.
1764 1109 1833 1165 Et
1884 1121 2016 1178 puto

437 1194 581 1262 quod
606 1194 783 1263 prima
809 1195 1004 1251 salutis
1033 1197 1209 1264 initia,
1249 1208 1307 1254 et
1336 1199 1456 1268 ipsa
1494 1199 1852 1258 fundamenta
1883 1201 2018 1258 ﬁdes

435 1293 521 1338 est
551 1301 566 1337 :
602 1286 882 1354 profectus
908 1302 1040 1343 vero
1062 1299 1116 1344 et
1155 1302 1445 1361 augmenta
1483 1291 1702 1347 aediﬁcii
1737 1307 1862 1361 spes
1889 1301 2014 1348 est:

436 1378 701 1446 perfectio
738 1389 922 1434 autem
961 1390 1016 1435 et
1045 1383 1259 1437 culmen
1298 1384 1466 1437 totius
1507 1385 1692 1453 operis
1720 1386 1967 1440 charitas
1999 1402 2014 1440 :

435 1469 493 1521 et
521 1469 644 1524 ideo
686 1487 705 1521 ι
731 1471 906 1542 major
952 1474 1198 1528 omnium
1229 1493 1248 1526 ι
1297 1474 1499 1530 dicitur
1544 1493 1569 1527 ι
1601 1476 1845 1531 charitas
1896 1475 1965 1532 ⁸⁸.
1990 1495 2011 1530 ι

436 1557 609 1625 Igitur
632 1561 908 1616 Abraham
942 1581 962 1616 ι
982 1573 1172 1618 contra
1197 1580 1348 1632 spem
1382 1565 1437 1620 in
1471 1581 1622 1636 spem
1647 1566 1912 1634 credidit,
1958 1575 2019 1622 ut

435 1662 596 1719 pater
634 1652 788 1708 ﬁeret
810 1655 1103 1710 multarqu
1134 1655 1377 1726 gentium
1406 1675 1426 1709 ι
1460 1672 1582 1726 quae
1614 1657 1814 1713 futurae
1833 1668 2020 1714 essent

433 1744 577 1798 sicut
617 1744 792 1800 stellae
834 1746 980 1811 cteli,
1030 1763 1136 1802 non
1177 1745 1352 1801 solum
1397 1749 1782 1816 multitudine,
1826 1749 1920 1804 sed
1963 1759 2019 1805 et

435 1834 693 1891 claritate
721 1851 734 1888 :
765 1838 969 1913 quique
997 1829 1346 1910 promittenti
1380 1841 1458 1911 (7)
1499 1841 1731 1895 ﬁdeliter
1763 1841 2013 1907 credens,

435 1945 456 1975 ε
485 1942 615 1992 non,
640 1927 836 1998 inquit,
875 1931 1183 1987 infirmatus
1211 1941 1296 1988 est
1322 1932 1477 1993 ﬁde.»
1504 1933 1659 2000 Quod
1689 1933 1846 1999 dicit,
1875 1951 2014 1991 «non

433 2017 740 2075 inﬁrmatus
777 2030 863 2076 est
914 2022 1043 2087 ﬁde,
1068 2041 1088 2075 ι
1137 2026 1429 2079 ostendere
1475 2025 1609 2078 mihi
1638 2026 1855 2080 videtur
1893 2041 2016 2084 esse

429 2108 726 2174 quamdam
764 2110 1143 2167 inﬁrmitatem
1183 2113 1237 2167 in
1273 2113 1401 2169 ﬁde.
1447 2113 1604 2181 Quod
1651 2116 1698 2170 si
1744 2126 1829 2171 est
1863 2117 2017 2172 inﬁr-

434 2199 621 2262 mitas,
655 2211 742 2256 est
768 2203 1082 2259 sine'dubio
1127 2214 1178 2260 et
1223 2207 1467 2272 sanitas,
1522 2209 1666 2262 sicut
1701 2219 1758 2264 et
1795 2209 1850 2264 in
1895 2210 2017 2266 aliis

430 2294 694 2360 ostendit,
731 2310 854 2350 cum
879 2298 1012 2352 dicit
1040 2320 1053 2353 :
1086 2320 1105 2350 ι
1131 2297 1359 2368 lncrepa
1402 2300 1525 2356 illos
1552 2302 1780 2368 acriter,
1812 2311 1874 2358 ut
1896 2306 2014 2360 sani

433 2383 544 2436 sint
578 2385 629 2438 in
663 2385 771 2441 ﬁde
797 2387 865 2440 ".
893 2405 912 2438 ι
944 2387 1142 2444 Beatus
1171 2405 1305 2459 ergo
1331 2400 1417 2446 est
1450 2392 1542 2461 qui
1567 2408 1672 2448 non
1707 2393 2019 2450 inﬁrmatur

437 2473 492 2526 iu
517 2474 644 2528 llde.
683 2474 741 2529 Si
771 2491 899 2532 vero
921 2478 1044 2547 quis
1072 2478 1401 2541 inﬁrmatur.
1443 2497 1632 2537 curam
1660 2485 1782 2553 ejus
1807 2486 2018 2542 descri-

431 2563 513 2618 bit
555 2566 846 2634 Apostolus
896 2583 1020 2624 cum
1053 2571 1224 2638 dicit;
1257 2591 1276 2624 ε
1319 2574 1682 2630 lnﬁrmantem
1731 2588 1912 2632 autem
1957 2579 2014 2634 in

433 2654 541 2709 ﬁde
576 2658 862 2723 assumite,
890 2674 998 2714 non
1025 2661 1078 2715 in
1100 2663 1585 2734 disceptationibus
1599 2669 2011 2739 cogitationum.

434 2747 572 2801 Nam
631 2749 772 2805 alius
818 2752 988 2807 credit
1034 2755 1365 2811 manducare
1418 2760 1638 2827 omnia;
1693 2762 1786 2830 qui
1829 2772 2014 2816 autem

435 2840 689 2897 inﬁrmus
728 2853 844 2909 est,
879 2844 1028 2900 olera
1063 2849 1355 2904 manducet
1377 2849 1446 2904 "°.
1468 2869 1489 2902 ι
1518 2851 1623 2906 Per
1651 2853 1799 2922 quod
1831 2854 2016 2924 utique

434 2933 709 3002 designat,
744 2935 895 2991 verbi
926 2935 1076 2991 olera
1099 2941 1393 3008 praebenda
1414 2956 1537 2997 esse
1563 2943 1614 2997 ei
1647 2946 1738 3012 qui
1772 2945 2017 3000 inﬁrma-

436 3033 525 3077 tur
559 3025 610 3078 iu
638 3025 770 3092 ﬁde,
791 3043 857 3082 ne
892 3028 1048 3096 plena
1090 3030 1216 3085 lidei
1259 3033 1506 3088 doctrina
1543 3037 1934 3092 cunctantibus
1961 3038 2013 3092 in

433 3213 615 3259 autem
649 3207 786 3262 ﬁdes
834 3209 1042 3263 dicitur
1081 3226 1203 3280 quae
1241 3213 1478 3281 perfecta
1516 3227 1624 3280 est,
1671 3227 1728 3272 et
1758 3219 1844 3272 cui
1878 3219 2014 3275 nihil

434 3299 589 3351 deest
625 3317 641 3352 :
672 3308 728 3352 et
769 3298 885 3367 ipsa
907 3307 993 3354 est
1014 3315 1134 3370 quae
1157 3303 1332 3356 credit
1359 3307 1696 3363 manducare
1720 3310 1927 3376 omnia,
1959 3311 2014 3365 id

433 3399 542 3452 est,
585 3405 706 3457 quae
754 3404 957 3460 capere
992 3400 1172 3460 potest
1215 3396 1396 3449 nimia
1429 3413 1443 3450 :
1471 3412 1632 3465 quam
1678 3399 1769 3470 qui
1816 3401 2010 3468 habet,

431 3482 696 3548 spiritalis
739 3483 1060 3551 appellatur,
1097 3494 1154 3538 et
1180 3486 1450 3554 dijudicat
1479 3492 1664 3544 omnia
1721 3492 1790 3557 τί,
1845 3502 1902 3548 et
1956 3495 2011 3549 in

433 3572 583 3624 nullo
609 3588 861 3632 sermone
898 3579 1267 3634 scandalizari
1305 3589 1502 3647 potest.
1550 3581 1704 3638 Unde
1729 3585 2013 3641 evidenter

431 3675 654 3731 apparet
681 3681 802 3722 esse
817 3682 1105 3740 augmenta
1129 3673 1379 3741 quadam
1412 3682 1468 3727 et
1497 3674 1772 3744 profectus
1803 3677 1856 3732 in
1884 3677 2012 3744 ﬁde,

429 3765 489 3808 et
550 3755 765 3824 aliquos
814 3760 1014 3816 habere
1074 3775 1283 3830 partem
1339 3764 1461 3819 fidei
1511 3766 1765 3836 exiguam
1799 3806 1815 3830 ,
1874 3769 2012 3825 alios

431 3861 713 3914 magnam,
744 3849 880 3906 alios
909 3865 1038 3906 vero
1071 3854 1270 3908 habere
1302 3869 1520 3911 omnem
1550 3857 1731 3911 ﬁdem.
1774 3857 1929 3913 Unde
1957 3869 2012 3913 et

431 3939 727 4009 Apostolus
757 3942 974 3998 dicebat
1009 3961 1024 3998 :
1064 3963 1083 3996 ι
1106 3944 1162 4000 Si
1197 3946 1430 4000 habeam
1467 3963 1682 4002 omnem
1721 3949 1899 4013 ﬁdem,
1936 3951 2011 4006 ita

435 4042 492 4083 ut
542 4043 758 4088 montes
803 4037 1130 4093 transferam
1178 4039 1247 4093 τ’.
1277 4058 1297 4092 ι
1343 4038 1452 4094 Sed
1497 4049 1553 4095 et
1607 4041 1661 4095 in
1704 4042 2012 4113 Evangeliis

431 4126 682 4194 discipuli
716 4128 900 4182 dicunt
923 4131 988 4184 ad
1022 4130 1334 4198 Dominum,
1361 4133 1514 4200 quasi
1543 4133 1740 4202 quibus
1769 4134 2009 4190 nondum

428 4217 584 4286 plena
614 4219 818 4274 inesset
841 4219 978 4276 ﬁdes
1004 4237 1018 4273 :
1061 4240 1080 4272 ι
1114 4223 1266 4293 Auge
1294 4224 1453 4279 nobis
1479 4224 1637 4279 ﬁdem
1672 4225 1740 4280 ".
1763 4243 1784 4278 ι
1815 4225 2012 4280 Consi-

429 4312 560 4363 dera
615 4325 770 4375 sane,
805 4312 851 4365 si
888 4316 1186 4368 secundum
1226 4329 1291 4369 ea
1332 4331 1455 4385 qua:
1489 4317 1556 4371 de
1594 4316 1702 4371 ﬁde
1751 4317 2008 4384 dicimus,

427 4402 596 4455 etiam
637 4404 706 4458 de
748 4404 1038 4459 charitatis
1083 4407 1391 4475 augmentis
1428 4408 1685 4464 similiter
1733 4409 2010 4478 possimus

2114 565 2223 620 rat,
2245 555 2424 610 omnia
2453 555 2704 620 sustinet,
2747 571 2767 604 ι
2805 562 2861 608 et
2889 562 3081 608 caetera
3119 551 3208 607 his
3235 551 3454 606 similia.
3481 551 3614 617 Qum
3645 553 3692 607 si

2115 646 2239 716 quis
2271 648 2470 702 habeat
2493 687 2509 713 ,
2542 654 2695 700 recte
2734 644 2865 699 mihi
2903 643 3117 698 videtur
3161 643 3267 698 dici
3319 642 3462 712 quod
3498 643 3698 696 habeat

2114 751 2336 792 omnem
2369 738 2691 793 charitatem
2723 752 2740 791 :
2773 749 2893 804 quae
2914 733 3157 789 charitas
3183 733 3303 788 sine
3331 731 3493 788 dubio
3521 746 3587 786 ex
3611 731 3699 786 his

2115 827 2344 898 singulis
2387 829 2458 883 ab
2512 828 2775 898 Apostolo
2822 841 2989 897 supra
3062 824 3380 880 memoratis
3444 823 3695 894 partibus

2116 927 2350 977 constat.
2403 919 2672 976 Similiter
2724 927 2912 974 autem
2961 925 3019 972 et
3059 916 3126 971 de
3164 915 3574 982 misericordia,
3637 923 3694 968 ct

2115 1010 2320 1080 pietate
2371 1010 2701 1081 casterisque
2752 1008 3047 1066 virtutibus
3086 1007 3329 1062 arbitror
3371 1005 3478 1060 dici
3509 1019 3692 1074 posse.

2117 1099 2188 1154 Et
2213 1101 2355 1156 forte
2381 1116 2477 1171 per
2500 1101 2618 1156 haec
2653 1100 2870 1172 singula
2896 1099 3040 1154 sicut
3086 1100 3154 1154 de
3203 1095 3310 1151 ﬁde
3351 1095 3554 1150 dictum
3586 1105 3696 1160 cst,

2117 1194 2247 1261 quia
2281 1210 2302 1245 ί
2332 1192 2471 1248 ﬁdes
2501 1201 2753 1261 reputata
2776 1199 2860 1247 est
2884 1193 2952 1248 ad
2975 1191 3247 1261 justitiam
3274 1191 3344 1258 ",
3380 1209 3400 1244 ι
3441 1189 3516 1244 ita
3547 1198 3597 1243 et
3625 1187 3697 1241 dc

2117 1284 2390 1340 charitate
2421 1283 2527 1339 dici
2552 1293 2751 1354 potest,
2795 1285 2923 1354 quia
2963 1292 3214 1355 reputata
3248 1291 3336 1339 est
3374 1281 3612 1336 charitas
3642 1279 3694 1333 ei

2117 1375 2185 1429 ad
2209 1375 2474 1443 justitiam
2505 1374 2608 1447 (8),
2639 1385 2735 1430 aut
2771 1376 2964 1446 pietas,
3001 1384 3094 1431 aut
3135 1373 3537 1431 misericordia.
3585 1371 3696 1426 Sed

2117 1465 2397 1522 videamus
2442 1467 2560 1536 jam
2608 1482 2676 1523 ea
2725 1481 2846 1537 quae
2887 1477 3324 1536 consequuntur.
3389 1464 3500 1520 «Et
3561 1477 3695 1526 non,

2118 1555 2335 1626 inquit,
2389 1557 2698 1614 inﬁrmatus
2746 1566 2836 1614 est
2891 1559 2950 1614 in
3014 1560 3124 1615 ﬁde
3178 1575 3284 1616 nec
3329 1558 3700 1615 consideravit

2117 1662 2276 1703 suum
2300 1663 2499 1720 corpus
2515 1649 2626 1718 jam
2650 1660 2984 1718 emortuum,
3011 1667 3133 1706 cum
3152 1651 3271 1708 fere
3287 1661 3504 1707 centum
3527 1663 3699 1704 anno-

2117 1756 2240 1796 rum
2272 1751 2440 1808 esset,
2487 1752 2543 1797 et
2575 1754 2879 1798 emortuam
2919 1743 3140 1799 vulvam
3187 1744 3341 1800 Sarus
3367 1761 3380 1800 :
3411 1745 3465 1799 in
3505 1757 3697 1812 repro-

2046 1822 2090 1878 Β
2119 1833 2379 1890 missione
2413 1835 2580 1890 etiam
2613 1835 2709 1891 Dei
2755 1851 2866 1892 non
2902 1835 3178 1892 haesitavit
3223 1835 3556 1901 dilﬁdentia,
3598 1835 3695 1889 sed

2116 1924 2453 1983 confortatus
2478 1935 2562 1982 est
2592 1927 2702 1983 ﬁde
2726 1926 2774 1958 ⁷⁸
2795 1965 2810 1982 .
2842 1945 2862 1979 ι
2901 1926 3178 1994 Quantum
3211 1927 3430 1996 quidem
3458 1926 3528 1981 ad
3565 1926 3696 1980 sim-

2116 2015 2314 2086 plicem
2364 2017 2603 2088 pertinet
2658 2020 3041 2085 intellectura,
3106 2019 3414 2076 evidentem
3467 2019 3696 2089 protulit

2119 2110 2408 2176 rationem,
2439 2112 2584 2182 quod
2625 2114 2900 2169 Abraham
2933 2127 3058 2167 cum
3107 2113 3325 2169 audiret
3354 2112 3456 2168 sibi
3499 2126 3530 2166 a
3582 2111 3692 2164 Deo

2117 2199 2357 2254 sobolem
2411 2203 2716 2270 repromitti
2746 2245 2762 2270 ,
2829 2219 2938 2258 non
2999 2204 3242 2275 respexit
3287 2203 3356 2258 ad
3417 2213 3695 2256 emortuas

2117 2293 2413 2346 centenarii
2436 2296 2685 2364 corporis
2707 2295 2878 2360 vires,
2908 2297 2977 2352 de
3005 2311 3112 2366 quo
3139 2297 3326 2366 utique
3351 2309 3693 2365 nequaquam

2119 2386 2326 2452 sperari
2361 2397 2576 2455 poterat
2603 2387 2712 2442 ulla
2747 2389 3026 2444 successio
3054 2407 3068 2445 :
3106 2392 3200 2444 sed
3224 2391 3523 2459 potentiam
3567 2407 3694 2461 pro-

2117 2477 2387 2533 mittentis
2417 2479 2672 2544 intuitus,
2707 2479 2844 2534 nihil
2872 2480 3087 2536 diﬂicile
3115 2497 3241 2538 esse
3266 2482 3501 2537 credidit
3529 2484 3582 2537 in
3606 2483 3694 2539 his

2117 2585 2240 2640 qua:
2297 2574 2653 2641 promittebat
2685 2573 3219 2644 Omnipotens:sed
3271 2576 3444 2642 dedit,
3495 2577 3693 2648 inquit,

2123 2682 2143 2714 α
2167 2665 2394 2735 gloriam
2423 2667 2532 2722 Deo
2562 2668 2634 2732 ",
2666 2686 2686 2720 ι
2743 2667 3050 2738 intelligens
3079 2667 3244 2723 solius
3275 2669 3368 2724 Dei
3401 2684 3530 2724 esse
3571 2687 3693 2725 mu-

2117 2772 2242 2821 nus,
2294 2759 2387 2813 ubi
2414 2761 2671 2814 humanae
2733 2759 3088 2816 fecunditatis
3133 2760 3260 2831 jura
3315 2771 3692 2817 cessaverant.

2117 2850 2308 2906 Merito
2335 2851 2501 2922 igitur
2531 2851 2678 2906 dedit
2703 2850 2934 2922 gloriam
2980 2852 3113 2916 Deo,
3148 2852 3240 2920 qui
3273 2863 3484 2907 naturae
3516 2853 3694 2909 fuerat

2117 2944 2365 2999 desertus
2393 2942 2631 2997 auxiliis.
2669 2941 2820 3008 Haec,
2845 2951 2904 2996 ut
2933 2942 3070 3007 dixi,
3097 2951 3359 3010 quantum
3390 2942 3458 2996 ad
3481 2944 3693 3013 simpli-

2115 3050 2233 3089 cem
2277 3033 2696 3104 intelligentiam
2728 3035 2985 3104 pertinet,
3019 3031 3346 3087 sufﬁcienter
3371 3033 3512 3088 dicta
3544 3036 3692 3091 vidc—

434 3133 499 3171 ea
544 3127 600 3172 et
639 3121 1045 3187 quodammodo
1092 3126 1486 3192 tngrotantibus
1517 3127 1818 3196 ingeratur.
1867 3130 2010 3185 Sana
2040 3162 2088 3198 ρ
2119 3124 2342 3182 buntur.
2394 3123 2453 3178 Si
2507 3140 2635 3180 vero
2704 3123 2828 3195 quis
2879 3123 3104 3192 objiciat
3152 3124 3308 3178 nobis
3355 3142 3370 3178 :
3413 3125 3693 3192 Quomodo

2117 3214 2320 3282 poterit
2366 3214 2642 3270 Abraham
2692 3214 2744 3267 in
2793 3212 3115 3268 centenario
3167 3229 3429 3268 annorum
3467 3229 3694 3270 numero

2114 3307 2327 3376 positus
2354 3307 2588 3361 emortui
2617 3306 2871 3374 corporis
2896 3305 3025 3371 dici,
3070 3305 3162 3374 qui
3188 3315 3540 3375 posteaquam
3570 3321 3690 3361 sus-

2115 3397 2350 3465 cepisset
2375 3396 2546 3462 Isaac,
2591 3405 2648 3452 et
2694 3394 2950 3450 defuncta
2996 3408 3141 3450 esset
3170 3395 3349 3462 Sara,
3399 3411 3520 3467 quae
3569 3413 3690 3454 eum

2115 3489 2480 3558 nonagenaria
2522 3496 2873 3558 conceperat,
2915 3498 2971 3542 et
2997 3487 3210 3543 vixerat
3265 3489 3423 3544 annis
3473 3496 3690 3544 centum

2113 3580 2306 3651 viginti
2343 3588 2571 3650 septem,
2616 3589 2802 3650 postea
2831 3582 2998 3636 ctiam
3039 3595 3201 3650 quam
3251 3596 3523 3635 annorum
3552 3598 3690 3652 qua-

2113 3672 2365 3741 draginta
2408 3671 2590 3727 factus
2623 3671 2775 3727 Isaac
2805 3674 3020 3741 accepit
3051 3673 3355 3728 Rebeccam
3381 3713 3396 3738 ,
3437 3685 3562 3745 post
3588 3676 3690 3729 ista

2115 3763 2299 3819 ontnia
2350 3763 2610 3817 scribitur
2641 3780 2656 3816 :
2686 3762 2795 3816 «Et
2843 3779 3122 3834 apponens
3159 3765 3435 3820 Abraham
3483 3769 3691 3836 accepit

2115 3869 2340 3909 uxorem
2375 3855 2462 3908 cui
2509 3869 2706 3908 nomen
2758 3853 3001 3910 Cethura
3033 3871 3046 3906 :
3079 3867 3136 3909 et
3174 3857 3384 3926 peperit
3425 3858 3475 3911 ei
3521 3857 3684 3911 Zamv

2113 3962 2230 4001 ram
2254 3944 2354 4017 (9),
2376 3954 2433 3999 et
2462 3943 2678 4013 Jecsan,
2699 3953 2754 3999 et
2773 3945 2990 4011 Madan,
3015 3955 3072 4000 et
3090 3945 3326 4012 Madian,
3358 3957 3414 4001 et
3434 3946 3688 4012 Jcsboch,
3773 3970 3779 3977 -

2111 4047 2167 4094 et
2193 4037 2304 4092 Sue
2324 4037 2398 4090 ⁷θῖ
2429 4055 2448 4088 ι
2485 4037 2770 4104 Quomodo
2792 4053 2923 4106 ergo
2945 4038 3215 4093 videbitur
3235 4042 3468 4096 emortui
3497 4056 3689 4112 corpo~l

2111 4130 2209 4195 ris,
2257 4131 2350 4200 qui
2405 4129 2579 4184 multo
2612 4130 2797 4183 senior
2847 4129 3075 4185 effectus
3100 4147 3264 4201 quam
3293 4139 3424 4188 tunc
3462 4143 3601 4199 erat,
3637 4146 3692 4190 et

2111 4235 2337 4274 uxorem
2377 4221 2647 4290 accipere,
2701 4232 2758 4276 et
2803 4235 2898 4276 sex
2931 4221 3134 4278 liberos
3179 4223 3296 4294 (10)
3349 4227 3526 4294 potuit
3571 4241 3691 4296 pro-

2110 4311 2348 4366 creare?
2411 4311 2558 4378 Quas
2611 4311 2954 4382 objectiones
2995 4322 3055 4367 ut
3106 4314 3370 4370 decenter
3416 4317 3691 4394 possimus

2111 4401 2438 4467 excludere,
2511 4402 2910 4471 expositionem
2975 4405 3209 4458 emortui
3277 4406 3529 4474 corporis
3596 4406 3692 4459 illo

429 4493 749 4563 intelligere,
785 4497 859 4550 ita
901 4506 960 4550 ut
989 4497 1234 4552 dicamus
1263 4507 1318 4552 et
1345 4499 1415 4554 de
1437 4501 1724 4566 charitate,
1745 4502 1887 4557 sicut
1918 4495 2008 4556 ille
2039 4504 2086 4558 D
2116 4491 2513 4556 ιντιηεῖθΐίωυεο
2550 4503 2608 4547 υι
2636 4492 2884 4548 dicamus
2914 4492 3190 4548 Abraham
3219 4509 3327 4550 ηοη
3374 4497 3691 4551 inﬁrmium

428 4585 586 4651 dixit,
623 4605 642 4637 ι
663 4587 721 4640 Si
755 4587 986 4644 habeam
1019 4607 1236 4647 omnem
1271 4593 1458 4658 ﬁdem,
1484 4612 1502 4645 ι
1538 4592 1594 4649 Si
1626 4594 1851 4649 habeam
1886 4609 2006 4648 om-

432 4691 554 4729 nem
577 4678 948 4733 charitatem:
982 4692 1040 4736 et
1078 4684 1227 4738 illum
1265 4685 1469 4740 habere
1507 4699 1724 4740 omnem
1766 4685 2007 4739 charita-

429 4776 561 4830 tem,
596 4769 689 4838 qui
722 4772 904 4826 omnia
933 4774 1018 4828 illa
1050 4776 1300 4831 habuerit
1325 4794 1444 4846 qua:
1475 4779 1691 4847 propria
1719 4777 2006 4833 charitatis

427 4859 588 4930 532
643 4873 806 4929 sunt,
867 4865 1010 4919 sicut
1057 4870 1189 4924 dicit
1239 4870 1529 4940 Apostolus
1571 4870 1616 4902 ’⁷⁸
1652 4891 1664 4924 ;
1699 4888 1718 4921 ι
1747 4869 2003 4926 Charitas

429 4953 641 5018 patiens
671 4961 775 5019 est,
801 4954 1033 5025 benigna
1060 4969 1174 5021 est,
1211 4976 1316 5014 non
1365 4959 1603 5027 inflatur,
1638 4976 1746 5014 non
1781 4960 2003 5014 :emula-

427 5051 538 5106 tur,
589 5060 697 5098 nun
737 5046 1024 5103 ambitiosa
1076 5061 1180 5115 est,
1236 5069 1342 5108 non
1375 5068 1658 5123 perperam
1701 5054 1845 5122 agit,
1897 5070 2004 5108 non

2111 4585 2287 4640 aetatis
2351 4593 2657 4639 emortuum
2691 4623 2708 4649 ,
2757 4588 2852 4642 sed
2898 4589 3196 4640 secundum
3239 4587 3385 4641 illaut
3430 4587 3687 4642 virtutem

2111 4691 2274 4745 quam
2305 4676 2478 4731 sancti
2521 4677 2576 4730 in
2607 4677 2917 4746 semetipsis
2950 4678 3127 4746 primo
3169 4678 3493 4749 implentes,
3523 4680 3685 4733 etiam

2110 4779 2341 4824 caeteros
2390 4768 2592 4823 habere
2644 4776 2895 4834 monent,
2945 4778 3000 4823 et
3051 4771 3282 4825 dicunt:
3318 4770 3686 4827 «Mortiﬁcate

2110 4863 2354 4917 membra
2383 4869 2562 4918 vestra
2594 4876 2717 4931 quae
2745 4870 2874 4916 sunt
2897 4876 3061 4932 super
3090 4873 3290 4917 terram
3316 4863 3384 4915 ⁷⁸.
3413 4882 3434 4916 ι
3469 4863 3604 4917 Nam
3629 4875 3685 4918 et

2107 4955 2402 5010 absurdum
2427 4964 2558 5023 puto
2606 4955 2650 5010 si
2699 4953 2802 5010 hoc
2833 4955 3034 5009 bonum
3061 4957 3205 5024 quod
3256 4955 3309 5008 in
3362 4969 3424 5010 se
3481 4955 3684 5011 Paulus

2112 5050 2303 5107 habuit
2332 5050 2548 5120 (neque
2579 5047 2724 5102 enim
2759 5045 2882 5100 aliis
2925 5047 3221 5116 imperaret
3255 5048 3401 5116 quod
3429 5048 3541 5118 ipse
3572 5064 3680 5101 nou

492 5159 536 5236 ξτ
569 5159 725 5213 Rom.
752 5160 985 5236 lV,__2L__
1026 5163 1076 5196 ⁸³
1109 5164 1125 5218 l
1157 5166 1286 5221 Cor.
1311 5168 1524 5232 xm,l3.
1599 5169 1645 5200 θ’
1683 5168 1793 5223 Tit.
1825 5168 1981 5236 1,15.
2057 5168 2105 5200 ⁷ο
2129 5167 2289 5224 Rom.
2322 5183 2434 5233 xiv,
2459 5168 2511 5231 l,
2536 5165 2597 5236 2.,
2624 5234 2638 5236 Α
2668 5163 2715 5195 ⁷⁸
2744 5160 3111 5236 -ζεριᾷιιιϋο
3137 5163 3280 5236 __"_|
3307 5164 3432 5220 (301⁸-
3471 5183 3589 5232 XIII.
3618 5168 3678 5222 2-

498 5229 626 5306 lmc.
653 5245 784 5288 xvtt.
818 5230 873 5285 5.
919 5231 994 5306 __"
1017 5237 1033 5287 l
1055 5235 1182 5290 Cor.
1216 5252 1337 5301 xm,
1369 5227 1428 5304 4,
1460 5238 1515 5304 5,
1549 5239 1604 5293 7.
1676 5239 1721 5270 ⁷⁸
1756 5227 1916 5294 nni...
1947 5255 2023 5306 Iv,
2054 5239 2109 5296 9.
2183 5239 2239 5272 ⁷⁸·
2266 5227 2530 5303 ἱιήύίίξὶ,
2577 5234 2670 5289 20.
2743 5233 2788 5264 '"
2813 5234 2942 5288 ibid.
2967 5231 3060 5289 20.
3136 5233 3182 5266 ⁷⁸
3210 5233 3349 5290 Gen.
3387 5252 3515 5304 xxv,
3541 5227 3675 5306 1,2.

423 5300 470 5331 "
522 5300 729 5353 Coluss.
783 5315 866 5365 ιιι,
917 5301 970 5356 5.

494 5411 573 5487 (ﬁ)
619 5410 790 5476 Alias,
845 5429 865 5463 ι
895 5413 950 5468 in
982 5429 1080 5485 spe
1107 5414 1445 5480 creduntur;
1477 5431 1498 5465 ι
1555 5413 1654 5481 al.,
1707 5433 1726 5468 ι
1758 5416 1812 5471 in
1842 5431 1992 5487 spem

425 5483 672 5535 credunt.
702 5500 724 5532 ι
1015 5483 1029 5485 ί

495 5551 777 5623 (7)_Editi,
815 5570 836 5604 ι
866 5553 1062 5621 cuique
1091 5553 1459 5623 promittenti,
1496 5576 1514 5607 ι
1553 5555 1712 5610 male.

493 5619 672 5697 (8ὶιιιιΔ
699 5633 746 5675 et
799 5624 863 5697 de
901 5619 1162 5697 gnarum
1191 5625 1316 5697 dici!
1341 5619 1543 5693 potest,
1584 5629 1709 5694 quia
1750 5637 1997 5697 reputate

426 5701 493 5767 εει
528 5692 758 5767 citaritrrs
787 5695 833 5746 ei
861 5695 930 5748 ad
961 5695 1243 5751 iustitiam.
1277 5695 1402 5753 Haec
1442 5692 1825 5754 desiderantur
1854 5698 1996 5767 apud

423 5758 852 5817 Geuebrardum.

2102 5485 2564 5559 [al.,AMemb_ram
2606 5487 2715 5559 ]et
2756 5486 2980 5556 Zexan,

2100 5556 2279 5633 {lam}.
2320 5567 2378 5633 et
2434 5556 2646 5633 [Indian
2673 5598 2690 5633 ,_
2735 5563 3003 5633 et_.lesoc
3067 5560 3224 5633 [al.,
3301 5556 3518 5628 Jeroclt,
3575 5563 3675 5629 aL,

2099 5627 2295 5683 Jesboc
2315 5626 2341 5750 ἐ
2363 5638 2418 5681 et
2447 5627 2604 5692 Soe,»
2629 5629 2714 5709 .al.
2743 5630 2977 5711 t_Sue.,s

2172 5697 2288 5750 (1οδ
2341 5697 2444 5750 lss.
2475 5709 2666 5750 llOSll‘l.
2696 5699 2809 5750 alii.
2848 5718 2974 5750 «sex

2172 5415 2429 5486 (9)7Mss.
2475 5417 2644 5472 nostri
2682 5429 2735 5472 et
2761 5416 3022 5475 Rabanus
3056 5419 3299 5482 habent,
3345 5435 3365 5470 ‹
3396 5417 3673 5475 Jembram

3055 5499 3112 5561 et
3139 5489 3354 5561 Madet],
3383 5489 3518 5561 [al.,
3563 5491 3675 5546 Mc-

2172 5697 2288 5767 (10)

2341 5697 2444 5753 lss.
2475 5699 2666 5766 nostri,
2696 5699 2809 5767 alii,
2848 5718 2974 5757 «sex
3007 5703 3261 5769 liberos,»
3289 5699 3402 5769 alii,
3435 5715 3678 5772 «septem

2103 5769 2322 5825 liberos.
2356 5788 2375 5820 ι
