4170 6416
483 310 592 363 985

1939 296 2259 350 UlllCliNlS

3633 293 3738 348 985

489 419 738 491 fecerat),
761 419 829 484 si,
857 419 1098 488 inquam,
1118 417 1220 471 hoc
1243 416 1443 470 bonum
1466 414 1608 484 quod
1632 413 1830 468 Paulus
1851 412 2057 476 halmit,
2091 419 2136 473 Α
2167 411 2242 464 ita
2264 411 2479 466 demum
2513 408 2772 480 parturiat
2801 409 2938 464 ﬁlios
2971 410 3252 472 castitatis,
3284 421 3424 465 sicut
3451 418 3504 465 et
3545 414 3738 467 mulier

485 515 767 568 Abraham
814 523 1021 565 tantum
1069 509 1460 579 patriarcham,
1513 523 1675 576 quem
1710 507 1872 560 etiam
1899 521 2059 559 suum

486 615 692 675 patrem
727 601 862 655 dicit
886 598 1177 670 Apostolus
1206 597 1274 662 ⁸⁸,
1320 611 1425 649 non
1453 595 1744 650 credamus
1783 595 2057 654 habuisse.

485 700 612 754 Fuit
641 713 772 767 ergo
804 696 968 751 etiam
1015 695 1066 748 in
1108 695 1199 748 illo
1228 694 1577 750 mortiﬁcatio
1631 695 1730 750 ista
1787 693 2060 748 membro-

487 807 607 845 rum
642 807 656 844 :
689 805 794 843 non
834 785 1166 840 incitabatur
1197 785 1442 848 luxuria,
1492 801 1598 841 non
1644 787 1906 840 urebatur
1932 784 2057 838 libi-

487 882 636 946 dine,
671 879 816 934 sicut
839 878 914 932 illi
950 879 1014 932 de
1036 877 1234 946 quibus
1274 877 1570 945 Apostolus
1613 878 1746 930 dicit
1777 899 1790 931 ;
1827 896 1845 926 ι
1870 875 2058 929 Melius

483 981 566 1026 est
592 973 814 1032 nubere,
842 985 1003 1039 quam
1038 971 1121 1022 uri
1145 969 1244 1022 “.r
1278 969 1391 1024 Hoc
1423 970 1561 1023 idem
1591 979 1707 1022 erat
1729 978 1782 1022 et
1810 969 1863 1022 in
1900 968 2056 1031 Sara,

487 1064 610 1132 quia
641 1061 960 1116 defecerant
995 1060 1146 1114 Sarze
1181 1061 1295 1114 ﬁeri
1326 1060 1612 1115 muliebria
1646 1062 1713 1112 ⁸³.
1765 1059 1881 1114 Non
1910 1061 2055 1114 enim

483 1167 603 1210 erat
649 1156 703 1210 in
749 1156 836 1209 illa
891 1155 1117 1210 lascivia
1158 1155 1476 1220 muliebris,
1521 1163 1616 1209 aut
1647 1153 2056 1210 incontinentis:

483 1246 790 1313 dissolutio,
825 1262 1002 1316 neque
1036 1247 1088 1300 in
1126 1262 1282 1300 usum
1309 1245 1549 1300 libidinis
1579 1243 2057 1315 praecipitabantur

481 1337 639 1391 inviti
677 1355 692 1392 :
718 1338 810 1393 sed
839 1337 927 1391 ubi
960 1338 1187 1390 audiunt
1217 1344 1419 1389 tantam
1447 1334 1782 1405 posteritatis
1802 1349 1976 1404 spem,
2003 1341 2056 1386 et

479 1430 682 1487 sobolis
714 1447 824 1486 suae
845 1430 1074 1500 gloriam
1104 1428 1244 1484 caelo
1269 1437 1324 1484 et
1348 1429 1618 1484 sideribus
1637 1427 2052 1496 exaequandam,

481 1523 572 1576 ubi
612 1523 730 1576 hate
777 1523 1030 1588 audiunt,
1073 1538 1182 1577 non
1229 1521 1502 1591 aspiciunt
1533 1521 1599 1575 ad
1636 1519 1852 1591 propria
1886 1519 2052 1582 bona,

479 1615 545 1667 ad
584 1614 934 1669 continentia:
960 1618 1216 1685 gratiam,
1258 1616 1326 1670 ad
1354 1614 1724 1668 membrorum
1758 1611 2054 1666 mortiﬁca-

479 1705 706 1769 tionem,
755 1706 850 1760 sed
876 1706 989 1760 hac
1026 1707 1209 1761 omnia
1257 1721 1378 1776 qua:
1425 1705 1526 1759 sibi
1564 1703 1716 1758 lucra
1759 1702 2048 1768 ducebant,

477 1795 811 1849 arbitrantur
837 1795 1193 1861 detrimenta,
1223 1805 1283 1849 ut
1309 1794 1586 1850 Christqu
1616 1794 1960 1848 lucrifaciant
1979 1792 2046 1846 ⁸³.

477 1883 586 1937 Sed
648 1883 898 1939 fortassis
953 1898 1168 1940 errasse
1225 1898 1310 1939 me
1345 1884 1550 1947 credis,
1610 1885 1752 1953 quod
1812 1898 1936 1936 cum
1986 1882 2052 1938 de

476 1976 799 2045 posteritate
829 1977 1104 2031 Abraham
1146 1985 1202 2030 et
1229 1976 1440 2032 semine
1473 1975 1588 2043 ejus
1631 1975 1814 2030 dicere
1848 1973 2052 2029 debue-

477 2067 600 2131 rim,
639 2065 707 2120 de
737 2067 963 2123 Christo
989 2068 1220 2122 dixerim
1259 2067 1307 2138 (l
1323 2067 1396 2140 1).
1459 2066 1576 2122 Non
1629 2079 1902 2131 erramus,
1956 2065 2051 2120 sed

474 2174 597 2213 cum
625 2158 892 2228 Apostolo
939 2161 1233 2228 loquimur.
1267 2159 1386 2230 Ipse
1420 2161 1568 2215 enim
1601 2160 1716 2215 hare
1741 2160 1806 2214 de
1832 2158 2050 2226 Christo

473 2249 620 2304 dicta
646 2266 766 2307 esse
790 2251 1192 2320 interpretatur
1218 2267 1344 2308 cum
1371 2253 1505 2307 dicit
1534 2269 1546 2305 :
1579 2272 1597 2304 ι
1626 2252 1899 2320 Scriptum
1928 2262 2043 2306 est:

471 2343 594 2397 'l'ibi
628 2345 770 2399 dabo
801 2353 1002 2400 terram
1031 2346 1204 2411 hanc,
1235 2355 1289 2401 et
1319 2345 1515 2400 semini
1555 2354 1669 2398 tuo.
1714 2345 1828 2398 Non
1868 2343 2046 2397 dixit:

471 2436 540 2491 Et
564 2436 886 2501 seminibus,
920 2447 1179 2506 tanquam
1207 2437 1260 2492 in
1294 2438 1476 2494 multis
1510 2455 1524 2490 :
1553 2439 1670 2502 sed,
1694 2435 1901 2492 Semini
1935 2445 2047 2500 tuo,

473 2539 727 2597 tanquam
757 2529 808 2584 in
842 2546 969 2593 uno,
1015 2530 1108 2600 qui
1149 2539 1232 2585 est
1263 2530 1518 2586 Christus
1543 2530 1612 2584 “.
1635 2549 1656 2582 ι
1697 2529 1862 2584 Vides
1908 2543 2041 2598 ergo

467 2621 744 2689 quomodo
784 2636 882 2675 nos
926 2621 1223 2690 Apostolus
1255 2622 1414 2677 docet
1452 2624 1536 2677 sic
1570 2622 1860 2676 Dominum
1892 2623 2047 2678 locu-

472 2721 585 2763 tum
618 2726 738 2766 esse
768 2712 836 2765 ad
873 2712 1148 2766 Abraham
1172 2750 1186 2777 ,
1225 2712 1361 2766 utin
1394 2713 1601 2767 semine
1639 2727 1738 2767 suo
1767 2713 2043 2768 Christum

474 2802 802 2872 intelligeret
837 2803 951 2874 (12)
979 2805 1177 2858 debere
1207 2805 1501 2860 sentirizet
1525 2805 1594 2859 ob
1623 2804 1726 2860 hoc
1745 2815 1874 2874 puto
1902 2807 2046 2874 quod

472 2894 733 2961 adjecerit
786 2895 1124 2965 Apostolus,
1182 2905 1239 2952 et
1299 2896 1540 2952 dixerit:
1576 2897 1764 2952 «Daris
1813 2899 2044 2968 gloriam

468 2983 580 3038 Deo
610 2985 677 3038 ⁸⁸.
699 3003 718 3036 ι
754 2983 867 3038 Non
894 2987 1038 3040 enim
1067 2995 1273 3042 tantum
1311 2993 1500 3058 gloria:
1525 2988 1801 3043 Abraham
1837 2990 2048 3058 potuis-

2166 504 2231 558 de
2255 519 2360 572 qua
2387 503 2519 556 dicit
2545 503 2835 572 Apostolus
2871 521 2885 557 :
2926 522 2945 554 ι
2985 502 3142 557 Salva
3172 513 3352 558 autem
3393 503 3501 556 erit
3543 517 3638 571 per
3675 507 3736 556 li-

2164 593 2358 648 liorum
2387 595 2814 664 generationem,
2859 593 2903 650 si
2935 594 3296 664 permanserit
3327 595 3383 648 in
3427 594 3531 648 ﬁde
3562 603 3618 648 et
3641 610 3737 648 ca-

2160 685 2346 739 stitate
2375 685 2441 738 ⁹⁶.
2481 704 2500 737 ι
2539 683 2690 739 Unde
2718 686 2880 739 etiam
2904 699 3003 752 pro
3042 686 3128 740 his
3157 685 3548 740 convenienter
3579 685 3733 740 addi-

2160 785 2272 831 tum
2318 787 2448 846 puto
2484 795 2498 833 :
2531 797 2548 829 ι
2584 776 2651 831 Ει
2693 787 2996 847 reputatmn
3035 787 3120 831 est
3165 779 3214 832 ei
3265 779 3334 856 ad
3375 778 3663 846 justitiam.
3705 795 3725 829 ›

2161 869 2443 935 Quomodo
2473 870 2618 924 enim
2647 885 2754 924 non
2783 871 2849 924 ad
2873 871 3140 938 justitiam
3175 879 3521 938 reputaretur
3550 871 3729 937 ei,qui

2161 977 2269 1015 non
2318 962 2494 1016 solum
2542 963 2594 1014 in
2644 963 2783 1027 ﬁde,
2816 964 2910 1015 sed
2945 971 3000 1016 et
3051 962 3104 1014 in
3143 963 3398 1017 oumibus
3444 961 3732 1015 virtutibus

2157 1053 2545 1123 perfectionem
2580 1053 2794 1107 tenebat
2825 1052 2848 1106 ?

2231 1145 2284 1197 7.
2311 1162 2328 1194 ι
2351 1144 2464 1198 Νοιι
2482 1155 2566 1200 est
2585 1155 2761 1197 autem
2781 1145 3044 1213 scriptum
3058 1153 3277 1213 propter
3297 1145 3472 1214 ipsum
3497 1153 3730 1208 tantum,

2158 1238 2286 1306 quia
2325 1247 2630 1306 reputatum
2663 1246 2748 1290 est
2777 1236 2824 1290 ei
2855 1237 2922 1289 ad
2953 1235 3249 1303 justitiam,
3278 1237 3372 1292 sed
3417 1247 3473 1290 et
3511 1247 3733 1306 propter

2158 1344 2279 1390 nos,
2311 1329 2508 1399 quibus
2547 1330 2887 1397 reputabitur
2923 1327 3271 1383 credentibus
3294 1329 3348 1382 in
3373 1341 3497 1381 eum
3527 1330 3619 1397 qui
3645 1343 3730 1382 su-

2155 1423 2374 1476 scitavit
2399 1422 2582 1478 Jesum
2616 1422 2887 1478 Christum
2913 1422 3199 1476 Dominum
3235 1431 3479 1475 nostrum
3506 1437 3536 1475 a
3584 1436 3730 1474 mor-

2157 1516 2283 1581 tuis,
2315 1517 2404 1584 qui
2437 1516 2668 1570 traditus
2713 1526 2800 1569 est
2833 1525 3055 1584 propter
3082 1514 3281 1569 delicta
3316 1523 3521 1576 nostra,
3551 1523 3606 1568 et
3643 1529 3730 1567 re-

2153 1609 2390 1660 surrexit
2413 1618 2632 1675 propter
2655 1606 3096 1675 justilicationem
3121 1614 3358 1660 nostram
3385 1605 3451 1658 ἰ.
3481 1625 3501 1657 ι
3535 1605 3648 1661 Hoc
3672 1607 3726 1662 in

2158 1697 2277 1752 loco
2309 1699 2452 1767 quod
2483 1698 2635 1765 dicit,
2662 1716 2681 1749 ι
2717 1697 2831 1752 Non
2861 1708 3080 1766 propter
3114 1698 3288 1768 ipsum
3322 1707 3552 1762 tantum,
3591 1717 3612 1750 ι
3641 1698 3728 1752 in-

2155 1789 2499 1857 telligendum
2532 1800 2618 1845 est
2643 1791 2708 1844 de
2729 1791 2874 1860 ipso;
2905 1799 2961 1846 et
2987 1791 3183 1844 iterum
3219 1791 3363 1859 quod
3390 1790 3544 1851 dicit,
3567 1809 3586 1841 ι
3619 1790 3728 1845 Sed

2150 1891 2204 1936 et
2235 1892 2460 1950 prepter
2489 1897 2608 1946 nos,
2643 1901 2661 1934 ι
2713 1883 2814 1936 hoc
2841 1892 2924 1936 est
2971 1891 3024 1934 et
3058 1883 3122 1936 de
3170 1883 3344 1936 nobis;
3380 1882 3726 1938 Manifestum

2150 1986 2381 2041 namque
2429 1981 2514 2026 est
2590 1973 2720 2044 quia
2766 1977 2875 2034 hoc
2929 1976 3077 2048 quod
3165 1974 3392 2039 dicitur,
3429 1993 3447 2026 ι
3483 1975 3727 2029 Credidit

2147 2064 2424 2118 Abraham
2450 2063 2580 2129 Deo,
2605 2077 2660 2119 et
2686 2077 2994 2134 reputatum
3022 2075 3107 2120 est
3134 2066 3208 2120 illi
3233 2067 3302 2120 ad
3327 2065 3596 2134 justitiam
3619 2068 3723 2129 9',»

2149 2173 2256 2211 non
2289 2167 2575 2226 prepterea
2602 2158 2818 2229 Moyses
2843 2160 3067 2228 scripsit
3101 2170 3158 2212 ut
3185 2159 3462 2213 Abraham
3497 2165 3722 2229 legeret,

2147 2250 2239 2318 qui
2271 2251 2457 2319 utique
2483 2251 2612 2306 olim
2647 2252 2829 2305 fuerat
2857 2251 3168 2318 defunctus,
3193 2253 3288 2306 sed
3319 2261 3377 2306 ut
3407 2267 3507 2306 nos
3545 2254 3726 2322 profe-

2147 2354 2294 2398 ctum
2329 2344 2452 2399 ﬁdei
2501 2360 2566 2400 ex
2622 2345 2931 2413 hujusmodi
2963 2346 3202 2401 lectione
3234 2362 3553 2415 caperemus
3588 2347 3723 2418 (l6),

2149 2435 2511 2506 intelligentes
2532 2437 2658 2506 quia
2689 2445 2744 2490 et
2769 2435 2813 2490 si
2849 2449 2951 2490 nos
2986 2435 3064 2490 ita
3086 2436 3377 2491 credamus
3410 2436 3522 2492 Deo
3553 2448 3608 2492 ul
3636 2437 3726 2493 ille

2147 2529 2402 2593 credidit,
2426 2529 2590 2582 etiam
2619 2530 2780 2584 nobis
2803 2529 3145 2599 reputabitur
3171 2529 3306 2583 ﬁdes
3341 2529 3408 2584 ad
3450 2529 3723 2597 justitiam

2152 2639 2172 2671 ε
2221 2621 2568 2675 credentibus
2620 2621 2674 2674 in
2713 2635 2836 2675 eum
2875 2621 2966 2690 qui
3017 2619 3300 2674 suscitavit
3329 2619 3514 2676 Jesum
3561 2621 3723 2677 Chri-

2147 2722 2288 2766 stqu
2352 2713 2638 2766 Dominum
2682 2724 2924 2768 nostrum
2965 2727 2996 2766 a
3029 2713 3282 2767 mortuis.
3324 2732 3342 2765 ι
3377 2711 3544 2767 Velim
3591 2729 3727 2769 sane

2147 2805 2422 2875 requirere
2448 2805 2578 2874 quid
2600 2814 2684 2860 est
2713 2805 2852 2875 quod
2876 2805 2927 2860 in
2959 2807 3062 2861 hoc
3083 2806 3201 2860 loco
3234 2806 3526 2874 Apostolus
3559 2807 3724 2862 Deum

2149 2897 2451 2964 nominans,
2477 2900 2563 2953 cui
2595 2899 2870 2954 credimus
2900 2898 3036 2967 (l'i),
3073 2907 3130 2953 et
3177 2899 3262 2952 cui
3294 2899 3573 2952 Abraham
3607 2913 3726 2952 cre-

2146 2990 2299 3052 didit,
2333 3006 2442 3046 non
2475 2991 2634 3057 dixit,
2661 3010 2681 3044 (
2722 2991 3074 3046 credentibus
3097 3010 3116 3044 ι
3137 2992 3189 3046 in
3222 2991 3391 3044 Deum
3423 2990 3721 3057 excelsum,

468 3085 552 3131 set
593 3075 791 3133 offerre
822 3078 888 3133 de
919 3080 1201 3134 nativitate
1241 3079 1418 3143 Isaac,
1461 3089 1717 3149 quantam
1768 3081 1880 3153 (l5)
1914 3082 2044 3136 dare
2071 3094 2114 3152 ο
2147 3082 2255 3148 vel,
2290 3101 2309 3134 ι
2349 3083 2697 3138 credentibus
2720 3084 2774 3138 in
2808 3099 2932 3139 eum
2963 3102 2982 3136 ι
3018 3085 3111 3154 qui
3142 3083 3275 3138 fecit
3299 3083 3497 3138 cadum
3529 3093 3584 3137 et
3615 3092 3725 3136 ter-

466 3170 642 3238 potuit
665 3168 893 3238 gloriam
933 3170 1066 3235 Deo,
1108 3171 1152 3225 si
1199 3171 1468 3226 intellexit
1513 3171 1790 3228 Christum
1835 3175 1901 3229 de
1943 3190 2041 3229 suo

465 3271 714 3315 eniortuo
767 3261 881 3331 jam
928 3272 983 3318 et
1031 3263 1181 3318 vitiis
1214 3263 1479 3320 deftecalo
1515 3282 1747 3334 corpore
1796 3270 2039 3324 nascitu-

465 3367 609 3412 rum.
637 3353 746 3408 Sed
780 3365 833 3408 et
865 3366 918 3409 tu
954 3356 1000 3411 si
1038 3356 1335 3414 mortiﬁces
1376 3361 1615 3416 membra
1643 3371 1734 3415 tua
1762 3378 1882 3431 quae
1917 3373 2042 3417 sunt

463 3457 626 3512 super
658 3453 860 3501 terram
891 3447 960 3512 ⁸⁸,
992 3447 1062 3512 si,
1100 3450 1316 3518 abjeeto
1341 3453 1489 3507 omni
1542 3453 1756 3509 fervore
1801 3453 2042 3509 libidinis

463 3543 770 3590 emortuum
803 3554 988 3594 serves
1013 3551 1069 3594 et
1101 3541 1270 3598 nullis
1301 3543 1599 3599 obnoxium
1635 3545 1784 3600 vitiis
1818 3560 2042 3615 corpus,

456 3632 613 3695 potes
669 3630 836 3682 etiam
893 3641 948 3684 tu
995 3631 1204 3688 fructus
1255 3650 1320 3689 ex
1370 3649 1435 3690 eo
1483 3637 1722 3706 optimos
1754 3655 2039 3709 generare,

461 3737 617 3794 potes
663 3736 928 3790 generare
953 3721 1131 3791 Isaac,
1163 3728 1307 3795 quod
1335 3740 1419 3784 est
1447 3730 1732 3801 gaudium;
1768 3739 1825 3786 et
1849 3731 1935 3785 hic
1960 3741 2044 3787 est

463 3811 677 3877 primus
737 3813 967 3880 spiritus
1035 3815 1247 3872 fructus
1286 3835 1304 3872 :
1349 3828 1529 3888 potest
1598 3834 1782 3874 semen
1854 3830 2039 3887 tuum,

461 3904 514 3957 id
569 3913 676 3970 est,
723 3920 890 3976 opera
929 3916 1016 3960 tua
1067 3909 1183 3979 (14)
1237 3911 1534 3966 ascendere
1588 3912 1656 3966 ad
1708 3912 1946 3979 caelum,
1986 3922 2041 3966 et

459 3994 598 4050 eﬁici
639 4011 804 4066 Opera
851 3999 1026 4068 lucis,
1063 4013 1119 4055 et
1160 4002 1444 4058 stellarum
1487 4003 1684 4073 fulgori
1738 4003 2042 4072 splendori-

459 4101 568 4155 que
614 4087 893 4156 conferri,
934 4101 996 4145 ut
1047 4107 1170 4148 cum
1229 4093 1347 4150 dies
1385 4095 1810 4151 resurrectionis
1851 4097 2038 4152 adlue-

461 4179 554 4242 rit,
618 4187 875 4249 tanquam
917 4183 1070 4238 stella
1114 4199 1143 4238 a
1184 4187 1340 4241 stella
1391 4185 1510 4259 (I5).
1555 4188 1774 4244 differas
1827 4189 1882 4244 in
1921 4190 2038 4245 cla-

462 4271 624 4324 ritate
670 4270 738 4326 ".
775 4273 1025 4342 Amplius
1074 4277 1251 4333 adhuc
1300 4279 1424 4334 dico
1460 4297 1477 4334 :
1517 4290 1672 4350 potes
1707 4281 1755 4336 si
1795 4291 1903 4336 tam
1939 4299 2039 4352 pn-

459 4375 553 4415 rus
577 4360 736 4432 533
765 4373 964 4429 mente,
1000 4378 1107 4421 tam
1151 4381 1374 4426 sanctus
1401 4385 1651 4442 corpore,
1696 4382 1802 4428 tam
1837 4374 2035 4429 imma-

457 4451 674 4508 culatus
699 4455 912 4508 actibus
930 4455 1121 4521 fueris,
1163 4459 1331 4512 etiam
1368 4458 1541 4528 ipsum
1571 4475 1832 4530 generare
1872 4461 2034 4518 Chri-

456 4553 620 4608 stum,
657 4549 953 4601 secundum
986 4548 1134 4603 illum
1176 4552 1266 4619 qui
1298 4551 1514 4606 dicebat
1560 4572 1574 4607 :
1614 4572 1633 4606 ι
1675 4553 1853 4608 Filioli
1900 4555 2035 4620 mei,

457 4652 592 4704 quos
621 4639 816 4693 iterum
847 4643 1118 4708 parturio,
1160 4647 1336 4699 donec
1385 4646 1653 4703 formetur
1684 4646 1934 4702 Christus
1979 4647 2032 4702 in

453 4729 608 4783 vobis
631 4729 698 4782 ⁸⁸.
733 4749 754 4782 ι
786 4731 852 4786 Ει
883 4733 962 4788 sic
992 4735 1105 4804 ipse
1156 4735 1224 4790 de
1261 4752 1320 4792 se
1355 4737 1612 4793 Dominus
1649 4739 1780 4794 dicit
1818 4755 1832 4792 :
1877 4756 1898 4790 ι
1928 4739 2032 4805 Qui

453 4817 645 4873 fecerit
668 4821 1002 4877 voluntatem
1037 4825 1214 4880 Patris
1249 4829 1349 4881 mei
1395 4830 1486 4898 qui
1521 4831 1573 4882 in
1607 4829 1763 4885 caelis
1788 4838 1892 4894 est,
1918 4830 2034 4899 ipse

454 4923 609 4963 meus
637 4909 824 4975 frater,
852 4923 907 4966 et
939 4928 1126 4978 soror,
1160 4923 1214 4970 et
1260 4927 1436 4972 mater
1457 4926 1541 4972 est
1569 4918 1635 4972 ⁸⁵⁸.
1681 4938 1701 4971 ι
1739 4920 1868 4986 Quae
1903 4933 2033 4988 ergo

451 4998 559 5053 erit
600 5010 773 5057 mater
799 5002 952 5070 Jesu,
998 5006 1100 5060 nisi
1140 5008 1296 5078 cujus
1335 5009 1490 5064 vulva
1537 5021 1782 5066 emortua
1816 5021 1898 5065 est
1927 5011 1950 5064 ’ἒ
1977 5021 2033 5064 ut

524 5121 571 5190 θ’
601 5121 757 5177 Rom.
783 5140 858 5190 ιν,
902 5126 954 5179 1.

2146 3189 2282 3236 ram,
2310 3174 2393 3228 vel
2427 3193 2446 3225 ι
2492 3175 2544 3228 in
2579 3190 2704 3230 eum
2755 3194 2776 3227 ι
2816 3176 2906 3245 qui
2954 3175 3086 3230 fecit
3128 3175 3350 3246 angelos
3387 3184 3724 3244 cteterasqne

2143 3263 2381 3319 cwlestis
2424 3263 2610 3334 gloriae
2656 3265 2927 3332 virtutes;
2959 3264 3054 3321 sed
3082 3266 3158 3319 ait
3188 3281 3203 3318 :
3251 3283 3271 3317 ε
3309 3267 3404 3336 qui
3440 3266 3726 3320 suscitavit

2143 3357 2431 3412 Dominum
2453 3355 2636 3411 Jesum
2664 3374 2697 3413 a
2731 3359 2979 3413 mortuis.
3013 3377 3034 3411 ι
3059 3358 3174 3426 Qua
3201 3373 3330 3427 ergo
3365 3360 3432 3412 de
3461 3373 3624 3412 causa
3652 3359 3720 3412 ad

2144 3452 2608 3520 comparationem
2662 3451 2787 3507 ﬁdei
2835 3453 3067 3507 Abrahae
3113 3451 3302 3507 titulus
3337 3453 3436 3507 iste
3473 3467 3722 3507 resurre-

2145 3541 2345 3595 Ctiouis
2408 3540 2620 3595 Domini
2683 3543 2980 3596 assumitur
3045 3543 3413 3611 requiramus.
3467 3540 3722 3611 Nunquid

2142 3631 2421 3686 Abraham
2476 3632 2531 3686 in
2581 3647 2707 3686 eum
2740 3633 3050 3688 crediderat
3080 3635 3170 3704 qui
3215 3635 3502 3690 suscitavit
3534 3634 3722 3688 Domi-

2145 3739 2272 3778 num
2331 3722 2514 3779 Jesum
2556 3738 2585 3776 a
2634 3727 2900 3793 mortuis,
2939 3739 3060 3779 cum
3097 3723 3255 3780 Jesus
3302 3737 3429 3780 tunc
3483 3730 3719 3780 nondum

2143 3812 2336 3870 fuisset
2386 3815 2743 3872 resuscitatus
2778 3831 2810 3870 a
2843 3818 3072 3872 mortuis
3104 3818 3126 3872 ?
3159 3815 3329 3872 Velim
3363 3834 3495 3887 ergo
3536 3820 3720 3872 consi-

2144 3907 2337 3963 derare
2360 3909 2489 3978 quid
2520 3909 2694 3962 visum
2718 3909 2790 3964 sit
2816 3909 2986 3964 Paulo
3018 3912 3354 3980 promittenti
3399 3911 3556 3965 nobis
3592 3913 3720 3980 quia

2144 3997 2548 4053 sicutAbraba:
2579 4009 2828 4067 reputate
2875 4010 2960 4055 est
3007 4001 3249 4055 credenti
3291 4002 3425 4056 lides
3470 4001 3720 4068 adjusti-

2142 4090 2296 4155 tiam,
2320 4088 2396 4142 ita
2437 4097 2492 4144 et
2534 4091 2690 4145 nobis
2725 4093 3067 4160 reputabitur
3110 4092 3461 4148 credentibus
3498 4094 3550 4146 in
3593 4109 3715 4147 eum

2141 4182 2232 4249 qui
2270 4181 2757 4238 suscitavitlesum
2798 4185 3088 4240 Dominum
3120 4194 3366 4240 nostrum
3399 4202 3428 4238 a
3467 4185 3715 4239 mortuis.

2141 4272 2197 4326 lu
2224 4288 2332 4343 quo
2355 4289 2456 4344 ego
2493 4289 2590 4345 pro
2620 4276 2891 4344 parvitate
2932 4292 3126 4332 sensus
3156 4276 3260 4331 mei
3305 4276 3436 4331 illud
3467 4277 3714 4340 adverto,

2139 4366 2283 4434 quod
2320 4367 2490 4421 multo
2515 4369 2587 4422 sit
2616 4369 3049 4437 magniﬁcentius
3079 4369 3132 4423 in
3164 4369 3414 4424 laudibus
3439 4369 3529 4424 Dei
3565 4384 3720 4424 resu-

2142 4458 2368 4514 scitasse
2397 4457 2580 4514 Jesum
2605 4462 2893 4515 Dominum
2941 4473 3188 4516 nostrum
3223 4478 3251 4514 a
3281 4461 3528 4525 mortuis,
3553 4475 3718 4528 quant

2144 4548 2338 4605 fecisse
2368 4552 2565 4606 caelum
2597 4562 2652 4608 et
2693 4562 2916 4620 terram,
2943 4569 3161 4611 creasse
3188 4553 3431 4622 angelos,
3460 4561 3511 4606 et
3553 4552 3720 4606 coele-

2141 4651 2256 4697 stes
2283 4644 2593 4699 condidisse
2623 4645 2874 4700 virtutes.
2906 4643 3042 4700 Illud
3075 4647 3221 4699 enim
3249 4645 3350 4698 fuit
3386 4645 3566 4699 facere
3599 4658 3720 4712 qua:

2139 4749 2246 4788 non
2281 4749 2456 4801 erant,
2491 4739 2591 4792 hoc
2618 4747 2801 4792 autem
2832 4753 3086 4806 reparare
3105 4753 3224 4808 quae
3255 4738 3552 4806 perierant.
3586 4736 3721 4789 Illud

2140 4825 2242 4878 fuit
2267 4828 2504 4881 nondum
2533 4828 2708 4882 deleta
2736 4829 3048 4892 instituere,
3070 4830 3174 4883 hoc
3193 4827 3308 4896 jam
3344 4829 3524 4882 deleta
3558 4827 3718 4881 resti-

2141 4923 2291 4970 tuere
2349 4915 2482 4989 (18).
2516 4917 2652 4971 Illud
2715 4919 2948 4988 denique
2999 4919 3264 4989 jussione,
3311 4919 3416 4973 hoc
3461 4919 3718 4987 passione

2138 5014 2438 5083 perlectum
2484 5023 2588 5068 est.
2643 5013 2747 5068 Sed
2783 5011 2944 5080 hujus
2997 5013 3130 5067 tanti
3169 5021 3388 5082 tamque
3441 5007 3716 5080 magniﬁci

1029 5128 1074 5201 ξι
1097 5127 1124 5201 ΔΙ
1151 5130 1276 5201 Cor.
1318 5146 1416 5195 vit,
1446 5131 1494 5186 9.
1577 5129 1776 5201 "Ge"-
1806 5147 1956 5196 Χνιιιι
1985 5135 2044 5188 Η

2150 5133 2346 5201 Philip.
2382 5153 2466 5197 Ill,
2500 5136 2554 5199 7,
2583 5135 2634 5189 8.
2709 5135 2757 5167 "’
2779 5135 2955 5191 Galat.
2989 5151 3071 5200 Ill,
3109 5134 3195 5188 16.
3271 5133 3318 5164 ⁸⁵
3341 5133 3498 5188 Rom.
3524 5148 3596 5195 tv,
3619 5130 3712 5183 20.

455 5189 859 5272 :'_Ct)‘loss;Allt_,
888 5196 942 5249 5.
1015 5197 1060 5230 ⁸⁷
1093 5198 1264 5272 lCor.
1322 5189 1414 5271 xv,
1462 5202 1552 5256 M.
1626 5200 1673 5231 ⁸⁸
1698 5202 1875 5261 Galat.
1931 5189 2005 5270 tv,

2215 5206 2262 5237 ⁸ο
2289 5189 2479 5262 Mauri.
2520 5189 2618 5271 in,
2655 5205 2743 5260 50.
2795 5189 2865 5237 ὀο
2891 5206 2911 5259 ι
2941 5189 3082 5260 Τίιηζ
3108 5222 3168 5272 ιι,
3204 5206 3293 5260 l5.
3367 5205 3408 5234 οι
3441 5189 3600 5258 nom;
3635 5218 3710 5265 IV,

451 5260 644 5317 23-25.
721 5264 766 5295 "
808 5268 946 5321 Cen.
982 5283 1080 5334 av,
1123 5269 1174 5324 6.

523 5380 634 5454 (ll)
672 5384 874 5452 Al.,tet
910 5389 1140 5466 seminis
1173 5389 1453 5466 ejuslab,
1509 5404 1564 5450 et
1603 5398 1812 5453 semine
1867 5393 2022 5466 ejus]

455 5451 716 5516 ducerem,
754 5473 858 5510 non
891 5459 1172 5513 debuerim
1202 5451 1274 5514 de
1296 5451 1515 5516 Christo
1543 5451 1799 5517 «ηρεὲὲᾶ

452 5523 850 5646 SJIﬁL‘Al’ias,
889 5545 907 5578 ι
935 5530 1293 5600 intelligeres.
1325 5551 1343 5582 ›
1389 5531 1538 5597 ΑΙ.,‹
1572 5533 1797 5605 intelligi
1826 5536 2024 5590 debere

454 5663 637 5794 “("1552
677 5665 798 5789 at,
856 5667 1018 5726 «Non
1071 5669 1218 5725 enim
1275 5679 1482 5727 tantam
1535 5671 1796 5741 gloriam,
1853 5691 2024 5745 quan-

2203 5391 2317 5466 (H)
2356 5391 2583 5466 Alias,_t
2606 5399 2857 5466 etopera
2890 5398 3047 5466 t_ua,i
3085 5400 3194 5445 etc.
3236 5463 3246 5466 _
3375 5459 3404 5466 __
3437 5459 3448 5466 _
3652 5456 3662 5466 .

2205 5459 2318 5532 ('15)
2347 5465 2388 5516 Α
2429 5461 2604 5516 stella.
2639 5459 2761 5515 Haec
2807 5463 2970 5515 verba
3004 5462 3201 5516 desunt
3236 5463 3290 5516 in
3321 5459 3504 5522 editis,
3545 5466 3601 5512 et
3652 5459 3705 5509 in

2133 5534 2390 5606 pluribus_
2411 5549 2541 5586 mss.

2203 5607 2318 5670 (16)
2353 5603 2518 5666 Ειῑίιί,
2547 5620 2566 5653 t
2601 5615 2884 5671 paremus,
2916 5619 2935 5652 ι
2978 5599 3141 5656 male.

2205 5673 2316 5742 (l7)
2355 5674 2521 5739 Alias,
2555 5691 2572 5723 ι
2609 5674 2699 5740 qui
2730 5672 2979 5724 credidit.
3022 5689 3040 5720 ι

2205 5740 2317 5814 (l8)
2356 5743 2517 5809 EtLti,
2558 5759 2578 5794 ι
2609 5743 2750 5812 quod
2781 5741 3187 5810 perieraLlllud
3215 5740 3315 5796 fuit
3343 5746 3579 5799 nondum
3613 5750 3712 5799 tle-
