4170 6426
454 343 562 396 985

1406 340 1767 395 COMMENT.
1809 338 1874 392 IN
1916 335 2137 392 EPIST.
2177 337 2269 390 AD
2310 337 2475 392 ROM.
2511 337 2638 391 LIB.
2682 335 2770 391 IV.

3613 341 3715 396 986

457 458 702 528 mysterii
736 458 788 512 in
829 458 934 513 ﬁde
962 458 1196 513 Abralue
1225 457 1397 512 forma
1439 469 1493 512 et
1531 460 1710 528 imago
1741 473 2028 528 przecesse-
2062 465 2110 517 Α
2137 458 2280 511 sicut
2321 475 2416 513 nec
2445 459 2533 512 lux
2572 472 2694 511 cum
2722 455 2988 522 tenebris,
3019 471 3118 511 nec
3161 458 3268 511 vita
3303 472 3426 511 cum
3454 467 3627 511 morte
3643 459 3713 512 ”.

459 561 562 605 rat.
590 547 683 602 Ille
717 550 861 603 enim
898 550 1204 604 crediderat
1241 564 1362 602 cum
1407 549 1604 605 olferre
1638 552 1854 603 unicum
1879 550 2034 616 jube-

458 653 630 709 retur,
663 642 788 712 quia
820 651 875 695 et
905 657 934 694 a
965 641 1193 696 mortuis
1214 658 1336 698 eum
1381 645 1648 699 suscitare
1678 653 1865 712 potens
1889 650 2033 697 esset

457 732 630 796 Deus;
657 733 960 786 crediderat
987 733 1150 786 etiam
1191 735 1338 802 quod
1373 750 1477 788 non
1523 735 1596 788 illi
1647 743 1852 787 tantum
1883 734 2033 787 lSaac

455 837 544 877 res
573 833 698 876 tunc
733 832 1033 892 gereretur,
1059 824 1152 877 sed
1181 833 1236 877 et
1263 826 1454 878 semini
1487 825 1606 892 ejus
1643 826 1737 893 qui
1767 834 1846 878 est
1872 824 2030 878 Chri-

453 923 594 978 stus,
621 913 776 981 plena
804 915 1132 968 sacramenti
1171 915 1374 969 veritas
1407 925 1735 968 servaretur.
1781 914 1907 967 lude
1938 919 2031 966 de-

453 1006 617 1074 nique
647 1006 890 1075 gaudens
908 1008 1127 1060 unicum
1162 1005 1449 1069 oﬂ‘erehat,
1486 1008 1611 1076 quia
1639 1006 1692 1060 in
1720 1021 1784 1061 eo
1810 1023 1914 1060 non
1943 1007 2029 1058 itt-

455 1098 674 1150 teritum
713 1099 1068 1165 posteritatis,
1118 1100 1214 1153 sed
1267 1101 1670 1169 reparationem
1724 1099 1930 1162 tnundi,
1976 1106 2031 1152 et

455 1189 855 1243 innovationem
889 1191 1049 1243 latius
1084 1201 1369 1254 creatura},
1402 1206 1522 1259 quae
1549 1205 1646 1258 per
1674 1191 2030 1244 resurrectio-

450 1296 574 1334 nem
620 1281 835 1336 Domini
882 1283 1134 1336 restituta
1171 1292 1277 1347 est,
1311 1283 1613 1350 cogitabat,
1645 1294 1700 1337 et
1748 1284 1868 1337 ideo
1899 1283 2028 1336 dicit

445 1372 712 1429 Dominus
744 1374 810 1429 de
844 1389 932 1438 eo,
955 1375 1081 1443 quia
1103 1393 1122 1426 ι
1158 1375 1430 1429 Abraham
1463 1385 1616 1444 pater
1643 1383 1820 1429 vester
1845 1377 2028 1429 exsul-

449 1467 586 1520 tavit
618 1476 676 1520 ut
707 1466 915 1520 videret
962 1467 1103 1520 diem
1155 1482 1380 1532 meum;
1430 1477 1485 1521 et
1531 1467 1669 1520 vidit
1707 1477 1762 1522 et
1805 1468 2026 1536 gavisus

445 1568 529 1614 est
551 1558 619 1612 ”.
651 1578 670 1610 ι
712 1557 823 1612 Hoc
861 1573 992 1627 ergo
1024 1561 1184 1614 modo
1213 1568 1586 1628 competenter
1619 1560 1893 1614 videbitur
1929 1561 2024 1612 ha-

444 1651 554 1706 bita
579 1651 914 1720 comparatio
959 1650 1083 1705 tidei
1125 1651 1429 1717 Abraham,
1458 1661 1515 1706 et
1546 1667 1736 1706 eorum
1777 1653 1869 1721 qui
1896 1667 2022 1705 cre-

443 1742 578 1795 dunt
606 1742 660 1796 in
698 1756 822 1796 eum
868 1742 958 1810 qui
1007 1741 1292 1796 suscitavit
1327 1743 1613 1798 Dominum
1645 1743 1864 1807 Jesum;
1895 1743 2019 1810 quia

440 1832 584 1902 quod
618 1831 710 1886 ille
743 1831 984 1885 futurum
1011 1833 1265 1897 credidit,
1284 1849 1314 1886 a
1343 1833 1499 1887 nobis
1529 1835 1771 1888 creditur
1792 1833 2018 1887 factum.

444 1925 618 1978 Simul
645 1933 914 1978 autem'et
949 1925 1077 1978 illud
1103 1925 1414 1978 ostenditur
1443 1927 1587 1994 quod
1616 1925 1886 1982 haereticis
1914 1941 2020 1979 non

438 2019 637 2084 placet,
680 2017 810 2086 quia
844 2015 987 2072 Dens
1017 2019 1103 2070 cui
1139 2017 1372 2071 credidit
1418 2019 1722 2082 Abraham,
1767 2028 1824 2072 et
1859 2018 2018 2071 Iidem

438 2109 556 2177 ejus
589 2110 656 2162 ad
691 2109 967 2179 justitiam
1003 2111 1114 2180 (l9)
1151 2111 1422 2181 reputavit
1460 2110 1528 2173 ",
1561 2111 1674 2175 ipse
1717 2118 1797 2162 est
1839 2110 1930 2178 qui
1966 2117 2022 2163 et

439 2201 726 2254 Dominum
764 2197 947 2254 Jesum
994 2202 1339 2255 resuscitavit
1363 2215 1394 2254 a
1422 2203 1651 2255 mortuis
1682 2217 1697 2265 ;
1734 2217 1833 2254 nec
1858 2199 2021 2254 relin-

436 2292 624 2360 quitur
665 2290 815 2345 locus
841 2300 900 2344 ut
929 2290 1070 2345 alius
1110 2291 1433 2361 Deuslegis,
1455 2292 1594 2345 alius
1615 2292 1824 2346 Domini
1849 2292 2016 2345 nostri

433 2380 561 2436 Jesu
603 2380 804 2435 Christi
853 2380 1015 2435 Pater
1063 2381 1421 2450 intelligatur.
1469 2382 1574 2437 Sed
1629 2384 1807 2437 adlmc
1841 2384 2019 2452 requi-

436 2488 642 2534 ramus.
697 2487 819 2526 cum
866 2476 976 2526 sint
1004 2473 1404 2542 quamplurima
1453 2487 1573 2541 qua:
1616 2473 1865 2528 Christus
1894 2483 2017 2527 esse

434 2560 808 2630 dicitur(nam
838 2571 894 2614 et
947 2561 1243 2629 sapientia,
1288 2569 1344 2613 et
1391 2559 1927 2627 virtus.etjustitia,
1960 2567 2016 2611 et

431 2657 680 2718 verbmn,
713 2662 772 2708 et
813 2655 1038 2718 veritas,
1069 2661 1122 2705 et
1166 2652 1276 2704 vita
1319 2654 1437 2721 ipse
1489 2651 1790 2721 appellatur
1817 2649 1884 2719 ")
1915 2666 2016 2704 cur

432 2744 780 2807 potissimum
825 2746 892 2798 de
924 2744 1336 2798 resurrectione
1379 2741 1497 2811 ejus
1551 2745 1605 2796 in
1663 2743 1768 2796 tide
1825 2751 2010 2795 nostra

430 2839 722 2906 Apostolus
756 2836 867 2908 (20)
903 2836 1064 2891 faciat
1099 2837 1446 2890 mentionem.
1483 2834 1622 2889 Dicit
1646 2835 1698 2887 in
1723 2833 1846 2888 aliis
1872 2835 2011 2887 idem

429 2931 742 3000 Apostolus,
766 2931 894 3000 quia
918 2949 935 2982 ι
965 2946 1086 2984 cum
1122 2929 1342 2983 Christo
1365 2929 1692 2983 coexcitavit
1725 2943 1821 2981 nos
1847 2927 2010 2992 Dens,

429 3032 486 3076 et
507 3022 666 3076 simul
710 3036 834 3075 cum
882 3022 1001 3090 ipso
1036 3023 1229 3074 sedere
1261 3018 1390 3074 fecit
1439 3019 1493 3073 in
1535 3019 1848 3074 ctelestibus
1878 3019 1945 3072 9'.
1985 3038 2004 3071 ι

2136 551 2210 602 Ita
2235 566 2365 620 ergo
2390 561 2444 606 et
2471 550 2820 605 credentibus
2845 549 3066 617 quidem
3112 550 3356 614 Christo,
3398 565 3497 603 nec
3530 562 3708 604 tamen

2136 643 2531 710 deponentibus
2571 652 2812 698 veterem
2851 642 3124 696 hominem
3168 656 3292 694 cum
3342 642 3554 694 actibus
3599 644 3714 696 suis

2137 732 2357 798 injustis
2384 734 2425 796 ί,
2461 734 2593 788 iides
2646 735 2889 800 reputari
2938 747 3044 785 non
3096 739 3276 800 potest
3310 732 3378 785 ad
3413 732 3708 801 justitiam.

2132 820 2310 878 Simili
2339 833 2518 878 autem
2545 823 2706 879 modo
2734 837 3018 891 possumus
3053 823 3259 889 dicere,
3279 821 3404 892 quia
3437 823 3579 878 sicut
3625 823 3711 876 in—

2124 915 2272 982 justo
2328 931 2433 970 non
2483 927 2660 984 potest
2691 916 2902 985 justitia
2956 916 3228 985 reputari,
3275 916 3346 968 ita
3392 929 3492 969 nec
3537 915 3712 983 impu—

2131 1009 2254 1062 dico
2286 1009 2568 1078 pudicitia,
2603 1025 2704 1064 nec
2739 1010 2926 1078 iniquo
2955 1008 3210 1076 aequitas,
3241 1023 3338 1061 nec
3373 1021 3542 1060 avaro
3568 1007 3710 1060 libe—

2132 1101 2342 1166 ralitas,
2379 1118 2479 1156 nec
2509 1102 2677 1170 impio
2709 1102 2884 1172 pietas
2917 1099 3153 1169 reputari
3189 1108 3385 1166 potest,
3416 1099 3587 1154 donec
3618 1113 3712 1151 ve-

2133 1198 2272 1244 tusta
2304 1191 2557 1244 vitiorum
2593 1192 2908 1244 indumenta
2942 1205 3046 1242 non
3077 1188 3283 1257 abjicit,
3350 1197 3406 1243 et
3428 1207 3446 1240 ι
3475 1205 3708 1243 novum»

2129 1295 2188 1334 se
2214 1280 2391 1334 induit
2413 1279 2522 1351 (22)
2545 1295 2564 1328 ι
2589 1273 3000 1349 hominem,qui
3023 1279 3322 1331 secundum
3357 1277 3523 1331 Deum
3554 1291 3709 1330 erea-

2128 1376 2214 1422 tus
2242 1377 2344 1431 est,
2375 1381 2430 1422 et
2461 1379 2750 1422 renovatur
2777 1369 2828 1420 in
2864 1368 3141 1436 agnitione
3165 1367 3282 1421 .Dei
3321 1367 3386 1420 ad
3418 1366 3706 1436 imaginem

2125 1457 2243 1527 ejus
2267 1458 2357 1526 qui
2391 1460 2596 1513 creavit
2625 1473 2748 1512 eum
2775 1459 2816 1512 ³.
2862 1477 2882 1510 t
2917 1458 3208 1527 Propterea
3255 1459 3398 1511 enim
3448 1467 3502 1512 et
3528 1459 3578 1512 iu
3615 1473 3706 1512 se-

2126 1551 2421 1617 quentibus
2448 1551 2696 1622 adjungit
2723 1560 2778 1605 et
2804 1551 2937 1606 dicit
2966 1551 3034 1605 de
3078 1551 3310 1605 Domino
3332 1548 3456 1607 Jesu
3487 1570 3500 1606 :
3540 1569 3559 1602 ‹
3602 1550 3705 1618 Qui

2128 1641 2362 1695 traditus
2407 1650 2526 1705 est,
2586 1641 2798 1710 inquit,
2856 1649 3078 1710 propter
3125 1653 3343 1711 peccata
3394 1651 3603 1705 nostra,
3651 1649 3709 1696 et

2129 1738 2428 1791 resurrexit
2457 1747 2678 1807 propter
2719 1736 3163 1806 iustiﬁcationem
3195 1747 3434 1792 nostram
3467 1737 3488 1769 ⁸
3521 1753 3536 1802 ;
3583 1755 3603 1789 ι
3648 1744 3710 1790 ut

2126 1831 2381 1884 ostendat
2413 1830 2539 1900 quia
2574 1845 2635 1884 ea
2664 1845 2762 1898 pro
2805 1829 3005 1898 quibus
3038 1827 3290 1884 Christus
3342 1829 3571 1884 traditus
3596 1838 3705 1893 est,

2122 1923 2287 1976 etiam
2321 1937 2419 1976 nos
2455 1923 2753 1976 abhorrere
2776 1922 3092 1981 debeamus,
3115 1930 3170 1974 et
3198 1920 3454 1990 abjicere.
3481 1919 3536 1973 Si
3559 1921 3704 1975 enim

2124 2023 2346 2082 propter
2365 2025 2583 2081 peccata
2611 2025 2797 2066 nostra
2841 2013 3098 2066 traditum
3117 2027 3239 2065 eum
3260 2011 3554 2074 credimus,
3577 2024 3708 2080 quo-

2121 2105 2282 2158 modo
2312 2121 2417 2160 non
2457 2105 2696 2159 alienum
2745 2106 2900 2160 nobis
2921 2114 2974 2160 et
3005 2105 3284 2159 inimicum
3307 2105 3524 2158 ducitur
3545 2116 3706 2157 omne

2122 2206 2437 2266 peccatum,
2470 2212 2567 2266 pro
2597 2213 2705 2266 quo
2742 2196 3072 2265 Redemptor
3103 2182 3289 2250 noster
3317 2196 3550 2250 traditus
3589 2212 3704 2250 me-

2121 2297 2388 2342 moratur.
2419 2288 2473 2341 in
2537 2287 2822 2341 mortem?
2876 2286 3010 2340 Nam
3063 2286 3107 2340 si
3160 2287 3314 2340 nobis
3359 2284 3542 2354 aliqua
3581 2301 3702 2338 rur-

2119 2394 2239 2433 sum
2269 2379 2502 2433 societas
2538 2394 2661 2433 cum
2692 2387 2938 2445 peccato,
2970 2387 3064 2430 aut
3087 2375 3328 2429 amicitia
3367 2375 3484 2438 ﬁat,
3511 2385 3707 2427 osten-

2118 2475 2298 2528 dimus
2327 2474 2471 2541 quod
2510 2471 2646 2526 nihil
2697 2469 2962 2525 ducamus
3010 2479 3242 2523 mortem
3295 2467 3500 2522 Christi
3546 2466 3697 2531 Jesu,

2115 2566 2502 2634 amplectentes
2551 2575 2606 2619 et
2649 2573 2937 2632 sequentes
2976 2576 3039 2616 ea
3078 2577 3202 2631 quae
3242 2561 3332 2616 ille
3367 2561 3702 2630 expugnavit

2115 2669 2172 2713 et
2218 2663 2366 2713 vicit.
2419 2659 2582 2726 quue
2633 2667 2804 2711 totum
2833 2655 2992 2710 simul
3021 2665 3353 2709 connectens
3381 2655 3694 2722 Apostolus,

2116 2759 2371 2818 tanquam
2393 2764 2590 2817 corpus
2623 2750 2800 2817 ipsum
2831 2747 3066 2817 peccati,
3095 2745 3466 2800 indumentum
3495 2749 3698 2800 veteris

2115 2843 2350 2896 hominis
2376 2842 2705 2912 appellavit,
2734 2841 2876 2910 quod
2915 2839 3288 2906 deponendum
3333 2837 3526 2891 suadet
3557 2838 3578 2868 ⁵
3614 2838 3698 2890 his

2112 2937 2204 3004 qui
2229 2934 2458 2989 credunt
2479 2935 2526 2987 ei
2555 2934 2647 3003 qui
2671 2931 2956 2986 suscitavit
2991 2931 3274 2983 Dominum
3302 2928 3484 2982 Jesum
3504 2947 3531 2981 a
3552 2945 3700 2980 mor-

2114 3033 2242 3095 tuis,
2275 3043 2333 3080 nt
2355 3027 2566 3096 ahjecto
2600 3026 2917 3079 indumento
2950 3021 3230 3090 injustitia!
3257 3021 3485 3074 induant
3515 3036 3573 3074 se
3600 3021 3698 3072 Do-

429 3113 546 3167 l~lnc
577 3122 662 3169 est
693 3127 824 3180 ergo
852 3111 994 3179 quod
1022 3111 1318 3165 admonet:
1353 3111 1412 3165 Si
1455 3113 1685 3166 creditis
1730 3113 2006 3166 Christum

2113 3123 2314 3176 minum
2359 3118 2578 3186 Jesum,
2625 3119 2718 3187 qui
2765 3128 2850 3172 est
2896 3133 3085 3171 verum
3127 3117 3355 3186 justitia:
3402 3115 3692 3168 indumen-

428 3207 734 3261 surrexisse
757 3222 787 3256 a
817 3203 1066 3268 mortuis,
1081 3204 1287 3258 credite
1309 3205 1472 3258 etiam
1497 3204 1858 3273 vosmetipsos
1878 3219 2001 3258 cum

429 3301 544 3372 ipso
576 3297 781 3368 pariter
806 3296 1141 3360 surrexisse;
1181 3307 1238 3351 et
1279 3298 1324 3351 si
1355 3298 1582 3351 creditis
1607 3298 1732 3365 quia
1763 3298 1914 3352 sedet
1937 3299 2004 3352 ad

427 3393 706 3446 desieram
737 3390 916 3444 Patris
945 3390 996 3442 in
1021 3389 1196 3454 ccelis,
1223 3388 1386 3443 etiam
1419 3389 1778 3456 vosmetipsos
1796 3388 2005 3442 credite

421 3483 529 3552 jam
568 3498 676 3536 non
711 3483 763 3534 in
803 3483 1058 3544 terrenis,
1093 3482 1188 3535 sed
1221 3481 1275 3534 in
1318 3479 1633 3534 ctelestibus
1659 3480 2001 3544 collocatos;

425 3585 480 3628 et
517 3575 561 3628 si
595 3573 820 3628 creditis
849 3587 946 3626 vos
975 3572 1193 3626 Christo
1220 3579 1610 3635 commortuos,
1644 3572 1851 3625 credite
1877 3572 2002 3640 quia

423 3679 480 3722 et
507 3667 808 3721 convivetis
839 3671 924 3728 ei;
955 3665 1083 3720 etsi
1136 3664 1360 3719 creditis
1387 3664 1511 3731 quia
1557 3661 1809 3717 Christus
1851 3677 2000 3716 mor-

424 3770 549 3813 tuus
595 3769 676 3812 est
723 3768 978 3827 peccato,
1020 3766 1076 3811 et
1109 3758 1243 3810 vivit
1290 3758 1418 3819 Deo,
1449 3757 1615 3809 etiam
1659 3771 1755 3810 vos
1802 3756 2000 3810 mortui

424 3860 602 3906 estote
656 3861 906 3919 peccato,
949 3848 1111 3920 535.
1148 3859 1203 3902 et
1244 3849 1412 3903 vivite
1453 3851 1562 3902 Deo
1579 3849 1646 3902 ⁸⁷.
1678 3849 1742 3903 Et
1770 3849 1874 3903 hoc
1916 3859 2004 3904 est

423 3945 570 4013 quod
595 3946 917 3994 auctoritate
939 3941 1231 4006 apostolica
1252 3950 1610 4009 protestatur,
1627 3951 1680 3996 et
1705 3941 1864 3994 dicit:
1891 3958 1909 3992 t
1941 3941 1999 3995 Si

423 4035 851 4088 consurrexistis
885 4048 1010 4085 cum
1037 4033 1280 4097 Christo,
1307 4049 1425 4100 qua:
1449 4048 1662 4087 sursum
1700 4043 1826 4087 sunt
1855 4048 2002 4101 quae-

423 4129 544 4191 rite,
574 4128 662 4180 ubi
706 4126 956 4181 Christus
994 4134 1078 4178 est
1123 4124 1176 4178 in
1205 4125 1428 4179 dextera
1473 4125 1566 4179 Dei
1611 4127 1846 4190 edens;
1880 4141 2001 4194 quae

421 4235 635 4274 sursum
667 4228 796 4272 sunt
822 4220 1016 4288 sapite,
1038 4235 1144 4273 non
1178 4233 1300 4287 quae
1327 4231 1488 4286 super
1519 4219 1801 4282 terram";
1831 4238 1850 4270 ι
1873 4221 2000 4287 quia

420 4314 511 4382 qui
558 4314 672 4366 haac
707 4314 856 4380 agit,
895 4313 982 4366 hic
1015 4328 1074 4367 se
1114 4312 1354 4367 ostendit-
1396 4311 1622 4366 credere
1665 4311 1721 4365 in
1752 4326 1874 4363 eum
1907 4313 1998 4379 qui

421 4406 705 4459 suscitavit
736 4403 920 4458 Jesum
968 4405 1252 4460 Dominum
1295 4415 1544 4459 nostrum
1587 4419 1618 4458 a
1657 4404 1914 4467 mortuis,
1943 4413 1999 4458 et

2107 3224 2216 3269 tum
2246 3215 2382 3285 (ἐκ),
2409 3222 2467 3267 ιιι
2508 3214 2705 3266 merito
2751 3211 3096 3265 credentibus
3148 3211 3284 3266 tides
3315 3210 3383 3263 ad
3420 3207 3691 3276 justitiam

2108 3318 2412 3376 repntetur.
2477 3323 2496 3356 ι
2555 3306 2811 3359 Traditus
2872 3316 2955 3359 est
3018 3319 3149 3373 ergo
3213 3311 3432 3372 propter
3471 3311 3694 3368 peccata

2104 3411 2331 3462 nostra,
2362 3405 2416 3451 et
2463 3398 2766 3450 resurrexit
2813 3405 3035 3464 propter
3085 3392 3531 3462 justiticationem
3593 3406 3690 3443 no-

2102 3503 2273 3545 stram
2297 3489 2342 3543 '.
2385 3508 2404 3540 i
2456 3489 2664 3543 Etenim
2709 3488 2755 3540 si
2791 3486 3238 3539 consurreximus
3268 3499 3390 3538 cum
3431 3481 3688 3546 Christo,

2102 3583 2191 3652 qui
2219 3581 2555 3649 estjustitia,
2587 3590 2642 3634 et
2686 3580 2738 3632 in
2785 3578 3023 3631 novitate
3055 3577 3180 3630 vitae
3223 3576 3584 3639 ambulamus,
3631 3587 3687 3632 et

2103 3673 2400 3728 secundum
2449 3671 2715 3739 justitiam
2764 3669 3018 3731 vivimus,
3063 3667 3306 3720 surrexit
3341 3666 3497 3720 nobis
3528 3665 3692 3721 Chri-

2101 3777 2220 3821 stus
2262 3767 2328 3820 ad
2371 3765 2819 3834 justitlcationem
2871 3772 3133 3816 nostram.
3172 3759 3228 3815 Si
3287 3775 3416 3814 vero
3449 3760 3686 3813 nondum

2102 3857 2456 3923 deposuimus
2505 3867 2742 3911 veterem
2779 3853 3059 3910 hominem
3115 3868 3238 3906 cum
3289 3853 3499 3906 actibus
3549 3851 3686 3916 suis,

2103 3954 2197 4006 sed
2228 3951 2282 4005 in
2323 3951 2589 4020 injustitia
2622 3950 2854 4004 vivimus
2879 3991 2894 4012 ,
2925 3951 3096 4003 audeo
3138 3948 3321 4002 dicere
3356 3945 3500 4013 quod
3552 3958 3688 3998 non-

2103 4043 2230 4098 dum
2284 4044 2442 4098 nobis
2489 4042 2790 4096 resurrexit
2827 4040 3077 4095 Christus
3117 4039 3183 4092 ad
3211 4036 3682 4108 justilicatiouem,

2103 4150 2202 4190 nec
2220 4136 2450 4191 traditus
2483 4147 2571 4190 est
2601 4147 2820 4206 propter
2841 4143 3057 4204 peccata
3082 4141 3292 4185 nostra.
3319 4129 3376 4183 Si
3408 4129 3552 4182 enim
3582 4129 3684 4182 hoc

2103 4229 2290 4291 credo,
2327 4229 2601 4296 quomodo
2636 4226 2764 4281 illud
2824 4243 2978 4290 amo,
3012 4241 3110 4296 pro
3161 4238 3270 4293 quo
3322 4221 3410 4275 ille
3463 4219 3686 4290 pertulit

2104 4330 2334 4374 mortem
2360 4320 2385 4374 ‘l
2411 4319 2468 4374 Si
2497 4319 2599 4373 hoc
2638 4319 2804 4373 credo
2842 4318 2983 4386 quod
3018 4317 3104 4370 ille
3142 4315 3208 4368 ad
3232 4313 3684 4382 justiticationem

2107 4429 2284 4467 meam
2320 4413 2582 4476 surrexit,
2628 4412 2900 4480 quomodo
2946 4411 3077 4464 mihi
3127 4408 3238 4481 (24)
3275 4405 3534 4478 injustitia
3571 4409 3686 4473 pta-

420 4497 548 4550 huic
570 4511 696 4550 vere
728 4496 860 4550 ﬁdes
890 4505 1176 4565 reputatur
1214 4496 1280 4550 ad
1316 4495 1611 4565 justitiam.
1640 4495 1826 4564 Neque
1853 4497 1996 4550 enim
2031 4485 2075 4538 Ῑ)
2104 4502 2532 4558 υειῖιυειῑιιρδι
2573 4517 2703 4570 ergo
2741 4517 2834 4557 eos
2879 4505 3128 4560 Christus
3175 4501 3546 4556 tantummodo
3590 4497 3684 4567 qui

422 4587 678 4655 possibile
700 4598 783 4642 est
813 4599 869 4641 ut
898 4588 1116 4643 habenti
1161 4588 1215 4642 in
1244 4602 1303 4642 se
1340 4587 1542 4654 aliquid
1569 4587 1848 4656 injustitia:
1873 4605 1996 4658 pos-

419 4680 492 4733 sit
525 4679 733 4748 justitia
760 4680 873 4752 (2|)
907 4681 1170 4750 reputari,
1196 4681 1360 4734 etiam
1392 4681 1438 4735 si
1461 4682 1649 4736 credat
1681 4683 1731 4736 in
1763 4695 1884 4734 eum
1905 4682 1994 4750 qui

419 4772 708 4825 suscitavit
757 4772 1039 4826 Dominum
1096 4773 1279 4829 Jesum
1335 4791 1364 4828 a
1421 4775 1670 4828 mortuis.
1725 4775 1994 4843 lnjustitia

419 4877 652 4930 namque
686 4878 809 4917 cum
836 4866 1045 4938 justitia
1075 4867 1211 4921 nihil
1239 4875 1418 4937 potest
1449 4867 1650 4922 habere
1677 4882 1994 4936 commune,

470 5006 516 5038 ’³
543 5005 698 5060 Joan.
718 5021 835 5068 vm,
864 5006 954 5063 56.
1029 5007 1075 5039 °‘
1099 5006 1258 5064 Rom.
1283 5024 1356 5073 tv,
1387 5009 1442 5064 5.

419 5077 506 5130 Η.
535 5147 554 5150 _
583 5077 638 5150 “A
662 5076 870 5150 μοι(ξῆ
917 5093 999 5140 ιιι,
1059 5078 1199 5150 1L2.
1274 5078 1320 5111 ⁹⁹
1350 5079 1392 5133 ll
1423 5081 1548 5148 Cor.
1583 5099 1655 5148 vt,
1713 5076 1926 5150 14,15.

417 5162 500 5210 ιιι,
529 5147 582 5211 9,
619 5147 707 5200 10.
781 5146 803 5177 ⁵
831 5146 987 5202 Rom.
1015 5163 1088 5212 tv,
1112 5148 1204 5202 25.

411 5289 554 5360 jecta
605 5287 928 5351 instituere,
963 5288 1071 5360 hoc
1123 5298 1306 5360 autem
1360 5290 1566 5360 dejecta
1617 5293 1932 5347 restituere.
1973 5312 1994 5346 ι

417 5357 528 5429 Sed
559 5360 777 5411 codices
810 5359 983 5429 nostri
1014 5357 1146 5412 inss.
1177 5358 1381 5429 legunt,
1414 5357 1501 5414 alii
1523 5379 1542 5412 ι
1579 5362 1828 5427 dilecta,»
1861 5365 2003 5418 sicut

415 5439 470 5481 et
499 5428 794 5503 “abantis;
831 5428 947 5503 alii,
983 5447 1001 5480 ι
1035 5429 1210 5503 (galeta
1237 5428 1258 5494 ';
1297 5431 1453 5503 i_alii_
1478 5446 1608 5484 vero
1641 5449 1659 5482 ε
1697 5434 1938 5503 dirupta.
1975 5453 1994 5486 ι

489 5498 602 5570 (i9)
635 5497 715 5570 Ad
735 5497 1018 5570 justitiam.
1049 5499 1215 5570 Editi,
1254 5517 1273 5550 ι
1313 5501 1403 5554 Dei
1434 5501 1724 5570 justitiam.
1758 5522 1777 5555 ι

489 5569 598 5638 (‘20)
632 5566 698 5620 In
736 5568 864 5638 [ﬁdei
889 5580 1070 5621 nostra
1103 5569 1408 5637 Apostolus,
1435 5566 1550 5626 etc.
1581 5572 1673 5625 Sic
1714 5581 1859 5627 recte
1887 5573 1993 5627 duo

415 5642 652 5756 polliores
683 5653 815 5756 tqss.
839 5637 1010 5708 Regii.
1037 5639 1143 5692 Alii
1170 5649 1226 5694 et
1247 5641 1432 5708 editi,t
1464 5641 1642 5698 inﬁde
1673 5658 1812 5698 nunc
1841 5645 1992 5712 Apo-

415 5721 496 5756 810
520 5725 600 5756 IIS-
637 5728 654 5756 1
681 5723 710 5756 (9
737 5723 786 5756 (Ξ.

412 5717 600 5773 Stolus,
637 5728 654 5759 ι
681 5717 786 5761 etc.

484 5779 596 5841 (2|)
629 5780 800 5840 Alias,
847 5796 866 5831 ι
902 5778 1146 5849 Ῑιιειίιίω.
1177 5797 1208 5833 .t

2107 4609 2299 4647 novam
2330 4596 2498 4646 vitam
2543 4594 2792 4663 exemplo
2832 4593 3249 4648 resurrectionis
3285 4592 3452 4661 ipsius
3499 4603 3686 4642 susce-

2101 4695 2320 4754 perunt,
2345 4695 2400 4738 et
2430 4696 2641 4741 vetusta
2671 4686 2949 4755 injustitia:
2990 4694 3154 4753 atque
3195 4683 3498 4752 iniquitatis
3523 4682 3683 4734 indu-

2103 4787 2286 4832 menta
2307 4776 2452 4832 velut
2484 4793 2703 4832 causam
2735 4778 2927 4832 mortis
2961 4776 3244 4844 abjiciunt.
3283 4779 3388 4830 Sed
3431 4775 3560 4828 illud
3585 4788 3682 4826 ve-

2101 4869 2196 4923 lim
2231 4868 2533 4938 requirere,
2578 4872 2622 4924 si
2649 4884 2747 4938 pro
2787 4870 2890 4925 hoc
2918 4869 3032 4924 solo
3072 4871 3204 4925 dicit
3239 4868 3528 4938 Apostolus
3553 4871 3683 4936 quia

1519 5010 1610 5064 "1
1639 5011 2046 5080 ϐον.ι,24,50;
2076 5014 2277 5081 Joan.t,
2308 5017 2358 5082 1;
2393 5032 2502 5079 xiv,
2528 5014 2580 5069 6.
2657 5015 2703 5046 ⁹⁶
2730 5013 2926 5082 Ephes.
2950 5029 3004 5072 ιι,
3032 5012 3085 5064 6.
3150 5011 3192 5043 ’⁷
3228 5011 3384 5082 Rom.
3417 5025 3490 5082 vt,
3510 5007 3682 5082 8,10,

2004 5089 2020 5118 ι
2058 5079 2264 5142 Culoss.
2287 5079 2444 5148 "1,9.
2516 5089 2535 5116 ³
2563 5086 2688 5139 ibid.
2741 5079 2826 5138 10.
2901 5083 2921 5114 ³
2950 5083 3105 5138 Itoni.
3142 5098 3216 5146 iv,
3253 5081 3344 5136 ‘25.
3421 5079 3442 5110 ‘
3469 5081 3677 5136 Coloss.

2179 5290 2292 5361 (22)
2331 5289 2421 5345 Sic
2457 5306 2586 5344 mss.
2625 5289 2817 5354 nostri,
2851 5289 3174 5361 Salodiauus
3199 5298 3254 5342 et
3278 5287 3560 5341 Merlinus.
3577 5287 3680 5344 Ge-

2109 5359 2412 5415 nehrardus
2436 5377 2585 5424 vero,
2616 5379 2634 5411 ‹
2677 5363 2986 5414 indumenta
3017 5359 3261 5428 abjiciat,
3293 5368 3345 5412 et
3397 5373 3592 5412 novum
3623 5378 3682 5414 se

2109 5432 2350 5510 indiicat,
2389 5449 2408 5482 ι
2437 5441 2572 5495 elc.,
2598 5446 2697 5501 pro
2726 5447 2745 5481 ι
2780 5430 2986 5495 induat,
3011 5448 3030 5481 ι
3054 5442 3112 5483 ut
3141 5429 3324 5498 legunt
3352 5428 3680 5485 Salodianus

2097 5512 2148 5556 et
2176 5501 2452 5555 Merlinus.

2171 5571 2282 5641 (ὶὸ)
2316 5571 2486 5637 Alias,
2527 5589 2545 5622 ι
2579 5572 2725 5641 quod
2769 5581 2852 5626 est
2893 5585 3080 5624 verum
3121 5568 3350 5638 justitize
3387 5569 3679 5625 indumen-

2100 5651 2293 5782 ωῗὲιῖ
2325 5709 2478 5768 Mihi.
2505 5711 2854 5770 Desideratur
2877 5711 2930 5765 in
2958 5723 3116 5767 antea
3142 5711 3326 5767 editis.
