4170 6374
491 298 583 352 197

484 504 573 556 sed
597 515 652 558 et
681 517 907 575 propter
930 525 1028 564 nos
1057 511 1100 573 °,
1134 530 1151 560 ο
1192 513 1336 580 quod
1361 514 1498 567 dixit
1528 531 1544 568 :
1576 534 1594 566 ι
1633 514 2058 569 CrediditAbra-

483 596 608 648 ham
658 595 802 658 Deo,
847 607 903 652 et
952 585 1258 668 reputatum
1311 615 1393 658 est
1432 605 1504 658 illi
1550 606 1616 659 ad
1653 606 1988 676 justitiam’.
2033 625 2053 658 ι

481 685 718 743 Putasne
746 691 895 748 solus
930 693 1019 749 hic
1059 711 1239 752 sermo
1268 714 1333 753 ex
1363 701 1614 754 omnibus
1649 717 1770 768 qua:
1806 701 2060 755 dicuntur

481 775 547 828 de
571 777 873 846 Abraham,
907 799 1012 839 non
1042 787 1217 841 solum
1266 800 1488 859 pr0pter
1523 791 1693 852 illmn.
1730 791 1823 846 sed
1847 801 1898 846 et
1929 805 2056 858 pro-

480 879 601 937 pter
633 887 732 926 nos
773 875 1009 946 scriptus
1047 890 1131 933 est
1155 881 1178 934 ?
1198 882 1279 936 An
1313 892 1368 936 et
1397 883 1499 936 alia
1528 883 1707 952 aliqua
1736 883 2059 937 videbuntur

479 975 584 1012 non
603 962 774 1016 solum
794 977 1014 1034 propter
1037 969 1212 1032 illum,
1230 974 1324 1028 sed
1353 982 1408 1027 ct
1432 984 1654 1043 propter
1677 990 1776 1028 nos
1803 975 2004 1041 scripta
2031 974 2059 1028 ?

479 1049 557 1103 An
599 1063 752 1107 certe
775 1057 958 1110 omnia
987 1074 1106 1125 qua:
1140 1061 1206 1114 de
1231 1062 1349 1130 ipso
1386 1063 1666 1128 dicuntur,
1694 1079 1802 1118 non
1837 1065 1904 1118 de
1941 1064 2057 1132 ipso

476 1140 610 1202 solo,
639 1145 733 1198 sed
763 1155 819 1199 et
849 1163 946 1216 pro
975 1149 1131 1205 nobis
1169 1152 1426 1206 dicuntur
1450 1152 1563 1223 (26)
1591 1153 1614 1207 ?
1642 1152 1708 1206 Et
1745 1169 1850 1207 non
1879 1155 2055 1209 solum

476 1230 544 1285 de
595 1232 893 1300 Abraham,
929 1241 1023 1294 sed
1055 1242 1177 1296 vide
1208 1258 1274 1296 ne
1309 1243 1449 1298 forte
1499 1245 1614 1298 haec
1661 1247 1848 1300 eadem
1892 1247 2055 1299 etiam

476 1322 544 1374 de
580 1323 727 1378 Isaae
769 1327 1023 1383 similiter
1059 1334 1372 1402 accipienda
1414 1336 1545 1397 sint,
1578 1345 1636 1389 ut
1671 1352 1792 1406 qua:
1839 1336 1907 1390 de
1941 1337 2057 1403 ipso

475 1414 680 1488 scripta
709 1429 858 1485 sunt,
879 1435 985 1474 non
1021 1421 1196 1491 ipsum
1227 1424 1424 1489 solum,
1445 1425 1538 1480 sed
1567 1435 1620 1479 et
1652 1442 1750 1482 nos
1768 1428 2054 1496 aspiciant.

477 1503 741 1560 Similiter
769 1519 824 1564 et
861 1511 928 1566 de
965 1509 1132 1569 Iacob
1169 1523 1228 1568 et
1279 1517 1496 1571 caeteris
1539 1518 1884 1586 patriarchis.
1917 1519 2055 1574 Nam

474 1611 598 1664 quae
645 1600 785 1655 ratio
831 1602 1102 1660 videbitur
1146 1616 1206 1661 ut
1252 1606 1320 1663 de
1358 1608 1632 1663 Abraham
1673 1613 1892 1680 quidem
1935 1629 2057 1682 quas

477 1689 681 1758 scripta
712 1701 862 1756 sunt,
891 1696 1055 1750 etiam
1085 1699 1150 1752 ad
1189 1714 1290 1756 nos
1324 1701 1598 1768 pertinere
1639 1704 1914 1768 dicantur,
1947 1720 2051 1760 non

1963 301 2290 360 ORIGENIS

380 412 391 423 '
487 427 505 458 ι
543 428 649 466 non
674 425 898 484 propter
931 435 953 471 ι
980 418 1255 473 Abraham
1277 440 1295 470 ι
1316 421 1494 476 solum
1528 422 1935 493 (25),,scruptum
1958 433 2061 486 est,
2094 423 2137 478 Α
2165 426 2250 471 est
2275 418 2323 471 ei
2356 417 2614 472 Dominus
2637 418 2677 448 “
2714 415 3056 484 :H1u0m0d0
3075 416 3238 471 ctiam
3274 418 3375 471 hoc
3408 433 3515 472 non
3537 421 3732 471 'mtum

3632 303 3734 359 568

2163 519 2382 576 propter
2407 510 2703 571 Abraham,
2730 509 2824 563 sed
2851 518 2905 562 et
2932 519 3150 578 propter
3186 523 3288 561 nos
3336 508 3600 578 scriptum
3649 511 3731 562 vi-

2161 600 2376 664 deatur,
2413 609 2470 652 ut
2503 601 2848 654 ambulemus
2874 606 3176 655 secundum
3207 601 3386 654 omnia
3419 615 3541 668 qua;
3580 600 3720 653 Iocu-

2161 699 2248 744 tus
2295 700 2378 744 est
2431 691 2709 745 Dominus.
2741 691 2845 745 Sed
2884 700 2941 744 et
2986 691 3054 744 de
3088 687 3261 757 Isaac,
3289 689 3372 744 vel
3413 691 3480 744 de
3519 689 3736 744 caeteris

2157 796 2280 850 qua:
2327 782 2579 837 similiter
2621 783 2958 849 scribuntur,
2991 782 3268 851 quomodo
3317 781 3484 835 etiam
3529 780 3596 833 ad
3633 795 3733 834 nos

2157 873 2430 943 pertinere
2457 875 2764 928 videantur.
2795 873 2912 930 Non
2943 882 3026 928 est
3052 886 3233 927 autem
3275 871 3560 941 prmseutis
3594 883 3733 925 tem-

2155 966 2306 1035 poris
2327 966 2508 1018 omnia
2563 981 2660 1020 nos
2699 967 2968 1020 adducere
3013 965 3064 1018 in
3109 964 3369 1029 medium,
3419 971 3476 1017 et
3518 963 3729 1032 singula

2156 1075 2382 1129 qumque
2412 1061 2706 1124 discutere,
2751 1074 2858 1128 quo
2909 1059 3104 1113 ordine
3133 1058 3297 1112 etiam
3347 1058 3400 1111 in
3450 1057 3605 1111 nobis
3637 1056 3731 1126 qui

2155 1151 2431 1206 credimus
2477 1151 2529 1206 in
2567 1168 2689 1206 eum
2725 1155 2812 1208 cui
2865 1151 3100 1208 credidit
3146 1149 3452 1213 Abraham,
3494 1164 3618 1218 qua:
3665 1149 3732 1204 de

2155 1242 2428 1296 Abraham
2470 1244 2554 1297 vel
2584 1243 2651 1299 de
2674 1244 2890 1300 caeteris
2918 1242 3124 1298 sanctis
3159 1243 3212 1296 in
3261 1241 3560 1310 Scripturis
3587 1241 3731 1294 divi-

2157 1335 2240 1390 nis
2260 1335 2404 1390 dicta
2430 1337 2514 1391 vel
2546 1337 2686 1392 facta
2723 1350 2853 1393 sunt
2879 1335 3260 1405 compleantur
3293 1356 3306 1390 :
3344 1335 3440 1388 sed
3475 1336 3526 1388 in
3549 1349 3730 1397 quat;-

2159 1435 2270 1479 tmn
2325 1429 2612 1494 przesentis
2655 1429 2836 1498 operis
2884 1429 3186 1483 necessitas
3245 1427 3476 1496 patitur,
3512 1427 3730 1495 aperui-

2156 1531 2276 1571 mus
2307 1519 2448 1572 viam
2483 1533 2588 1586 qua
2623 1518 2789 1574 latius
2819 1522 2913 1591 qui
2941 1522 2993 1574 in
3028 1519 3328 1588 Scripturis
3359 1520 3603 1573 exerceri
3631 1520 3727 1573 de-

2155 1605 2379 1672 siderat,
2409 1607 2579 1676 possit
2614 1609 2885 1664 incedere.
2923 1609 3199 1664 llactenus
3245 1608 3313 1662 de
3358 1608 3570 1662 ratione
3603 1607 3726 1662 fidei

2155 1696 2272 1766 ejus
2296 1712 2418 1765 quae
2449 1699 2516 1752 ad
2543 1698 2813 1768 justitiam
2864 1709 3108 1768 reputata
3141 1709 3242 1762 est,
3289 1708 3346 1754 et
3381 1697 3724 1754 diversarum

476 1789 660 1834 autem
690 1782 851 1838 simili
885 1785 1064 1842 forma
1094 1792 1259 1844 etiam
1292 1795 1358 1847 de
1400 1793 1572 1859 lsaac,
1601 1804 1653 1849 et
1675 1796 1742 1850 de
1769 1794 1962 1860 Jacob,
1997 1810 2052 1852 et

2158 1787 2335 1857 legum
2376 1789 2746 1854 observantia,
2774 1805 2839 1846 ac
2888 1791 3135 1860 prmputii
3186 1789 3732 1859 circumcisionisque

475 1871 544 1928 do
571 1871 730 1940 Juda,
766 1877 850 1932 vel
888 1881 952 1933 de
997 1879 1220 1952 Joseph.
1250 1892 1308 1939 et
1351 1887 1618 1941 caneris?
1651 1887 1802 1954 Quod
1843 1890 1887 1943 si
1921 1891 2053 1945 nihil

475 1963 706 2020 rationis
726 1967 997 2025 videbitur
1033 1987 1132 2027 cur
1155 1974 1224 2029 de
1249 1991 1358 2030 uno
1392 1978 1705 2045 patriarcha
1735 1981 1836 2034 hoc
1863 1979 1935 2033 ita
1963 1995 2051 2035 ac-

475 2051 580 2120 cipi
624 2053 854 2122 debeat,
885 2068 941 2114 et
973 2077 1079 2116 non
1129 2063 1292 2118 etiam
1324 2066 1390 2120 de
1431 2069 1645 2122 caeteris
1669 2106 1684 2130 ,
1716 2083 2053 2138 consequens

473 2142 582 2196 erit
609 2153 667 2197 ιιι
683 2145 748 2199 de
768 2150 1024 2207 omnibus
1048 2170 1166 2222 qua:
1190 2156 1391 2227 scripta
1423 2171 1573 2224 sunt,
1593 2175 1700 2214 non
1732 2160 1904 2217 solum
1927 2178 2052 2230 pro-

474 2243 596 2301 pter
627 2235 746 2292 illos
774 2241 865 2308 qui
895 2251 1025 2297 tunc
1059 2241 1236 2311 erant,
1257 2251 1349 2304 sed
1385 2259 1440 2305 et
1469 2260 1690 2320 propter
1721 2269 1818 2308 nos
1847 2253 2050 2322 scripta

473 2325 785 2384 videantur.
811 2332 868 2386 In
889 2349 998 2402 quo
1028 2334 1138 2407 (27)
1177 2354 1262 2392 me
1288 2341 1562 2410 pmcipue
1606 2342 1796 2398 suadet
1827 2343 1900 2397 ita
1933 2359 2053 2398 sen-

479 2430 580 2474 ttre
610 2421 697 2474 ille
725 2421 996 2490 Evangelii
1029 2436 1237 2484 sermo,
1270 2423 1323 2474 in
1349 2438 1458 2490 quo
1489 2422 1749 2476 Dominus
1787 2431 1842 2476 et
1871 2423 2059 2476 Salva-

478 2521 563 2565 tor
598 2521 787 2566 noster
826 2512 892 2567 ad
930 2527 1024 2567 eos
1077 2513 1168 2583 qui
1217 2514 1316 2568 sibi
1357 2515 1634 2578 dixerant,
1673 2515 1797 2584 quia
1842 2535 1858 2565 ι
1906 2524 2060 2584 pater

474 2614 663 2658 noster
689 2605 958 2660 Abraham
985 2615 1068 2661 est
1095 2625 1112 2656 ›
1139 2607 1418 2676 respondit
1441 2625 1454 2660 :
1486 2627 1503 2658 ι
1532 2606 1586 2660 Si
1612 2622 1796 2660 semen
1827 2607 2059 2662 Abrahae

473 2698 689 2761 essetis,
718 2714 883 2768 opera
913 2699 1100 2768 utique
1123 2698 1354 2753 Abrahze
1384 2698 1654 2754 faceretis.
1690 2699 1847 2754 Nunc
1873 2709 2057 2753 autem

471 2788 713 2856 quaeritis
742 2805 830 2842 me
861 2790 1130 2855 occidere,
1162 2789 1436 2843 hominem
1477 2789 1567 2858 qui
1595 2790 1876 2845 veritatem
1908 2791 2060 2844 locu-

473 2889 562 2933 tus
586 2895 706 2934 sum
735 2879 910 2943 vobis,
939 2896 1099 2949 quam
1123 2881 1304 2936 audivi
1331 2896 1361 2934 a
1387 2881 1544 2936 Patre
1575 2897 1698 2937 meo
1723 2901 1736 2936 :
1764 2883 1867 2937 hoc
1891 2882 2057 2936 Abra-

472 2969 599 3023 ham
646 2985 757 3024 non
799 2970 927 3025 fecit
961 2972 1003 3025 ⁸.
1038 2990 1056 3022 ι
1090 2971 1193 3026 Per
1220 2973 1364 3042 quod
1399 2975 1586 3044 utique
1631 2976 1896 3038 ostendit,
1929 2979 2055 3044 quia

468 3061 562 3130 qui
593 3060 800 3116 faciunt
815 3078 979 3132 opera
998 3063 1250 3131 Abrahze,
1278 3065 1366 3120 isti
1391 3074 1519 3120 sunt
1540 3066 1632 3120 filii
1653 3066 1884 3121 Abrahae
1906 3067 2016 3136 (28)
2037 3084 2051 3131 ;
2072 3106 2115 3164 ε

466 3164 526 3208 et
559 3164 778 3224 propter
806 3155 925 3210 illos
953 3157 1152 3227 scripta
1181 3166 1326 3224 sunt,
1359 3173 1479 3227 qua:
1515 3159 1582 3214 de
1611 3159 1882 3214 Abraham
1917 3160 2054 3214 scri-

468 3254 560 3314 pta
594 3254 742 3300 sunt.
786 3245 886 3301 Hie
909 3249 1020 3318 jam
1051 3250 1311 3318 sapientis
1342 3251 1441 3306 viri
1471 3260 1526 3306 et
1554 3267 1584 3306 a
1626 3252 1737 3307 Deo
1767 3253 2050 3308 illuminati

464 3347 550 3392 est
565 3337 761 3392 intueri
782 3347 837 3393 et
856 3341 1162 3410 perspicere
1177 3343 1448 3412 quomodo
1470 3346 1892 3415 unumquodque
1913 3361 2050 3415 opus

465 3432 613 3501 quod
637 3432 704 3487 de
724 3433 999 3488 Abraham
1015 3436 1288 3500 scribitur,
1311 3437 1366 3490 in
1389 3439 1680 3508 semetipso
1696 3439 1945 3494 videatur
1963 3455 2050 3494 ex-

463 3525 596 3595 pleri
617 3543 631 3588 ;
654 3527 803 3582 verbi
827 3530 1017 3599 gratia,
1035 3532 1179 3600 quod
1200 3532 1403 3586 dictum
1424 3544 1508 3588 est
1527 3535 1593 3588 ad
1615 3534 1839 3588 illum’u
1865 3535 1960 3588 Exi
1982 3535 2050 3590 de

464 3625 607 3669 terra
632 3625 743 3684 tua,
767 3628 821 3672 et
842 3620 909 3674 de
929 3622 1249 3691 cognatione
1272 3632 1383 3690 tua,
1407 3634 1463 3678 et
1484 3624 1550 3678 de
1575 3625 1738 3679 domo
1757 3626 1926 3695 patris
1947 3625 2046 3691 tui,

461 3716 518 3760 et
547 3709 671 3763 veni
701 3709 860 3781 535
888 3712 942 3765 in
972 3697 1080 3783 (29)
1113 3722 1312 3768 terram
1345 3731 1506 3785 quam
1534 3717 1629 3771 tibi
1658 3718 1941 3772 ostendam
1968 3737 1981 3772 :
2023 3737 2042 3769 ι

459 3803 733 3869 quomodo
771 3812 826 3856 et
861 3804 908 3857 is
944 3806 1035 3873 qui
1073 3807 1141 3861 de
1168 3809 1376 3863 semine
1407 3808 1790 3868 Abrahaamsse
1818 3827 1882 3865 ex
1913 3827 2048 3880 0pc-

460 3892 614 3947 ribus
634 3894 749 3948 vult
768 3895 961 3960 videri,
986 3899 1069 3953 his
1090 3900 1285 3955 debeat
1304 3901 1549 3972 obsequi,
1573 3919 1694 3973 quae
1713 3904 1899 3974 utique
1919 3914 2048 3961 sunt

459 3998 568 4037 non
617 3995 840 4056 propter
887 3989 1037 4043 illum
1073 4000 1281 4046 tantum
1330 3995 1550 4064 scripta,
1597 3997 1692 4050 sed
1730 4006 1786 4050 et
1825 4006 2047 4066 propter

455 4092 554 4132 eos
591 4079 683 4148 qui
711 4081 945 4136 credunt
975 4083 1030 4136 in
1059 4099 1183 4138 eum
1215 4086 1304 4154 qui
1332 4089 1615 4142 suscitavit
1641 4089 1826 4144 Jesum
1859 4090 2045 4143 Domi-

457 4183 589 4221 num
627 4179 874 4226 nostrum
913 4189 942 4226 a
980 4177 1244 4241 mortuis;
1288 4185 1345 4231 et
1389 4193 1512 4232 cum
1553 4179 1670 4233 haec
1717 4179 2039 4250 impleverit,

456 4261 729 4328 quomodo
762 4277 982 4333 sperare
1023 4267 1185 4321 etiam
1225 4267 1352 4322 illud
1387 4271 1530 4340 quod
1569 4272 1915 4344 subjungitur
1943 4275 2046 4329 de-

455 4352 600 4417 beat,
629 4352 684 4407 id
718 4364 800 4409 est
832 4373 846 4408 :
881 4376 898 4408 ι
934 4358 1000 4412 Et
1029 4358 1221 4412 faciam
1253 4361 1393 4414 te-in
1439 4372 1654 4433 gentem
1704 4381 1952 4437 magnam
1986 4375 2043 4422 et

2153 1879 2499 1944 diversitate,
2544 1882 2928 1950 disputationis
2975 1897 3157 1937 sermo
3200 1883 3521 1937 cucurrerit.
3572 1881 3726 1937 Nunc

2147 1969 2259 2038 jam
2299 1973 2531 2042 qualiter
2573 1975 2626 2028 hi
2655 1975 2748 2042 qui
2788 1988 2856 2028 ex
2899 1973 3023 2040 fide,
3051 1983 3106 2028 et
3130 1990 3235 2028 non
3261 1988 3327 2027 ex
3358 1972 3723 2042 operibusth-

2151 2063 2370 2116 stilicati
2423 2071 2587 2129 sunt,
2633 2063 2997 2120 iuformentur
3042 2065 3155 2136 (50)
3199 2064 3268 2119 ab
3317 2063 3598 2135 Apostolo,
3639 2064 3722 2119 vi-

2153 2152 2393 2208 deamus.
3332 2222 3341 2231 _

2222 2242 2277 2298 8.
2315 2263 2332 2294 ι
2361 2241 2649 2299 iustiﬁcati
2681 2245 2846 2313 igitur
2868 2259 2934 2300 ex
2969 2245 3094 2313 lide,
3117 2260 3305 2315 pacem
3331 2247 3627 2302 habeamus
3654 2247 3724 2300 ad

2152 2332 2318 2386 Deum
2349 2333 2460 2403 (3i)
2491 2349 2588 2403 per
2618 2335 2905 2389 Dominum
2931 2345 3176 2390 nostrum
3207 2336 3392 2392 Iesum
3417 2337 3720 2404 Christum,

2151 2437 2248 2492 per
2275 2441 2434 2494 quem
2467 2435 2522 2480 et
2562 2441 2840 2482 accessum
2876 2427 3138 2483 habemus
3181 2444 3277 2497 per
3310 2430 3467 2485 fidem
3509 2431 3560 2484 in
3592 2447 3721 2499 gra-

2151 2515 2282 2570 tiam
2319 2517 2476 2571 istam
2504 2518 2555 2572 in
2585 2535 2690 2588 qua
2717 2530 2946 2586 stamus,
2974 2531 3030 2575 et
3055 2523 3351 2590 gloriamur
3380 2523 3434 2577 in
3466 2539 3560 2592 spe
3602 2524 3720 2593 glo-

2151 2607 2246 2662 ria:
2299 2609 2390 2662 Dei
2421 2610 2484 2663 ".
2517 2628 2536 2663 ι
2578 2612 2930 2679 Apertissime
2974 2629 3071 2682 per
3116 2614 3218 2668 hoc
3245 2627 3369 2668 eum
3415 2616 3508 2682 qui
3557 2617 3721 2670 intel-

2150 2699 2287 2754 lexit
2315 2699 2425 2770 (52)
2453 2702 2584 2770 qttid
2614 2703 2684 2756 sit
2715 2718 2780 2757 ex
2815 2704 2919 2758 fide
2944 2713 2998 2758 et
3033 2720 3139 2758 non
3170 2719 3236 2760 ex
3281 2706 3536 2775 operibus
3559 2706 3722 2774 justi-

2151 2794 2322 2856 licari,
2363 2796 2429 2848 ad
2487 2810 2673 2864 pacem
2735 2795 2828 2851 Dei
2877 2813 2998 2867 quae
3053 2806 3275 2868 superat
3315 2815 3536 2854 omnem
3569 2815 3722 2854 men-

2149 2892 2256 2937 tem
2289 2883 2355 2949 ”,
2389 2884 2442 2937 in
2475 2899 2576 2953 qua
2607 2894 2661 2939 et
2703 2901 2914 2940 summa
2944 2886 3296 2955 perfectionis
3323 2890 3597 2956 consistit,
3634 2893 3716 2946 iu-

2148 2977 2302 3029 vitat.
2337 2975 2443 3030 Sed
2469 2985 2528 3030 ut
2555 2975 2868 3046 diligentius
2899 2993 3120 3032 sensum
3153 2980 3549 3049 perspiciamus
3576 2983 3720 3052 Apo-

2149 3068 2296 3130 stoli,
2325 3069 2454 3136 quid
2485 3069 2589 3124 sibi
2620 3069 2754 3123 velit
2776 3071 2926 3138 pacis
2949 3086 3170 3135 nomen,
3201 3081 3254 3126 et
3276 3073 3402 3142 ejus
3420 3075 3572 3141 pacis
3593 3090 3718 3144 quae

2148 3175 2242 3227 per
2265 3160 2548 3215 Dominum
2585 3169 2830 3216 nostrum
2862 3161 3136 3216 Christum
3167 3172 3284 3228 est,
3310 3166 3714 3234 perquiramus.

2144 3253 2255 3308 Pax
2289 3252 2489 3307 dicitur
2528 3251 2618 3306 ubi
2651 3267 2811 3307 neruo
2831 3253 3080 3318 dissidet,
3109 3269 3270 3310 nemo
3295 3256 3598 3322 discordat,
3623 3257 3714 3311 ubi

2145 3344 2282 3399 nihil
2308 3344 2524 3410 hostile,
2554 3345 2692 3400 nihil
2720 3344 3012 3400 barbarum
3045 3345 3280 3416 geritur.
3319 3345 3431 3402 Nos
3459 3363 3590 3418 ergo
3621 3349 3715 3417 qui

2144 3437 2432 3507 aliquando
2462 3436 2662 3491 fuimus
2695 3437 2901 3492 inimici
2940 3437 3058 3502 Dei,
3096 3448 3389 3508 sequentes
3429 3440 3638 3494 hostem
3659 3449 3717 3494 et

2145 3537 2433 3598 tyrannum
2458 3527 2758 3595 diabolum,
2783 3543 2926 3584 nunc
2947 3529 2993 3584 si
3025 3529 3174 3584 illius
3201 3546 3352 3584 arma
3376 3531 3714 3600 projicimus,

2143 3629 2198 3674 et
2226 3619 2438 3688 signum
2470 3619 2671 3673 Christi
2701 3625 2756 3673 et
2800 3618 2980 3674 crucis
3011 3619 3130 3689 ejus
3157 3621 3352 3674 vexilla
3385 3624 3712 3691 suscipimus

2145 3712 2284 3784 (33),
2330 3726 2516 3780 pacem
2577 3711 2762 3780 utique
2813 3710 3074 3766 habemus
3115 3713 3181 3766 ad
3233 3713 3438 3778 Deum,
3473 3714 3569 3769 sed
3619 3731 3716 3785 per

2143 3801 2430 3858 Dominum
2468 3812 2714 3856 nostrum
2760 3800 2947 3858 Jesum
3003 3803 3276 3859 Christum
3326 3806 3417 3874 qui
3469 3821 3570 3862 nos
3619 3822 3716 3875 pcr

2143 3896 2379 3950 hostiam
2398 3896 2684 3964 sanguinis
2709 3895 2790 3950 sui
2817 3897 3192 3951 reconciliavit
3220 3897 3511 3961 Deo,sicut
3580 3899 3718 3956 scri-

2136 3991 2478 4059 ptumest“:
2508 4007 2526 4040 ι
2555 3987 2688 4042 Cum
2711 4002 2954 4043 essemus
2986 3989 3191 4042 inimici
3221 3989 3337 4052 Dei,
3375 3992 3710 4046 reconciliati

2142 4094 2330 4133 sumus
2379 4093 2476 4146 per
2531 4079 2847 4148 sanguinem
2892 4082 3072 4134 crucis
3113 4079 3238 4133 Filii
3282 4079 3399 4149 ejus
3423 4081 3556 4150 (5.1).
3591 4101 3608 4134 ι
3645 4081 3712 4136 Ει

2141 4167 2267 4222 alibi
2311 4165 2454 4220 idem
2503 4164 2704 4220 Paulus
2745 4167 2952 4222 addidit
2986 4168 3070 4222 his
3112 4169 3302 4224 dicens
3336 4188 3348 4222 :
3383 4189 3400 4220 ι
3440 4169 3711 4240 Rogamus

2140 4275 2238 4329 pro
2285 4258 2525 4324 Christo,
2554 4259 2982 4315 recouciliamini
3037 4260 3144 4315 Deo
3183 4262 3246 4315 ”.
3277 4282 3296 4314 ι
3341 4261 3397 4316 Si
3428 4264 3550 4332 quis
3582 4279 3710 4332 ergo

2142 4351 2302 4406 habet
2331 4367 2514 4420 pacem
2550 4350 2620 4406 ad
2645 4351 2836 4417 Deum,
2866 4362 2918 4408 et
2949 4353 3336 4409 reconciliatus
3363 4367 3446 4409 est
3473 4355 3586 4424 (55)
3615 4371 3712 4424 per

455 4443 772 4499 benedicam
805 4455 884 4510 te,
918 4458 973 4503 et
1014 4451 1370 4521 magniﬁcam
1412 4470 1613 4510 nomen
1640 4465 1812 4520 mum,
1849 4468 1904 4513 ει
1931 4460 2042 4514 eris
2072 4442 2112 4496 D
2142 4443 2461 4511 sanguinem
2490 4441 2716 4504 Christi,
2743 4441 2886 4496 ultra
2916 4457 3021 4496 non
3049 4443 3333 4511 contingat
3359 4443 3468 4514 (36)
3500 4459 3562 4498 ea
3589 4461 3711 4512 quae

455 4533 774 4591 benedictus
807 4555 819 4589 :
857 4549 911 4592 et
941 4539 1256 4595 benedicam
1282 4543 1665 4601 benedicentes
1693 4555 1764 4612 te,
1790 4557 1846 4602 et
1869 4549 2041 4603 male-

453 4627 629 4681 dicam
659 4629 1047 4686 maledicentes
1079 4641 1156 4697 te,
1187 4643 1243 4688 ct
1267 4634 1658 4692 benedicentur
1680 4639 1732 4692 in
1767 4648 1819 4693 te
1847 4654 2038 4694 omnes

454 4718 628 4803 tribus
666 4729 825 4779 terrae
857 4724 935 4790 '°;
981 4743 1000 4775 ι
1035 4734 1092 4780 et
1132 4725 1328 4782 iterum
1375 4744 1498 4784 eum
1539 4730 1670 4786 dicit
1709 4731 2034 4803 Scriptura:

471 4819 491 4852 ι
518 4801 666 4856 Abiit
699 4813 880 4858 autem
916 4806 1193 4861 Abraham
1237 4815 1535 4865 secundum
1563 4827 1628 4866 ea
1662 4829 1782 4882 quae
1823 4801 2036 4870 locutus

537 4917 558 4947 ⁸
588 4916 742 4972 Rom.
776 4936 846 4982 tv,
879 4921 970 4976 25.
1032 4925 1202 4980 'ibid.
1225 4927 1278 4981 5.
1346 4929 1368 4960 ⁸
1397 4927 1552 4982 Joan.
1585 4946 1704 4993 vnt,
1729 4930 1819 4988 59.
1848 4929 1938 4983 Ml.
2012 4932 2033 4962 ⁸

543 4987 595 5051 1,
622 4988 678 5045 2.
755 4991 798 5022 ¹³
825 4991 1023 5056 Philip.
1047 5011 1122 5056 tv,
1153 4997 1204 5051 7.
1284 4998 1328 5030 “
1353 4997 1507 5052 llutu.
1543 5015 1598 5056 ν.
1633 5001 1716 5056 10.
1806 5001 1850 5032 ⁸⁵
1875 4999 1917 5054 ll
1943 5000 2049 5056 Cor

2148 4945 2261 4982 nes.
2294 4943 2390 4985 xu.
2422 4927 2471 4978 1.
2552 4924 2595 4954 ¹⁰
2638 4922 2767 4975 ibid.

2174 4999 2267 5053 20.
2345 4996 2387 5027 “
2410 4993 2566 5048 Rom.
2603 5008 2719 5055 vul,
2742 4992 2774 5045 7

1987 5017 2070 5056 or.
2098 5017 2147 5064 ν,
2174 5017 2267 5053 Ζυ.
2345 5017 2387 5027 "’
2410 5017 2566 5048 nutu.
2604 5017 2719 5055 vm,
2751 5017 2767 5045 ι
2788 5030 2804 5044 .

462 5001 513 5051 v,
543 4987 595 5051 1,
622 4988 678 5045 2.
755 4991 798 5022 ¹³
825 4991 1023 5063 Philip.
1047 5011 1122 5060 tv,
1153 4997 1204 5051 7.
1284 4998 1328 5030 “
1353 4997 1507 5052 llutu.
1543 5015 1598 5064 v,
1633 4987 1716 5056 10.

531 5103 646 5176 (25)
679 5107 882 5163 Solum.
915 5112 970 5166 In
1003 5115 1168 5169 editis
1199 5117 1492 5175 omittitur.

531 5175 646 5260 {26)
665 5180 792 5260 “AL,
830 5200 848 5231 ι
888 5198 1007 5250 quae
1037 5187 1290 5242 dicuntur
1315 5189 1381 5244 de
1405 5190 1522 5259 ipso
1547 5189 1682 5255 solo,
1708 5188 1803 5245 sed
1832 5197 1889 5244 et
1928 5203 2026 5259 pro

456 5249 616 5300 nobis
646 5249 919 5308 dicuntur.
950 5272 968 5305 ι

683 5319 851 5397 Alias,
889 5339 908 5372 ι
950 5327 1004 5397 In
1036 5326 1218 5397 quod;
1258 5344 1278 5380 ο
1313 5327 1412 5392 al.,
1445 5345 1464 5378 ι
1496 5329 1678 5397 idque.
1717 5346 1736 5378 ι

529 5386 644 5464 (ἓξ)
686 5388 948 5464 lusimus
988 5386 1170 5458 habet,
1198 5386 1216 5448 ἆ
1248 5386 1410 5464 111816⁷
1431 5386 1691 5452 fiunt-filii
1719 5397 1971 5452 Abrahm.
2005 5416 2024 5450 ι

530 5455 644 5596 (211)
677 5457 768 5512 In.
792 5460 1050 5517 Merlinus
1083 5477 1135 5516 et
1159 5455 1576 5532 'Ceitehrardus,
1608 5485 1626 5518 ι
1653 5468 1746 5530 ad,
1771 5486 1790 5518 ι
1833 5469 1990 5522 male.

530 5526 620 5594 (50
693 5528 788 5582 “3-
825 5535 993 5586 codex
1038 5537 1428 5596 Vallis-Clam.
1487 5549 1540 5592 et
1601 5553 1742 5593 unus
1803 5537 1990 5596 Regiu:

530 5526 664 5609 (50)"
693 5528 788 5582 “3-
825 5535 993 5586 codex
1038 5537 1428 5601 Vallis-Clam,
1487 5526 1573 5592 et'
1601 5526 1743 5593 unus
1803 5537 2030 5609 Regius,

464 5612 487 5645 ι
525 5598 942 5657 confirmentur.
989 5621 1007 5654 ι

532 5665 648 5741 (ξι-)
688 5668 855 5741 Alias,
886 5689 904 5721 ‹
936 5674 1196 5727 habemus
1221 5675 1286 5729 ad
1333 5677 1522 5732 Deum.
1557 5697 1574 5728 ι

534 5735 653 5808 (52)
693 5737 851 5806 Editi,
893 5761 910 5794 ι
945 5743 999 5798 in
1033 5759 1126 5814 spe
1163 5746 1347 5814 gloria:
1381 5747 1611 5805 filiorum
1647 5749 1758 5808 Dei.
1797 5751 2040 5814 Apertis-

2143 4535 2360 4589 inimica
2392 4543 2519 4588 sunt
2567 4533 2698 4591 Deo.
2728 4533 2822 4588 Vis
2848 4545 3029 4588 autem
3059 4535 3250 4588 audire
3283 4551 3403 4603 qua:
3439 4547 3569 4590 sunt
3605 4541 3708 4591 ista

2141 4643 2265 4698 qua:
2296 4626 2516 4682 inimica
2561 4635 2688 4680 sunt
2743 4625 2892 4679 Deo?
2929 4623 3126 4678 Paulus
3167 4625 3282 4693 ipse
3327 4635 3378 4679 te
3405 4626 3582 4688 docet,
3615 4626 3710 4693 qui

2140 4721 2261 4773 ait:
2306 4737 2324 4770 ι
2356 4717 2638 4787 Sapientia
2664 4715 2846 4770 carnis
2870 4716 3090 4771 inimica
3116 4725 3200 4770 est
3238 4717 3346 4770 Deo
3373 4734 3387 4770 :
3429 4716 3531 4787 legi
3563 4718 3708 4770 cnim

2144 4809 2242 4868 Dei
2274 4825 2380 4862 non
2414 4817 2500 4862 est
2525 4806 2770 4873 subjecta
2791 4807 2853 4859 ”.
2883 4824 2903 4858 ι
2939 4805 2996 4860 Si
3021 4821 3152 4874 ergo
3185 4806 3479 4860 carnaliter
3503 4808 3710 4876 sapias,

2552 4924 2595 4954 ¹⁰
2638 4922 2793 4982 ibid.,
2828 4923 2884 4987 2,
2931 4921 2985 4977 3.
3064 4922 3105 4952 “
3152 4921 3284 4976 ibid.
3329 4921 3386 4975 4.
3462 4922 3505 4953 ⁸³
3546 4923 3705 4978 Rom.

2135 5116 2444 5188 simeenim
2472 5128 2569 5184 per
2600 5108 3171 5188 lueeqtueuintcllexit,
3208 5128 3228 5188 ρ
3262 5119 3368 5163 etc.
3603 5177 3612 5186 .
3661 5177 3672 5188 .

2206 5185 2316 5257 (55)
2377 5180 2504 5240 Mss.
2556 5183 2724 5257 nostri
2757 5198 2773 5257 :_
2803 5180 2915 5243 alii,
2971 5196 2992 5230 ι
3031 5181 3412 5252 proji_eimu_s...
3440 5180 3704 5257 “suscipi-

2137 5245 2257 5312 mus
2282 5245 2309 5319 ;’
2326 5275 2344 5306 ι
2375 5257 2487 5320 alii,
2530 5271 2552 5304 ‹
2577 5251 2946 5322 projecimus..
2964 5245 3352 5314 suscepimus.
3376 5245 3520 5312 salii,
3544 5266 3561 5296 ς
3580 5245 3702 5316 pro—

2124 5326 2423 5396 jiciamus..
2454 5324 2879 5396 suscipiamus.)

2203 5396 2316 5467 (51)
2355 5395 2518 5458 Editi,
2553 5383 2937 5467 o__i'econei_li_ati
2965 5399 3156 5441 sumus
3184 5383 3542 5467 Deo.OSi‘quis
3565 5402 3700 5467 ergo

2134 5455 2319 5532 habet,
2351 5485 2370 5516 ι
2405 5455 2513 5518 etc.
2565 5462 2694 5532 Mss.
2736 5459 2954 5532 quidam
2991 5473 3088 5524 pro
3137 5474 3156 5507 ι
3181 5455 3507 5532 «ει-υείξ1ῖ1111
3536 5459 3653 5524 ejus
3677 5477 3696 5510 ο

2133 5525 2336 5593 habent
2369 5553 2386 5586 ι
2418 5534 2597 5588 crucis
2623 5525 2801 5598 ejus,»
2834 5528 3034 5598 omissa
3062 5541 3206 5598 voce
3229 5544 3246 5574 ε
3267 5525 3419 5598 Filii.
3453 5545 3474 5598 ρ

2208 5607 2320 5675 (55)
2345 5605 2442 5658 Ms.
2485 5595 2663 5675 unusi
2705 5601 2791 5653 «Si
2815 5597 2937 5666 quis
2971 5610 3103 5663 ergo
3126 5595 3423 5651 habebatur
3448 5597 3702 5654 inimicus

2137 5672 2250 5735 Dei,
2284 5688 2340 5730 et
2369 5672 2748 5728 reconciliatus
2778 5679 2882 5730 cst,
2909 5685 2927 5717 ι
2957 5677 3064 5720 etc.

2210 5746 2323 5813 (36)
2360 5743 2524 5811 Editi,
2565 5761 2584 5796 ι
2613 5758 2721 5798 nou
2749 5744 2970 5810 cogitat,
3003 5755 3020 5788 ι
3061 5735 3223 5795 male,
