4170 6412
419 362 522 418 989

1368 359 1728 417 COMMENT.
1765 359 1828 412 IN
1872 355 2090 413 EPIST.
2130 357 2220 410 AD
2264 354 2430 411 non.
2468 355 2600 410 LIB.
2643 337 2735 410 tv”

3567 357 3672 413 95-0

420 485 502 538 vel
527 484 692 537 vitam
749 491 898 538 tuam
944 481 1336 551 cupiditatibus
1391 483 1579 537 carnis
1624 492 1864 550 exponas
1889 521 1902 544 ,
1939 487 1996 533 et
2024 483 2070 539 Α
2100 480 2400 533 habeamus
2451 479 2516 530 ad
2543 477 2715 531 Deum
2747 494 2762 530 :
2800 495 2818 528 »
2850 477 3030 530 sciens
3057 476 3183 544 quia
3235 476 3434 530 bellum
3484 486 3676 531 contra

421 575 695 628 afﬂuentia
762 572 1078 628 deliciarum
1143 571 1436 625 resolvaris
1485 569 1641 642 ('57),
1691 579 1786 623 aut
1845 569 1888 622 si
1933 569 2002 623 de

424 665 557 733 legis
583 663 861 718 intellectu
893 663 1191 718 carnaliter
1205 670 1263 716 et
1290 677 1396 716 non
1425 661 1748 730 spiritaliter
1775 660 1998 721 sentias,

418 769 476 812 et
511 758 626 812 haec
655 757 1051 811 assertionibus
1081 755 1316 808 humana
1354 763 1473 807 arte
1512 752 1779 823 quaesitis,
1827 752 2000 818 magis

421 863 584 916 quam
624 845 861 914 spiritali
898 845 1076 915 gratia
1135 853 1191 898 et
1250 843 1525 898 intellectu
1567 841 1848 895 subtiliore
1901 841 1996 894 de-

421 936 640 1000 fendas,
657 951 755 1005 per
776 933 1096 1003 sapientiam
1122 933 1307 988 ca-rnis
1330 932 1584 987 inimicus
1606 929 1835 986 elﬁceris
1866 930 1994 984 Deo.

423 1025 532 1081 Nec
559 1026 706 1080 solus
740 1026 854 1080 haec
886 1024 1084 1079 Paulus
1116 1026 1168 1078 in
1213 1025 1325 1079 suis
1365 1023 1595 1081 Litteris
1616 1023 1843 1078 scribit:
1874 1023 1998 1077 audi

423 1128 478 1173 et
511 1116 772 1172 Jacobum
813 1116 1035 1171 fratrem
1080 1116 1294 1170 Domini
1339 1115 1536 1170 similia
1570 1124 1995 1184 protestantem,

422 1225 544 1263 cum
582 1209 716 1265 dicit
748 1227 762 1265 :
809 1229 828 1260 ι
864 1209 966 1276 Qui
1005 1209 1236 1263 voluerit
1268 1209 1479 1263 amicus
1509 1222 1630 1263 esse
1663 1208 1844 1262 saeculi
1895 1208 1996 1261 hu-

418 1299 530 1367 jus,
585 1301 836 1354 iuimicus
884 1298 978 1353 Dei
1015 1299 1386 1354 constituetur
1413 1300 1478 1354 ¹⁷.
1516 1319 1535 1351 »
1577 1299 1682 1353 Sed
1731 1307 1786 1353 et
1831 1297 2000 1353 Joan-

424 1406 520 1446 nes
543 1393 696 1460 paria
730 1400 1005 1446 testatur:
1048 1408 1068 1442 ι
1118 1389 1320 1458 Filioli,
1361 1391 1556 1459 inquit,
1595 1390 1762 1445 nolite
1815 1405 2001 1445 amare

424 1482 708 1542 mundum,
744 1496 922 1549 neque
950 1496 1015 1535 ea
1041 1497 1162 1550 qua:
1194 1481 1309 1552 (58)
1345 1481 1396 1534 in
1430 1481 1632 1534 mundo
1657 1489 1784 1534 sunt
1813 1499 1827 1535 :
1863 1495 2001 1550 quo-

425 1575 569 1627 niam
603 1587 765 1628 omne
791 1573 932 1640 quod
965 1574 1016 1627 in
1051 1573 1254 1628 mundo
1281 1583 1383 1637 est,
1402 1573 1842 1642 concupiscentia
1870 1587 1996 1626 car-

425 1666 511 1720 nis
558 1675 665 1728 cst,
702 1675 757 1719 et
804 1666 1248 1735 concupiscentia
1295 1665 1604 1728 oculorum,
1640 1674 1696 1720 et
1750 1665 2001 1734 superbia

425 1755 548 1808 vita:
578 1754 713 1824 (39),
750 1770 870 1823 quae
923 1770 1029 1809 non
1071 1766 1156 1810 est
1195 1769 1263 1808 ex
1311 1755 1420 1809 Deo
1446 1754 1508 1808 ³⁸.
1541 1773 1559 1805 »
1595 1755 1766 1824 Igitur
1795 1755 1847 1808 in
1892 1769 2002 1824 quo

2103 570 2374 625 diabolmn
2431 583 2622 638 pacem
2679 577 2904 638 praestat
2947 567 3064 637 (41)
3103 569 3172 627 ad
3212 569 3412 633 Deum,
3443 577 3500 622 et
3551 578 3678 623 tunc

2100 664 2274 732 magis
2313 664 2366 715 in
2411 676 2596 730 pacem
2646 660 2737 714 Dei
2796 659 3064 723 venimus,
3111 659 3334 727 quando
3387 661 3679 713 adversum

2099 754 2379 808 diabolum
2407 754 2748 822 persistimus
2797 752 3050 820 impacati
3081 750 3221 821 (42),
3245 760 3301 806 et
3333 754 3557 820 quando
3582 753 3679 804 ad-

2099 860 2318 898 versum
2346 845 2526 899 carnis
2551 844 2681 897 vitia
2712 843 3055 897 dimicamus.
3080 840 3326 911 Denique
3355 851 3411 896 et
3441 841 3680 896 Jacobus

2099 936 2374 1004 apostolus
2420 935 2492 989 ita
2527 935 2660 989 dicit
2692 951 2706 988 :
2743 954 2762 987 ι
2795 934 3054 989 Resistite
3097 934 3336 999 diabolo,
3370 943 3419 988 et
3448 932 3619 1002 fugiet
3646 949 3678 985 a

2098 1027 2290 1082 vobis:
2324 1026 2758 1096 appropinquate
2802 1026 2934 1091 Deo,
2979 1035 3036 1079 et
3088 1025 3543 1094 appropinquabit
3582 1041 3678 1077 vo-

2098 1117 2181 1171 bis
2203 1118 2270 1169 ²¹.
2305 1136 2326 1170 »
2361 1117 2524 1172 Vides
2562 1127 2619 1172 et
2650 1118 2829 1186 ipsum
2867 1118 2938 1170 ita
2965 1117 3223 1183 sensisse,
3239 1117 3382 1186 quod
3416 1125 3546 1171 tunc
3576 1131 3678 1185 ap-

2099 1209 2378 1278 propietur
2402 1208 2535 1272 Deo,
2557 1209 2774 1277 quando
2804 1208 3082 1262 resistitur
3112 1207 3353 1263 diabolo.
3388 1224 3408 1259 ι
3428 1207 3621 1261 Pacem
3650 1227 3672 1260 »

2098 1313 2229 1369 ergo
2268 1317 2288 1350 ι
2326 1297 2625 1354 habeamus
2667 1299 2735 1353 ad
2765 1299 2934 1354 Deum
2969 1315 3068 1366 per
3099 1299 3389 1354 Dominum
3423 1308 3675 1354 nostrum

2099 1389 2280 1445 Jesum
2317 1389 2618 1444 Christum.
2649 1407 2669 1441 ι
2719 1389 2786 1443 Ει
2823 1391 3035 1444 addidit
3066 1407 3082 1444 :
3119 1408 3137 1440 ι
3165 1390 3267 1444 Per
3305 1405 3465 1456 quem
3492 1399 3548 1442 et
3586 1403 3680 1442 ac—

2100 1495 2316 1536 cessum
2351 1481 2614 1536 habemus
2644 1481 2696 1534 in
2723 1481 2960 1550 gratiam
2999 1481 3161 1535 istam
3195 1481 3249 1534 iu
3277 1497 3382 1549 qua
3413 1490 3676 1534 stamus.»

2101 1570 2381 1638 Quomodo
2417 1586 2699 1626 accessum
2728 1573 2990 1626 habemus
3019 1572 3086 1626 ad
3112 1573 3346 1642 gratiam
3373 1585 3469 1642 per
3497 1571 3682 1625 Domi-

2104 1678 2232 1717 num
2269 1671 2514 1717 nostrum
2537 1662 2722 1718 Jesum
2747 1662 3051 1730 Christum,
3077 1665 3190 1733 ipse
3216 1663 3471 1719 Salvator
3497 1665 3630 1717 dicit
3656 1681 3672 1718 :

2110 1771 2128 1802 ι
2167 1753 2279 1820 Ego
2331 1767 2452 1806 sum
2503 1753 2703 1807 ostium
2729 1753 2806 1817 ”;
2843 1771 2862 1804 »
2898 1762 2998 1807 et:
3032 1771 3050 1803 ι
3082 1753 3250 1806 Nemo
3283 1754 3432 1807 venit
3464 1753 3528 1805 ad
3577 1752 3680 1804 Pa-

423 1846 537 1900 haec
563 1856 708 1913 sunt,
756 1862 864 1900 non
902 1855 1079 1916 potest
1111 1846 1315 1900 habere
1363 1861 1552 1914 pacem
1585 1846 1652 1899 ad
1684 1844 1872 1908 Deum,
1904 1845 1998 1899 sed
2031 1830 2074 1887 Β
2107 1854 2266 1906 trem,
2293 1842 2397 1898 nisi
2427 1858 2526 1912 per
2554 1859 2640 1898 me
2665 1843 2737 1898 ”.
2772 1862 2794 1896 »
2839 1843 2941 1898 Per
2972 1845 3147 1912 ipsum
3188 1859 3318 1913 ergo
3351 1844 3444 1913 qui
3476 1845 3674 1898 ostium

425 1954 638 1993 rursum
687 1939 1005 1993 inimicitias
1043 1939 1290 2005 suscitat,
1320 1938 1442 1992 illas
1489 1952 1588 2006 pro
1645 1937 1846 2006 quibus
1889 1937 2000 1992 sol-

424 2029 615 2083 vendis
646 2027 900 2084 Christus
956 2030 1210 2093 advenit,
1247 2029 1390 2083 sicut
1421 2039 1474 2082 et
1528 2030 1670 2083 idem
1707 2030 2000 2097 Apostolus

425 2118 557 2173 dicit
589 2117 656 2171 de
689 2119 952 2174 Christo:
991 2138 1009 2169 ι
1034 2119 1147 2187 Ipse
1175 2128 1259 2174 est
1309 2120 1456 2173 enim
1505 2135 1610 2188 pax
1656 2127 1866 2184 nostra,
1901 2121 1997 2188 qui

425 2209 556 2266 focit
606 2219 834 2279 utraque
897 2225 1086 2277 unum,
1149 2220 1204 2264 et
1246 2211 1488 2266 medium
1538 2212 1803 2280 parietem
1854 2211 2000 2280 scpis

431 2299 666 2364 solvens,
701 2301 1009 2356 inimicitias
1053 2303 1104 2355 in
1146 2318 1312 2358 carne
1343 2320 1438 2358 sua
1473 2322 1486 2356 :
1515 2306 1684 2373 legem
1717 2308 2005 2363 mandato-

427 2405 548 2443 rum
590 2391 645 2444 in
683 2392 913 2447 decretis
957 2409 1244 2459 evacuans,
1279 2405 1340 2450 ut
1382 2397 1518 2450 duos
1547 2397 1807 2453 conderet
1834 2399 1887 2452 in
1921 2414 2004 2455 se-

426 2483 677 2552 metipso,
719 2485 774 2538 in
827 2503 937 2540 uno
978 2504 1118 2541 novo
1149 2489 1370 2542 homine
1408 2488 1614 2544 faciens
1658 2505 1844 2558 pacem
1879 2491 1940 2546 ¹⁹.
1973 2508 1995 2544 »

423 2574 576 2638 Quod
616 2575 659 2631 si
700 2577 948 2633 Christus
1001 2580 1220 2634 advenit
1266 2591 1326 2634 nt
1377 2581 1689 2636 inimicitias
1741 2583 1995 2650 solveret,

424 2677 612 2728 pacem
663 2662 884 2728 faceret,
926 2678 991 2716 ac
1033 2664 1357 2720 dissidentes
1415 2681 1514 2721 nos
1554 2676 1774 2737 propter
1811 2684 1995 2737 sepem

425 2753 643 2806 malitia:
702 2771 862 2822 quam
917 2756 1193 2823 peccando
1251 2757 1566 2824 texuimus,
1619 2760 1998 2814 reconciliaret

423 2846 535 2898 Deo
559 2846 761 2914 peccati
801 2861 928 2915 sepe
965 2848 1208 2902 resoluta
1250 2864 1266 2902 :
1311 2850 1403 2917 qui
1443 2849 1640 2904 iterum
1673 2851 1741 2904 ad
1776 2861 1995 2920 peccata

422 2937 782 3000 corwertitur,
818 2939 936 2992 sine
965 2939 1128 2993 dubio
1164 2955 1354 2994 rursus
1395 2941 1708 2995 inimicitias
1740 2954 1992 3010 reparat,

421 3037 479 3081 et
516 3042 696 3097 sepem
748 3030 1106 3087 dissensionis
1162 3033 1390 3096 intexit,
1446 3041 1500 3085 et
1552 3047 1651 3100 per
1696 3032 1814 3087 haec
1863 3048 1996 3101 opus

422 3119 627 3174 Christi
684 3120 866 3186 solvit,
905 3132 958 3176 et
995 3137 1208 3176 crucem
1266 3123 1538 3192 passionis
1575 3124 1693 3193 ejus
1742 3134 1989 3179 evacuat.

423 3209 528 3264 Sed
561 3227 657 3266 nos
691 3231 710 3264 ι
736 3181 1017 3281 justiﬁcati
1052 3228 1115 3268 ex
1148 3181 1488 3283 lideracem
1513 3181 1810 3270 habeamus
1835 3215 1997 3288 536
2022 3181 2066 3239 α

420 3301 488 3353 ad
520 3302 682 3356 Deum
713 3318 812 3371 per
844 3304 1128 3358 Dominum
1164 3315 1419 3360 nostrum
1450 3304 1635 3360 Jesum
1661 3305 1990 3360 Christum.»

422 3393 730 3450 llabeamzts
760 3410 948 3464 pacem
981 3405 1040 3448 ut
1069 3395 1209 3449 ultra
1241 3411 1346 3451 non
1379 3398 1696 3451 adversetur
1727 3413 1855 3453 caro
1884 3400 1999 3470 spi-

419 3485 570 3548 ritui,
612 3500 711 3540 nec
749 3486 852 3554 legi
906 3487 1000 3540 Dei
1036 3489 1333 3543 absistatur
1366 3504 1397 3542 a
1443 3491 1561 3560 lege
1606 3490 1994 3545 membrorum.

421 3575 537 3630 Non
570 3577 642 3631 sit
689 3577 742 3630 in
786 3578 944 3632 nobis
978 3590 1098 3634 «est
1125 3589 1308 3634 etnon
1335 3581 1413 3646 ³ο,
1437 3601 1456 3634 »
1505 3581 1601 3636 sed
1631 3596 1795 3635 unum
1840 3582 1997 3636 dica-

423 3682 543 3721 mus
571 3682 784 3731 omnes,
826 3669 1014 3722 eadem
1063 3672 1364 3738 sapiamus,
1412 3686 1515 3727 nec
1563 3673 1704 3726 intra
1757 3683 1998 3727 nosmet-

423 3757 588 3826 ipsos,
623 3774 721 3813 uec
742 3761 1084 3817 extrinsecus
1107 3763 1173 3817 ad
1202 3763 1432 3818 invicem
1463 3764 1729 3819 habeatur
1750 3764 1858 3818 ulla
1884 3765 1995 3820 dis-

421 3849 626 3912 seusio,
649 3857 704 3902 et
734 3858 860 3902 tunc
891 3865 1077 3919 pacem
1112 3852 1436 3907 habebimus
1458 3852 1572 3924 (40)
1608 3854 1672 3907 ad
1705 3853 1872 3909 Deum
1901 3869 1998 3923 per

420 3940 704 3994 Dominum
761 3952 1008 3996 nostrum
1068 3941 1253 3998 Jesum
1284 3944 1586 4000 Christum.
1639 3944 1770 3999 Illud
1813 3953 1992 3999 autem

419 4031 728 4086 certissime
753 4033 1032 4087 sciendum
1063 4044 1168 4099 est,
1187 4036 1313 4103 quia
1342 4037 1521 4090 omnis
1551 4037 1603 4090 in
1633 4051 1744 4106 quo
1769 4047 1852 4090 est
1881 4051 1997 4089 ma-

418 4123 550 4180 litize
585 4125 797 4188 vitium,
843 4141 1121 4192 nunquam
1159 4136 1338 4195 potest
1363 4127 1567 4182 habere
1605 4141 1816 4196 pacem.
1859 4129 1995 4182 Dum

419 4218 566 4269 enim
616 4231 834 4284 semper
884 4217 1087 4286 cogitat
1140 4222 1412 4288 quomodo
1463 4218 1621 4273 lzedat
1684 4219 1994 4288 proximum

421 4325 600 4372 suum,
621 4311 746 4362 dum
769 4324 986 4378 semper
1007 4311 1234 4364 nocendi
1265 4321 1413 4364 artes
1437 4311 1690 4379 requirit,
1715 4326 1994 4380 nunquam

419 4416 571 4454 mens
600 4401 716 4466 ejus
749 4402 801 4454 in
843 4414 972 4468 pace
997 4401 1265 4456 consistit.
1298 4403 1450 4469 Quod
1491 4403 1537 4457 si
1570 4404 1818 4474 requiras
1847 4419 1877 4457 a
1907 4418 1995 4457 me

2101 1943 2188 1988 est
2219 1933 2356 2004 (43),
2380 1948 2661 1988 accessum
2699 1933 2964 1989 habemus
2988 1935 3056 1988 ad
3085 1934 3336 2005 gratiam.
3365 1934 3472 1988 Sed
3499 1934 3680 1987 videa-

2105 2040 2228 2080 mus
2253 2024 2415 2095 quale
2447 2035 2530 2079 est
2555 2025 2778 2090 ostium,
2821 2034 2882 2078 ut
2930 2025 3172 2080 sciamus
3210 2024 3400 2093 quales
3429 2038 3552 2079 esse
3575 2025 3678 2078 de-

2103 2119 2267 2169 beant
2304 2114 2402 2183 qui
2425 2115 2636 2168 intrent
2667 2130 2764 2185 per
2802 2115 3000 2185 ipsum,
3031 2123 3088 2170 et
3123 2130 3408 2170 accessum
3443 2115 3680 2170 habeant

2103 2207 2172 2260 ad
2211 2207 2472 2276 gratiam.
2499 2206 2652 2262 Istud
2685 2208 2886 2262 oatium
2923 2209 3126 2262 veritas
3142 2218 3320 2273 est,et
3353 2223 3450 2277 per
3473 2207 3676 2262 ostium

2104 2297 2349 2354 veritatis
2385 2314 2491 2352 non
2532 2309 2757 2367 possunt
2793 2299 3024 2354 introire
3058 2300 3379 2355 mendaces.
3432 2299 3500 2353 Et
3552 2314 3677 2352 rur-

2103 2403 2223 2444 sum
2261 2389 2406 2445 istud
2437 2391 2635 2445 ostium
2665 2389 2876 2459 justitia
2910 2400 3017 2452 est,
3059 2402 3116 2445 et
3145 2406 3242 2460 per
3283 2391 3485 2446 ostium
3513 2391 3680 2460 justi-

2106 2480 2195 2533 tia:
2240 2495 2344 2534 non
2393 2482 2778 2551 ingrediuntur
2827 2480 3041 2548 injusti.
3076 2482 3219 2536 lstud
3254 2483 3453 2536 ostium
3497 2483 3675 2538 dicit:

2109 2587 2126 2618 ι
2171 2568 2368 2624 Discite
2397 2586 2424 2622 a
2452 2586 2538 2624 me
2572 2571 2697 2639 quia
2727 2570 2878 2625 mitis
2910 2585 3030 2624 sum
3061 2581 3115 2625 et
3140 2571 3362 2626 humilis
3387 2573 3550 2626 corde
3570 2571 3672 2625 “.»

2103 2661 2206 2716 Per
2235 2665 2433 2716 ostium
2474 2677 2608 2732 ergo
2651 2663 2975 2719 humilitatis
3017 2673 3072 2718 et
3107 2665 3542 2719 mansuetudinis
3576 2680 3678 2719 nec

2105 2755 2398 2808 iracundus
2424 2755 2747 2824 ingreditur,
2784 2769 2882 2810 nec
2925 2758 3214 2826 superbus.
3257 2757 3314 2812 Si
3347 2759 3469 2827 quis
3497 2759 3679 2828 itaque

2101 2855 2183 2899 est
2229 2845 2318 2913 qui
2354 2847 2651 2899 secundum
2681 2847 2924 2914 Apostoli
2965 2849 3212 2911 verbum,
3250 2865 3345 2918 per
3385 2850 3675 2903 Dominum

2102 2948 2346 2990 nostrum
2378 2935 2563 2992 Jesum
2593 2937 2871 2993 Christum
2911 2957 3191 2995 accessum
3228 2941 3343 2995 vult
3385 2943 3588 2997 habere
3623 2943 3676 2997 in

2101 3027 2329 3094 gratiam
2371 3027 2608 3092 Domini,
2640 3029 2693 3081 in
2728 3045 2835 3096 qua
2867 3031 3090 3096 Paulus,
3131 3044 3186 3086 et
3213 3033 3257 3087 si
3283 3033 3378 3103 qui
3426 3043 3556 3087 sunt
3598 3036 3678 3088 si—

2103 3119 2258 3173 miles
2290 3119 2426 3188 ejus,
2452 3130 2600 3175 stare
2629 3137 2689 3176 se
2719 3123 2873 3189 dicit,
2892 3133 3116 3191 oportet
3139 3139 3262 3178 eum
3299 3125 3368 3178 ab
3393 3127 3478 3181 his
3504 3127 3679 3180 omni-

2100 3212 2203 3266 bus
2227 3227 2348 3281 quze
2381 3227 2546 3281 supra
2579 3214 3005 3267 memoravimus
3033 3228 3155 3269 esse
3178 3223 3490 3284 purgatum.
3522 3216 3678 3272 Alio-

2099 3303 2227 3370 quin
2265 3318 2372 3356 non
2412 3303 2649 3372 patietur
2705 3305 2807 3359 hoc
2854 3305 3057 3360 ostium
3110 3307 3337 3360 introire
3363 3320 3460 3361 eos
3488 3322 3588 3376 per
3616 3323 3678 3363 se

2100 3395 2192 3463 qui
2222 3409 2285 3449 ea
2325 3410 2445 3464 quae
2473 3409 2504 3449 a
2546 3409 2608 3449 se
2655 3395 2832 3450 aliena
2862 3406 2991 3451 sunt
3036 3406 3254 3466 gerunt,
3288 3397 3384 3452 sed
3417 3398 3678 3454 continuo

2097 3487 2372 3540 clauditur
2411 3498 2464 3543 et
2505 3489 2742 3542 transire
2778 3502 2874 3557 per
2901 3503 2961 3542 se
2995 3504 3099 3542 non
3127 3489 3260 3542 sinit
3285 3488 3580 3544 dissimiles
3609 3490 3678 3543 si-

2095 3577 2170 3630 bi.
2203 3576 2318 3631 lloc
2345 3577 2605 3632 nimirum
2631 3585 2718 3632 est
2738 3577 2883 3645 quod
2909 3587 2964 3630 et
2993 3576 3100 3631 illis
3128 3578 3373 3646 quinque
3411 3575 3678 3646 insipien-

2099 3667 2240 3722 tibus
2268 3667 2566 3737 virginibus
2601 3668 2822 3733 accidit,
2860 3682 2980 3737 qua:
3011 3668 3269 3737 quoniam
3294 3667 3476 3722 oleum
3506 3667 3678 3722 boue-

2098 3774 2216 3811 rum
2246 3773 2470 3828 operum
2503 3760 2556 3813 in
2597 3759 2835 3815 vasculis
2875 3761 2990 3815 suis
3041 3775 3147 3815 non
3201 3760 3556 3830 collegerant,
3583 3775 3679 3814 ve-

2097 3849 2311 3903 uientes
2338 3859 2462 3917 post
2498 3865 2705 3920 moras,
2735 3853 2980 3907 clausum
3021 3853 3220 3906 ostium
3250 3853 3578 3908 invenerunt
3605 3852 3677 3906 ”.

2098 3939 2208 3994 Nec
2233 3943 2378 3994 enim
2433 3953 2685 4012 poterant
2720 3945 3041 4013 insipientes
3092 3945 3290 4000 anitum
3331 3961 3428 4016 per
3474 3945 3676 4002 ostium

2105 4033 2336 4086 introire
2370 4035 2676 4104 sapientize,
2709 4043 2765 4090 et
2801 4051 3080 4092 accessum
3114 4037 3320 4092 habere
3354 4037 3408 4090 in
3438 4038 3675 4106 gratiam

2099 4125 2232 4196 (44).
2259 4125 2405 4180 Bene
2451 4137 2635 4182 autem
2671 4127 2950 4195 apostolus
2994 4127 3196 4183 Paulus
3227 4128 3281 4182 in
3317 4129 3492 4196 gratia
3526 4135 3678 4181 stare

2097 4231 2156 4271 se
2190 4216 2342 4283 dicit,
2389 4217 2480 4286 qui
2523 4227 2580 4272 et
2621 4218 2749 4273 alibi
2791 4219 2966 4275 dixit:
3023 4218 3449 4272 «Abundantius
3494 4228 3676 4272 autem

2096 4322 2258 4376 quam
2289 4323 2478 4362 ouiues
2511 4307 2586 4361 illi
2619 4308 2861 4364 laboravi
2890 4329 2903 4364 :
2929 4325 3034 4363 non
3067 4319 3252 4364 autem
3272 4322 3394 4378 ego,
3427 4308 3520 4363 sed
3545 4324 3674 4375 gra-

2097 4399 2169 4451 tia
2201 4397 2296 4450 Dei
2335 4412 2548 4452 mecum
2573 4399 2640 4454 ²⁶.
2669 4417 2688 4451 »
2728 4398 2881 4454 Unde
2912 4401 2958 4454 si
2985 4402 3108 4468 quis
3126 4409 3211 4454 est
3235 4399 3376 4454 alius
3396 4400 3490 4469 qui
3520 4398 3675 4451 labo-

419 4491 880 4561 quomodojustus
905 4502 1084 4558 potest
1111 4493 1314 4547 habere
1342 4507 1556 4563 pacem,
1581 4494 1674 4563 qui
1708 4494 1992 4563 impugna-
2021 4518 2067 4572 υ
2098 4498 2179 4542 ret
2207 4488 2607 4554 abundantius,
2659 4499 2714 4543 et
2739 4490 2832 4558 qui
2869 4489 3134 4561 glorietur
3176 4491 3230 4546 in
3267 4487 3678 4543 infirmitatibus

421 4589 508 4633 tur
539 4596 569 4634 a
599 4582 835 4648 diabolo,
867 4583 959 4649 qui
996 4583 1356 4638 tentationum
1389 4583 1531 4639 bella
1564 4593 1856 4646 sustentat,
1889 4599 1992 4654 ego

421 4673 594 4740 ipsum
627 4675 799 4742 magis
843 4689 1006 4742 supra
1034 4689 1226 4730 onmes
1266 4686 1493 4730 caeteros
1529 4676 1731 4731 habere
1758 4676 1989 4731 dixerim

419 4779 627 4833 pacem.
665 4762 794 4820 Vide
842 4767 984 4819 enim
1018 4777 1072 4820 et
1114 4767 1406 4838 Apostolus
1434 4783 1600 4838 quam
1636 4771 1994 4824 observanter

419 4858 641 4909 scribat.
679 4854 794 4909 Non
825 4859 962 4912 dixit
994 4875 1007 4911 :
1046 4877 1065 4910 ι
1094 4858 1392 4915 Justificati
1433 4861 1598 4930 igitur
1635 4876 1702 4917 ex
1740 4862 1864 4928 fide,
1891 4878 1994 4932 pa-

417 4959 535 5000 cem
576 4946 892 5013 habeamus,
919 4968 939 5002 »
982 4957 1040 5005 et
1071 4949 1260 5015 siluit;
1293 4951 1389 5007 sed
1419 4952 1708 5023 adjungit:
1748 4971 1767 5004 ι
1801 4953 1994 5010 Pacem

491 5081 533 5114 ³⁷
555 5081 743 5136 Jacob.
773 5097 848 5145 tv,
879 5081 935 5135 4.
1012 5082 1091 5135 ³⁸1
1120 5082 1280 5138 Joan.
1315 5099 1377 5147 tt,
1421 5086 1512 5148 15,
1547 5086 1636 5141 16.

488 5269 600 5344 (ξῖ)
635 5271 803 5344 alias,
834 5289 854 5322 ι
874 5273 1135 5344 resolvas.
1158 5293 1177 5324 »

491 5341 604 5413 ('58)
635 5341 797 5407 Editi,
829 5358 848 5391 ι
872 5347 988 5413 pari
1022 5343 1564 5411 spirituatlestatur:
1596 5343 1796 5408 Filioli,
1818 5341 1986 5398 nolite

419 5408 604 5464 amare
623 5408 902 5491 eahquwt'»
929 5408 1034 5491 etc.
1053 5408 1333 5491 Maiunus
1355 5415 1541 5491 habet,
1563 5434 1582 5465 ι
1608 5413 1784 5469 Filiuli
1822 5416 1945 5491 mei,
1963 5433 1980 5466 »

420 5497 524 5554 pro
577 5499 596 5530 ι
623 5479 820 5547 Filiuli,
847 5483 1055 5554 inquit.
1082 5503 1102 5536 »
1161 5483 1436 5546 Habanns,
1479 5479 1541 5540 ρι’
1591 5501 1723 5540 tuss.
1765 5485 1985 5554 quidam

419 5553 683 5619 omittun_t
708 5561 763 5604 ct
793 5569 814 5602 ι
845 5552 1062 5619 inquit»
1090 5563 1146 5608 et
1177 5571 1195 5602 ι
1220 5555 1345 5606 tnei.
1369 5572 1387 5603 »

492 5621 604 5690 (59)
637 5617 705 5670 Et
739 5617 983 5695 superbia
1010 5624 1144 5676 vitae.
1182 5622 1310 5695 ilice
1341 5624 1506 5677 verba
1531 5638 1636 5679 non
1669 5633 1985 5695 comparent

421 5690 475 5750 in
511 5693 887 5762 mss._uostris,
923 5706 1022 5745 nec
1055 5693 1194 5762 apud
1225 5691 1539 5752 Rzibattum.

491 5759 602 5827 (40)
641 5760 804 5830 Alias,
845 5780 864 5814 ι
902 5759 1176 5820 habemus.
1208 5782 1228 5817 ι

1714 5086 1757 5117 ¹⁹
1811 5085 2012 5156 Ephes.
2038 5101 2098 5151 ιι,
2151 5085 2241 5154 44,
2288 5086 2376 5140 15.

417 5153 463 5185 ’⁸
487 5151 644 5207 Joan.
679 5169 735 5219 x,
754 5153 808 5208 9.
865 5153 912 5182 ³³
937 5149 1092 5208 Joan.
1120 5171 1230 5221 tuv,
1252 5155 1304 5219 6.
1379 5154 1426 5186 "
1454 5156 1644 5212 Matth.
1669 5171 1746 5224 XI,
1773 5149 1877 5212 29:
1936 5156 1981 5188 ³⁸
2003 5149 2194 5211 Matth.
2227 5149 2357 5221 xxv,
2387 5155 2443 5223 8,
2479 5156 2572 5209 10.

2093 4581 2231 4644 suis,
2255 4580 2349 4648 qui
2381 4581 2434 4633 in
2461 4581 2723 4650 periculis
2751 4597 2895 4652 saepe
2925 4593 3191 4648 versetur,
3225 4601 3245 4634 ι
3278 4581 3539 4653 periculis
3561 4596 3680 4633 ma-

2095 4674 2194 4737 ris,
2210 4672 2462 4743 periculis
2486 4672 2767 4727 ﬂuminum
2797 4672 2936 4746 (45),
2957 4674 3216 4743 periculis
3247 4674 3545 4737 latronum,
3569 4684 3668 4740 pe-

2095 4765 2288 4820 riculis
2313 4765 2366 4818 in
2393 4762 2547 4818 falsis
2577 4763 2846 4820 fratribus
2871 4766 2941 4830 ’7,
2967 4784 2987 4818 »
3013 4777 3070 4820 et
3099 4766 3152 4820 in
3183 4765 3267 4819 lllS
3291 4765 3544 4818 omnibus
3565 4770 3677 4817 stct

2097 4871 2314 4927 semper
2345 4857 2398 4910 in
2426 4857 2559 4922 ﬁde,
2587 4867 2692 4911 iste
2712 4856 2962 4911 similiter
2990 4867 3137 4910 stare
3163 4857 3361 4911 dicitur
3385 4858 3440 4909 in
3466 4855 3673 4924 gratia.

2099 4951 2208 5008 Sed
2241 4962 2298 5006 et
2329 4951 2474 5022 quod
2499 4952 2768 5020 sequitur,
2809 4968 2830 5001 ι
2860 4949 2929 5006 Ει
2952 4949 3250 5019 gloriamur
3277 4948 3330 5002 in
3356 4963 3453 5017 spe
3485 4946 3673 5016 gloriae

2476 5084 2523 5116 ²⁰
2553 5083 2572 5138 l
2599 5083 2726 5140 Cor.
2775 5099 2814 5146 I,
2857 5085 3045 5140 17-19.
3121 5085 3166 5116 ’⁸
3195 5081 3387 5138 Jacob.
3427 5098 3501 5147 tv,
3531 5085 3584 5147 7,
3617 5085 3674 5137 8.

2649 5155 2693 5186 ³⁸
2718 5154 2740 5209 ι
2766 5154 2896 5211 Cor.
2931 5169 3024 5219 xv,
3049 5154 3116 5209 10
3191 5154 3234 5184 ³⁷
3259 5155 3302 5208 ιι
3320 5155 3448 5209 Cor.
3477 5170 3553 5220 xu,
3579 5157 3672 5207 26.

2166 5273 2280 5344 (41)
2322 5271 2414 5328 Sic
2460 5286 2651 5328 omnes
2707 5287 2840 5329 mss.
2887 5273 3084 5329 nostri.
3131 5272 3278 5328 Eum
3309 5288 3476 5340 vero,
3526 5292 3545 5324 ι
3572 5289 3680 5341 ρει-ι

2093 5353 2283 5487 "iis;
2312 5411 2488 5479 Alias,
2525 5431 2545 5466 ι
2566 5423 2754 5469 contra
2787 5424 3044 5487 peccata;
3073 5432 3094 5468 »
3125 5413 3222 5480 al.,
3252 5433 3271 5466 ι
3296 5414 3348 5468 in
3373 5413 3668 5480 peccatis,»

2094 5484 2282 5620 mites.)
2323 5553 2506 5621 Alias,
2538 5572 2556 5606 ι
2582 5553 2712 5622 Quia
2747 5555 2946 5608 ostium
2976 5566 3080 5608 est.
3114 5575 3133 5607 »

2165 5623 2278 5692 (M)
2316 5624 2484 5688 Alias,
2526 5642 2543 5674 ι
2581 5626 2633 5677 in
2667 5627 2894 5692 gratiam
2926 5625 3107 5680 istam.
3135 5645 3154 5676 »

2165 5694 2278 5762 (45)
2318 5692 2578 5747 Periculis
2613 5695 2912 5762 ﬂuminum.
2945 5694 3066 5752 lle
3101 5696 3372 5752 adduntur
3396 5692 3557 5750 verba
3590 5695 3662 5750 alt

2093 5761 2198 5820 nuo
2227 5761 2326 5820 ms.
2362 5765 2528 5836 Regio
2560 5776 2614 5820 et
2651 5781 2681 5818 ιι
2718 5761 2960 5822 ﬂabunii.
