4170 6404
528 331 626 387 991

2029 329 2351 387 ORIGENIS

3689 335 3790 391 993

523 450 620 504 Dei
645 450 714 514 ",
745 469 763 502 ι
792 450 953 518 quale
979 451 1050 504 sit
1083 449 1385 506 videmnus.
1422 451 1598 506 Movet
1637 467 1724 505 me
1763 467 1859 505 cur
1894 467 1999 506 non
2033 453 2115 505 di-
2143 458 2187 511 Α
2219 451 2356 504 riam
2383 449 2568 515 dicat;
2611 451 2705 505 sed
2748 450 2851 504 hoc
2892 450 3022 504 tnibi
3055 449 3268 505 videtur
3297 453 3611 513 ostendere.
3645 457 3790 523 quod

525 544 669 595 xerit
697 543 918 611 gloriari
949 557 1010 596 se
1059 543 1112 595 in
1160 542 1330 612 gloria
1367 542 1483 607 Dei,
1517 544 1610 596 sed
1647 562 1664 594 ι
1701 544 1754 596 itt
1796 559 1890 612 spe
1919 545 2105 613 glmize

522 633 617 686 Dei
647 651 660 687 :
704 653 722 684 ι
763 634 814 684 iu
842 648 950 700 quo
978 634 1168 686 deesse
1195 633 1414 701 quidem
1447 633 1650 701 aliquid
1680 633 2003 688 elocutionis
2026 637 2107 688 vi-

519 725 702 785 detur,
735 725 806 776 ita
842 734 899 778 ut
945 723 1227 777 subaudiri
1271 725 1488 785 debeat.
1539 745 1557 777 ι
1591 726 1642 778 in
1675 741 1770 794 spe
1805 745 1823 776 ι
1861 726 2106 780 videnda:

525 834 544 866 ι
581 815 768 884 gloriae
809 814 924 870 Dei.
965 834 982 865 ι
1021 815 1227 869 Edocet
1255 827 1436 870 autem
1469 833 1566 871 nos
1593 833 1689 886 per
1714 818 1850 880 haac,
1877 816 2016 872 sicut
2049 829 2106 871 et

519 911 646 962 alibi
681 910 794 978 ipse
823 911 980 973 dicit,
1013 911 1144 978 quia
1176 928 1196 961 ε
1221 927 1343 979 qua:
1370 921 1683 979 sperantur,
1708 923 1909 964 eterna
1941 921 2099 975 sunt;

518 1017 638 1072 qua:
671 1010 849 1054 autem
885 1005 1159 1064 videntur,
1217 1002 1536 1069 temporalia
1561 1004 1627 1056 ³³.
1669 1021 1689 1055 ι
1724 1000 1860 1055 Nam
1901 1002 2104 1055 vidisse

525 1094 726 1146 dicitur
755 1106 809 1148 et
837 1093 1049 1164 Moyses
1073 1095 1300 1163 gloriam
1344 1097 1438 1148 Dei
1467 1095 1547 1153 ³ος
1581 1094 1790 1149 vidisse
1815 1094 2013 1148 dicitur
2048 1101 2104 1146 et

521 1182 752 1250 populus
809 1184 860 1236 iu
912 1185 1326 1238 consecratione
1379 1186 1572 1238 domus
1625 1184 1836 1238 Domini
1870 1184 2101 1254 gloriam

520 1273 614 1326 Dei
661 1272 906 1326 Israel".
943 1274 1050 1327 Sed
1089 1283 1144 1328 et
1183 1277 1249 1329 de
1302 1275 1604 1344 ltujnsmodi
1639 1275 1809 1345 gloria
1863 1290 1985 1342 quae
2016 1274 2100 1327 vi-

521 1366 637 1417 deri
670 1366 870 1432 potuit,
901 1381 1070 1419 ausus
1101 1376 1184 1419 est
1208 1366 1536 1435 Paulus,qui
1566 1377 1683 1420 erat
1715 1367 2097 1436 mysteriorum

520 1455 613 1508 Dei
669 1471 909 1523 gnarus,
956 1459 1314 1524 pronuntiare
1346 1457 1416 1520 ³³,
1450 1460 1595 1526 quod
1655 1457 1743 1511 illa
1784 1458 1957 1528 gloria
2003 1459 2097 1511 de-

510 1559 778 1612 struetur,
815 1562 936 1616 quae
972 1549 1142 1602 etiam
1177 1549 1226 1600 in
1257 1548 1407 1601 vultu
1442 1547 1614 1618 Moysi
1643 1549 1945 1604 videbatur.
1970 1547 2096 1606 Haec

509 1651 692 1693 autem
735 1640 905 1702 gloria
953 1654 1073 1707 quae
1121 1649 1394 1708 speratur,
1431 1640 1498 1693 de
1530 1656 1634 1708 qua
1666 1641 1821 1706 dicit,
1864 1659 1883 1692 ς
1911 1641 1967 1694 ltt
1997 1655 2095 1710 spe

509 1733 700 1799 gloria:
764 1733 855 1785 Dei
905 1732 1014 1796 ³³,ι
1076 1747 1354 1800 nunquam
1419 1733 1753 1787 destruetur.
1801 1732 1895 1786 Est
1942 1733 2090 1788 enim

2209 542 2328 596 istze
2353 543 2536 612 gloria:
2565 559 2687 612 qua:
2714 543 2799 597 vel
2827 560 2924 614 per
2955 544 3174 614 Moysen
3193 545 3490 614 prioribus,
3514 547 3603 602 vel
3630 549 3790 602 nobis

2207 649 2304 703 per
2333 634 2622 688 adventum
2647 637 2834 690 carnis
2864 635 3063 690 Christi
3108 637 3302 692 delata
3338 649 3482 702 sunt,
3522 654 3628 694 non
3662 639 3785 695 fue-

2207 733 2334 778 runt
2379 725 2716 794 angelorum,
2770 726 2864 780 sed
2912 728 3242 794 hominum;
3294 729 3603 784 hominibus
3638 733 3781 784 enim

2206 817 2528 872 ministrata:
2561 828 2708 884 sunt,
2741 829 2796 872 et
2820 818 3040 872 fuerunt
3062 821 3182 887 ejus
3209 836 3475 875 mensura;
3525 837 3664 891 quas
3691 838 3784 876 ca-

2206 922 2334 977 pere
2366 908 2619 962 homines
2651 917 2876 978 possent
2913 926 2928 963 :
2963 909 3050 963 illa
3079 924 3232 973 vero,
3265 912 3314 964 in
3343 929 3448 980 qua
3481 913 3648 966 Filius
3685 914 3785 967 ho-
3827 895 3836 914 ’

2205 999 2368 1054 minis
2392 1000 2458 1052 ad
2480 1001 2743 1070 judicium
2775 1001 2959 1055 mundi
2985 1011 3252 1056 venturus
3274 1014 3379 1067 est,
3407 1005 3578 1072 gloria
3605 1005 3780 1062 Patris

2207 1099 2351 1144 tanta
2384 1091 2508 1157 erit,
2541 1107 2664 1161 qua:
2692 1108 2722 1145 a
2753 1093 2883 1147 solis
2912 1094 3119 1164 angelis
3147 1095 3264 1162 capi
3311 1097 3507 1162 possit.
3545 1097 3602 1152 Si
3647 1115 3779 1153 vero

2203 1179 2368 1234 etiam
2395 1192 2716 1237 sanctorum
2750 1184 2916 1252 aliqui
2946 1199 3176 1253 capaces
3203 1187 3349 1242 illius
3382 1188 3568 1256 gloria:
3603 1191 3777 1243 exsti-

2203 1272 2393 1334 terint,
2420 1270 2496 1326 illi
2529 1273 2784 1327 nimirum
2825 1287 2987 1328 erunt
3033 1276 3097 1330 de
3131 1278 3330 1342 quibus
3372 1278 3598 1345 dicitur,
3635 1282 3772 1347 Quia

2205 1374 2225 1406 ε
2267 1364 2430 1410 erunt
2478 1355 2618 1411 sicut
2659 1357 2832 1428 angeli
2880 1357 2974 1412 Dei
3009 1358 3073 1413 υ.
3123 1377 3142 1409 ›
3187 1359 3254 1412 Ει
3295 1362 3398 1414 huc
3435 1363 3595 1416 modo
3635 1377 3780 1420 recte

2198 1449 2266 1504 de
2295 1447 2473 1503 futura
2502 1449 2689 1519 gloria,
2731 1466 2852 1518 quae
2899 1451 3164 1518 speranda
3199 1461 3302 1516 est,
3333 1453 3536 1508 dictum
3564 1457 3780 1510 videtur

2196 1542 2339 1610 quod
2378 1541 2545 1596 Filius
2597 1542 2834 1598 hominis
2886 1545 3068 1598 veniat
3111 1563 3130 1596 ι
3176 1547 3230 1598 in
3270 1547 3434 1616 gloria
3476 1547 3680 1611 Patris,
3723 1561 3778 1606 et

2194 1641 2503 1687 sanctorum
2535 1634 2876 1703 angelorum,
2923 1653 2941 1686 ι
2972 1635 3024 1689 id
3051 1644 3159 1699 est,
3195 1651 3355 1705 quam
3392 1653 3500 1691 non
3531 1640 3643 1707 jam
3679 1640 3777 1694 ho—

2193 1725 2370 1779 mines
2407 1727 2628 1788 terreni,
2663 1727 2758 1780 sed
2790 1727 2960 1782 sancti
2995 1728 3168 1798 angeli
3208 1744 3403 1798 capere
3438 1742 3770 1786 mereantur.

511 1821 632 1875 talis
662 1823 727 1876 de
749 1837 853 1891 qua
902 1823 1042 1876 idem
1073 1822 1369 1890 Apostolus
1411 1822 1548 1876 dicit
1579 1824 1806 1892 loquens
1835 1825 1903 1878 de
1929 1823 2091 1878 Chri-
2116 1804 2164 1864 Β
2193 1818 2297 1872 Pro
2353 1818 2648 1888 capacitate
2703 1820 2903 1873 etenim
2974 1822 3238 1875 mentium
3295 1803 3573 1892 dispensat
3631 1823 3773 1880 Deus

506 1923 592 1966 sto
635 1932 649 1968 :
707 1933 725 1964 ‹
772 1914 873 1979 Qui
922 1925 1028 1978 est,
1079 1915 1276 1983 inquit,
1316 1916 1576 1983 splendor
1605 1915 1814 1984 gloriae,
1835 1923 1890 1968 et
1917 1914 2089 1982 figura

503 2020 763 2074 expressa
793 2005 1118 2059 substantia:
1141 2006 1259 2074 ejus
1279 2005 1346 2060 “.
1378 2024 1397 2057 ι
1439 2005 1605 2073 Hujus
1641 2019 1772 2076 ergo
1797 2005 1981 2073 gloria:
2012 2004 2092 2057 vi-

502 2099 692 2152 denda:
715 2113 867 2167 Spem
895 2109 1092 2167 gerunt
1121 2099 1172 2151 hi
1202 2101 1268 2154 de
1293 2099 1493 2167 quibus
1507 2099 1711 2152 dictum
1741 2107 1826 2152 est
1853 2113 1866 2148 :
1893 2113 1911 2148 ι
1937 2096 2090 2150 Beati

503 2188 706 2244 mundo
762 2190 950 2255 corde,
983 2191 1244 2259 quoniam
1297 2189 1402 2258 ipsi
1466 2189 1633 2243 Deum
1677 2188 2031 2251 videbunt”,
2063 2207 2083 2240 ι

505 2291 634 2335 tunc
663 2297 788 2335 cum
815 2281 930 2351 jam
958 2285 1232 2350 aufugerit
1259 2283 1438 2346 dulut‘,
1465 2294 1519 2335 et
1545 2281 1794 2347 tristitia,
1830 2291 1885 2334 et
1919 2281 2089 2350 gemi-

503 2383 611 2439 tus,
642 2383 844 2428 etcum
875 2389 938 2428 ea
965 2389 1085 2442 qua:
1122 2375 1175 2427 in
1217 2373 1438 2442 speculo
1470 2389 1614 2428 nunc
1667 2373 1922 2426 videntur
1946 2383 2000 2425 et
2034 2371 2088 2424 in

499 2467 810 2535 amigmate,
859 2467 1230 2532 destruentur,
1269 2477 1324 2521 et
1355 2466 1655 2522 manebunt
1703 2464 1816 2536 (46)
1851 2466 1935 2519 illa
1969 2482 2090 2534 qua:

511 2571 640 2614 sunt
673 2559 808 2614 facie
834 2563 902 2614 ad
933 2561 1128 2614 faciem
1162 2559 1230 2614 ³⁸.
1262 2559 1414 2626 Quod
1442 2560 1489 2614 si
1525 2561 1611 2613 cui
1645 2559 1785 2613 forte
1816 2559 2089 2612 videbitur

500 2660 628 2715 huic
649 2661 974 2729 expositioni
999 2672 1199 2717 nostra:
1227 2662 1357 2716 illud
1383 2662 1698 2717 econtrario
1731 2661 1897 2730 objici
1926 2674 2087 2730 posse

498 2755 643 2822 quod
683 2755 798 2822 ipse
837 2754 1130 2822 Apostolus
1162 2755 1336 2808 dicit:
1378 2773 1396 2806 ε
1441 2753 1550 2809 Nos
1605 2764 1787 2808 autem
1847 2754 2086 2808 revelata

497 2845 639 2899 l'acie
672 2845 902 2915 gloriam
957 2845 1168 2899 Domini
1203 2846 1572 2916 speculantes,
1600 2847 1790 2900 eadem
1842 2845 2083 2916 imagine

499 2936 956 2992 transformamur
970 2953 998 2990 a
1015 2937 1187 3006 gloria
1215 2938 1266 2990 in
1283 2937 1802 3007 gloriam,tanquam
1827 2953 1854 2990 a
1871 2937 2085 2991 Domini

497 3028 707 3098 Spiritu
723 3029 804 3094 ’7;
839 3049 856 3080 ι
896 3038 950 3084 et
981 3029 1112 3084 dicit
1145 3048 1158 3083 :
1193 3029 1476 3096 Quomodo
1504 3029 1682 3083 adhuc
1707 3046 1857 3098 spem
1896 3029 2086 3099 gloriae

2189 1911 2350 1966 etiam
2381 1912 2782 1983 magnitudines
2821 1913 3128 1984 gloriarum.
3172 1914 3278 1970 Sed
3305 1915 3446 1971 sicut
3471 1916 3628 1970 istam
3659 1917 3773 1988 glo-

2189 2005 2320 2058 riam
2349 2020 2510 2072 quam
2549 2006 2748 2064 vidisse
2777 2022 2837 2061 se
2878 2009 3104 2077 apostoli
3131 2010 3186 2062 in
3222 2010 3528 2080 Evangeliis
3555 2013 3767 2078 dicunt,

2195 2113 2214 2146 ‹
2248 2093 2477 2164 gloriam
2515 2106 2774 2165 tanquam
2811 2096 3083 2167 Unigeniti
3117 2113 3145 2150 a
3170 2097 3356 2161 Patre,
3393 2099 3607 2167 plenum
3643 2115 3768 2168 gra-

2193 2187 2280 2239 tia:
2317 2194 2373 2241 et
2407 2188 2659 2244 veritatis
2689 2189 2757 2256 δ’,
2795 2209 2814 2240 ›
2863 2206 2962 2244 nec
2987 2193 3213 2246 credere
3242 2191 3384 2260 quis,
3433 2207 3535 2247 nec
3569 2208 3769 2260 capere

2190 2276 2386 2344 potuit,
2420 2276 2524 2330 nisi
2555 2288 2609 2332 et
2659 2278 2748 2332 illa
2792 2279 2962 2349 gloria
3007 2295 3128 2348 qua:
3174 2296 3270 2350 per
3302 2281 3519 2352 Moysen
3563 2282 3678 2350 (50)
3711 2285 3766 2338 in

2190 2366 2306 2438 lege
2330 2368 2633 2422 ministrata
2657 2380 2759 2430 est,
2787 2373 2928 2424 viam
2956 2373 3218 2426 tenuisset
3245 2373 3634 2440 intelligentia,
3657 2375 3766 2429 sic-

2190 2468 2247 2512 ut
2299 2469 2640 2514 contestatur
2692 2459 2783 2514 ille
2844 2462 2936 2528 qui
2989 2461 3206 2516 dicebat
3280 2462 3348 2517 ad
3409 2462 3763 2518 Nathanael:

2196 2569 2214 2602 ‹
2247 2550 2416 2617 Quem
2461 2552 2684 2622 scripsit
2731 2551 2971 2623 Moyses,
3021 2565 3075 2609 et
3123 2555 3420 2625 prephetae,
3460 2556 3768 2613 invenimus

2187 2640 2370 2696 Jesum
2404 2660 2431 2695 a
2465 2642 2734 2698 Nazareth
2775 2644 2821 2675 "
2864 2663 2878 2700 :
2926 2663 2946 2696 ι
2999 2645 3090 2716 (in
3133 2661 3241 2714 quo
3277 2647 3464 2714 utique
3505 2649 3763 2713 ostendit,

2188 2737 2314 2805 quia
2343 2751 2410 2790 ex
2439 2734 2582 2807 Lege
2609 2744 2666 2790 et
2706 2737 2994 2807 Pruphetis
3015 2738 3330 2801 illuminati,
3362 2739 3521 2808 hujus
3551 2739 3764 2810 gloriae,

2187 2842 2309 2897 qua:
2339 2839 2457 2882 erat
2486 2839 2745 2898 tanquam
2780 2830 3056 2899 Unigeniti
3100 2846 3130 2884 a
3161 2830 3348 2898 Patre,
3389 2833 3574 2887 lumen
3607 2848 3765 2903 aspe-

2188 2919 2395 2989 xerint)
2433 2921 2510 2974 ita
2537 2932 2592 2974 et
2622 2923 2766 2992 quod
2798 2923 3090 2992 Apostolus
3118 2922 3345 2988 dixit“,
3383 2943 3401 2975 ι
3440 2923 3549 2980 Nos
3579 2934 3761 2978 autem

2190 3016 2434 3067 revelata
2467 3011 2608 3067 facie
2637 3013 2868 3082 gloriam
2894 3013 3112 3068 Domini
3158 3016 3520 3084 speculantes,
3570 3017 3761 3070 eadem

496 3125 754 3194 εει-ἧι,ᾳυί
777 3126 1015 3180 revelata
1033 3125 1143 3194 jam
1165 3125 1305 3180 facie
1323 3124 1592 3194 speculari
1617 3140 1676 3179 se
1697 3125 1830 3180 dicit
1851 3125 2076 3194 gloriam

2189 3103 2425 3173 imagine
2476 3105 2936 3158 transformamur
2979 3121 3008 3158 a
3055 3107 3224 3174 gloria
3259 3110 3311 3160 in
3341 3106 3592 3177 gloriam,
3637 3115 3763 3160 tan-

497 3220 745 3282 Domiui,
780 3229 836 3274 et
871 3236 897 3274 a
939 3220 1112 3291 gloria
1149 3221 1201 3274 iu
1246 3220 1478 3289 gloriam
1513 3217 1929 3272 transformari?
1957 3219 2080 3274 vide

496 3312 656 3382 537
685 3311 729 3365 si
769 3313 1040 3380 possimus
1072 3313 1175 3366 hoc
1199 3317 1358 3367 modo
1390 3312 1601 3368 solvere
1631 3312 1776 3382 quod
1804 3313 2077 3383 objectum

494 3410 598 3453 est.
632 3398 975 3455 Dilferentias
1013 3401 1143 3454 mihi
1195 3402 1487 3470 Apostolus
1535 3401 1752 3457 videtur
1793 3406 2079 3458 ostendere

495 3492 818 3561 gloriarum,
850 3503 907 3546 et
935 3493 1096 3546 aliam
1125 3494 1296 3549 fuisse
1333 3495 1560 3565 gloriam
1609 3511 1730 3566 qua:
1779 3494 1948 3566 Moysi
1979 3495 2079 3548 mi-

496 3585 724 3638 nisterio
751 3583 864 3655 (47)
895 3586 1135 3640 revelata
1169 3600 1276 3650 eSt,
1306 3587 1373 3641 de
1403 3601 1504 3656 qua
1535 3587 1646 3659 jam
1685 3587 1736 3642 in
1774 3588 2078 3657 superiori.

498 3674 599 3729 bus
627 3675 898 3730 diximus:
928 3677 1090 3730 aliam
1135 3676 1302 3732 fuisse
1333 3694 1454 3747 quae
1499 3679 1550 3733 in
1589 3681 1826 3734 adventu
1866 3679 2077 3734 carnali

496 3767 799 3822 Salvatoris
834 3769 1143 3822 ministrata
1183 3779 1290 3833 est,
1332 3772 1398 3823 de
1430 3785 1536 3839 qua
1572 3770 1706 3825 dicit
1750 3781 1803 3824 et
1840 3769 2078 3825 Joannes

495 3860 551 3912 iu
585 3859 918 3930 Evengelio:
959 3881 978 3912 ι
1009 3861 1071 3914 Ει
1103 3863 1341 3916 vidimus
1392 3863 1618 3932 gloriam
1664 3863 1801 3933 ejus,
1846 3863 2076 3933 gloriam

497 3963 756 4022 tanquam
795 3952 1070 4024 Unigeniti
1101 3971 1130 4008 a
1164 3954 1350 4021 Patre,
1376 3956 1596 4025 plenum
1635 3958 1826 4027 gratia:
1849 3967 1902 4011 et
1932 3958 2072 4011 veri-

497 4046 626 4100 tatis
649 4045 712 4099 ³⁸.
736 4064 754 4098 ι
785 4045 860 4101 De
890 4062 995 4116 qua
1028 4046 1206 4116 gloria
1247 4063 1356 4102 non
1389 4064 1676 4118 possumus
1708 4049 1890 4104 dicere
1933 4050 2076 4119 quod

497 4138 612 4207 ipsa
642 4139 714 4192 sit
739 4154 859 4208 qua:
887 4142 1156 4210 speranda
1188 4151 1271 4194 est
1312 4160 1324 4194 :
1379 4141 1521 4195 hanc
1569 4141 1714 4195 enim
1761 4141 1964 4196 vidisse
1995 4143 2077 4196 di-

491 4237 623 4285 eunt
649 4233 874 4302 apostoli
905 4251 920 4299 ;
952 4243 1157 4289 etvera
1197 4245 1280 4290 est
1319 4234 1408 4288 illa
1438 4235 1709 4289 sententia
1745 4250 1863 4304 quae
1900 4237 2070 4291 dicit:

493 4339 516 4373 ε
547 4323 700 4388 Quod
729 4325 875 4379 enim
909 4327 1054 4380 videt
1083 4327 1226 4396 quis,
1257 4325 1387 4396 quid
1426 4335 1610 4396 sperat
1633 4326 1718 4380 ”?
1758 4345 1776 4378 ι
1812 4327 1905 4381 llla
1943 4342 2076 4382 vero

488 4409 662 4478 gloria
695 4411 808 4480 (48)
842 4429 963 4481 qua:
998 4419 1268 4483 speranda
1296 4425 1402 4481 est,
1432 4416 1499 4470 de
1522 4432 1629 4484 qua
1651 4417 1817 4470 etiam
1850 4418 1903 4471 in
1939 4434 2075 4488 prm-

2181 3210 2342 3264 quam
2375 3210 2404 3247 a
2441 3195 2654 3248 Domini
2690 3194 2918 3264 Spiritu,
2974 3213 2992 3245 ι
3058 3195 3286 3267 intelligi
3334 3195 3497 3251 debet
3523 3197 3666 3266 quod
3706 3206 3763 3250 et

2180 3285 2272 3355 qui
2304 3285 2463 3340 istam
2500 3287 2729 3356 gloriam
2756 3287 3036 3357 Unigeniti
3069 3287 3312 3343 revelata
3342 3286 3503 3354 facie,
3532 3289 3636 3342 hoc
3650 3298 3759 3352 est,

2179 3379 2340 3448 plena
2375 3379 2498 3434 fidei
2539 3380 2902 3451 intelligentia
2936 3382 3339 3450 contemplatur
3384 3382 3523 3450 (5|),
3566 3383 3760 3438 eadem

2179 3472 2416 3539 imagine
2449 3487 2556 3542 qua
2617 3474 2686 3528 de
2731 3473 2875 3542 Lege
2923 3475 3076 3530 venit
3127 3475 3193 3528 ad
3248 3475 3561 3546 Evangelia,
3601 3484 3658 3530 et
3691 3477 3760 3530 ad

2181 3563 2456 3618 carnalem
2503 3563 2802 3620 Salvatoris
2838 3567 3154 3630 adventum,
3207 3566 3513 3621 illuminato
3559 3581 3655 3635 per
3693 3568 3761 3621 li-

2181 3656 2304 3710 dem
2341 3657 2529 3712 cordis
2564 3657 2784 3722 intuitu,
2820 3658 2871 3710 in
2903 3657 3203 3711 secundum
3246 3657 3603 3712 nihilominus
3641 3658 3761 3725 glo~

2180 3749 2276 3802 ria:
2309 3750 2600 3804 adventum
2645 3751 2820 3804 aciem
2877 3749 3075 3804 mentis
3124 3750 3392 3815 intendat,
3432 3759 3488 3804 et
3519 3765 3547 3804 ιι
3587 3749 3759 3820 gloria

2178 3841 2433 3910 praesenti
2481 3842 2548 3894 ad
2591 3840 2830 3896 futuram
2862 3857 2983 3910 qua:
3023 3851 3275 3909 speratur
3304 3843 3532 3911 gloriam
3576 3853 3759 3899 trans-

2179 3931 2463 3988 formetur.
2511 3931 2662 3988 Unde
2711 3933 2950 3988 arbitror
2973 3948 3072 3988 nec
3101 3950 3258 4002 posse
3285 3935 3619 4004 quempiam,
3656 3949 3760 3990 nec

2181 4026 2378 4080 mereri
2417 4025 2613 4080 futura:
2649 4026 2795 4080 illius
2835 4026 3019 4096 gloriae
3059 4027 3174 4081 ﬁeri
3201 4043 3475 4096 capacem,
3507 4027 3608 4082 nisi
3641 4025 3754 4094 jam

2177 4118 2307 4172 hinc
2350 4134 2506 4172 usum
2551 4128 2606 4172 et
2654 4118 3060 4174 meditationem
3112 4119 3406 4188 quamdam
3450 4118 3567 4186 ejus
3603 4121 3753 4172 acci-

2179 4211 2312 4280 piat,
2342 4211 2642 4266 secundunt
2673 4214 2818 4281 quod
2842 4213 3133 4282 Apostolus
3160 4211 3291 4265 dicit
3331 4211 3398 4276 “,
3433 4211 3484 4264 in
3528 4210 3752 4278 speculo

2178 4316 2298 4356 eam
2333 4303 2447 4373 (52)
2478 4312 2536 4356 et
2570 4303 2623 4356 in
2667 4303 2956 4372 aenigmate
3024 4303 3356 4367 contuendo,
3412 4311 3469 4356 ut
3517 4316 3584 4354 ex
3649 4301 3754 4355 hac

2180 4391 2418 4463 imagine
2451 4395 2823 4450 meditationis
2857 4395 3116 4460 assiduae,
3147 4411 3310 4465 quam
3358 4396 3411 4452 in
3457 4410 3628 4450 carne
3658 4411 3756 4465 p0-

489 4503 630 4556 senti
663 4504 787 4558 loco
814 4507 947 4559 dicit
982 4507 1268 4575 Apostolus
1310 4510 1531 4579 gloriari
1562 4524 1621 4564 se
1650 4510 1766 4578 (49)
1821 4529 1839 4560 ‹
1880 4485 1952 4563 in-
1973 4525 2069 4580 spe

2189 4485 2321 4540 situs
2357 4487 2423 4540 de
2445 4487 2633 4540 divina
2673 4487 2843 4556 gloria
2894 4490 3056 4558 gerit,
3101 4489 3345 4560 paratior
3381 4487 3448 4540 ad
3479 4489 3757 4556 capacita-

489 4596 674 4664 gloria:
699 4596 818 4660 Dei,
861 4631 878 4648 .
917 4609 1095 4666 potest
1137 4599 1249 4668 ipsa
1293 4602 1519 4673 intelligi
1559 4603 1626 4656 de
1670 4617 1774 4670 qua
1817 4600 2070 4657 Salvator

488 4687 618 4739 dicit
645 4687 696 4740 in
727 4685 1024 4757 Evangelio
1069 4709 1082 4744 :
1145 4709 1163 4741 ι
1201 4690 1337 4746 Cum
1389 4695 1598 4748 venerit
1631 4693 1800 4748 Filius
1833 4695 2068 4750 hominis

487 4780 542 4832 in
566 4779 734 4850 gloria
766 4780 967 4847 Patris,
995 4795 1051 4837 et
1074 4795 1392 4839 sanctorum
1418 4786 1736 4855 angelorum
1761 4787 1827 4840 ⁸⁸.
1857 4807 1876 4840 ι
1914 4788 2067 4854 Quod

487 4881 669 4925 autem
713 4873 872 4936 dixit,
913 4892 932 4926 ι
984 4875 1184 4940 Patris,
1229 4889 1282 4932 et
1317 4888 1633 4933 sanctorum
1676 4879 2019 4949 angelorum,
2050 4899 2070 4933 ι

487 4977 594 5015 ιιοιι
623 4965 766 5033 quod
793 4963 887 5020 Dei
917 4966 1097 5024 Patris
1137 4977 1193 5026 et
1229 4971 1548 5041 angelorum
1583 4988 1747 5027 unam
1783 4987 1909 5028 esse
1953 4973 2072 5043 glo-

592 5187 637 5218 ’⁸
665 5187 823 5245 Rom.
851 5205 903 5257 v,
935 5190 990 5243 2.
1069 5192 1114 5223 ¹⁹
1137 5192 1178 5246 ll
1203 5191 1326 5248 Cor.
1363 5210 1436 5256 ιν,
1468 5194 1556 5249 18.
1633 5195 1678 5226 '°
1705 5191 1865 5248 Num.
1890 5209 2003 5253 xvi.
2033 5191 2086 5246 ΔΞ

592 5268 729 5332 imit.
757 5276 806 5332 v,
832 5261 884 5313 Ξ.
963 5261 1007 5292 ³⁵
1046 5262 1176 5330 Sap.
1208 5279 1304 5325 vtt.
1331 5265 1435 5327 ‘26;
1467 5263 1630 5318 l-lehr.
1668 5281 1707 5325 I,
1749 5265 1802 5319 ‘5.
1880 5266 1925 5295 ³⁵
1963 5267 2086 5317 Matt

2206 5192 2247 5224 ³⁸
2275 5191 2446 5246 Levit.
2478 5210 2529 5255 ιι,
2562 5192 2664 5255 25;
2712 5192 2774 5246 Ill
2804 5193 2933 5266 Reg.
2969 5211 3086 5257 vm,
3121 5196 3206 5249 ll.
3283 5196 3327 5227 "
3365 5195 3404 5250 ll
3431 5197 3558 5253 Cor.
3592 5215 3672 5265 ιιι,
3699 5199 3749 5254 7.

2189 5280 2228 5329 v,
2253 5265 2306 5317 8.
2382 5263 2461 5315 ³¹⁸Ι
2491 5265 2619 5318 Cur.
2649 5281 2766 5326 xm,
2794 5265 2880 5318 l2.
2959 5265 3002 5297 ³⁷
3033 5267 3071 5319 ll
3101 5267 3226 5319 Cor.
3257 5282 3339 5332 ιιι,
3370 5268 3455 5322 18.
3531 5270 3575 5302 ³⁸
3595 5268 3750 5323 Joau.

1808 5336 1848 5366 “
1875 5335 2064 5390 Matth.
2087 5351 2222 5401 uti,
2243 5335 2330 5389 50.
2408 5333 2629 5388 “Joau.
2655 5351 2692 5402 ι,
2719 5335 2808 5390 14.
2883 5335 2928 5367 ⁸³
2953 5337 3086 5391 ibid.
3108 5335 3199 5390 45.

485 5259 531 5290 ³³
557 5259 712 5312 Ilntn.
757 5276 806 5320 v,
832 5261 884 5313 Ξ.
963 5261 1007 5292 ³⁵
1046 5262 1176 5330 Sap.
1208 5279 1304 5325 vtt.
1331 5265 1435 5327 ‘26;
1467 5263 1630 5318 l-lehr.
1668 5281 1707 5325 I,
1749 5265 1802 5319 ‘5.

487 5345 525 5389 ι,
554 5331 639 5382 14.
717 5331 758 5361 ³³
789 5331 942 5385 llmn.
981 5348 1100 5400 VIII,
1127 5332 1217 5386 21.
1299 5333 1342 5366 ⁶⁰
1377 5336 1506 5389 Luc.
1534 5351 1605 5397 lx,
1637 5337 1727 5388 26.

486 5402 530 5430 “’
555 5400 572 5454 l
598 5401 718 5454 Cor.
745 5416 863 5463 xnt,
886 5403 973 5455 12.
1365 5406 1368 5410 ’

563 5561 678 5632 (4.6)
719 5563 890 5629 Alias,
932 5583 952 5616 ς
978 5575 1038 5619 ut
1075 5576 1370 5632 maneant;
1396 5587 1412 5619 ι
1447 5567 1542 5630 al.,
1579 5587 1597 5618 ι
1625 5578 1678 5621 et
1712 5578 1952 5622 manent.
1980 5587 1998 5619 ι

559 5632 674 5708 (ᾗ)
709 5633 808 5708 Ms.
836 5650 998 5708 unus,
1037 5655 1055 5686 ι
1091 5636 1261 5707 Moysi
1294 5640 1346 5690 in
1381 5641 1658 5708 mysterio.
1696 5660 1712 5690 ι

560 5702 674 5781 (18)
709 5702 872 5781 Militi,
903 5721 922 5754 ς
952 5722 1072 5782 quae
1089 5702 1367 5774 speratur.
1390 5702 1484 5762 Illa
1508 5723 1640 5764 veto
1671 5710 1864 5782 gloria,
1899 5726 1916 5761 ι
1941 5716 2070 5774 etc.,

487 5776 708 5825 omissis
743 5776 1098 5829 intet'tnediis.

563 5841 678 5909 (-19)
713 5841 796 5896 Se.
835 5843 991 5899 Deest
1029 5848 1080 5900 iu
1110 5849 1288 5902 editis.

2179 4586 2286 4630 tem
2321 4591 2461 4632 vera:
2493 4577 2634 4634 illius
2668 4580 2853 4648 gloriae
2885 4597 2983 4650 per
3010 4583 3266 4635 virtutem
3296 4579 3472 4633 sancti
3516 4578 3756 4648 Spiritus

2175 4669 2556 4724 transferatur.

2247 4761 2301 4817 9.
2334 4777 2354 4811 ι
2390 4759 2504 4814 Non
2544 4760 2720 4815 solum
2747 4771 2951 4826 autem,
2984 4763 3091 4818 'sed
3126 4772 3182 4818 et
3216 4763 3516 4832 gloriamur
3565 4762 3617 4815 in
3656 4763 3754 4815 tri-

2173 4851 2565 4912 bulationibus,
2627 4851 2861 4906 scientes
2907 4853 3035 4922 quia
3087 4854 3364 4907 tribulatio
3429 4853 3751 4922 patientiam

2173 4954 2458 5013 operatur,
2513 4943 2773 5014 patientia
2833 4960 2965 4999 vero
3025 4945 3426 5014 probationem,
3501 4945 3756 5015 probatio

2173 5049 2304 5088 vero
2332 5049 2479 5104 spem
2505 5051 2519 5100 ;
2548 5051 2672 5104 spes
2701 5043 2884 5091 autem
2910 5052 3017 5090 non
3043 5037 3341 5103 confundit,
3363 5039 3491 5107 quia
3512 5040 3752 5092 Charitas

2206 5191 2529 5266 “Levit.:t,
2562 5192 2664 5255 25;
2712 5192 2774 5246 Ill
2804 5193 2933 5266 Reg.
2966 5211 3086 5266 vttt,
3121 5196 3206 5249 ll.
3283 5196 3327 5227 "
3365 5195 3404 5250 ll
3431 5197 3558 5253 Cor.
3592 5215 3672 5265 ιιι,
3699 5199 3749 5254 7.

3279 5337 3385 5390 “ll
3409 5339 3534 5394 Cor.
3556 5356 3638 5404 ιιι,
3667 5343 3751 5396 18.

2251 5565 2366 5637 (50)
2400 5567 2568 5632 Alias,
2612 5585 2630 5618 ι
2661 5568 2762 5622 nisi
2801 5569 2936 5621 etin
2979 5567 3067 5622 illa
3104 5569 3273 5640 gloria
3309 5585 3433 5637 quae
3465 5584 3562 5638 per
3600 5569 3752 5640 Moy-

2180 5655 2364 5782 s_u('i51,i
2390 5651 2570 5782 (giliis;
2613 5726 2631 5758 σ
2665 5709 2878 5775 hlenam
2905 5711 3026 5782 (δὴ,
3057 5708 3240 5780 plena]
3274 5709 3399 5765 ﬁdei
3448 5709 3753 5776 intelligen-

2177 5778 2704 5850 tia:contempletur.
2739 5799 2754 5827 ι

2251 5848 2361 5920 (Si)
2392 5847 2544 5900 Eam.
2579 5847 2635 5901 In
2668 5847 2829 5905 editis
2852 5849 3146 5906 omittitur.
