4170 6412
395 346 504 402 995

395 566 644 610 sanctum
702 556 798 625 qui
846 557 1005 610 datus
1045 563 1130 609 est
1175 554 1332 608 nobis
1367 555 1433 607 “.
1473 574 1491 606 ι
1546 555 1758 608 Primus
1787 554 1971 608 statim

394 661 580 719 sermo
611 646 834 716 capituli
857 646 1016 716 hujus
1044 645 1422 713 ambiguitatis
1449 645 1652 713 aliquid
1684 646 1926 699 cuntinet
1953 663 1966 699 :

397 754 505 792 non
537 739 682 791 enim
711 738 879 792 habet
901 738 954 791 in
990 739 1456 806 consequentibus
1480 738 1544 792 ad
1591 737 1738 806 quid.
1772 737 1967 792 referri

395 827 511 895 (55)
548 827 745 881 debeat
777 829 920 896 quod
950 827 1090 882 dixit
1120 845 1133 881 :
1167 846 1186 880 ι
1207 843 1312 882 non
1342 828 1515 882 solum
1537 838 1737 882 autem.
1772 846 1791 880 ι
1818 827 1972 883 Unde

394 919 520 973 vide
547 919 589 974 si
620 920 894 988 possimus
934 919 1038 974 hoc
1069 922 1228 975 modo
1257 921 1666 990 ambiguitatem
1699 920 1967 976 elocutio-

394 1011 482 1063 nis
507 1011 812 1066 absolvere.
846 1011 1114 1078 Quoniam
1151 1013 1205 1066 in
1238 1013 1619 1081 superioribus
1670 1014 1836 1068 multa
1874 1030 1970 1067 no-

393 1099 480 1154 bis
519 1114 615 1169 per
647 1101 935 1155 Dominum
991 1111 1236 1157 nostrum
1281 1100 1465 1156 Jesum
1510 1103 1787 1157 Christum
1833 1120 1966 1173 prae-

389 1190 519 1244 stita
553 1204 679 1245 esse
711 1191 1012 1258 perdocuit,
1073 1201 1134 1246 ut
1179 1207 1300 1246 cum
1348 1193 1475 1246 dicit
1502 1190 1833 1258 justilicatos
1862 1210 1964 1248 nos

392 1294 514 1335 esse
534 1296 600 1336 ex
623 1281 726 1336 fide
748 1297 844 1352 per
861 1284 1151 1338 Dominum
1182 1296 1429 1340 nostrum
1450 1284 1636 1340 Jesnm
1663 1286 1964 1354 Christum,

391 1383 447 1426 et
478 1387 576 1442 per
603 1375 778 1442 ipsum
811 1390 1091 1430 accessum
1152 1376 1354 1430 habere
1408 1379 1461 1431 in
1507 1380 1742 1448 gratiam
1785 1380 1964 1444 istam,

388 1477 486 1530 per
514 1467 687 1533 ipsum
729 1465 890 1518 etiam
931 1465 1154 1536 gloriari
1207 1469 1260 1520 in
1299 1483 1395 1536 spe
1427 1469 1614 1538 gloriae
1655 1470 1746 1524 Dei
1778 1470 1862 1536 ";
1897 1471 1966 1524 ad

390 1549 510 1604 haec
542 1552 722 1607 omnia
750 1567 872 1622 quae
918 1555 1063 1610 dicta
1105 1567 1252 1621 sunt,
1301 1557 1498 1612 referri
1555 1570 1686 1627 puto
1737 1560 1962 1627 debere,

393 1660 412 1693 σ
450 1659 555 1698 non
581 1644 756 1698 solum
799 1656 1018 1701 autem:
1054 1665 1074 1700 ι
1114 1647 1216 1703 hoc
1251 1658 1357 1713 est,
1405 1663 1511 1702 nou
1562 1651 1736 1704 solum
1782 1660 1963 1706 autem

387 1749 512 1802 quae
539 1750 700 1804 supra
738 1736 857 1807 (54)
889 1738 1043 1805 dixi;
1076 1741 1170 1793 sed
1201 1741 1384 1794 ethoc
1405 1741 1549 1810 quod
1581 1742 1878 1811 gloriamur
1905 1743 1960 1797 in

1355 343 1709 400 COMMENT.
1745 342 1807 396 ΙΝ
1843 339 2064 397 EPIST.
2095 340 2185 394 AD
2218 339 2387 394 ROM.
2422 339 2552 396 LIB.
2589 339 2658 394 IV
2680 380 2692 393 .

398 463 492 518 Dei
545 463 738 522 diffusa
781 475 863 520 est
914 465 966 518 in
1012 465 1270 519 cordibus
1313 466 1517 519 nostris
1558 481 1652 534 per
1707 464 1968 532 Spiritum
1999 468 2045 521 Α
2076 461 2308 528 divitiis,
2350 459 2698 529 culpabiliter
2749 458 3018 528 gloriatur
3063 477 3076 513 :

3549 346 3655 402 994

3125 463 3169 516 si
3227 461 3350 530 quis
3411 477 3543 516 vero
3593 465 3647 518 in

2075 552 2422 622 agnoscendo
2457 553 2741 606 Dominum
2781 553 3069 622 gloriatur,
3093 563 3147 606 et
3177 554 3230 606 in
3269 555 3540 608 intellectu
3566 557 3654 623 ju-

2075 642 2346 696 diciorum
2380 643 2521 712 ejus,
2551 655 2606 697 et
2632 645 3043 710 misericordiae,
3095 654 3150 697 et
3183 643 3430 712 justitiae,
3463 646 3654 700 lauda-

2073 733 2256 790 biliter
2290 735 2579 803 gloriatur.
2616 737 2750 790 Cum
2794 752 2926 806 ergo
2970 751 3153 790 sermo
3193 737 3296 792 iste
3335 739 3401 791 ad
3435 747 3652 792 utrum-

2071 841 2178 894 que
2227 827 2508 896 respiciat,
2564 830 2952 896 requirendum
3003 830 3160 884 nobis
3209 838 3295 884 est
3345 832 3398 883 in
3453 830 3654 898 quibus

2073 927 2221 972 recta
2255 918 2508 987 gloriatio
2540 919 2636 984 sit,
2665 929 2719 973 et
2746 921 2798 973 in
2833 921 3033 988 quibus
3058 921 3240 974 minus
3265 930 3412 976 recta
3448 921 3652 990 gloria-

2074 1007 2170 1059 tio.
2215 1005 2372 1072 Quod
2414 1007 2485 1060 ita
2517 1009 2734 1062 demum
2781 1009 3077 1077 poterimus
3117 1025 3432 1079 agnoscere,
3475 1011 3520 1064 si
3554 1023 3654 1063 na-

2074 1107 2226 1151 turas
2286 1111 2466 1152 rerum
2531 1101 2857 1168 competenti
2920 1102 3272 1156 distinctione
3343 1112 3647 1156 teneamus.

2071 1186 2226 1252 Quod
2249 1198 2433 1242 autem
2467 1189 2702 1244 dicimus
2735 1190 2839 1245 tale
2862 1202 2966 1246 est.
2999 1192 3191 1247 Omnia
3231 1207 3351 1260 quae
3386 1202 3512 1246 sunt
3563 1193 3650 1248 vel

2070 1287 2330 1348 aguntur,
2374 1291 2464 1336 atlt
2506 1283 2644 1335 bona
2671 1292 2824 1347 sunt,
2856 1295 2952 1335 aut
2989 1288 3151 1348 mala,
3201 1295 3296 1338 aut
3330 1284 3646 1338 indifferen-

2072 1373 2166 1424 tia.
2202 1371 2276 1426 De
2308 1373 2511 1442 quibus
2537 1376 2786 1444 quamvis
2811 1376 2972 1430 latior
3003 1377 3189 1431 haberi
3237 1377 3432 1432 debeat
3461 1379 3648 1447 dispu-

2067 1462 2227 1525 tatio,
2267 1474 2445 1519 tamen
2479 1479 2739 1532 quantum
2777 1468 2844 1519 ad
2878 1479 3206 1535 praesentem
3241 1470 3417 1523 locum
3442 1469 3644 1524 sulIicit

2069 1553 2427 1621 proferemus.
2456 1557 2604 1610 Bona
2634 1557 2723 1610 illa
2757 1567 2969 1612 certum
3005 1569 3090 1612 est
3119 1563 3344 1629 preprie
3365 1560 3495 1626 dici,
3521 1577 3647 1628 qua:

2067 1644 2134 1696 ad
2161 1643 2394 1698 virtutes
2420 1646 2585 1699 animi
2618 1646 2936 1715 pertinent;
2983 1658 3042 1702 et
3099 1649 3244 1702 mala
3271 1665 3333 1702 ea
3365 1651 3481 1705 sola
3512 1650 3646 1704 deli-

2070 1733 2197 1800 niri,
2229 1748 2350 1802 qua:
2393 1735 2461 1786 ad
2501 1734 2765 1789 malitiam
2811 1746 3082 1806 spectant,
3136 1751 3190 1793 et
3237 1751 3430 1794 contra
3466 1739 3640 1811 legein

374 1827 828 1884 tribulationibus
863 1813 1084 1895 nostris,
1115 1847 1208 1901 per
1245 1807 1534 1887 Dominum
1578 1807 1827 1889 nostrum
1872 1834 1963 1890 Je-
1995 1807 2038 1863 Β
2067 1823 2160 1879 Dei
2189 1834 2425 1894 θευηιιιι*
2451 1841 2466 1890 ἰ
2491 1837 2687 1882 επιετό
2717 1842 2847 1882 "8'0
2879 1828 3240 1885 ίηιὶίΠθΓθιιΙ-Ῐεὶ
3272 1845 3416 1897 esse.
3449 1833 3500 1886 id
3526 1843 3646 1897 85!.-

391 1932 514 1973 sum
547 1919 827 1976 Christum
857 1923 1142 1978 habemus.
1177 1924 1399 1980 Creteris
1439 1927 1582 1980 enim
1627 1927 1679 1981 in
1736 1927 1963 1982 tribula-

385 2012 534 2066 tione
569 2013 936 2079 tristantibus,
968 2030 1068 2071 nos
1095 2018 1285 2084 gratiae
1333 2018 1504 2087 ipsius
1544 2020 1748 2074 virtute
1801 2021 1963 2074 robo-

386 2101 511 2165 rati,
551 2104 604 2158 in
638 2105 1084 2163 tribulationibus
1109 2109 1430 2178 gloriamur.
1459 2110 1764 2168 Didicimus
1799 2127 1959 2166 nam-

385 2209 494 2260 que
519 2209 714 2250 novam
743 2213 811 2251 ex
840 2200 1145 2255 eruditione
1173 2202 1345 2269 ipsius
1365 2202 1734 2272 disciplinam,
1765 2213 1825 2258 ut
1860 2219 1960 2273 per

390 2287 775 2344 tribulationes
812 2291 1014 2347 bonum
1035 2290 1312 2362 patientia:
1339 2297 1619 2364 capiamus
1647 2315 1662 2351 :
1697 2296 1960 2352 habentes

381 2391 513 2430 vero
569 2381 847 2446 patientiae
902 2384 1104 2437 bonum
1157 2385 1464 2454 probabiles
1503 2388 1812 2454 iudicemur
1851 2407 1866 2444 :
1903 2400 1958 2444 et

383 2483 482 2535 per
533 2471 848 2541 patientiam
899 2477 1195 2529 multarum
1251 2477 1659 2533 tribulationum
1713 2482 1954 2550 probati,

382 2575 535 2628 spem
566 2560 761 2617 futurae
788 2565 901 2635 (55)
930 2581 960 2620 a
998 2566 1107 2621 Deo
1135 2570 1594 2625 remunerationis
1621 2573 1954 2630 habeamus:

379 2666 501 2720 quae
529 2665 680 2720 spes,
712 2656 836 2722 quia
886 2666 1035 2712 certa
1084 2670 1141 2712 et
1187 2675 1316 2714 vera
1359 2670 1464 2723 est,
1516 2677 1623 2717 non
1672 2665 1957 2720 confundit

381 2751 691 2808 sperantes.
727 2743 918 2799 Fidem
951 2763 1182 2817 namque
1218 2747 1382 2820 538
1408 2763 1463 2806 et
1488 2767 1640 2822 spem
1672 2758 1956 2826 consequi-

380 2843 469 2886 tur
493 2836 740 2893 charitas
772 2838 886 2900 Dei,
917 2854 1038 2909 quae
1069 2841 1312 2895 omnium
1341 2843 1516 2913 major
1550 2844 1662 2917 (56)
1693 2858 1777 2902 est
1809 2849 1877 2916 ⁸⁸,
1899 2859 1954 2905 et

374 2946 483 2983 non
516 2933 691 2986 solum
737 2932 910 3001 replet
931 2945 1168 2989 mentem
1201 2944 1465 3004 nostram,
1495 2940 1590 2992 sed
1621 2951 1676 2993 et
1711 2943 1954 2998 abundat

378 3036 444 3074 ac
475 3021 802 3076 diffunditur
834 3029 885 3078 in
912 3025 1168 3080 cordibus
1206 3027 1430 3091 nostris,
1464 3044 1562 3097 pro
1589 3043 1656 3083 eo
1679 3034 1820 3100 quod
1845 3049 1950 3088 non

2065 1929 2242 1984 neque
2277 1916 2442 1984 bona,
2471 1933 2647 1987 neque
2688 1923 2830 1977 mala
2865 1922 3196 1977 nominanda
3240 1923 3379 1994 (60),
3417 1935 3474 1979 ut
3517 1935 3644 1981 sunt

2064 2007 2286 2075 divitiae,
2322 2010 2534 2079 species
2566 2013 2835 2079 corporis,
2867 2023 2922 2068 et
2958 2013 3220 2071 fortitudo
3269 2016 3354 2069 vel
3395 2017 3642 2085 proceri-

2063 2109 2172 2166 tas,
2206 2112 2366 2172 atque
2402 2119 2464 2158 ea
2495 2120 2614 2174 qua;
2642 2109 2889 2176 corporis
2924 2110 3114 2164 usibus
3145 2111 3410 2166 serviunt.
3435 2113 3492 2166 Si
3514 2115 3640 2181 quis

2062 2195 2234 2264 igitur
2261 2195 2668 2252 distinctionem
2719 2199 3049 2255 diversitatis
3099 2201 3257 2268 hujus
3308 2203 3542 2273 ignorat,
3581 2215 3639 2259 et

2059 2287 2326 2356 gloriatur
2373 2288 2428 2342 in
2479 2289 2563 2343 his
2609 2305 2732 2359 qua:
2767 2306 2872 2345 non
2905 2300 3032 2346 sunt
3072 2309 3204 2349 vere
3238 2293 3398 2358 bona,
3436 2311 3535 2349 nec
3565 2295 3636 2350 ad

2057 2379 2316 2434 virtutem
2369 2382 2537 2435 animi
2585 2387 2881 2451 pertinent,
2927 2385 3278 2454 culpabiliter
3342 2386 3632 2457 gloriatur.

2058 2467 2260 2526 Paulus
2293 2487 2446 2541 vero,
2479 2477 2572 2544 qui
2599 2475 2651 2529 in
2687 2475 2774 2529 liis
2802 2487 2921 2529 erat
2965 2478 3348 2545 peritissimus,
3383 2494 3505 2532 cum
3550 2480 3640 2532 di-

2056 2562 2248 2627 xisset,
2272 2566 2398 2633 quia
2424 2584 2444 2617 ι
2473 2566 2770 2634 gloriamur
2803 2567 2855 2621 in
2892 2568 3333 2624 tribulationibus
3364 2571 3582 2637 nostris,
3608 2589 3629 2622 ι

2056 2669 2126 2710 ne
2153 2655 2297 2711 forte
2335 2669 2618 2727 putaretur
2646 2660 2700 2714 in
2737 2658 2899 2713 rebus
2945 2658 3386 2716 indiﬂ‘erentibus
3429 2672 3485 2716 et
3522 2677 3640 2714 me-

2055 2747 2158 2802 diis
2206 2746 2452 2817 gloriari,
2489 2749 2665 2803 reddit
2697 2749 2956 2803 continuo
2988 2752 3282 2814 rationem,
3316 2761 3370 2804 et
3391 2753 3637 2806 ostendit

2054 2838 2196 2906 quod
2230 2839 2484 2908 gloriatio
2511 2855 2629 2907 sua,
2665 2854 2828 2908 quam
2872 2840 2927 2894 in
2967 2842 3411 2897 tribulationibus
3444 2842 3634 2906 habet,

2052 2931 2119 2984 ad
2154 2931 2384 2986 virtutes
2414 2932 2582 2985 animi
2618 2933 2910 3000 pertineat.
2951 2933 3093 2988 Dicit
3132 2934 3303 2997 enim,
3336 2934 3460 3004 quia
3489 2953 3508 2986 ι
3537 2937 3641 2988 tri-

2051 3021 2277 3086 bulatio,
2303 3042 2322 3075 ι
2369 3038 2466 3092 pro
2493 3039 2598 3092 qua
2639 3023 2867 3094 glorior,
2912 3041 2931 3075 ι
2973 3026 3295 3093 patientiam
3349 3036 3630 3095 operatur,

377 3113 618 3166 humana
653 3129 682 3166 a
712 3114 868 3168 nobis
893 3125 1013 3170 arte
1042 3117 1350 3185 acquiritur
1387 3119 1523 3189 (57),
1564 3123 1656 3175 sed
1701 3138 1798 3192 per
1829 3140 1950 3193 gra.
1977 3145 2023 3209 ρ
2054 3113 2311 3182 patientia
2345 3130 2476 3169 vero
2506 3119 2908 3184 probationem,
2964 3117 3218 3186 probatio
3267 3133 3400 3174 vero
3448 3133 3627 3186 spem,

378 3205 507 3258 tiam
543 3207 719 3261 sancti
779 3206 1016 3276 Spiritus
1064 3209 1388 3268 infunditur.
1465 3212 1587 3268 Hice
1650 3218 1944 3271 secundum

373 3301 644 3354 sermonis
670 3301 840 3368 ipsius
866 3301 951 3355 vel
985 3303 1179 3358 littera:
1212 3309 1657 3374 consequentiam
1691 3325 1791 3378 pro
1819 3311 1952 3364 ada-

373 3390 619 3457 pertionc
645 3390 761 3462 (58)
786 3394 1068 3461 apostolici
1093 3396 1299 3465 eloquii
1327 3398 1614 3467 explanata
1642 3401 1771 3455 sint.
1791 3401 1948 3458 Nune

367 3481 480 3550 jam
513 3484 642 3552 quid
677 3486 909 3539 interior
936 3501 1134 3542 sensus
1169 3489 1448 3544 contineat
1487 3492 1851 3561 requiramus.
1884 3495 1950 3550 Et

373 3574 550 3640 primo
583 3574 651 3628 de
678 3574 1004 3644 gloriatione
1035 3579 1312 3635 videamus
1353 3582 1499 3649 quod
1532 3583 1671 3638 dixit
1703 3603 1717 3639 :
1757 3601 1779 3637 ι
1815 3586 1948 3641 Glo-

375 3665 582 3718 riamur
623 3664 677 3719 in
723 3667 1171 3725 tribulationibus
1225 3675 1447 3727 nostris.
1491 3691 1511 3726 ›
1559 3675 1751 3733 Sermo
1798 3680 1943 3734 enim

372 3757 710 3825 gloriationis
742 3759 880 3829 (59).
932 3762 1202 3816 interdum
1236 3764 1582 3822 laudabiliter
1616 3769 1668 3824 in
1697 3769 1944 3841 Scriptu-

372 3848 470 3913 ris,
503 3848 777 3904 interdum
803 3850 1146 3918 culpabiliter
1177 3856 1412 3923 ponitur.
1439 3857 1650 3912 Etenim
1695 3875 1819 3915 cum
1860 3863 1946 3917 di-

371 3942 443 3993 cit
474 3938 743 3995 Jeremias
769 3960 784 3996 :
819 3960 839 3992 ι
872 3940 1000 3998 llaec
1026 3943 1160 3999 dicit
1189 3947 1446 4003 Dominus
1476 3968 1490 4004 :
1527 3951 1643 4005 Non
1681 3954 1944 4022 glorietur

369 4032 590 4100 sapiens
617 4032 669 4087 in
707 4032 972 4099 sapientia
1029 4049 1150 4101 sua,
1203 4051 1304 4092 nec
1348 4037 1508 4094 fortis
1536 4042 1590 4094 in
1623 4044 1942 4100 fortitudine

367 4138 488 4189 sua,
522 4138 698 4192 neque
728 4123 992 4194 glorietur
1017 4125 1168 4181 dives
1210 4127 1263 4181 in
1297 4129 1500 4185 divitiis
1543 4133 1659 4187 suis
1699 4152 1713 4187 :
1763 4137 1856 4190 sed
1885 4137 1939 4192 in

366 4215 470 4271 hoc
497 4217 764 4286 glorietur
788 4217 880 4286 qui
906 4217 1197 4286 gloriatur,
1236 4220 1540 4284 intelligere
1567 4233 1622 4279 et
1644 4241 1940 4294 agnoscere

370 4324 479 4371 me,
512 4309 638 4378 quia
672 4324 773 4379 ego
803 4325 922 4364 sum
959 4311 1216 4365 Dominus
1263 4314 1353 4382 qui
1409 4325 1594 4370 statuo
1630 4319 1942 4374 misericoro

366 4401 537 4467 diam,
569 4411 622 4458 et
643 4402 935 4472 judicium,
969 4413 1024 4457 et
1049 4402 1316 4472 justitiam
1345 4422 1510 4477 super
1557 4419 1754 4465 terram
1791 4411 1836 4444 δ’
1864 4430 1879 4480 ;
1912 4431 1932 4465 ι

2052 3220 2175 3274 spes
2203 3220 2332 3259 vero
2361 3220 2465 3260 non
2493 3208 2804 3274 confundit,
2856 3210 2984 3277 quia
3013 3208 3257 3264 charitas
3287 3209 3382 3264 Dei
3434 3211 3632 3266 diffusa

2049 3307 2132 3350 est
2160 3296 2214 3350 in
2243 3299 2499 3354 cordibus
2521 3299 2730 3355 nostris
2768 3316 2865 3369 per
2895 3301 3160 3370 Spiritum
3203 3312 3492 3368 sanctum;
3525 3322 3544 3354 ι
3573 3315 3636 3358 ιιι

2048 3388 2102 3442 in
2135 3389 2218 3444 his
2251 3391 2447 3445 edocet
2488 3393 2631 3460 quod
2685 3407 2782 3462 per
2833 3394 3193 3448 succedentes
3243 3393 3346 3447 sibi
3397 3395 3630 3448 virtutes

2047 3479 2302 3550 gloriatio
2343 3481 2757 3537 tribulationum
2799 3499 2971 3552 usque
3028 3484 3098 3537 ad
3162 3485 3336 3538 sancti
3386 3483 3628 3552 Spiritus

2047 3573 2257 3628 culmen
2289 3574 2400 3646 (61)
2437 3575 2717 3637 ascendat,
2773 3575 2918 3629 sicut
2955 3585 3010 3629 et
3055 3576 3182 3631 alibi
3219 3576 3353 3631 dicit
3390 3593 3403 3629 :
3454 3593 3473 3626 ι
3519 3575 3624 3642 Qui

2046 3665 2338 3734 gloriatur,
2373 3668 2424 3722 iu
2457 3669 2684 3722 Domino
2713 3667 2979 3737 glorietur
3003 3669 3070 3719 ⁵ο.
3105 3688 3125 3720 ι
3163 3668 3352 3737 Neque
3381 3683 3516 3739 ergo
3565 3673 3620 3725 in

2045 3759 2312 3827 sapientia
2347 3762 2588 3830 propria,
2617 3775 2793 3829 neque
2838 3762 2890 3816 in
2945 3760 3291 3825 fortitudine,
3342 3776 3519 3829 neque
3565 3763 3622 3816 in.

2045 3850 2271 3915 divitiis,
2300 3851 2397 3905 sed
2429 3851 2481 3904 in
2511 3850 2626 3906 solo
2660 3849 2775 3905 Deo
2811 3853 3067 3904 convenit
3099 3851 3347 3921 gloriari.
3380 3852 3484 3906 Sed
3512 3851 3624 3906 for-

2043 3951 2190 3996 tasse
2239 3941 2393 3996 dicas
2435 3959 2448 3994 :
2498 3941 2754 4010 Nunquid
2802 3957 2909 3996 non
2959 3942 3229 4010 sapientia
3279 3945 3344 3996 ad
3389 3945 3634 3998 virtutes

2043 4036 2213 4090 animi
2240 4045 2452 4106 spectat
2477 4035 2500 4087 ?
2521 4036 2588 4089 Et
2618 4051 2718 4090 cur
2747 4035 3019 4104 culpabile
3051 4037 3271 4091 ducitur
3314 4023 3366 4090 in
3396 4039 3621 4107 sapien-

2045 4133 2118 4183 tia
2143 4128 2364 4196 gloriari
2389 4128 2413 4181 ?
2440 4128 2575 4183 Vide
2597 4142 2726 4194 ergo
2752 4141 2918 4196 quam
2951 4138 3143 4182 cautus
3177 4129 3292 4199 (62)
3341 4141 3424 4184 est
3471 4129 3622 4182 Scri-

2041 4232 2213 4290 ptura:
2265 4235 2470 4283 sermo,
2518 4219 2613 4288 qui
2665 4219 2947 4286 impolitus
2987 4219 3206 4275 videtur
3251 4229 3308 4274 et
3360 4220 3617 4289 agrestis.

2040 4313 2155 4367 Non
2189 4314 2367 4367 dixit:
2404 4331 2422 4363 ι
2467 4311 2580 4366 Non
2613 4312 2878 4381 glorietur
2918 4311 3136 4380 sapiens
3178 4312 3230 4364 in
3261 4313 3548 4380 sapientia,
3592 4332 3629 4366 ι.

2039 4415 2095 4460 et
2123 4405 2311 4469 siluit;
2345 4405 2439 4459 sed
2470 4405 2547 4458 ait
2584 4421 2597 4456 :
2645 4422 2664 4452 α
2715 4402 2832 4457 Non
2881 4403 3147 4472 glorietur
3180 4405 3396 4472 sapiens
3443 4405 3494 4458 in
3530 4419 3622 4458 sa—

366 4494 421 4548 iu
451 4509 560 4551 uno
583 4498 884 4565 eodemque
908 4498 1150 4566 capitulo
1179 4497 1557 4567 gloriationem
1591 4511 1647 4556 et
1689 4503 1933 4558 laudabi-

2056 4499 2241 4568 pientia
2278 4511 2374 4552 sua
2398 4496 2466 4550 ⁸¹.
2495 4516 2514 4550 ι
2546 4495 2650 4562 Qui
2686 4495 2829 4550 enim
2855 4495 2908 4548 in
2947 4484 3068 4559 sua,
3096 4504 3152 4548 et
3182 4511 3287 4549 non
3325 4497 3376 4549 in
3409 4495 3502 4550 Dei
3536 4511 3620 4550 sa-

367 4587 488 4641 liter
509 4597 564 4641 et
583 4589 927 4657 culpabiliter
956 4591 1154 4658 posuit.
1175 4590 1310 4644 Nam
1339 4591 1385 4646 si
1414 4592 1560 4660 quis,
1590 4595 1788 4662 inquit,
1819 4597 1933 4666 glo-

364 4681 535 4735 riatur
559 4679 642 4735 vel
671 4680 723 4735 in
750 4681 1015 4750 sapientia
1044 4697 1169 4748 sua,
1203 4682 1287 4737 vel
1314 4683 1365 4738 in
1397 4683 1733 4750 fortitudine,
1761 4689 1844 4742 vel
1874 4689 1929 4743 in

2041 4591 2243 4658 pientia
2267 4589 2556 4660 gloriatur,
2579 4587 2930 4657 culpabiliter
2947 4587 3231 4658 gloriatur,
3258 4587 3382 4656 quia
3408 4596 3463 4642 et
3487 4588 3617 4642 alibi

2040 4684 2174 4739 dicit
2203 4683 2509 4755 propheta:
2544 4699 2565 4733 ι
2610 4680 2703 4735 Vae
2737 4680 2826 4735 his
2859 4680 2952 4750 qui
2990 4681 3262 4750 sapientes
3299 4689 3424 4735 sunt
3467 4681 3614 4750 apud

432 4861 479 4892 “
503 4859 659 4914 Rom.
681 4873 734 4925 v,
758 4859 869 4914 3-5.
943 4859 1163 4928 “ibid”
1185 4863 1239 4928 l,
1263 4862 1318 4918 2.
1394 4864 1442 4896 ⁸³
1459 4865 1477 4920 Ι
1496 4864 1622 4921 Cor.
1645 4883 1767 4935 xm,
1789 4869 1878 4924 15.
1950 4885 1953 4896 '

2056 4883 2222 4925 erem.
2252 4883 2332 4934 ιι,
2352 4867 2446 4931 25,
2468 4864 2562 4921 24.
2638 4863 2684 4896 ⁸⁰
2707 4862 2728 4918 ι
2750 4863 2876 4920 Cur.
2903 4879 2944 4931 ι,
2962 4864 3054 4919 51.
3129 4863 3173 4894 ⁵¹
3195 4860 3396 4918 Jerem.
3423 4879 3498 4926 ix,
3516 4862 3612 4922 25.

439 5014 743 5088 (55)(ξ1ῆξιε,
777 5033 796 5068 ι
834 5016 1137 5088 εΙίιιυὶάιιᾱ
1166 5019 1308 5087 quod
1337 5018 1551 5088 referri,
1589 5041 1608 5072 ι
1648 5033 1754 5078 etc.

435 5084 551 5158 (54)
582 5084 744 5147 Editi,
807 5105 824 5138 ι
847 5084 950 5138 non
982 5084 1370 5158 soluiiraittem
1407 5084 1571 5144 haec:
1606 5109 1712 5144 non
1751 5093 1925 5149 solum

362 5173 428 5209 au
445 5157 548 5209 tem
586 5170 704 5221 quae
736 5171 922 5222 supra.
951 5175 969 5206 ι
1003 5165 1111 5211 etc.
1146 5157 1249 5210 Sed
1275 5172 1467 5214 omnes
1506 5177 1638 5215 mss.
1675 5166 1846 5218 nostri
1876 5175 1931 5219 et

362 5227 619 5280 Habanus
647 5232 706 5278 ut
736 5224 791 5280 in
823 5235 1012 5280 nostro
1037 5234 1210 5280 textu.

439 5295 550 5365 (55)
583 5293 686 5348 Ms.
725 5311 884 5358 unus,
922 5312 942 5346 ι
965 5305 1019 5348 et
1053 5310 1150 5364 per
1181 5297 1492 5364 patientiam
1517 5301 1813 5356 multarum
1838 5305 1930 5359 tri-

363 5366 704 5443 bulationum
737 5367 1107 5432 probationem
1153 5379 1169 5433 ;
1208 5382 1306 5435 per
1351 5371 1728 5438 probationem
1775 5389 1924 5443 spem

365 5436 579 5497 l'uturac,
610 5454 630 5487 ι
661 5447 769 5488 etc.
1303 5467 1307 5470 ι

433 5505 544 5574 (56)
575 5504 738 5567 Editi,
769 5521 788 5555 ι
819 5519 940 5574 quae
962 5514 1044 5560 est
1069 5506 1307 5560 omnium
1344 5507 1596 5562 maxima.
1629 5528 1648 5561 ›

435 5575 544 5645 (57)
579 5575 707 5630 Mss.
738 5576 908 5628 neStri
935 5577 1024 5630 hic
1054 5577 1158 5630 sibi
1191 5592 1296 5630 non
1323 5579 1619 5633 cohaerent.
1652 5579 1801 5636 Dnns
1825 5597 1917 5636 so-

363 5643 455 5716 ius"
471 5643 631 5699 habet
659 5664 678 5697 ι
711 5645 1073 5716 acquiritur.»
1116 5645 1232 5710 alii,
1273 5663 1295 5698 ι
1333 5649 1632 5716 quaeritur:
1668 5667 1688 5700 ι
1722 5651 1915 5708 deinde

363 5709 502 5768 initer
527 5716 712 5772 itidem
751 5709 898 5770 solus
927 5717 1090 5770 habet
1115 5732 1134 5766 ι
1167 5709 1489 5784 infunditur,
1519 5737 1546 5770 θ
1581 5721 1764 5774 caeteri
1782 5737 1911 5777 vero

354 5788 737 5855 "inundatur,
769 5804 788 5839 ι
819 5797 872 5841 et
898 5785 1038 5841 alius
1093 5803 1112 5838 ι
1163 5787 1469 5844 mandatur.
1514 5806 1534 5841 ι
1583 5787 1690 5847 Sed
1727 5800 1904 5848 tamen

2039 5023 2328 5093 legendum
2371 5021 2583 5076 videtur
2613 5029 2671 5075 ut
2707 5019 2760 5074 in
2793 5029 2982 5093 nostro
3021 5027 3194 5093 textu.
3234 5016 3374 5070 Editi
3413 5026 3468 5072 et
3501 5018 3611 5073 Ila-

2035 5090 2210 5148 bainus
2239 5095 2438 5148 habent
2466 5111 2486 5143 ι
2511 5093 2773 5160 quaeritur
2796 5108 2814 5140 ι
2842 5101 2897 5144 et
2931 5109 2948 5140 ι
2972 5090 3286 5143 inundatur.
3317 5105 3336 5138 ι

2104 5161 2217 5232 (58)
2252 5163 2418 5232 Editi,
2458 5163 2578 5214 «'ad
2607 5161 2962 5232 apertionem.
2997 5178 3017 5212 ι

2105 5163 2202 5232 (58.
2256 5163 2418 5225 Editi,
2458 5163 2578 5214 «'ad
2607 5161 2962 5228 apertionem.
2997 5178 3017 5212 ι

2105 5161 2217 5305 (59;
2248 5231 2388 5305 Editi
2416 5232 2680 5305 plerique,
2732 5247 2756 5305 ι
2781 5229 3024 5305 Gloriam
3062 5227 3116 5281 iu
3159 5225 3602 5283 tribulationibus

2037 5300 2488 5378 nostris._$ernio
2517 5303 2679 5354 etiam
2709 5300 3076 5378 gloriatiouis,
3095 5305 3247 5378 »ξιιμ
3459 5366 3499 5378 ῃ
3522 5366 3554 5378 η
3587 5368 3600 5378 ν

2107 5373 2220 5442 (60)
2253 5372 2346 5426 Sic
2378 5386 2569 5452 omnes
2623 5363 2756 5426 mss.
2810 5370 2982 5424 nostri
3029 5377 3097 5452 et.
3125 5363 3404 5452 Rabarius.
3458 5366 3602 5452 Editi

2034 5439 2246 5503 vero,'¢
2271 5455 2448 5511 neque
2489 5443 2625 5496 bona
2649 5479 2674 5511 ,γ
2726 5455 2826 5495 nec
2871 5455 2992 5509 quae.
3027 5439 3100 5511 ad
3135 5439 3394 5492 virtutem
3431 5439 3600 5491 animi

2029 5513 2335 5579 pertinent,
2360 5508 2536 5580 neque
2573 5510 2711 5564 mala
2748 5508 3164 5580 norninaiida,_r_
3181 5516 3289 5560 etc.

2099 5582 2213 5653 (6t)
2248 5574 2343 5636 Sic
2368 5574 2561 5637 omnes
2592 5596 2730 5637 mss.
2768 5581 2941 5636 nostri
2973 5596 2988 5646 ;
3035 5574 3169 5633 editi
3215 5590 3369 5646 vero,
3414 5597 3435 5632 ι
3479 5579 3601 5632 cul-

2023 5659 2154 5705 lusu.
2179 5671 2199 5702 ι

2091 5721 2202 5794 (62)
2233 5720 2394 5788 Editi,
2437 5741 2456 5774 I
2487 5731 2717 5779 astutus.
2753 5739 2773 5774 δ
