4170 6394
533 309 640 363 9η5

2022 301 2349 357 ORIGENIS

3704 305 3810 361 996

533 424 876 496 semctipsos,
933 433 987 479 et
1034 399 1088 478 in
1143 433 1441 492 conspectu
1485 439 1584 478 suo
1610 424 1809 479 eruditi
1867 423 1935 475 ⁸³.
1963 439 1981 472 ι
2016 421 2109 474 Dei
2142 423 2187 477 Α
2217 419 2474 486 pertinet,
2505 419 2630 488 quia
2665 419 2767 489 ipsi
2795 419 3252 489 suntqniarctam
3279 429 3333 474 et
3354 431 3636 489 angustam
3667 425 3807 476 viam

531 535 663 588 ergo
692 517 962 587 sapientia
1004 532 1089 570 εει
1137 514 1304 572 Deum
1332 530 1685 584 cognoscere,
1712 524 1768 568 et
1804 513 2114 581 intelligere

532 612 967 668 misericordiam
997 608 1140 680 ejus,
1162 619 1219 664 et
1250 611 1538 680 judicium,
1565 619 1622 664 et
1645 609 1918 675 justitiam
1951 624 2113 677 quam

532 707 664 762 fet-it
693 721 856 774 super
893 717 1092 761 terram
1119 705 1188 771 ⁸³,
1226 707 1280 762 in
1319 723 1432 776 quo
1467 708 1561 776 qui
1600 707 1889 777 gloriatur,
1922 707 1973 760 in
2005 707 2114 760 Do-

533 801 686 854 mino
711 800 998 868 gloriatur.
1037 799 1286 855 Humana
1319 815 1450 854 vero
1476 801 1746 870 sapientia
1782 816 1890 856 non
1937 809 2115 870 potest

531 893 678 946 scire
713 901 768 945 et
807 891 1115 961 intelligere
1146 892 1458 955 Dominum,
1493 907 1670 961 neque
1697 907 1999 961 agnoscere
2025 893 2118 959 ju-

531 983 698 1046 dicia,
733 991 789 1036 et
825 982 1290 1046 misericordiam,
1319 993 1376 1035 et
1402 982 1672 1048 justitiam
1695 981 1814 1050 ejus
1843 997 2010 1051 quam
2036 981 2118 1035 fe-

534 1074 613 1129 cit
641 1088 808 1142 super
841 1082 1044 1126 terram
1073 1081 1168 1137 ;et
1199 1073 1324 1126 ideo
1349 1070 1667 1126 indifferens
1689 1081 1795 1136 est,
1829 1083 1884 1128 et
1913 1075 2113 1130 media.

531 1165 718 1220 Potest
743 1164 889 1218 enim
926 1164 1042 1218 ﬁeri
1076 1174 1134 1216 ut
1163 1178 1234 1218 ex
1276 1165 1380 1218 hac
1422 1163 1660 1218 humana
1689 1165 1956 1234 sapientia
1986 1181 2118 1220 eru-

532 1257 680 1312 ditus
707 1257 851 1327 quis,
883 1257 950 1311 ad
979 1255 1393 1327 intelligentiam
1419 1255 1618 1329 divina;
1643 1257 1927 1325 sapientiae
1957 1273 2120 1326 para-

535 1352 642 1403 tior
675 1350 881 1412 veniat,
911 1358 968 1403 et
999 1349 1054 1403 in
1082 1348 1184 1402 bac
1215 1349 1552 1404 exercitatus
1578 1349 1646 1404 ad
1676 1349 1822 1403 illam
1863 1351 2119 1419 capacior

534 1444 658 1503 fiat,
681 1441 857 1496 Simili
893 1440 1054 1494 modo
1077 1440 1170 1509 qui
1201 1441 1373 1494 utitur
1400 1441 1615 1494 caeteris
1637 1457 1758 1510 qua:
1792 1442 1969 1496 media
1995 1456 2120 1498 esse

533 1535 794 1598 diximus,
847 1533 1170 1588 fortitudine
1207 1535 1492 1597 duntaxat,
1538 1534 1623 1588 vel
1675 1535 1883 1589 divitiis
1928 1554 1942 1590 :
1998 1551 2118 1604 qua:

533 1629 659 1681 dum
702 1627 878 1681 media
933 1635 1081 1691 sunt,
1129 1626 1235 1680 hoc
1262 1635 1368 1690 est,
1405 1629 1532 1682 dum
1568 1643 1674 1681 non
1705 1628 1757 1681 in
1803 1643 1974 1698 opere
2021 1629 2115 1684 Dei

535 1721 660 1789 quis
690 1719 845 1775 fortis
895 1728 1000 1782 est,
1055 1734 1236 1788 neque
1277 1719 1330 1773 in
1365 1719 1762 1776 misericordiis
1813 1737 2114 1792 pauperum

533 1812 709 1874 dives,
742 1813 966 1880 gloriari
1003 1827 1180 1880 neque
1213 1812 1266 1866 in
1292 1811 1637 1878 fortitudine,
1681 1827 1856 1883 neque
1893 1814 1947 1867 in
1982 1815 2118 1868 divi-

535 1906 626 1960 tiis
653 1906 839 1960 debet.
870 1904 928 1960 Si
964 1920 1093 1960 vero
1138 1905 1242 1959 ista
1275 1919 1398 1974 qua:
1442 1905 1620 1959 media
1658 1913 1806 1967 sunt,
1844 1906 1912 1959 ad
1949 1906 2115 1960 animi

532 1997 824 2060 virtutem,
855 2005 913 2050 et
943 1997 1009 2049 ad
1048 1995 1287 2048 fructum
1315 1995 1660 2066 boniloperis
1704 2004 2117 2060 convertantur,

533 2087 864 2156 gloriatione
917 2087 1083 2156 digna
1121 2085 1434 2142 efﬁciuntur
1475 2103 1489 2140 :
1532 2087 1678 2141 sicut
1722 2089 2010 2142 rursum-si
2050 2089 2117 2143 ad

530 2179 738 2232 malum
769 2193 908 2249 opus
940 2179 1324 2242 conferantur,
1378 2189 1439 2233 ut
1478 2194 1579 2248 per
1615 2180 1837 2235 divitias
1864 2181 1990 2248 quis
2020 2195 2119 2249 op-

531 2273 736 2338 primat
762 2287 1085 2342 pauperem,
1138 2282 1195 2327 et
1242 2287 1341 2340 per
1382 2271 1758 2327 fortitudinem
1799 2282 2118 2342 prosternat

534 2362 834 2428 infirmum,
885 2362 999 2431 jam
1061 2376 1170 2414 non
1237 2361 1354 2415 haec
1412 2361 1611 2427 media,
1673 2361 1770 2417 sed
1812 2361 1954 2416 mala
1995 2376 2119 2416 esse

530 2462 822 2523 putantur.
890 2453 1099 2508 Idcirco
1167 2452 1334 2522 igitur
1386 2460 1581 2506 natura
1643 2453 1726 2507 sui
1800 2451 2120 2508 indifferen-

532 2543 611 2599 tia
676 2552 732 2599 et
801 2545 981 2599 media
1059 2543 1354 2609 dicuntur,
1434 2544 1566 2613 quia
1637 2552 1694 2599 et
1776 2545 1846 2599 ad
1913 2545 2116 2600 malum

530 2652 672 2706 opus
700 2639 935 2704 sociata,
963 2637 1103 2692 mala
1136 2637 1244 2692 dici
1295 2646 1538 2707 po~sunt,
1580 2646 1636 2691 et
1679 2638 1836 2693 bonis
1866 2637 2123 2707 operibus

532 2728 746 2799 juncta,
805 2730 947 2783 bona
1005 2728 1290 2799 appellari.
1348 2727 1481 2782 Sine
1539 2730 1642 2784 bac
1709 2744 1840 2785 vero
1888 2729 2124 2786 inclina-

535 2820 682 2873 tione
717 2817 882 2888 539
922 2818 990 2872 ad
1034 2818 1262 2871 alterum
1302 2830 1333 2870 e
1364 2815 1596 2880 duobus,
1628 2818 1720 2888 qui
1753 2832 1816 2872 ea
1861 2820 2000 2874 bona
2032 2819 2119 2874 di-

532 2919 682 2971 cunt.
713 2909 952 2978 imperiti
998 2921 1053 2963 et
1083 2909 1259 2980 ignari
1292 2909 1704 2964 rationabilium'
1741 2911 2120 2965 definitionum

534 3001 1070 3070 appellationumque
1116 3001 1374 3057 credendi
1407 3011 1555 3057 sunt.
1588 3002 1829 3060 Abusive
1855 3013 2034 3059 tamen
2067 3013 2123 3059 et

2217 508 2504 571 incedunt,
2563 517 2618 562 et
2675 519 2964 579 propterea
3019 510 3265 563 tribulari
3323 511 3598 566 dicuntur.
3654 513 3810 580 Quod

2215 598 2382 650 etiam
2423 597 2477 650 in
2506 598 2624 668 ipso
2661 598 2914 665 Domino,
2941 599 3035 668 qui
3068 614 3196 652 vera
3223 609 3308 654 est
3339 601 3426 654 via
3449 616 3613 670 quam
3633 605 3809 658 sancti

2215 688 2512 753 incedunt,
2547 689 2895 746 intellexisse
2942 692 3222 760 apostolos
3271 691 3542 758 arbitror,
3579 710 3703 749 cum
3740 696 3810 749 ad

2215 793 2336 834 eum
2387 781 2634 836 dicerent
2675 797 2692 836 :
2745 801 2764 833 i
2798 781 3001 838 Turba!
3037 792 3090 838 te
3145 785 3514 855 comprimunt
3547 798 3604 841 et
3648 802 3810 841 coar-

2215 882 2404 937 ctent,
2444 873 2703 941 Magister
2730 875 2799 930 ³⁷.
2849 893 2868 927 ι
2902 873 3317 932 Tribulationes
3357 895 3492 949 ergo
3532 879 3808 948 justorutn

2217 980 2324 1020 non
2355 964 2528 1020 solum
2577 980 2672 1021 eas
2716 969 2980 1024 debemus
3018 971 3270 1037 accipere
3303 986 3425 1040 qua:
3461 973 3810 1028 extrinsecus

2217 1057 2442 1111 veniunt
2473 1072 2541 1114 ex
2577 1059 2696 1114 istis
2725 1061 2888 1116 rebus
2915 1076 3053 1131 quas
3084 1061 3456 1118 indifferentes
3479 1064 3561 1118 vel
3593 1065 3806 1120 medias

2216 1163 2380 1217 supra
2411 1150 2670 1216 diximus,
2710 1151 2763 1206 id
2796 1161 2880 1207 est
2923 1153 3010 1207 vel
3046 1155 3281 1222 damnis,
3317 1156 3400 1210 vel
3432 1156 3809 1226 languoribus,

2218 1241 2302 1294 vel
2346 1255 2412 1295 ex
2460 1241 2706 1310 quolibet
2766 1244 3016 1313 corporis
3050 1245 3300 1300 cruciatu
3337 1261 3353 1299 :
3389 1248 3484 1302 sed
3536 1258 3590 1302 et
3645 1247 3699 1302 in
3740 1263 3811 1304 eo

2216 1332 2359 1400 quod
2387 1333 2550 1387 etiam
2583 1331 2636 1385 in
2678 1335 2869 1401 requie
2898 1335 3061 1404 positi
3095 1337 3423 1406 semetipsos
3455 1335 3721 1408 afﬂigunt,
3753 1348 3812 1392 et

2215 1433 2458 1480 atterunt
2496 1427 2803 1482 resistendo
2851 1427 3228 1482 voluntatibus
3289 1430 3436 1495 suis,
3475 1430 3808 1486 refrenando

2217 1517 2525 1586 libidinem,
2557 1521 2863 1576 coercendo
2899 1522 3181 1577 licentiam
3213 1523 3351 1594 (65),
3381 1533 3438 1577 et
3473 1525 3654 1578 omnia
3685 1539 3810 1594 quae

2216 1615 2287 1666 ad
2317 1611 2520 1666 bonum
2551 1612 2903 1668 continentiae
2926 1614 3204 1682 pertinent
3237 1613 3594 1685 proﬂigando,
3619 1631 3812 1670 secun-

2219 1705 2346 1758 dum
2367 1703 2510 1758 hunc
2539 1704 2716 1771 ipsum
2743 1705 2838 1774 qui
2869 1705 3004 1759 dixit
3032 1724 3046 1759 :
3087 1724 3107 1757 ι
3141 1706 3360 1762 Macero
3383 1721 3581 1774 corpus
3602 1723 3812 1773 meum,

2218 1806 2276 1852 et
2306 1799 2559 1853 servituti
2604 1797 2868 1866 subjicio,
2916 1815 2984 1853 ne
3025 1799 3169 1855 forte
3212 1787 3336 1855 cum
3377 1799 3502 1855 aliis
3544 1802 3812 1871 pradica-

2218 1903 2366 1949 vero.
2420 1889 2537 1960 ipse
2579 1891 2846 1961 reprobus
2877 1889 3084 1946 efliciar
3111 1891 3182 1946 ⁸⁸.
3226 1910 3246 1944 ι
3293 1891 3360 1946 Et
3396 1893 3501 1948 hoc
3531 1894 3694 1948 modo
3715 1892 3807 1961 ju-

2218 1991 2428 2036 storum
2474 1981 2752 2036 tribulatio
2795 1996 2902 2036 non
2955 1990 3134 2052 potest
3176 1982 3493 2038 indifferens
3521 1984 3664 2050 dici,
3707 1983 3804 2039 sed

2218 2083 2407 2142 aperte
2458 2073 2625 2141 bona,
2665 2090 2763 2144 per
2807 2090 2971 2145 quam
3022 2075 3165 2129 bona
3213 2075 3436 2130 virtutis
3494 2075 3806 2145 implentur.

2220 2165 2411 2236 lujusti
2452 2182 2606 2234 vero,
2687 2169 2909 2223 etiamsi
2973 2167 3331 2237 tribulentur,
3373 2169 3519 2238 quod
3562 2170 3736 2238 magis
3775 2185 3805 2222 a

2223 2259 2508 2328 Scriptura
2539 2259 2750 2332 ﬂagella
2798 2261 3037 2317 diximus
3072 2263 3354 2333 appellari,
3393 2263 3650 2332 quoniam
3671 2263 3812 2317 nihil

2223 2349 2275 2404 in
2335 2352 2419 2405 his
2472 2351 2608 2421 ipsis
2650 2353 2881 2424 ﬂagellis
2924 2364 2980 2410 et
3016 2355 3460 2424 correptionibus
3508 2356 3808 2410 secundum

2221 2443 2474 2498 virtutem
2504 2447 2670 2499 animi
2702 2457 2922 2517 gerunt,
2955 2448 3093 2502 nihil
3128 2447 3198 2502 ad
3225 2447 3543 2516 patientiam
3579 2449 3807 2512 ducunt,

2221 2548 2326 2588 nec
2354 2535 2733 2603 probationem
2766 2553 2862 2608 per
2890 2538 3211 2608 patientiam
3241 2547 3494 2608 sperant:
3531 2538 3808 2593 idcircoin

2223 2626 2330 2682 illis
2363 2643 2470 2683 non
2514 2629 2800 2686 tribulatio
2827 2646 2948 2700 qua:
2975 2633 3042 2685 ad
3075 2633 3192 2686 hac
3217 2633 3362 2686 bona
3397 2632 3680 2700 pervenit,
3713 2633 3810 2688 sed

2222 2717 2458 2790 ﬂagella,
2492 2729 2550 2774 ut
2587 2720 2866 2792 Scriptura
2893 2723 3085 2783 voluit.
3111 2724 3446 2778 nominanda
3467 2734 3615 2786 sunt,
3637 2726 3807 2780 etiam

2220 2811 2268 2867 si
2307 2812 2533 2870 abusive
2558 2813 2850 2884 aliquando
2873 2826 2929 2869 et
2966 2831 3131 2886 super
3183 2816 3411 2883 injustas
3443 2817 3548 2872 dici
3580 2816 3808 2872 tribula-

2225 2904 2386 2960 tionis
2406 2921 2601 2961 nomen
2627 2907 2895 2962 invenias.
2926 2907 2996 2963 Ut
3021 2919 3200 2962 autem
3227 2909 3371 2963 scias
3386 2908 3512 2978 quia
3531 2908 3804 2975 justorum

2225 2997 2501 3053 tribulatio
2531 3013 2637 3053 non
2673 3008 2933 3070 angustat
2966 3000 3138 3053 animi
3167 2999 3423 3053 virtutem
3451 3037 3467 3064 ,
3501 3001 3596 3054 sed
3623 3001 3804 3069 potius

535 3092 750 3147 fabrum
801 3093 1034 3147 dicimus
1071 3093 1394 3163 sapientem,
1443 3103 1502 3149 et
1553 3095 2022 3163 gubernatorem,
2066 3103 2191 3174 etc
2224 3091 2442 3166 dilatat,
2487 3091 2616 3146 audi
2675 3103 2736 3146 et
2788 3092 2903 3161 ipse
2953 3090 3155 3147 Paulus
3195 3092 3500 3147 Corinthiis
3555 3091 3805 3147 scribens

535 3185 918 3248 architectum,
953 3195 1012 3240 et
1047 3186 1331 3243 mulierem
1363 3187 1584 3242 texendi
1609 3187 1912 3255 sapientem
1941 3185 2119 3240 nomi-

535 3293 750 3332 namus.
796 3277 950 3344 Quod
983 3292 1113 3346 ergo
1145 3279 1196 3332 in
1241 3279 1495 3349 praesenti
1540 3277 1782 3349 capitulo
1827 3277 2121 3348 Apostolus

533 3370 698 3436 dicit,
733 3387 754 3420 c
799 3370 939 3437 Quia
976 3371 1258 3425 tribulatio
1308 3370 1631 3441 patientiam
1687 3379 1971 3440 operatur,
2022 3386 2040 3419 ι
2074 3369 2119 3423 si

533 3463 853 3532 patientiam
881 3477 1046 3516 unam
1087 3477 1210 3518 esse
1237 3477 1306 3517 ex
1338 3461 1507 3516 animi
1550 3461 1848 3516 virtutibus
1880 3469 2117 3525 constat,

536 3554 819 3609 tribulatio
850 3554 968 3609 sine
997 3554 1166 3608 dubio
1205 3569 1327 3622 qua:
1363 3556 1595 3610 virtutes
1624 3554 1793 3609 animi
1819 3552 2000 3624 parit,
2033 3567 2124 3607 ne-

535 3659 645 3714 que
689 3643 1071 3712 mala,'neque
1116 3642 1459 3710 indifferens,
1503 3645 1596 3699 sed
1633 3645 1775 3700 bena
1802 3643 2120 3714 appellanda

535 3746 642 3791 est.
679 3736 734 3790 lu
759 3746 968 3790 tantum
992 3736 1108 3807 (65)
1129 3746 1336 3804 autem,
1368 3738 1512 3794 sicut
1539 3752 1707 3807 supra
1734 3738 1994 3805 diximus,
2025 3751 2122 3806 pa-

537 3829 732 3883 tientia
761 3831 936 3884 virtus
960 3829 1128 3884 animi
1165 3828 1394 3884 dicenda
1426 3839 1540 3893 est,
1571 3841 1630 3883 ut
1665 3844 1768 3900 per
1799 3830 2120 3900 patientiam

537 3922 1088 3992 dicatprobationem
1125 3922 1297 3976 nostri
1341 3922 1484 3985 fieri,
1528 3932 1584 3977 et
1615 3921 1715 3993 pe'r
1739 3923 2119 3992 probationem

536 4029 690 4082 spem
723 4014 840 4068 dari
870 4030 886 4067 :
911 4029 1032 4084 qua:
1073 4015 1260 4084 utique
1299 4017 1558 4084 quoniam
1607 4015 1663 4070 in
1708 4015 1820 4069 Deo
1877 4015 1981 4068 sita
2013 4022 2121 4079 est,

538 4106 630 4175 qui
660 4106 923 4160 virtutum
954 4106 1196 4162 omnium
1222 4117 1378 4176 pater
1409 4116 1517 4172 est,
1546 4122 1654 4163 non
1685 4106 1970 4162 confundit
1997 4121 2124 4177 spe-

540 4206 776 4251 rantem.
819 4197 991 4253 Simul
1025 4198 1172 4254 enim
1215 4213 1341 4254 cum
1390 4213 1487 4268 spe
1529 4209 1586 4254 et
1627 4197 1916 4254 cbaritatis
1947 4199 2126 4252 abun-

539 4292 778 4346 dautiam
803 4302 970 4356 tenet,
989 4309 1110 4364 qua;
1127 4294 1306 4363 primo
1328 4293 1467 4355 loco,
1487 4294 1614 4362 quia
1633 4311 1654 4344 ε
1685 4292 1858 4362 major
1877 4292 2124 4347 omnium

537 4391 623 4435 est
652 4382 894 4436 cbaritas
932 4382 1002 4446 ⁵⁵,
1051 4401 1070 4434 ι
1119 4381 1345 4451 Spiritui
1377 4383 1688 4452 copulatur.
1730 4383 1886 4450 Quod
1919 4383 1964 4438 si
1998 4384 2126 4453 quis

2221 3185 2492 3254 quomodo
2520 3186 2627 3239 ista
2653 3185 2977 3256 distinguat;
3017 3185 3152 3240 dicit
3188 3186 3334 3239 enim
3373 3185 3448 3239 ita
3483 3201 3501 3242 :
3539 3203 3560 3237 ς
3595 3184 3652 3239 In
3683 3202 3805 3239 om-

2222 3278 2383 3331 nibus
2407 3276 2814 3332 tribulationem
2834 3279 3097 3348 patimur,
3134 3279 3226 3332 sed
3259 3293 3368 3332 non
3395 3287 3760 3348 angustamur
3784 3295 3801 3344 ;

2222 3369 2528 3438 dejicimur,
2560 3370 2657 3426 sed
2692 3385 2801 3424 non
2841 3371 3082 3438 perimus
3108 3370 3177 3423 ".
3213 3387 3234 3422 ι
3270 3368 3434 3426 Vides
3462 3371 3720 3440 quoniam
3744 3387 3806 3426 se

2223 3461 2628 3517 tribulationem
2665 3462 2774 3530 pati
2804 3476 2911 3516 non
2943 3462 2998 3516 in
3035 3469 3141 3515 uno
3164 3500 3180 3525 ,
3211 3463 3306 3517 sed
3338 3462 3392 3516 in
3427 3463 3684 3518 omnibus
3722 3464 3806 3517 di-

2223 3553 2318 3618 cit,
2351 3552 2455 3608 hoe
2473 3561 2577 3611 est.
2607 3553 2733 3607 etin
2757 3553 2842 3608 bis
2869 3569 2989 3623 quae
3019 3553 3330 3608 forinsecus
3351 3555 3628 3620 accidunt,
3659 3565 3716 3611 et
3735 3555 3805 3610 ab

2223 3645 2344 3699 aliis
2374 3643 2716 3710 inferuntur;
2765 3654 2822 3700 et
2856 3646 2911 3699 in
2959 3646 3046 3700 his
3085 3661 3206 3714 qua:
3252 3647 3366 3716 ipse
3407 3647 3550 3702 intra
3598 3656 3802 3704 semet-

2223 3735 2399 3804 ipsum
2427 3750 2526 3805 pro
2559 3735 2807 3804 corporis
2852 3737 3215 3802 continentia,
3245 3748 3302 3792 et
3337 3741 3669 3808 optimarum
3719 3740 3806 3794 in-

2223 3829 2564 3884 stitutionum
2601 3827 2884 3884 laboribus
2932 3828 3140 3897 perfert
3174 3847 3188 3884 :
3223 3838 3280 3886 et
3328 3839 3620 3900 propterea
3649 3831 3802 3897 dicit,

2223 3925 2348 3992 quia
2375 3941 2396 3974 r
2434 3922 2491 3977 in
2519 3924 2773 3978 omnibus
2814 3923 3224 3978 tribulationem
3277 3925 3536 3993 patimur,
3566 3926 3663 3981 sed
3697 3941 3806 3981 non

2223 4025 2605 4082 angustamur.
2641 4033 2660 4066 ι
2689 4013 2872 4085 Neque
2895 4014 3040 4071 enim
3065 4018 3343 4086 angustari
3366 4026 3545 4087 potest
3563 4018 3655 4090 qui
3687 4018 3801 4072 vir-

2225 4108 2434 4161 tutibus
2479 4107 2768 4162 dilatatur.
2803 4107 2873 4163 Et
2908 4117 2968 4164 ut
3014 4109 3196 4164 adhuc
3242 4109 3389 4177 quod
3429 4109 3662 4164 dicimus
3702 4109 3806 4164 hoc

2223 4198 2385 4253 modo
2441 4197 2646 4253 clarius
2689 4198 2806 4262 ﬂat,
2852 4199 2968 4268 ipse
3010 4197 3216 4254 Paulus
3263 4200 3457 4254 scribit
3503 4201 3558 4255 in
3608 4215 3806 4256 conse-

2223 4290 2514 4359 quentibus
2550 4309 2562 4344 :
2602 4308 2622 4342 ι
2669 4288 2798 4346 Scio
2823 4301 2880 4347 et
2917 4292 3215 4358 hmniliari,
3251 4292 3367 4346 scio
3389 4301 3445 4346 et
3483 4293 3806 4358 abundare,

2227 4382 2306 4456 (in
2335 4383 2607 4447 omnibus,
2637 4392 2694 4438 et
2715 4385 2784 4439 ad
2806 4384 2991 4439 omnia
3016 4383 3260 4438 imbutus
3287 4382 3429 4454 sum)
3459 4393 3514 4437 et
3546 4387 3806 4450 saturari,

540 4477 702 4532 nobis
723 4487 998 4541 occurrat,
1033 4487 1088 4531 et
1117 4476 1265 4531 dicat
1295 4477 1534 4533 medium
1567 4492 1696 4534 esse
1722 4488 1777 4534 et
1807 4477 2125 4534 indifferens
2154 4461 2203 4522 θ
2227 4479 2282 4524 ει
2311 4471 2544 4538 esurire.
2581 4481 2636 4526 el
2666 4473 2961 4539 abundare.
2987 4482 3042 4528 θι
3069 4472 3356 4542 Penuria!“
3389 4474 3500 4542 Pati
3533 4474 3600 4528 ⁸⁸-
3640 4493 3658 4526 ³
3698 4474 3807 4546 Ιεί·

539 4568 971 4636 tribulationem,
1016 4570 1273 4641 quoniam
1319 4571 1538 4637 quidem
1597 4568 1907 4626 invenimus
1953 4571 2121 4626 etiam

541 4661 718 4716 malos
745 4670 800 4717 et
826 4662 1021 4732 impios
1045 4662 1295 4718 tribulari
1323 4662 1462 4735 (64).
1496 4673 1552 4720 et
1575 4679 1680 4718 non
1710 4664 1971 4718 continuo
1994 4664 2126 4733 quia

541 4757 873 4813 tribulantur
926 4773 1026 4829 pro
1079 4757 1239 4812 malis
1294 4758 1510 4813 actibus
1553 4757 1702 4825 suis,
1734 4759 1908 4813 virtus
1952 4758 2121 4812 animi

541 4850 822 4904 tribulatio
859 4865 1048 4906 eorum
1101 4851 1400 4920 reputanda
1435 4859 1563 4906 est:
1594 4851 1716 4905 vide
1756 4851 1802 4905 si
1847 4851 2122 4921 possimus

542 4942 644 4996 hoc
674 4943 834 4998 modo
870 4942 1224 5013 respondere,
1255 4945 1401 5014 quod
1437 4942 1717 4998 tribulatio
1745 4943 1964 5012 quidem
1992 4957 2120 5012 pro-

543 5032 661 5102 prie
683 5043 994 5088 sanctormn
1022 5043 1142 5100 est;
1175 5034 1465 5102 impiorum
1497 5041 1684 5086 autem
1715 5042 1768 5087 et
1798 5033 2124 5104 injustorum

546 5122 832 5178 tribulatio
878 5123 1086 5193 ﬂagella
1132 5123 1493 5193 appellentur.
1538 5122 1786 5192 Denique
1819 5124 1872 5178 in
1909 5121 2126 5180 Psalmo

543 5215 624 5269 sic
652 5215 785 5270 dicit
815 5233 831 5271 :
867 5234 888 5267 ε
929 5215 1110 5270 Multa:
1138 5217 1520 5271 tribulationes
1551 5216 1830 5284 iustorum
1876 5215 1946 5268 ⁸³.
1985 5234 2006 5270 ι
2047 5215 2126 5272 De

545 5306 666 5360 istis
687 5315 867 5360 autem
899 5307 975 5362 ait
1005 5325 1020 5362 :
1062 5326 1081 5358 ‹
1115 5307 1280 5361 Multa
1310 5307 1519 5377 flagella
1551 5307 1857 5378 peccatoris
1888 5307 1956 5359 ⁵⁸.
1995 5325 2015 5360 ι
2056 5307 2124 5362 Et

546 5397 793 5454 fortassis
815 5409 1100 5470 propterea
1136 5399 1417 5454 tribulatio
1449 5410 1505 5454 et
1531 5399 1781 5470 angustia
1804 5399 1872 5453 ad
1903 5409 2124 5456 sanctos

617 5517 662 5548 δ’
687 5515 814 5571 lsai.
858 5532 912 5579 ν,
949 5517 1040 5572 ει.

2230 4575 2323 4620 tur
2363 4564 2408 4619 si
2455 4578 2643 4620 verum
2683 4574 2766 4620 est
2813 4564 2945 4620 illud
2990 4566 3136 4634 quod
3179 4565 3434 4634 superius
3473 4565 3648 4632 dixit,
3689 4585 3708 4618 ι
3749 4567 3807 4621 In

2229 4657 2483 4713 omnibus
2524 4657 2935 4713 tribulationem
2965 4657 3242 4726 patimur,
3282 4676 3303 4710 ι
3343 4667 3556 4712 certum
3591 4668 3676 4713 est
3705 4659 3809 4714 hoc

2231 4751 2302 4805 ab
2325 4764 2391 4805 eo
2419 4749 2675 4816 iudicari,
2702 4751 2831 4820 quia
2859 4760 3060 4805 etcum
3095 4751 3380 4818 penuriam
3427 4752 3668 4820 patitur,
3710 4752 3809 4804 tri-

2227 4841 2487 4910 bulatur;
2513 4851 2568 4898 et
2601 4857 2727 4897 cum
2757 4843 2996 4897 abundat
3023 4841 3159 4915 (66),
3198 4842 3553 4897 nihilominus
3577 4843 3810 4897 tribula-

2231 4946 2338 4992 tur.
2367 4935 2683 4991 Tribulatur
2717 4945 2898 4992 autem
2933 4937 2987 4991 in
3033 4938 3299 5007 penuria,
3354 4939 3480 5007 quia
3527 4937 3715 5001 deest;
3753 4937 3808 4990 in

2229 5029 2557 5085 abundantia
2586 5044 2739 5093 vero,
2762 5031 2890 5098 quia
2921 5031 3278 5100 semetipsum
3319 5029 3588 5095 refrenat,
3614 5045 3683 5084 ne
3713 5045 3812 5098 per

2229 5122 2619 5176 abundantiam
2662 5123 2995 5188 resolvatur,
3028 5121 3114 5184 vel
3137 5136 3206 5178 ne
3240 5122 3424 5178 minus
3439 5130 3812 5190 competenter

2228 5227 2291 5268 ea
2344 5228 2464 5282 qua!
2513 5212 2769 5278 videntur
2801 5216 3085 5271 abundare
3125 5215 3424 5284 dispenset.
3457 5213 3549 5269 Sic
3595 5222 3650 5267 et
3685 5228 3808 5266 cum

2229 5309 2421 5370 esurit,
2456 5316 2658 5363 etcum
2692 5318 2992 5376 saturatur,
3037 5318 3093 5364 et
3121 5323 3241 5362 cum
3267 5309 3688 5376 persecutiones
3711 5323 3810 5377 pa—

2228 5401 2380 5467 titur,
2413 5410 2471 5455 et
2499 5416 2623 5456 cum
2655 5401 2708 5455 in
2749 5402 2940 5472 requie
2979 5401 3145 5471 degit.
3171 5401 3352 5470 Atque
3385 5401 3488 5456 boc
3515 5389 3811 5470 rnodo'qui

1117 5515 1386 5572 “Jerem.
1422 5533 1500 5576 1x.
1527 5517 1621 5572 24.
1696 5517 1745 5549 ⁸⁸
1779 5518 1794 5572 Ι
1827 5518 1954 5573 Cor.
1993 5534 2116 5579 xui,

2221 5560 2230 5577 .
2305 5521 2351 5552 "
2389 5520 2529 5576 Psal.
2576 5535 2776 5587 xxxtn,
2817 5520 2909 5575 20.
2987 5519 3035 5552 ⁵⁸
3066 5518 3214 5576 Psal.
3245 5534 3399 5585 xxxr,
3430 5517 3530 5584 ‘10.~
3594 5517 3639 5551 ⁸⁷
3673 5514 3813 5573 Luc.

547 5600 665 5651 vut,
704 5588 795 5642 45.
873 5583 920 5620 ⁸⁸
955 5590 973 5642 ι
1020 5587 1147 5643 Cor.
1195 5604 1270 5653 ιι,
1310 5589 1400 5642 27.
1477 5590 1522 5621 ⁵⁹
1565 5589 1605 5642 l|
1633 5587 1757 5643 Cor.
1789 5605 1867 5655 IV,
1900 5588 1954 5643 8.
2030 5589 2119 5646 “l

2226 5594 2294 5661 ip.
2321 5607 2394 5657 tv,
2429 5591 2518 5645 12.

620 5698 732 5766 (63)
783 5699 946 5762 Editi,
984 5718 1005 5752 ι
1045 5700 1285 5764 interim,
1325 5720 1345 5754 ι
1389 5700 1551 5755 male.

619 5768 733 5831 (Μ)
776 5769 874 5826 Ms.
912 5787 1074 5837 unus,
1110 5789 1130 5824 ι
1167 5781 1221 5828 et
1246 5774 1298 5828 in
1329 5773 1450 5829 aliis
1476 5772 1673 5841 impios
1705 5771 1976 5830 tribulari.
2018 5793 2035 5824 ο

2302 5703 2414 5773 (65)
2456 5703 2554 5755 Ms.
2585 5717 2750 5764 unus.
2785 5719 2806 5753 ι
2843 5702 3145 5758 coercendo
3173 5700 3475 5758 lasciviam.
3519 5717 3561 5769 ι,

2295 5775 2405 5837 ltiti)
2441 5774 2609 5842 Alias,
2643 5790 2665 5826 ι
2704 5774 2959 5828 abundet.
3001 5794 3021 5824 ι
