  <div class='ocr_page' id='page_1' title='image "/cluster/home/n/w/nwhite01/storage/ocr_20150623/14:no.4/coo.31924054872928/510.png"; bbox 0 0 4170 6410; ppageno 0'>
   <div class='ocr_carea' id='block_1_1' title="bbox 426 343 531 400">
    <p class='ocr_par' dir='ltr' id='par_1_1' title="bbox 426 343 531 400">
     <span class='ocr_line' id='line_1_1' title="bbox 426 343 531 400; baseline 0 -1"><span class='ocrx_word' id='word_1_1' title='bbox 426 343 531 400; x_wconf 84' lang='lat'><strong>997</strong></span> 
     </span>
    </p>
   </div>
   <div class='ocr_carea' id='block_1_2' title="bbox 1373 341 2710 404">
    <p class='ocr_par' dir='ltr' id='par_1_2' title="bbox 1373 341 2710 404">
     <span class='ocr_line' id='line_1_2' title="bbox 1373 341 2710 404; baseline -0.001 -3"><span class='ocrx_word' id='word_1_2' title='bbox 1373 341 1734 404; x_wconf 81' lang='lat' dir='ltr'><strong>COMMENT.</strong></span> <span class='ocrx_word' id='word_1_3' title='bbox 1766 345 1834 400; x_wconf 87' lang='lat' dir='ltr'><strong>IN</strong></span> <span class='ocrx_word' id='word_1_4' title='bbox 1862 342 2079 401; x_wconf 82' lang='lat' dir='ltr'><strong>EPIST.</strong></span> <span class='ocrx_word' id='word_1_5' title='bbox 2118 341 2211 397; x_wconf 87' lang='lat' dir='ltr'><strong>AD</strong></span> <span class='ocrx_word' id='word_1_6' title='bbox 2250 342 2418 398; x_wconf 77' lang='lat' dir='ltr'><strong>ROM.</strong></span> <span class='ocrx_word' id='word_1_7' title='bbox 2457 345 2583 396; x_wconf 71' lang='lat' dir='ltr'><strong>Lili.</strong></span> <span class='ocrx_word' id='word_1_8' title='bbox 2623 348 2710 399; x_wconf 75' lang='lat' dir='ltr'><strong>iV.</strong></span> 
     </span>
    </p>
   </div>
   <div class='ocr_carea' id='block_1_3' title="bbox 3573 355 3684 408">
    <p class='ocr_par' dir='ltr' id='par_1_3' title="bbox 3573 355 3684 408">
     <span class='ocr_line' id='line_1_3' title="bbox 3573 355 3684 408; baseline 0.018 -2"><span class='ocrx_word' id='word_1_9' title='bbox 3573 355 3684 408; x_wconf 65' lang='lat'><strong>11&quot;3</strong></span> 
     </span>
    </p>
   </div>
   <div class='ocr_carea' id='block_1_4' title="bbox 426 462 3677 543">
    <p class='ocr_par' dir='ltr' id='par_1_4' title="bbox 426 462 3677 543">
     <span class='ocr_line' id='line_1_4' title="bbox 426 462 3677 543; baseline 0.003 -26"><span class='ocrx_word' id='word_1_10' title='bbox 426 463 482 517; x_wconf 92' lang='lat' dir='ltr'><strong>in</strong></span> <span class='ocrx_word' id='word_1_11' title='bbox 513 462 596 518; x_wconf 85' lang='lat' dir='ltr'><strong>his</strong></span> <span class='ocrx_word' id='word_1_12' title='bbox 627 465 883 519; x_wconf 91' lang='lat' dir='ltr'><strong>omnibus</strong></span> <span class='ocrx_word' id='word_1_13' title='bbox 918 462 1250 530; x_wconf 88' lang='lat' dir='ltr'><strong>tribulatur,</strong></span> <span class='ocrx_word' id='word_1_14' title='bbox 1281 475 1436 521; x_wconf 88' lang='lat' dir='ltr'><strong>recte</strong></span> <span class='ocrx_word' id='word_1_15' title='bbox 1476 467 1529 521; x_wconf 93' lang='lat' dir='ltr'><strong>in</strong></span> <span class='ocrx_word' id='word_1_16' title='bbox 1565 469 2006 535; x_wconf 82' lang='lat' dir='ltr'><strong>tribulationibus</strong></span> <span class='ocrx_word' id='word_1_17' title='bbox 2035 470 2082 528; x_wconf 82' lang='grc' dir='ltr'><strong>Α</strong></span> <span class='ocrx_word' id='word_1_18' title='bbox 2110 465 2292 534; x_wconf 89' lang='lat' dir='ltr'><strong>impiis</strong></span> <span class='ocrx_word' id='word_1_19' title='bbox 2311 473 2556 520; x_wconf 90' lang='lat' dir='ltr'><strong>mortuus</strong></span> <span class='ocrx_word' id='word_1_20' title='bbox 2579 476 2680 520; x_wconf 88' lang='lat' dir='ltr'><strong>est.</strong></span> <span class='ocrx_word' id='word_1_21' title='bbox 2715 465 2863 536; x_wconf 91' lang='lat' dir='ltr'><strong>lmpii</strong></span> <span class='ocrx_word' id='word_1_22' title='bbox 2890 481 3122 538; x_wconf 80' lang='lat' dir='ltr'><strong>namque</strong></span> <span class='ocrx_word' id='word_1_23' title='bbox 3142 484 3360 525; x_wconf 78' lang='lat' dir='ltr'><strong>eramus</strong></span> <span class='ocrx_word' id='word_1_24' title='bbox 3386 481 3677 543; x_wconf 86' lang='lat' dir='ltr'><strong>antequam</strong></span> 
     </span>
    </p>
   </div>
   <div class='ocr_carea' id='block_1_5' title="bbox 427 558 1997 633">
    <p class='ocr_par' dir='ltr' id='par_1_5' title="bbox 427 558 1997 633">
     <span class='ocr_line' id='line_1_5' title="bbox 427 558 1997 633; baseline 0.003 -21"><span class='ocrx_word' id='word_1_25' title='bbox 427 560 542 613; x_wconf 87' lang='lat' dir='ltr'><strong>suis</strong></span> <span class='ocrx_word' id='word_1_26' title='bbox 576 558 846 628; x_wconf 84' lang='lat' dir='ltr'><strong>gloriatur</strong></span> <span class='ocrx_word' id='word_1_27' title='bbox 880 576 896 614; x_wconf 91' lang='lat'><strong>:</strong></span> <span class='ocrx_word' id='word_1_28' title='bbox 928 573 994 611; x_wconf 76' lang='lat' dir='ltr'><strong>ex</strong></span> <span class='ocrx_word' id='word_1_29' title='bbox 1026 558 1220 627; x_wconf 82' lang='lat' dir='ltr'><strong>quibus</strong></span> <span class='ocrx_word' id='word_1_30' title='bbox 1259 558 1375 612; x_wconf 90' lang='lat' dir='ltr'><strong>sine</strong></span> <span class='ocrx_word' id='word_1_31' title='bbox 1414 559 1579 614; x_wconf 91' lang='lat' dir='ltr'><strong>dubio</strong></span> <span class='ocrx_word' id='word_1_32' title='bbox 1621 561 1861 617; x_wconf 87' lang='lat' dir='ltr'><strong>nascitur</strong></span> <span class='ocrx_word' id='word_1_33' title='bbox 1899 577 1997 633; x_wconf 87' lang='lat' dir='ltr'><strong>pa-</strong></span> 
     </span>
    </p>
   </div>
   <div class='ocr_carea' id='block_1_6' title="bbox 429 649 1996 722">
    <p class='ocr_par' dir='ltr' id='par_1_6' title="bbox 429 649 1996 722">
     <span class='ocr_line' id='line_1_6' title="bbox 429 649 1996 722; baseline 0.003 -18"><span class='ocrx_word' id='word_1_34' title='bbox 429 651 639 712; x_wconf 86' lang='lat' dir='ltr'><strong>tientia,</strong></span> <span class='ocrx_word' id='word_1_35' title='bbox 665 665 785 719; x_wconf 70' lang='lat' dir='ltr'><strong>quae</strong></span> <span class='ocrx_word' id='word_1_36' title='bbox 814 649 1106 719; x_wconf 87' lang='lat' dir='ltr'><strong>probabilis</strong></span> <span class='ocrx_word' id='word_1_37' title='bbox 1123 649 1313 704; x_wconf 81' lang='lat' dir='ltr'><strong>eii&#39;ecta</strong></span> <span class='ocrx_word' id='word_1_38' title='bbox 1337 651 1514 718; x_wconf 87' lang='lat' dir='ltr'><strong>pariat</strong></span> <span class='ocrx_word' id='word_1_39' title='bbox 1530 667 1704 722; x_wconf 89' lang='lat' dir='ltr'><strong>spem,</strong></span> <span class='ocrx_word' id='word_1_40' title='bbox 1734 669 1854 722; x_wconf 67' lang='lat' dir='ltr'><strong>quae</strong></span> <span class='ocrx_word' id='word_1_41' title='bbox 1873 669 1996 709; x_wconf 92' lang='lat' dir='ltr'><strong>eum</strong></span> 
     </span>
    </p>
   </div>
   <div class='ocr_carea' id='block_1_7' title="bbox 425 741 1996 816">
    <p class='ocr_par' dir='ltr' id='par_1_7' title="bbox 425 741 1996 816">
     <span class='ocr_line' id='line_1_7' title="bbox 425 741 1996 816; baseline 0.003 -21"><span class='ocrx_word' id='word_1_42' title='bbox 425 743 677 796; x_wconf 86' lang='lat' dir='ltr'><strong>charitati</strong></span> <span class='ocrx_word' id='word_1_43' title='bbox 711 743 1003 812; x_wconf 85' lang='lat' dir='ltr'><strong>conjuncta</strong></span> <span class='ocrx_word' id='word_1_44' title='bbox 1043 741 1274 810; x_wconf 84' lang='lat' dir='ltr'><strong>Spiritui</strong></span> <span class='ocrx_word' id='word_1_45' title='bbox 1317 754 1510 798; x_wconf 89' lang='lat' dir='ltr'><strong>sancto</strong></span> <span class='ocrx_word' id='word_1_46' title='bbox 1555 746 1835 800; x_wconf 87' lang='lat' dir='ltr'><strong>consociet</strong></span> <span class='ocrx_word' id='word_1_47' title='bbox 1860 747 1996 816; x_wconf 85' lang='lat'><strong>(67).</strong></span> 
     </span>
    </p>
   </div>
   <div class='ocr_carea' id='block_1_8' title="bbox 426 833 2000 900">
    <p class='ocr_par' dir='ltr' id='par_1_8' title="bbox 426 833 2000 900">
     <span class='ocr_line' id='line_1_8' title="bbox 426 833 2000 900; baseline 0.003 -13"><span class='ocrx_word' id='word_1_48' title='bbox 426 834 578 897; x_wconf 75' lang='lat' dir='ltr'><strong>Quod</strong></span> <span class='ocrx_word' id='word_1_49' title='bbox 611 841 790 888; x_wconf 86' lang='lat' dir='ltr'><strong>autem</strong></span> <span class='ocrx_word' id='word_1_50' title='bbox 820 834 980 900; x_wconf 83' lang='lat' dir='ltr'><strong>dixit,</strong></span> <span class='ocrx_word' id='word_1_51' title='bbox 1017 853 1035 885; x_wconf 86' lang='grc'><em>‹</em></span> <span class='ocrx_word' id='word_1_52' title='bbox 1066 833 1320 888; x_wconf 89' lang='lat' dir='ltr'><strong>Charitas</strong></span> <span class='ocrx_word' id='word_1_53' title='bbox 1349 834 1442 889; x_wconf 88' lang='lat' dir='ltr'><strong>Dei</strong></span> <span class='ocrx_word' id='word_1_54' title='bbox 1470 835 1660 890; x_wconf 81' lang='lat' dir='ltr'><strong>diii&#39;usa</strong></span> <span class='ocrx_word' id='word_1_55' title='bbox 1694 847 1779 892; x_wconf 89' lang='lat' dir='ltr'><strong>est</strong></span> <span class='ocrx_word' id='word_1_56' title='bbox 1806 837 1859 892; x_wconf 89' lang='lat' dir='ltr'><strong>in</strong></span> <span class='ocrx_word' id='word_1_57' title='bbox 1885 853 2000 892; x_wconf 88' lang='lat' dir='ltr'><strong>cor-</strong></span> 
     </span>
    </p>
   </div>
   <div class='ocr_carea' id='block_1_9' title="bbox 426 925 1998 996">
    <p class='ocr_par' dir='ltr' id='par_1_9' title="bbox 426 925 1998 996">
     <span class='ocr_line' id='line_1_9' title="bbox 426 925 1998 996; baseline 0.004 -20"><span class='ocrx_word' id='word_1_58' title='bbox 426 927 584 979; x_wconf 80' lang='lat' dir='ltr'><strong>dibus</strong></span> <span class='ocrx_word' id='word_1_59' title='bbox 620 925 859 992; x_wconf 88' lang='lat' dir='ltr'><strong>nostris,</strong></span> <span class='ocrx_word' id='word_1_60' title='bbox 903 943 922 976; x_wconf 82' lang='grc'>›</span> <span class='ocrx_word' id='word_1_61' title='bbox 961 925 1275 996; x_wconf 87' lang='lat' dir='ltr'><strong>diligentius</strong></span> <span class='ocrx_word' id='word_1_62' title='bbox 1317 927 1769 982; x_wconf 88' lang='lat' dir='ltr'><strong>considerandum</strong></span> <span class='ocrx_word' id='word_1_63' title='bbox 1827 939 1909 983; x_wconf 89' lang='lat' dir='ltr'><strong>est</strong></span> <span class='ocrx_word' id='word_1_64' title='bbox 1944 930 1998 982; x_wconf 92' lang='lat' dir='ltr'><strong>in</strong></span> 
     </span>
    </p>
   </div>
   <div class='ocr_carea' id='block_1_10' title="bbox 425 1016 1998 1089">
    <p class='ocr_par' dir='ltr' id='par_1_10' title="bbox 425 1016 1998 1089">
     <span class='ocr_line' id='line_1_10' title="bbox 425 1016 1998 1089; baseline 0.001 -18"><span class='ocrx_word' id='word_1_65' title='bbox 425 1033 656 1086; x_wconf 89' lang='lat' dir='ltr'><strong>quorum</strong></span> <span class='ocrx_word' id='word_1_66' title='bbox 679 1017 938 1072; x_wconf 87' lang='lat' dir='ltr'><strong>cordibus</strong></span> <span class='ocrx_word' id='word_1_67' title='bbox 967 1017 1058 1071; x_wconf 88' lang='lat' dir='ltr'><strong>Dei</strong></span> <span class='ocrx_word' id='word_1_68' title='bbox 1087 1018 1328 1071; x_wconf 86' lang='lat' dir='ltr'><strong>charitas</strong></span> <span class='ocrx_word' id='word_1_69' title='bbox 1352 1016 1706 1072; x_wconf 76' lang='lat' dir='ltr'><strong>diffundatur.</strong></span> <span class='ocrx_word' id='word_1_70' title='bbox 1732 1019 1844 1088; x_wconf 86' lang='lat' dir='ltr'><strong>Ego</strong></span> <span class='ocrx_word' id='word_1_71' title='bbox 1871 1031 1998 1089; x_wconf 91' lang='lat' dir='ltr'><strong>puto</strong></span> 
     </span>
    </p>
   </div>
   <div class='ocr_carea' id='block_1_11' title="bbox 425 1108 2000 1178">
    <p class='ocr_par' dir='ltr' id='par_1_11' title="bbox 425 1108 2000 1178">
     <span class='ocr_line' id='line_1_11' title="bbox 425 1108 2000 1178; baseline 0.002 -17"><span class='ocrx_word' id='word_1_72' title='bbox 425 1109 571 1178; x_wconf 90' lang='lat' dir='ltr'><strong>quod</strong></span> <span class='ocrx_word' id='word_1_73' title='bbox 595 1110 648 1162; x_wconf 91' lang='lat' dir='ltr'><strong>iu</strong></span> <span class='ocrx_word' id='word_1_74' title='bbox 681 1109 893 1162; x_wconf 89' lang='lat' dir='ltr'><strong>illorum</strong></span> <span class='ocrx_word' id='word_1_75' title='bbox 917 1109 1007 1177; x_wconf 93' lang='lat' dir='ltr'><strong>qui</strong></span> <span class='ocrx_word' id='word_1_76' title='bbox 1029 1108 1140 1176; x_wconf 90' lang='lat' dir='ltr'><strong>jam</strong></span> <span class='ocrx_word' id='word_1_77' title='bbox 1169 1123 1280 1162; x_wconf 91' lang='lat' dir='ltr'><strong>non</strong></span> <span class='ocrx_word' id='word_1_78' title='bbox 1310 1109 1515 1162; x_wconf 85' lang='lat' dir='ltr'><strong>habent</strong></span> <span class='ocrx_word' id='word_1_79' title='bbox 1547 1127 1565 1159; x_wconf 74' lang='grc' dir='ltr'><strong><em>ι</em></strong></span> <span class='ocrx_word' id='word_1_80' title='bbox 1609 1110 1859 1178; x_wconf 91' lang='lat' dir='ltr'><strong>spiritum</strong></span> <span class='ocrx_word' id='word_1_81' title='bbox 1884 1126 2000 1164; x_wconf 85' lang='lat' dir='ltr'><strong>ser-</strong></span> 
     </span>
    </p>
   </div>
   <div class='ocr_carea' id='block_1_12' title="bbox 426 1201 2000 1270">
    <p class='ocr_par' dir='ltr' id='par_1_12' title="bbox 426 1201 2000 1270">
     <span class='ocr_line' id='line_1_12' title="bbox 426 1201 2000 1270; baseline 0.003 -17"><span class='ocrx_word' id='word_1_82' title='bbox 426 1201 620 1256; x_wconf 90' lang='lat' dir='ltr'><strong>vitutis</strong></span> <span class='ocrx_word' id='word_1_83' title='bbox 649 1202 848 1256; x_wconf 87' lang='lat' dir='ltr'><strong>iterum</strong></span> <span class='ocrx_word' id='word_1_84' title='bbox 879 1203 932 1255; x_wconf 92' lang='lat' dir='ltr'><strong>in</strong></span> <span class='ocrx_word' id='word_1_85' title='bbox 961 1202 1158 1256; x_wconf 88' lang='lat' dir='ltr'><strong>timore</strong></span> <span class='ocrx_word' id='word_1_86' title='bbox 1193 1203 1263 1266; x_wconf 75' lang='grc'>⁸⁸,</span> <span class='ocrx_word' id='word_1_87' title='bbox 1307 1221 1328 1254; x_wconf 72' lang='grc' dir='ltr'><strong><em>ι</em></strong></span> <span class='ocrx_word' id='word_1_88' title='bbox 1369 1203 1464 1256; x_wconf 87' lang='lat' dir='ltr'><strong>sed</strong></span> <span class='ocrx_word' id='word_1_89' title='bbox 1491 1212 1544 1256; x_wconf 91' lang='lat' dir='ltr'><strong>et</strong></span> <span class='ocrx_word' id='word_1_90' title='bbox 1566 1203 1783 1256; x_wconf 88' lang='lat' dir='ltr'><strong>illorum</strong></span> <span class='ocrx_word' id='word_1_91' title='bbox 1812 1203 1863 1256; x_wconf 93' lang='lat' dir='ltr'><strong>in</strong></span> <span class='ocrx_word' id='word_1_92' title='bbox 1883 1203 2000 1270; x_wconf 83' lang='lat' dir='ltr'><strong>qui-</strong></span> 
     </span>
    </p>
   </div>
   <div class='ocr_carea' id='block_1_13' title="bbox 429 1293 1995 1363">
    <p class='ocr_par' dir='ltr' id='par_1_13' title="bbox 429 1293 1995 1363">
     <span class='ocr_line' id='line_1_13' title="bbox 429 1293 1995 1363; baseline -0.001 -16"><span class='ocrx_word' id='word_1_93' title='bbox 429 1294 530 1347; x_wconf 87' lang='lat' dir='ltr'><strong>bus</strong></span> <span class='ocrx_word' id='word_1_94' title='bbox 569 1310 590 1345; x_wconf 75' lang='grc' dir='ltr'>ι</span> <span class='ocrx_word' id='word_1_95' title='bbox 634 1293 877 1363; x_wconf 90' lang='lat' dir='ltr'><strong>perfecta</strong></span> <span class='ocrx_word' id='word_1_96' title='bbox 923 1293 1165 1347; x_wconf 84' lang='lat' dir='ltr'><strong>charitas</strong></span> <span class='ocrx_word' id='word_1_97' title='bbox 1200 1293 1346 1347; x_wconf 86' lang='lat' dir='ltr'><strong>foras</strong></span> <span class='ocrx_word' id='word_1_98' title='bbox 1392 1295 1556 1347; x_wconf 85' lang='lat' dir='ltr'><strong>mittit</strong></span> <span class='ocrx_word' id='word_1_99' title='bbox 1587 1295 1835 1348; x_wconf 88' lang='lat' dir='ltr'><strong>timorem</strong></span> <span class='ocrx_word' id='word_1_100' title='bbox 1865 1295 1932 1356; x_wconf 73' lang='grc'><strong>⁸³,</strong></span> <span class='ocrx_word' id='word_1_101' title='bbox 1975 1312 1995 1345; x_wconf 73' lang='grc' dir='ltr'><strong><em>ι</em></strong></span> 
     </span>
    </p>
   </div>
   <div class='ocr_carea' id='block_1_14' title="bbox 427 1378 2001 1450">
    <p class='ocr_par' dir='ltr' id='par_1_14' title="bbox 427 1378 2001 1450">
     <span class='ocr_line' id='line_1_14' title="bbox 427 1378 2001 1450; baseline -0.003 -14"><span class='ocrx_word' id='word_1_102' title='bbox 427 1390 484 1436; x_wconf 88' lang='lat' dir='ltr'><strong>et</strong></span> <span class='ocrx_word' id='word_1_103' title='bbox 515 1381 712 1450; x_wconf 89' lang='lat' dir='ltr'><strong>quibus</strong></span> <span class='ocrx_word' id='word_1_104' title='bbox 749 1381 976 1449; x_wconf 88' lang='lat' dir='ltr'><strong>spiritus</strong></span> <span class='ocrx_word' id='word_1_105' title='bbox 1013 1399 1032 1430; x_wconf 75' lang='grc' dir='ltr'><strong><em>ι</em></strong></span> <span class='ocrx_word' id='word_1_106' title='bbox 1070 1381 1382 1448; x_wconf 89' lang='lat' dir='ltr'><strong>adoptionis</strong></span> <span class='ocrx_word' id='word_1_107' title='bbox 1437 1398 1456 1431; x_wconf 73' lang='grc' dir='ltr'><strong><em>ι</em></strong></span> <span class='ocrx_word' id='word_1_108' title='bbox 1495 1380 1653 1434; x_wconf 89' lang='lat' dir='ltr'><strong>datur</strong></span> <span class='ocrx_word' id='word_1_109' title='bbox 1679 1379 1770 1448; x_wconf 91' lang='lat' dir='ltr'><strong>qui</strong></span> <span class='ocrx_word' id='word_1_110' title='bbox 1805 1378 2001 1434; x_wconf 89' lang='lat' dir='ltr'><strong>clamet</strong></span> 
     </span>
    </p>
   </div>
   <div class='ocr_carea' id='block_1_15' title="bbox 425 1470 1999 1541">
    <p class='ocr_par' dir='ltr' id='par_1_15' title="bbox 425 1470 1999 1541">
     <span class='ocr_line' id='line_1_15' title="bbox 425 1470 1999 1541; baseline -0.001 -15"><span class='ocrx_word' id='word_1_111' title='bbox 425 1472 483 1527; x_wconf 88' lang='lat' dir='ltr'><strong>in</strong></span> <span class='ocrx_word' id='word_1_112' title='bbox 512 1472 765 1526; x_wconf 86' lang='lat' dir='ltr'><strong>cordibus</strong></span> <span class='ocrx_word' id='word_1_113' title='bbox 785 1487 994 1536; x_wconf 89' lang='lat' dir='ltr'><strong>eorum,</strong></span> <span class='ocrx_word' id='word_1_114' title='bbox 1029 1490 1048 1524; x_wconf 70' lang='grc' dir='ltr'>ι</span> <span class='ocrx_word' id='word_1_115' title='bbox 1089 1471 1237 1526; x_wconf 87' lang='lat' dir='ltr'><strong>Abba</strong></span> <span class='ocrx_word' id='word_1_116' title='bbox 1268 1483 1424 1541; x_wconf 89' lang='lat' dir='ltr'><strong>pater</strong></span> <span class='ocrx_word' id='word_1_117' title='bbox 1454 1471 1519 1525; x_wconf 79' lang='grc'><strong>⁸³.</strong></span> <span class='ocrx_word' id='word_1_118' title='bbox 1556 1490 1574 1522; x_wconf 71' lang='grc' dir='ltr'><strong><em>ι</em></strong></span> <span class='ocrx_word' id='word_1_119' title='bbox 1609 1470 1725 1525; x_wconf 87' lang='lat' dir='ltr'><strong>Non</strong></span> <span class='ocrx_word' id='word_1_120' title='bbox 1749 1481 1834 1526; x_wconf 91' lang='lat' dir='ltr'><strong>est</strong></span> <span class='ocrx_word' id='word_1_121' title='bbox 1871 1486 1999 1538; x_wconf 85' lang='lat' dir='ltr'><strong>ergo</strong></span> 
     </span>
    </p>
   </div>
   <div class='ocr_carea' id='block_1_16' title="bbox 425 1561 2000 1633">
    <p class='ocr_par' dir='ltr' id='par_1_16' title="bbox 425 1561 2000 1633">
     <span class='ocr_line' id='line_1_16' title="bbox 425 1561 2000 1633; baseline -0.004 -13"><span class='ocrx_word' id='word_1_122' title='bbox 425 1564 799 1633; x_wconf 87' lang='lat' dir='ltr'><strong>cujuscunque</strong></span> <span class='ocrx_word' id='word_1_123' title='bbox 843 1565 1080 1620; x_wconf 89' lang='lat' dir='ltr'><strong>hominis</strong></span> <span class='ocrx_word' id='word_1_124' title='bbox 1123 1563 1226 1617; x_wconf 87' lang='lat' dir='ltr'><strong>nisi</strong></span> <span class='ocrx_word' id='word_1_125' title='bbox 1266 1562 1529 1633; x_wconf 79' lang='lat' dir='ltr'><strong>perfecti,</strong></span> <span class='ocrx_word' id='word_1_126' title='bbox 1573 1573 1627 1616; x_wconf 89' lang='lat' dir='ltr'><strong>et</strong></span> <span class='ocrx_word' id='word_1_127' title='bbox 1660 1561 1784 1616; x_wconf 92' lang='lat' dir='ltr'><strong>talis</strong></span> <span class='ocrx_word' id='word_1_128' title='bbox 1826 1562 2000 1631; x_wconf 88' lang='lat' dir='ltr'><strong>qualis</strong></span> 
     </span>
    </p>
   </div>
   <div class='ocr_carea' id='block_1_17' title="bbox 421 1652 1998 1724">
    <p class='ocr_par' dir='ltr' id='par_1_17' title="bbox 421 1652 1998 1724">
     <span class='ocr_line' id='line_1_17' title="bbox 421 1652 1998 1724; baseline -0.001 -14"><span class='ocrx_word' id='word_1_129' title='bbox 421 1666 546 1710; x_wconf 85' lang='lat' dir='ltr'><strong>erat</strong></span> <span class='ocrx_word' id='word_1_130' title='bbox 577 1657 794 1722; x_wconf 81' lang='lat' dir='ltr'><strong>Paulus,</strong></span> <span class='ocrx_word' id='word_1_131' title='bbox 822 1657 874 1710; x_wconf 95' lang='lat' dir='ltr'><strong>iu</strong></span> <span class='ocrx_word' id='word_1_132' title='bbox 905 1655 1060 1724; x_wconf 88' lang='lat' dir='ltr'><strong>cujus</strong></span> <span class='ocrx_word' id='word_1_133' title='bbox 1092 1657 1260 1710; x_wconf 91' lang='lat' dir='ltr'><strong>corde</strong></span> <span class='ocrx_word' id='word_1_134' title='bbox 1281 1655 1612 1710; x_wconf 76' lang='lat' dir='ltr'><strong>diffundatur</strong></span> <span class='ocrx_word' id='word_1_135' title='bbox 1639 1652 1883 1710; x_wconf 87' lang='lat' dir='ltr'><strong>charitas</strong></span> <span class='ocrx_word' id='word_1_136' title='bbox 1902 1653 1998 1708; x_wconf 85' lang='lat' dir='ltr'><strong>Dei</strong></span> 
     </span>
    </p>
   </div>
   <div class='ocr_carea' id='block_1_18' title="bbox 428 1745 1995 1838">
    <p class='ocr_par' dir='ltr' id='par_1_18' title="bbox 428 1745 1995 1838">
     <span class='ocr_line' id='line_1_18' title="bbox 428 1745 1995 1838; baseline 0 -40"><span class='ocrx_word' id='word_1_137' title='bbox 428 1766 453 1798; x_wconf 68' lang='grc' dir='ltr'>ς</span> <span class='ocrx_word' id='word_1_138' title='bbox 491 1762 588 1817; x_wconf 91' lang='lat' dir='ltr'><strong>per</strong></span> <span class='ocrx_word' id='word_1_139' title='bbox 619 1746 883 1838; x_wconf 58' lang='lat' dir='ltr'><strong>Spiritum:</strong></span> <span class='ocrx_word' id='word_1_140' title='bbox 922 1756 1195 1801; x_wconf 89' lang='lat' dir='ltr'><strong>sanctum.</strong></span> <span class='ocrx_word' id='word_1_141' title='bbox 1228 1765 1248 1798; x_wconf 73' lang='grc' dir='ltr'><strong><em>ι</em></strong></span> <span class='ocrx_word' id='word_1_142' title='bbox 1283 1745 1448 1817; x_wconf 66' lang='grc'><strong>540</strong></span> <span class='ocrx_word' id='word_1_143' title='bbox 1477 1745 1581 1800; x_wconf 87' lang='lat' dir='ltr'><strong>Sed</strong></span> <span class='ocrx_word' id='word_1_144' title='bbox 1613 1755 1666 1799; x_wconf 88' lang='lat' dir='ltr'><strong>et</strong></span> <span class='ocrx_word' id='word_1_145' title='bbox 1707 1745 1838 1798; x_wconf 92' lang='lat' dir='ltr'><strong>illud</strong></span> <span class='ocrx_word' id='word_1_146' title='bbox 1867 1745 1995 1798; x_wconf 91' lang='lat' dir='ltr'><strong>mibi</strong></span> 
     </span>
    </p>
   </div>
   <div class='ocr_carea' id='block_1_19' title="bbox 2107 560 3680 633">
    <p class='ocr_par' dir='ltr' id='par_1_19' title="bbox 2107 560 3680 633">
     <span class='ocr_line' id='line_1_19' title="bbox 2107 560 3680 633; baseline 0.005 -21"><span class='ocrx_word' id='word_1_147' title='bbox 2107 569 2551 615; x_wconf 87' lang='lat' dir='ltr'><strong>converteremur</strong></span> <span class='ocrx_word' id='word_1_148' title='bbox 2593 561 2660 613; x_wconf 87' lang='lat' dir='ltr'><strong>ad</strong></span> <span class='ocrx_word' id='word_1_149' title='bbox 2697 560 2889 624; x_wconf 88' lang='lat' dir='ltr'><strong>Deum,</strong></span> <span class='ocrx_word' id='word_1_150' title='bbox 2931 571 2985 616; x_wconf 94' lang='lat' dir='ltr'><strong>et</strong></span> <span class='ocrx_word' id='word_1_151' title='bbox 3015 561 3268 617; x_wconf 84' lang='lat' dir='ltr'><strong>Christus</strong></span> <span class='ocrx_word' id='word_1_152' title='bbox 3301 565 3489 633; x_wconf 83' lang='lat' dir='ltr'><strong>utique</strong></span> <span class='ocrx_word' id='word_1_153' title='bbox 3527 582 3680 620; x_wconf 80' lang='lat' dir='ltr'><strong>inor-</strong></span> 
     </span>
    </p>
   </div>
   <div class='ocr_carea' id='block_1_20' title="bbox 2108 651 3678 725">
    <p class='ocr_par' dir='ltr' id='par_1_20' title="bbox 2108 651 3678 725">
     <span class='ocr_line' id='line_1_20' title="bbox 2108 651 3678 725; baseline 0.004 -21"><span class='ocrx_word' id='word_1_154' title='bbox 2108 660 2215 706; x_wconf 86' lang='lat' dir='ltr'><strong>tem</strong></span> <span class='ocrx_word' id='word_1_155' title='bbox 2246 667 2345 720; x_wconf 89' lang='lat' dir='ltr'><strong>pro</strong></span> <span class='ocrx_word' id='word_1_156' title='bbox 2369 651 2522 705; x_wconf 89' lang='lat' dir='ltr'><strong>nobis</strong></span> <span class='ocrx_word' id='word_1_157' title='bbox 2544 663 2837 720; x_wconf 84' lang='lat' dir='ltr'><strong>antequam</strong></span> <span class='ocrx_word' id='word_1_158' title='bbox 2864 653 3213 708; x_wconf 84' lang='lat' dir='ltr'><strong>crederemus</strong></span> <span class='ocrx_word' id='word_1_159' title='bbox 3237 659 3457 724; x_wconf 76' lang='lat' dir='ltr'><strong>excepit</strong></span> <span class='ocrx_word' id='word_1_160' title='bbox 3490 675 3504 710; x_wconf 93' lang='lat'><strong>:</strong></span> <span class='ocrx_word' id='word_1_161' title='bbox 3532 658 3678 725; x_wconf 89' lang='lat' dir='ltr'><strong>quod</strong></span> 
     </span>
    </p>
   </div>
   <div class='ocr_carea' id='block_1_21' title="bbox 2106 743 3681 816">
    <p class='ocr_par' dir='ltr' id='par_1_21' title="bbox 2106 743 3681 816">
     <span class='ocr_line' id='line_1_21' title="bbox 2106 743 3681 816; baseline 0.005 -21"><span class='ocrx_word' id='word_1_162' title='bbox 2106 743 2295 812; x_wconf 87' lang='lat' dir='ltr'><strong>procul</strong></span> <span class='ocrx_word' id='word_1_163' title='bbox 2317 744 2482 798; x_wconf 93' lang='lat' dir='ltr'><strong>dubio</strong></span> <span class='ocrx_word' id='word_1_164' title='bbox 2517 760 2624 798; x_wconf 90' lang='lat' dir='ltr'><strong>non</strong></span> <span class='ocrx_word' id='word_1_165' title='bbox 2652 744 2891 810; x_wconf 80' lang='lat' dir='ltr'><strong>fecisset,</strong></span> <span class='ocrx_word' id='word_1_166' title='bbox 2920 746 3022 799; x_wconf 88' lang='lat' dir='ltr'><strong>nisi</strong></span> <span class='ocrx_word' id='word_1_167' title='bbox 3056 748 3282 800; x_wconf 90' lang='lat' dir='ltr'><strong>nimiam</strong></span> <span class='ocrx_word' id='word_1_168' title='bbox 3306 763 3432 816; x_wconf 83' lang='lat' dir='ltr'><strong>erga</strong></span> <span class='ocrx_word' id='word_1_169' title='bbox 3461 765 3558 803; x_wconf 91' lang='lat' dir='ltr'><strong>uos</strong></span> <span class='ocrx_word' id='word_1_170' title='bbox 3585 753 3681 803; x_wconf 89' lang='lat' dir='ltr'><strong>ha-</strong></span> 
     </span>
    </p>
   </div>
   <div class='ocr_carea' id='block_1_22' title="bbox 2106 833 3684 908">
    <p class='ocr_par' dir='ltr' id='par_1_22' title="bbox 2106 833 3684 908">
     <span class='ocr_line' id='line_1_22' title="bbox 2106 833 3684 908; baseline 0.004 -21"><span class='ocrx_word' id='word_1_171' title='bbox 2106 833 2310 888; x_wconf 89' lang='lat' dir='ltr'><strong>buisset</strong></span> <span class='ocrx_word' id='word_1_172' title='bbox 2353 845 2408 889; x_wconf 89' lang='lat' dir='ltr'><strong>et</strong></span> <span class='ocrx_word' id='word_1_173' title='bbox 2464 835 2988 890; x_wconf 87' lang='lat' dir='ltr'><strong>abundantissimam</strong></span> <span class='ocrx_word' id='word_1_174' title='bbox 3051 838 3377 892; x_wconf 87' lang='lat' dir='ltr'><strong>charitatem</strong></span> <span class='ocrx_word' id='word_1_175' title='bbox 3433 840 3517 892; x_wconf 88' lang='lat' dir='ltr'><strong>vel</strong></span> <span class='ocrx_word' id='word_1_176' title='bbox 3568 841 3684 908; x_wconf 86' lang='lat' dir='ltr'><strong>ipse</strong></span> 
     </span>
    </p>
   </div>
   <div class='ocr_carea' id='block_1_23' title="bbox 2107 925 3682 999">
    <p class='ocr_par' dir='ltr' id='par_1_23' title="bbox 2107 925 3682 999">
     <span class='ocr_line' id='line_1_23' title="bbox 2107 925 3682 999; baseline 0.003 -20"><span class='ocrx_word' id='word_1_177' title='bbox 2107 926 2368 980; x_wconf 86' lang='lat' dir='ltr'><strong>Dominus</strong></span> <span class='ocrx_word' id='word_1_178' title='bbox 2415 937 2604 980; x_wconf 85' lang='lat' dir='ltr'><strong>noster</strong></span> <span class='ocrx_word' id='word_1_179' title='bbox 2646 925 2803 981; x_wconf 79' lang='lat' dir='ltr'><strong>Jesus</strong></span> <span class='ocrx_word' id='word_1_180' title='bbox 2839 927 3088 982; x_wconf 87' lang='lat' dir='ltr'><strong>Christus</strong></span> <span class='ocrx_word' id='word_1_181' title='bbox 3117 929 3400 983; x_wconf 90' lang='lat' dir='ltr'><strong>moriendo</strong></span> <span class='ocrx_word' id='word_1_182' title='bbox 3439 945 3539 999; x_wconf 93' lang='lat' dir='ltr'><strong>pro</strong></span> <span class='ocrx_word' id='word_1_183' title='bbox 3581 932 3682 984; x_wconf 67' lang='lat' dir='ltr'><strong>imo</strong></span> 
     </span>
    </p>
   </div>
   <div class='ocr_carea' id='block_1_24' title="bbox 2106 1019 3676 1090">
    <p class='ocr_par' dir='ltr' id='par_1_24' title="bbox 2106 1019 3676 1090">
     <span class='ocr_line' id='line_1_24' title="bbox 2106 1019 3676 1090; baseline 0.002 -19"><span class='ocrx_word' id='word_1_184' title='bbox 2106 1019 2233 1087; x_wconf 90' lang='lat' dir='ltr'><strong>piis,</strong></span> <span class='ocrx_word' id='word_1_185' title='bbox 2259 1019 2342 1072; x_wconf 83' lang='lat' dir='ltr'><strong>vel</strong></span> <span class='ocrx_word' id='word_1_186' title='bbox 2364 1019 2504 1073; x_wconf 89' lang='lat' dir='ltr'><strong>Deus</strong></span> <span class='ocrx_word' id='word_1_187' title='bbox 2522 1019 2679 1073; x_wconf 91' lang='lat' dir='ltr'><strong>Pater</strong></span> <span class='ocrx_word' id='word_1_188' title='bbox 2705 1020 3053 1089; x_wconf 89' lang='lat' dir='ltr'><strong>Unigeuitum</strong></span> <span class='ocrx_word' id='word_1_189' title='bbox 3086 1036 3242 1074; x_wconf 83' lang='lat' dir='ltr'><strong>suum</strong></span> <span class='ocrx_word' id='word_1_190' title='bbox 3270 1037 3366 1090; x_wconf 92' lang='lat' dir='ltr'><strong>pro</strong></span> <span class='ocrx_word' id='word_1_191' title='bbox 3384 1022 3676 1090; x_wconf 90' lang='lat' dir='ltr'><strong>impiorum</strong></span> 
     </span>
    </p>
   </div>
   <div class='ocr_carea' id='block_1_25' title="bbox 2107 1111 3686 1182">
    <p class='ocr_par' dir='ltr' id='par_1_25' title="bbox 2107 1111 3686 1182">
     <span class='ocr_line' id='line_1_25' title="bbox 2107 1111 3686 1182; baseline 0.003 -19"><span class='ocrx_word' id='word_1_192' title='bbox 2107 1111 2483 1180; x_wconf 87' lang='lat' dir='ltr'><strong>redemptione</strong></span> <span class='ocrx_word' id='word_1_193' title='bbox 2513 1111 2795 1165; x_wconf 86' lang='lat' dir='ltr'><strong>tradendo.</strong></span> <span class='ocrx_word' id='word_1_194' title='bbox 2844 1111 2978 1166; x_wconf 92' lang='lat' dir='ltr'><strong>Cum</strong></span> <span class='ocrx_word' id='word_1_195' title='bbox 3018 1112 3163 1166; x_wconf 90' lang='lat' dir='ltr'><strong>enim</strong></span> <span class='ocrx_word' id='word_1_196' title='bbox 3205 1113 3294 1166; x_wconf 81' lang='lat' dir='ltr'><strong>vix</strong></span> <span class='ocrx_word' id='word_1_197' title='bbox 3339 1113 3536 1180; x_wconf 90' lang='lat' dir='ltr'><strong>aliquis</strong></span> <span class='ocrx_word' id='word_1_198' title='bbox 3580 1129 3686 1182; x_wconf 88' lang='lat' dir='ltr'><strong>pro</strong></span> 
     </span>
    </p>
   </div>
   <div class='ocr_carea' id='block_1_26' title="bbox 2105 1199 3682 1269">
    <p class='ocr_par' dir='ltr' id='par_1_26' title="bbox 2105 1199 3682 1269">
     <span class='ocr_line' id='line_1_26' title="bbox 2105 1199 3682 1269; baseline 0.002 -17"><span class='ocrx_word' id='word_1_199' title='bbox 2105 1199 2256 1269; x_wconf 84' lang='lat' dir='ltr'><strong>justo</strong></span> <span class='ocrx_word' id='word_1_200' title='bbox 2287 1201 2575 1263; x_wconf 90' lang='lat' dir='ltr'><strong>moriatur,</strong></span> <span class='ocrx_word' id='word_1_201' title='bbox 2601 1209 2656 1252; x_wconf 89' lang='lat' dir='ltr'><strong>et</strong></span> <span class='ocrx_word' id='word_1_202' title='bbox 2674 1199 2878 1254; x_wconf 87' lang='lat' dir='ltr'><strong>dubitet</strong></span> <span class='ocrx_word' id='word_1_203' title='bbox 2899 1201 3271 1268; x_wconf 87' lang='lat' dir='ltr'><strong>unusquisque</strong></span> <span class='ocrx_word' id='word_1_204' title='bbox 3298 1212 3523 1257; x_wconf 91' lang='lat' dir='ltr'><strong>mortem</strong></span> <span class='ocrx_word' id='word_1_205' title='bbox 3551 1205 3682 1258; x_wconf 83' lang='lat' dir='ltr'><strong>sub-</strong></span> 
     </span>
    </p>
   </div>
   <div class='ocr_carea' id='block_1_27' title="bbox 2109 1292 3678 1363">
    <p class='ocr_par' dir='ltr' id='par_1_27' title="bbox 2109 1292 3678 1363">
     <span class='ocr_line' id='line_1_27' title="bbox 2109 1292 3678 1363; baseline 0.003 -17"><span class='ocrx_word' id='word_1_206' title='bbox 2109 1293 2210 1359; x_wconf 86' lang='lat' dir='ltr'><strong>ire,</strong></span> <span class='ocrx_word' id='word_1_207' title='bbox 2238 1292 2400 1347; x_wconf 90' lang='lat' dir='ltr'><strong>etiam</strong></span> <span class='ocrx_word' id='word_1_208' title='bbox 2427 1293 2472 1347; x_wconf 90' lang='lat' dir='ltr'><strong>si</strong></span> <span class='ocrx_word' id='word_1_209' title='bbox 2504 1292 2695 1346; x_wconf 86' lang='lat' dir='ltr'><strong>mortis</strong></span> <span class='ocrx_word' id='word_1_210' title='bbox 2719 1292 2863 1359; x_wconf 89' lang='lat' dir='ltr'><strong>justa</strong></span> <span class='ocrx_word' id='word_1_211' title='bbox 2898 1293 2971 1346; x_wconf 88' lang='lat' dir='ltr'><strong>sit</strong></span> <span class='ocrx_word' id='word_1_212' title='bbox 2997 1308 3184 1356; x_wconf 86' lang='lat' dir='ltr'><strong>causa,</strong></span> <span class='ocrx_word' id='word_1_213' title='bbox 3205 1304 3436 1363; x_wconf 89' lang='lat' dir='ltr'><strong>quantus</strong></span> <span class='ocrx_word' id='word_1_214' title='bbox 3466 1304 3550 1350; x_wconf 90' lang='lat' dir='ltr'><strong>est</strong></span> <span class='ocrx_word' id='word_1_215' title='bbox 3567 1297 3678 1357; x_wconf 83' lang='lat' dir='ltr'><strong>hic,</strong></span> 
     </span>
    </p>
   </div>
   <div class='ocr_carea' id='block_1_28' title="bbox 2107 1381 3678 1455">
    <p class='ocr_par' dir='ltr' id='par_1_28' title="bbox 2107 1381 3678 1455">
     <span class='ocr_line' id='line_1_28' title="bbox 2107 1381 3678 1455; baseline 0.003 -20"><span class='ocrx_word' id='word_1_216' title='bbox 2107 1389 2164 1435; x_wconf 92' lang='lat' dir='ltr'><strong>et</strong></span> <span class='ocrx_word' id='word_1_217' title='bbox 2184 1381 2424 1436; x_wconf 88' lang='lat' dir='ltr'><strong>cbaritas</strong></span> <span class='ocrx_word' id='word_1_218' title='bbox 2448 1381 2564 1450; x_wconf 88' lang='lat' dir='ltr'><strong>ejus</strong></span> <span class='ocrx_word' id='word_1_219' title='bbox 2596 1397 2722 1450; x_wconf 87' lang='lat' dir='ltr'><strong>erga</strong></span> <span class='ocrx_word' id='word_1_220' title='bbox 2754 1395 2851 1436; x_wconf 90' lang='lat' dir='ltr'><strong>nos</strong></span> <span class='ocrx_word' id='word_1_221' title='bbox 2880 1394 3079 1450; x_wconf 90' lang='lat' dir='ltr'><strong>quanta</strong></span> <span class='ocrx_word' id='word_1_222' title='bbox 3119 1387 3390 1451; x_wconf 85' lang='lat' dir='ltr'><strong>pensanda</strong></span> <span class='ocrx_word' id='word_1_223' title='bbox 3438 1395 3551 1448; x_wconf 85' lang='lat' dir='ltr'><strong>est,</strong></span> <span class='ocrx_word' id='word_1_224' title='bbox 3584 1387 3678 1455; x_wconf 90' lang='lat' dir='ltr'><strong>qui</strong></span> 
     </span>
    </p>
   </div>
   <div class='ocr_carea' id='block_1_29' title="bbox 2107 1461 3682 1547">
    <p class='ocr_par' dir='ltr' id='par_1_29' title="bbox 2107 1461 3682 1547">
     <span class='ocr_line' id='line_1_29' title="bbox 2107 1461 3682 1547; baseline 0.002 -20"><span class='ocrx_word' id='word_1_225' title='bbox 2107 1461 2402 1527; x_wconf 85' lang='lat' dir='ltr'><strong>secundum</strong></span> <span class='ocrx_word' id='word_1_226' title='bbox 2433 1471 2562 1526; x_wconf 91' lang='lat' dir='ltr'><strong>illud</strong></span> <span class='ocrx_word' id='word_1_227' title='bbox 2609 1481 2821 1543; x_wconf 90' lang='lat' dir='ltr'><strong>tempus</strong></span> <span class='ocrx_word' id='word_1_228' title='bbox 2857 1489 2967 1542; x_wconf 88' lang='lat' dir='ltr'><strong>quo</strong></span> <span class='ocrx_word' id='word_1_229' title='bbox 2991 1490 3182 1542; x_wconf 88' lang='lat' dir='ltr'><strong>passus</strong></span> <span class='ocrx_word' id='word_1_230' title='bbox 3219 1487 3337 1540; x_wconf 85' lang='lat' dir='ltr'><strong>est,</strong></span> <span class='ocrx_word' id='word_1_231' title='bbox 3377 1492 3476 1547; x_wconf 93' lang='lat' dir='ltr'><strong>pro</strong></span> <span class='ocrx_word' id='word_1_232' title='bbox 3499 1479 3682 1546; x_wconf 89' lang='lat' dir='ltr'><strong>impiis</strong></span> 
     </span>
    </p>
   </div>
   <div class='ocr_carea' id='block_1_30' title="bbox 2107 1563 3680 1638">
    <p class='ocr_par' dir='ltr' id='par_1_30' title="bbox 2107 1563 3680 1638">
     <span class='ocr_line' id='line_1_30' title="bbox 2107 1563 3680 1638; baseline 0.004 -20"><span class='ocrx_word' id='word_1_233' title='bbox 2107 1573 2164 1618; x_wconf 91' lang='lat' dir='ltr'><strong>et</strong></span> <span class='ocrx_word' id='word_1_234' title='bbox 2193 1563 2406 1632; x_wconf 88' lang='lat' dir='ltr'><strong>injustis</strong></span> <span class='ocrx_word' id='word_1_235' title='bbox 2436 1574 2664 1619; x_wconf 90' lang='lat' dir='ltr'><strong>mortem</strong></span> <span class='ocrx_word' id='word_1_236' title='bbox 2701 1565 2906 1635; x_wconf 88' lang='lat' dir='ltr'><strong>perpeti</strong></span> <span class='ocrx_word' id='word_1_237' title='bbox 2944 1582 3051 1621; x_wconf 91' lang='lat' dir='ltr'><strong>non</strong></span> <span class='ocrx_word' id='word_1_238' title='bbox 3087 1570 3288 1638; x_wconf 84' lang='lat' dir='ltr'><strong>refugit</strong></span> <span class='ocrx_word' id='word_1_239' title='bbox 3308 1569 3400 1622; x_wconf 88' lang='lat' dir='ltr'><strong>?ln</strong></span> <span class='ocrx_word' id='word_1_240' title='bbox 3425 1585 3534 1638; x_wconf 91' lang='lat' dir='ltr'><strong>quo</strong></span> <span class='ocrx_word' id='word_1_241' title='bbox 3566 1571 3680 1625; x_wconf 85' lang='lat' dir='ltr'><strong>uti—</strong></span> 
     </span>
    </p>
   </div>
   <div class='ocr_carea' id='block_1_31' title="bbox 2107 1659 3678 1728">
    <p class='ocr_par' dir='ltr' id='par_1_31' title="bbox 2107 1659 3678 1728">
     <span class='ocr_line' id='line_1_31' title="bbox 2107 1659 3678 1728; baseline 0.006 -19"><span class='ocrx_word' id='word_1_242' title='bbox 2107 1673 2213 1728; x_wconf 88' lang='lat' dir='ltr'><strong>que</strong></span> <span class='ocrx_word' id='word_1_243' title='bbox 2255 1674 2479 1714; x_wconf 64' lang='lat' dir='ltr'><strong>summae</strong></span> <span class='ocrx_word' id='word_1_244' title='bbox 2535 1659 2681 1714; x_wconf 91' lang='lat' dir='ltr'><strong>illius</strong></span> <span class='ocrx_word' id='word_1_245' title='bbox 2721 1659 2919 1714; x_wconf 74' lang='lat' dir='ltr'><strong>divina:</strong></span> <span class='ocrx_word' id='word_1_246' title='bbox 2961 1661 3219 1716; x_wconf 87' lang='lat' dir='ltr'><strong>bonitatis</strong></span> <span class='ocrx_word' id='word_1_247' title='bbox 3265 1661 3524 1716; x_wconf 89' lang='lat' dir='ltr'><strong>indicium</strong></span> <span class='ocrx_word' id='word_1_248' title='bbox 3569 1674 3678 1718; x_wconf 88' lang='lat' dir='ltr'><strong>est.</strong></span> 
     </span>
    </p>
   </div>
   <div class='ocr_carea' id='block_1_32' title="bbox 2110 1749 3681 1819">
    <p class='ocr_par' dir='ltr' id='par_1_32' title="bbox 2110 1749 3681 1819">
     <span class='ocr_line' id='line_1_32' title="bbox 2110 1749 3681 1819; baseline 0.004 -17"><span class='ocrx_word' id='word_1_249' title='bbox 2110 1749 2223 1804; x_wconf 84' lang='lat' dir='ltr'><strong>Nisi</strong></span> <span class='ocrx_word' id='word_1_250' title='bbox 2258 1751 2404 1804; x_wconf 93' lang='lat' dir='ltr'><strong>enim</strong></span> <span class='ocrx_word' id='word_1_251' title='bbox 2439 1759 2588 1808; x_wconf 89' lang='lat' dir='ltr'><strong>esset</strong></span> <span class='ocrx_word' id='word_1_252' title='bbox 2630 1751 2720 1806; x_wconf 91' lang='lat' dir='ltr'><strong>hic</strong></span> <span class='ocrx_word' id='word_1_253' title='bbox 2756 1767 2824 1806; x_wconf 76' lang='lat' dir='ltr'><strong>ex</strong></span> <span class='ocrx_word' id='word_1_254' title='bbox 2867 1752 2956 1805; x_wconf 89' lang='lat' dir='ltr'><strong>illa</strong></span> <span class='ocrx_word' id='word_1_255' title='bbox 3001 1753 3225 1806; x_wconf 87' lang='lat' dir='ltr'><strong>veniens</strong></span> <span class='ocrx_word' id='word_1_256' title='bbox 3254 1753 3588 1819; x_wconf 85' lang='lat' dir='ltr'><strong>substantia,</strong></span> <span class='ocrx_word' id='word_1_257' title='bbox 3622 1765 3681 1808; x_wconf 91' lang='lat' dir='ltr'><strong>et</strong></span> 
     </span>
    </p>
   </div>
   <div class='ocr_carea' id='block_1_33' title="bbox 424 1823 3680 1910">
    <p class='ocr_par' dir='ltr' id='par_1_33' title="bbox 424 1823 3680 1910">
     <span class='ocr_line' id='line_1_33' title="bbox 424 1823 3680 1910; baseline 0.002 -20"><span class='ocrx_word' id='word_1_258' title='bbox 424 1823 888 1892; x_wconf 72' lang='lat' dir='ltr'><strong>considerandum</strong></span> <span class='ocrx_word' id='word_1_259' title='bbox 947 1837 1198 1902; x_wconf 89' lang='lat' dir='ltr'><strong>videtur,</strong></span> <span class='ocrx_word' id='word_1_260' title='bbox 1241 1847 1500 1892; x_wconf 87' lang='lat' dir='ltr'><strong>utrumne</strong></span> <span class='ocrx_word' id='word_1_261' title='bbox 1547 1837 1636 1891; x_wconf 92' lang='lat' dir='ltr'><strong>hic</strong></span> <span class='ocrx_word' id='word_1_262' title='bbox 1678 1838 1998 1893; x_wconf 89' lang='lat' dir='ltr'><strong>charitatem</strong></span> <span class='ocrx_word' id='word_1_263' title='bbox 2037 1823 2079 1882; x_wconf 78' lang='grc' dir='ltr'><strong>Β</strong></span> <span class='ocrx_word' id='word_1_264' title='bbox 2109 1839 2252 1894; x_wconf 91' lang='lat' dir='ltr'><strong>illius</strong></span> <span class='ocrx_word' id='word_1_265' title='bbox 2288 1840 2468 1894; x_wconf 88' lang='lat' dir='ltr'><strong>Patris</strong></span> <span class='ocrx_word' id='word_1_266' title='bbox 2494 1841 2686 1902; x_wconf 87' lang='lat' dir='ltr'><strong>Filius.</strong></span> <span class='ocrx_word' id='word_1_267' title='bbox 2718 1841 2784 1894; x_wconf 92' lang='lat' dir='ltr'><strong>de</strong></span> <span class='ocrx_word' id='word_1_268' title='bbox 2809 1857 2918 1910; x_wconf 90' lang='lat' dir='ltr'><strong>quo</strong></span> <span class='ocrx_word' id='word_1_269' title='bbox 2946 1841 3152 1895; x_wconf 91' lang='lat' dir='ltr'><strong>dictum</strong></span> <span class='ocrx_word' id='word_1_270' title='bbox 3171 1850 3272 1901; x_wconf 84' lang='lat' dir='ltr'><strong>est.</strong></span> <span class='ocrx_word' id='word_1_271' title='bbox 3300 1843 3429 1909; x_wconf 86' lang='lat' dir='ltr'><strong>quia</strong></span> <span class='ocrx_word' id='word_1_272' title='bbox 3468 1861 3488 1894; x_wconf 70' lang='grc' dir='ltr'>ε</span> <span class='ocrx_word' id='word_1_273' title='bbox 3519 1858 3680 1897; x_wconf 91' lang='lat' dir='ltr'><strong>nemo</strong></span> 
     </span>
    </p>
   </div>
   <div class='ocr_carea' id='block_1_34' title="bbox 429 1929 2000 2000">
    <p class='ocr_par' dir='ltr' id='par_1_34' title="bbox 429 1929 2000 2000">
     <span class='ocr_line' id='line_1_34' title="bbox 429 1929 2000 2000; baseline 0.001 -18"><span class='ocrx_word' id='word_1_274' title='bbox 429 1931 579 1983; x_wconf 70' lang='lat' dir='ltr'><strong>illam</strong></span> <span class='ocrx_word' id='word_1_275' title='bbox 605 1929 752 1984; x_wconf 87' lang='lat' dir='ltr'><strong>dicat</strong></span> <span class='ocrx_word' id='word_1_276' title='bbox 784 1945 890 1996; x_wconf 89' lang='lat' dir='ltr'><strong>qua</strong></span> <span class='ocrx_word' id='word_1_277' title='bbox 931 1944 1029 1982; x_wconf 89' lang='lat' dir='ltr'><strong>nos</strong></span> <span class='ocrx_word' id='word_1_278' title='bbox 1052 1929 1330 2000; x_wconf 79' lang='lat' dir='ltr'><strong>diligimus</strong></span> <span class='ocrx_word' id='word_1_279' title='bbox 1365 1930 1564 1995; x_wconf 92' lang='lat' dir='ltr'><strong>Deum,</strong></span> <span class='ocrx_word' id='word_1_280' title='bbox 1607 1945 1674 1983; x_wconf 88' lang='lat' dir='ltr'><strong>an</strong></span> <span class='ocrx_word' id='word_1_281' title='bbox 1717 1930 1862 1985; x_wconf 86' lang='lat' dir='ltr'><strong>illam</strong></span> <span class='ocrx_word' id='word_1_282' title='bbox 1893 1946 2000 2000; x_wconf 92' lang='lat' dir='ltr'><strong>qua</strong></span> 
     </span>
    </p>
   </div>
   <div class='ocr_carea' id='block_1_35' title="bbox 426 2019 1999 2090">
    <p class='ocr_par' dir='ltr' id='par_1_35' title="bbox 426 2019 1999 2090">
     <span class='ocr_line' id='line_1_35' title="bbox 426 2019 1999 2090; baseline 0.001 -15"><span class='ocrx_word' id='word_1_283' title='bbox 426 2020 704 2090; x_wconf 80' lang='lat' dir='ltr'><strong>diligimur</strong></span> <span class='ocrx_word' id='word_1_284' title='bbox 723 2036 752 2073; x_wconf 90' lang='lat' dir='ltr'><strong>a</strong></span> <span class='ocrx_word' id='word_1_285' title='bbox 775 2020 904 2086; x_wconf 91' lang='lat' dir='ltr'><strong>Deo,</strong></span> <span class='ocrx_word' id='word_1_286' title='bbox 928 2019 1182 2085; x_wconf 79' lang='lat' dir='ltr'><strong>diﬁ‘usam</strong></span> <span class='ocrx_word' id='word_1_287' title='bbox 1202 2035 1324 2076; x_wconf 87' lang='lat' dir='ltr'><strong>esse</strong></span> <span class='ocrx_word' id='word_1_288' title='bbox 1345 2035 1443 2090; x_wconf 89' lang='lat' dir='ltr'><strong>per</strong></span> <span class='ocrx_word' id='word_1_289' title='bbox 1467 2021 1730 2090; x_wconf 88' lang='lat' dir='ltr'><strong>Spiritum</strong></span> <span class='ocrx_word' id='word_1_290' title='bbox 1754 2031 1999 2077; x_wconf 88' lang='lat' dir='ltr'><strong>sanctum</strong></span> 
     </span>
    </p>
   </div>
   <div class='ocr_carea' id='block_1_36' title="bbox 427 2111 1998 2182">
    <p class='ocr_par' dir='ltr' id='par_1_36' title="bbox 427 2111 1998 2182">
     <span class='ocr_line' id='line_1_36' title="bbox 427 2111 1998 2182; baseline 0.003 -18"><span class='ocrx_word' id='word_1_291' title='bbox 427 2111 486 2165; x_wconf 88' lang='lat' dir='ltr'><strong>in</strong></span> <span class='ocrx_word' id='word_1_292' title='bbox 520 2111 778 2166; x_wconf 90' lang='lat' dir='ltr'><strong>cordibus</strong></span> <span class='ocrx_word' id='word_1_293' title='bbox 802 2113 1025 2166; x_wconf 86' lang='lat' dir='ltr'><strong>nostris.</strong></span> <span class='ocrx_word' id='word_1_294' title='bbox 1068 2113 1135 2166; x_wconf 88' lang='lat' dir='ltr'><strong>Et</strong></span> <span class='ocrx_word' id='word_1_295' title='bbox 1175 2112 1221 2166; x_wconf 89' lang='lat' dir='ltr'><strong>si</strong></span> <span class='ocrx_word' id='word_1_296' title='bbox 1253 2111 1472 2181; x_wconf 88' lang='lat' dir='ltr'><strong>quidem</strong></span> <span class='ocrx_word' id='word_1_297' title='bbox 1509 2112 1599 2166; x_wconf 87' lang='lat' dir='ltr'><strong>illa</strong></span> <span class='ocrx_word' id='word_1_298' title='bbox 1625 2112 1865 2168; x_wconf 90' lang='lat' dir='ltr'><strong>charitas</strong></span> <span class='ocrx_word' id='word_1_299' title='bbox 1894 2129 1998 2182; x_wconf 85' lang='lat' dir='ltr'><strong>qua</strong></span> 
     </span>
    </p>
   </div>
   <div class='ocr_carea' id='block_1_37' title="bbox 435 2205 2000 2275">
    <p class='ocr_par' dir='ltr' id='par_1_37' title="bbox 435 2205 2000 2275">
     <span class='ocr_line' id='line_1_37' title="bbox 435 2205 2000 2275; baseline 0 -15"><span class='ocrx_word' id='word_1_300' title='bbox 435 2205 607 2261; x_wconf 89' lang='lat' dir='ltr'><strong>Deum</strong></span> <span class='ocrx_word' id='word_1_301' title='bbox 647 2206 922 2274; x_wconf 75' lang='lat' dir='ltr'><strong>diligimus</strong></span> <span class='ocrx_word' id='word_1_302' title='bbox 957 2205 1312 2275; x_wconf 80' lang='lat' dir='ltr'><strong>intelligatur,</strong></span> <span class='ocrx_word' id='word_1_303' title='bbox 1347 2219 1528 2259; x_wconf 90' lang='lat' dir='ltr'><strong>sermo</strong></span> <span class='ocrx_word' id='word_1_304' title='bbox 1561 2205 1665 2259; x_wconf 89' lang='lat' dir='ltr'><strong>iste</strong></span> <span class='ocrx_word' id='word_1_305' title='bbox 1696 2205 2000 2260; x_wconf 88' lang='lat' dir='ltr'><strong>assertione</strong></span> 
     </span>
    </p>
   </div>
   <div class='ocr_carea' id='block_1_38' title="bbox 431 2295 2001 2367">
    <p class='ocr_par' dir='ltr' id='par_1_38' title="bbox 431 2295 2001 2367">
     <span class='ocr_line' id='line_1_38' title="bbox 431 2295 2001 2367; baseline 0 -15"><span class='ocrx_word' id='word_1_306' title='bbox 431 2313 537 2352; x_wconf 93' lang='lat' dir='ltr'><strong>non</strong></span> <span class='ocrx_word' id='word_1_307' title='bbox 581 2297 784 2367; x_wconf 78' lang='lat' dir='ltr'><strong>indiget</strong></span> <span class='ocrx_word' id='word_1_308' title='bbox 814 2316 827 2351; x_wconf 89' lang='lat'><strong>:</strong></span> <span class='ocrx_word' id='word_1_309' title='bbox 856 2297 902 2352; x_wconf 90' lang='lat' dir='ltr'><strong>si</strong></span> <span class='ocrx_word' id='word_1_310' title='bbox 947 2312 1076 2352; x_wconf 87' lang='lat' dir='ltr'><strong>vero</strong></span> <span class='ocrx_word' id='word_1_311' title='bbox 1113 2298 1240 2367; x_wconf 88' lang='lat' dir='ltr'><strong>quia</strong></span> <span class='ocrx_word' id='word_1_312' title='bbox 1276 2296 1415 2351; x_wconf 79' lang='lat' dir='ltr'><strong>dixit</strong></span> <span class='ocrx_word' id='word_1_313' title='bbox 1461 2295 1689 2352; x_wconf 79' lang='lat' dir='ltr'><strong>etI&#39;usam</strong></span> <span class='ocrx_word' id='word_1_314' title='bbox 1742 2312 1866 2353; x_wconf 89' lang='lat' dir='ltr'><strong>esse</strong></span> <span class='ocrx_word' id='word_1_315' title='bbox 1905 2297 2001 2352; x_wconf 91' lang='lat' dir='ltr'><strong>Dei</strong></span> 
     </span>
    </p>
   </div>
   <div class='ocr_carea' id='block_1_39' title="bbox 430 2388 2002 2457">
    <p class='ocr_par' dir='ltr' id='par_1_39' title="bbox 430 2388 2002 2457">
     <span class='ocr_line' id='line_1_39' title="bbox 430 2388 2002 2457; baseline -0.001 -13"><span class='ocrx_word' id='word_1_316' title='bbox 430 2390 755 2444; x_wconf 88' lang='lat' dir='ltr'><strong>charitatem</strong></span> <span class='ocrx_word' id='word_1_317' title='bbox 788 2389 840 2443; x_wconf 91' lang='lat' dir='ltr'><strong>in</strong></span> <span class='ocrx_word' id='word_1_318' title='bbox 871 2389 1126 2444; x_wconf 87' lang='lat' dir='ltr'><strong>cordibus</strong></span> <span class='ocrx_word' id='word_1_319' title='bbox 1157 2389 1366 2444; x_wconf 88' lang='lat' dir='ltr'><strong>nostris</strong></span> <span class='ocrx_word' id='word_1_320' title='bbox 1395 2389 1462 2454; x_wconf 72' lang='lat'><strong>“,</strong></span> <span class='ocrx_word' id='word_1_321' title='bbox 1489 2388 1592 2443; x_wconf 91' lang='lat' dir='ltr'><strong>ista</strong></span> <span class='ocrx_word' id='word_1_322' title='bbox 1628 2388 1806 2457; x_wconf 91' lang='lat' dir='ltr'><strong>potius</strong></span> <span class='ocrx_word' id='word_1_323' title='bbox 1839 2389 2002 2445; x_wconf 90' lang='lat' dir='ltr'><strong>intel-</strong></span> 
     </span>
    </p>
   </div>
   <div class='ocr_carea' id='block_1_40' title="bbox 430 2477 2001 2546">
    <p class='ocr_par' dir='ltr' id='par_1_40' title="bbox 430 2477 2001 2546">
     <span class='ocr_line' id='line_1_40' title="bbox 430 2477 2001 2546; baseline 0 -15"><span class='ocrx_word' id='word_1_324' title='bbox 430 2478 642 2545; x_wconf 86' lang='lat' dir='ltr'><strong>ligenda</strong></span> <span class='ocrx_word' id='word_1_325' title='bbox 691 2479 765 2533; x_wconf 86' lang='lat' dir='ltr'><strong>sit</strong></span> <span class='ocrx_word' id='word_1_326' title='bbox 809 2493 913 2546; x_wconf 90' lang='lat' dir='ltr'><strong>qua</strong></span> <span class='ocrx_word' id='word_1_327' title='bbox 951 2477 1277 2546; x_wconf 80' lang='lat' dir='ltr'><strong>diligimura</strong></span> <span class='ocrx_word' id='word_1_328' title='bbox 1311 2477 1444 2541; x_wconf 88' lang='lat' dir='ltr'><strong>Deo,</strong></span> <span class='ocrx_word' id='word_1_329' title='bbox 1489 2487 1700 2531; x_wconf 90' lang='lat' dir='ltr'><strong>certum</strong></span> <span class='ocrx_word' id='word_1_330' title='bbox 1737 2485 1822 2531; x_wconf 90' lang='lat' dir='ltr'><strong>est</strong></span> <span class='ocrx_word' id='word_1_331' title='bbox 1855 2478 2001 2546; x_wconf 90' lang='lat' dir='ltr'><strong>quod</strong></span> 
     </span>
    </p>
   </div>
   <div class='ocr_carea' id='block_1_41' title="bbox 427 2570 2002 2640">
    <p class='ocr_par' dir='ltr' id='par_1_41' title="bbox 427 2570 2002 2640">
     <span class='ocr_line' id='line_1_41' title="bbox 427 2570 2002 2640; baseline 0.001 -16"><span class='ocrx_word' id='word_1_332' title='bbox 427 2573 582 2626; x_wconf 89' lang='lat' dir='ltr'><strong>velut</strong></span> <span class='ocrx_word' id='word_1_333' title='bbox 609 2587 881 2626; x_wconf 90' lang='lat' dir='ltr'><strong>summum</strong></span> <span class='ocrx_word' id='word_1_334' title='bbox 908 2580 962 2625; x_wconf 92' lang='lat' dir='ltr'><strong>et</strong></span> <span class='ocrx_word' id='word_1_335' title='bbox 989 2573 1283 2625; x_wconf 67' lang='lat' dir='ltr'><strong>maximum</strong></span> <span class='ocrx_word' id='word_1_336' title='bbox 1321 2571 1521 2625; x_wconf 89' lang='lat' dir='ltr'><strong>donum</strong></span> <span class='ocrx_word' id='word_1_337' title='bbox 1552 2571 1727 2625; x_wconf 92' lang='lat' dir='ltr'><strong>sancti</strong></span> <span class='ocrx_word' id='word_1_338' title='bbox 1763 2570 2002 2640; x_wconf 89' lang='lat' dir='ltr'><strong>Spiritus</strong></span> 
     </span>
    </p>
   </div>
   <div class='ocr_carea' id='block_1_42' title="bbox 428 2661 2004 2733">
    <p class='ocr_par' dir='ltr' id='par_1_42' title="bbox 428 2661 2004 2733">
     <span class='ocr_line' id='line_1_42' title="bbox 428 2661 2004 2733; baseline -0.003 -15"><span class='ocrx_word' id='word_1_339' title='bbox 428 2663 751 2718; x_wconf 87' lang='lat' dir='ltr'><strong>charitatem</strong></span> <span class='ocrx_word' id='word_1_340' title='bbox 779 2673 967 2732; x_wconf 89' lang='lat' dir='ltr'><strong>ponat,</strong></span> <span class='ocrx_word' id='word_1_341' title='bbox 997 2677 1108 2732; x_wconf 91' lang='lat' dir='ltr'><strong>quo</strong></span> <span class='ocrx_word' id='word_1_342' title='bbox 1134 2661 1280 2717; x_wconf 92' lang='lat' dir='ltr'><strong>velut</strong></span> <span class='ocrx_word' id='word_1_343' title='bbox 1309 2676 1534 2716; x_wconf 90' lang='lat' dir='ltr'><strong>munere</strong></span> <span class='ocrx_word' id='word_1_344' title='bbox 1573 2661 1688 2732; x_wconf 88' lang='lat'><strong>(68)</strong></span> <span class='ocrx_word' id='word_1_345' title='bbox 1725 2661 1878 2733; x_wconf 91' lang='lat' dir='ltr'><strong>prius</strong></span> <span class='ocrx_word' id='word_1_346' title='bbox 1911 2675 2004 2716; x_wconf 85' lang='lat' dir='ltr'><strong>su-</strong></span> 
     </span>
    </p>
   </div>
   <div class='ocr_carea' id='block_1_43' title="bbox 429 2754 2002 2824">
    <p class='ocr_par' dir='ltr' id='par_1_43' title="bbox 429 2754 2002 2824">
     <span class='ocr_line' id='line_1_43' title="bbox 429 2754 2002 2824; baseline -0.003 -14"><span class='ocrx_word' id='word_1_347' title='bbox 429 2763 616 2824; x_wconf 87' lang='lat' dir='ltr'><strong>scepto</strong></span> <span class='ocrx_word' id='word_1_348' title='bbox 655 2769 688 2810; x_wconf 89' lang='lat' dir='ltr'><strong>a</strong></span> <span class='ocrx_word' id='word_1_349' title='bbox 735 2755 870 2821; x_wconf 88' lang='lat' dir='ltr'><strong>Deo,</strong></span> <span class='ocrx_word' id='word_1_350' title='bbox 912 2768 1013 2822; x_wconf 87' lang='lat' dir='ltr'><strong>per</strong></span> <span class='ocrx_word' id='word_1_351' title='bbox 1065 2754 1170 2809; x_wconf 90' lang='lat' dir='ltr'><strong>hoc</strong></span> <span class='ocrx_word' id='word_1_352' title='bbox 1227 2755 1400 2823; x_wconf 88' lang='lat' dir='ltr'><strong>ipsum</strong></span> <span class='ocrx_word' id='word_1_353' title='bbox 1455 2754 1684 2824; x_wconf 75' lang='lat' dir='ltr'><strong>diligere</strong></span> <span class='ocrx_word' id='word_1_354' title='bbox 1731 2754 2002 2822; x_wconf 86' lang='lat' dir='ltr'><strong>possimus</strong></span> 
     </span>
    </p>
   </div>
   <div class='ocr_carea' id='block_1_44' title="bbox 430 2843 2002 2916">
    <p class='ocr_par' dir='ltr' id='par_1_44' title="bbox 430 2843 2002 2916">
     <span class='ocr_line' id='line_1_44' title="bbox 430 2843 2002 2916; baseline 0.001 -19"><span class='ocrx_word' id='word_1_355' title='bbox 430 2846 598 2902; x_wconf 89' lang='lat' dir='ltr'><strong>Deum</strong></span> <span class='ocrx_word' id='word_1_356' title='bbox 619 2887 634 2912; x_wconf 89' lang='lat'><strong>,</strong></span> <span class='ocrx_word' id='word_1_357' title='bbox 666 2847 811 2916; x_wconf 80' lang='lat' dir='ltr'><strong>quod</strong></span> <span class='ocrx_word' id='word_1_358' title='bbox 862 2845 1142 2915; x_wconf 89' lang='lat' dir='ltr'><strong>diligimur</strong></span> <span class='ocrx_word' id='word_1_359' title='bbox 1181 2860 1210 2898; x_wconf 90' lang='lat' dir='ltr'><strong>a</strong></span> <span class='ocrx_word' id='word_1_360' title='bbox 1247 2844 1379 2900; x_wconf 88' lang='lat' dir='ltr'><strong>Deo.</strong></span> <span class='ocrx_word' id='word_1_361' title='bbox 1402 2844 1537 2898; x_wconf 87' lang='lat' dir='ltr'><strong>Nam</strong></span> <span class='ocrx_word' id='word_1_362' title='bbox 1571 2854 1625 2898; x_wconf 91' lang='lat' dir='ltr'><strong>et</strong></span> <span class='ocrx_word' id='word_1_363' title='bbox 1656 2844 1770 2914; x_wconf 90' lang='lat' dir='ltr'><strong>ipse</strong></span> <span class='ocrx_word' id='word_1_364' title='bbox 1798 2843 2002 2898; x_wconf 86' lang='lat' dir='ltr'><strong>Paulus</strong></span> 
     </span>
    </p>
   </div>
   <div class='ocr_carea' id='block_1_45' title="bbox 428 2935 2000 3006">
    <p class='ocr_par' dir='ltr' id='par_1_45' title="bbox 428 2935 2000 3006">
     <span class='ocr_line' id='line_1_45' title="bbox 428 2935 2000 3006; baseline -0.001 -17"><span class='ocrx_word' id='word_1_365' title='bbox 428 2936 676 2992; x_wconf 88' lang='lat' dir='ltr'><strong>nominat</strong></span> <span class='ocrx_word' id='word_1_366' title='bbox 705 2937 958 3006; x_wconf 89' lang='lat' dir='ltr'><strong>spiritum</strong></span> <span class='ocrx_word' id='word_1_367' title='bbox 986 2936 1272 2991; x_wconf 89' lang='lat' dir='ltr'><strong>charitatis</strong></span> <span class='ocrx_word' id='word_1_368' title='bbox 1300 2937 1366 2995; x_wconf 69' lang='grc' dir='ltr'><strong>ω,</strong></span> <span class='ocrx_word' id='word_1_369' title='bbox 1395 2945 1454 2989; x_wconf 86' lang='lat' dir='ltr'><strong>et</strong></span> <span class='ocrx_word' id='word_1_370' title='bbox 1483 2935 1623 2990; x_wconf 90' lang='lat' dir='ltr'><strong>Deus</strong></span> <span class='ocrx_word' id='word_1_371' title='bbox 1644 2936 1884 2990; x_wconf 89' lang='lat' dir='ltr'><strong>charitas</strong></span> <span class='ocrx_word' id='word_1_372' title='bbox 1916 2936 2000 2990; x_wconf 93' lang='lat' dir='ltr'><strong>di-</strong></span> 
     </span>
    </p>
   </div>
   <div class='ocr_carea' id='block_1_46' title="bbox 425 3027 1998 3096">
    <p class='ocr_par' dir='ltr' id='par_1_46' title="bbox 425 3027 1998 3096">
     <span class='ocr_line' id='line_1_46' title="bbox 425 3027 1998 3096; baseline 0.002 -16"><span class='ocrx_word' id='word_1_373' title='bbox 425 3029 569 3082; x_wconf 74' lang='lat' dir='ltr'><strong>citur</strong></span> <span class='ocrx_word' id='word_1_374' title='bbox 597 3028 663 3095; x_wconf 80' lang='lat'><strong>°°,</strong></span> <span class='ocrx_word' id='word_1_375' title='bbox 704 3036 762 3082; x_wconf 90' lang='lat' dir='ltr'><strong>et</strong></span> <span class='ocrx_word' id='word_1_376' title='bbox 792 3027 1047 3082; x_wconf 88' lang='lat' dir='ltr'><strong>Christus</strong></span> <span class='ocrx_word' id='word_1_377' title='bbox 1088 3027 1232 3082; x_wconf 92' lang='lat' dir='ltr'><strong>ﬁlius</strong></span> <span class='ocrx_word' id='word_1_378' title='bbox 1262 3027 1554 3081; x_wconf 89' lang='lat' dir='ltr'><strong>charitatis</strong></span> <span class='ocrx_word' id='word_1_379' title='bbox 1589 3027 1896 3096; x_wconf 87' lang='lat' dir='ltr'><strong>appellatur</strong></span> <span class='ocrx_word' id='word_1_380' title='bbox 1931 3027 1998 3083; x_wconf 82' lang='grc'><strong>⁸⁷.</strong></span> 
     </span>
    </p>
   </div>
   <div class='ocr_carea' id='block_1_47' title="bbox 425 3117 2068 3217">
    <p class='ocr_par' dir='ltr' id='par_1_47' title="bbox 425 3117 2068 3217">
     <span class='ocr_line' id='line_1_47' title="bbox 425 3117 2068 3217; baseline -0.001 -45"><span class='ocrx_word' id='word_1_381' title='bbox 425 3118 581 3185; x_wconf 86' lang='lat' dir='ltr'><strong>Quod</strong></span> <span class='ocrx_word' id='word_1_382' title='bbox 610 3119 656 3174; x_wconf 91' lang='lat' dir='ltr'><strong>si</strong></span> <span class='ocrx_word' id='word_1_383' title='bbox 676 3128 733 3174; x_wconf 86' lang='lat' dir='ltr'><strong>et</strong></span> <span class='ocrx_word' id='word_1_384' title='bbox 765 3119 990 3188; x_wconf 88' lang='lat' dir='ltr'><strong>spiritus</strong></span> <span class='ocrx_word' id='word_1_385' title='bbox 1005 3119 1314 3183; x_wconf 89' lang='lat' dir='ltr'><strong>charitatis,</strong></span> <span class='ocrx_word' id='word_1_386' title='bbox 1345 3126 1400 3171; x_wconf 94' lang='lat' dir='ltr'><strong>et</strong></span> <span class='ocrx_word' id='word_1_387' title='bbox 1432 3117 1576 3172; x_wconf 90' lang='lat' dir='ltr'><strong>ﬁlius</strong></span> <span class='ocrx_word' id='word_1_388' title='bbox 1610 3118 1916 3183; x_wconf 89' lang='lat' dir='ltr'><strong>charitatis,</strong></span> <span class='ocrx_word' id='word_1_389' title='bbox 1943 3128 2000 3171; x_wconf 90' lang='lat' dir='ltr'><strong>et</strong></span> <span class='ocrx_word' id='word_1_390' title='bbox 2026 3159 2068 3217; x_wconf 62' lang='grc' dir='ltr'>Ο</span> 
     </span>
    </p>
   </div>
   <div class='ocr_carea' id='block_1_48' title="bbox 425 3209 1997 3278">
    <p class='ocr_par' dir='ltr' id='par_1_48' title="bbox 425 3209 1997 3278">
     <span class='ocr_line' id='line_1_48' title="bbox 425 3209 1997 3278; baseline 0.001 -16"><span class='ocrx_word' id='word_1_391' title='bbox 425 3209 571 3264; x_wconf 84' lang='lat' dir='ltr'><strong>Deus</strong></span> <span class='ocrx_word' id='word_1_392' title='bbox 615 3209 860 3264; x_wconf 89' lang='lat' dir='ltr'><strong>charitas</strong></span> <span class='ocrx_word' id='word_1_393' title='bbox 888 3209 1003 3275; x_wconf 82' lang='lat'><strong>(69)</strong></span> <span class='ocrx_word' id='word_1_394' title='bbox 1047 3209 1343 3272; x_wconf 84' lang='lat' dir='ltr'><strong>invenitur,</strong></span> <span class='ocrx_word' id='word_1_395' title='bbox 1379 3218 1590 3263; x_wconf 89' lang='lat' dir='ltr'><strong>certum</strong></span> <span class='ocrx_word' id='word_1_396' title='bbox 1633 3218 1719 3264; x_wconf 90' lang='lat' dir='ltr'><strong>est</strong></span> <span class='ocrx_word' id='word_1_397' title='bbox 1751 3209 1894 3278; x_wconf 94' lang='lat' dir='ltr'><strong>quod</strong></span> <span class='ocrx_word' id='word_1_398' title='bbox 1930 3224 1997 3264; x_wconf 79' lang='lat' dir='ltr'><strong>ex</strong></span> 
     </span>
    </p>
   </div>
   <div class='ocr_carea' id='block_1_49' title="bbox 424 3299 1999 3372">
    <p class='ocr_par' dir='ltr' id='par_1_49' title="bbox 424 3299 1999 3372">
     <span class='ocr_line' id='line_1_49' title="bbox 424 3299 1999 3372; baseline 0.001 -17"><span class='ocrx_word' id='word_1_399' title='bbox 424 3316 538 3355; x_wconf 91' lang='lat' dir='ltr'><strong>uno</strong></span> <span class='ocrx_word' id='word_1_400' title='bbox 574 3301 820 3356; x_wconf 77' lang='lat' dir='ltr'><strong>Paterna:</strong></span> <span class='ocrx_word' id='word_1_401' title='bbox 859 3300 1088 3356; x_wconf 85' lang='lat' dir='ltr'><strong>Deitatis</strong></span> <span class='ocrx_word' id='word_1_402' title='bbox 1133 3299 1284 3356; x_wconf 85' lang='lat' dir='ltr'><strong>fonte</strong></span> <span class='ocrx_word' id='word_1_403' title='bbox 1319 3310 1374 3356; x_wconf 93' lang='lat' dir='ltr'><strong>et</strong></span> <span class='ocrx_word' id='word_1_404' title='bbox 1406 3300 1579 3354; x_wconf 85' lang='lat' dir='ltr'><strong>Filius</strong></span> <span class='ocrx_word' id='word_1_405' title='bbox 1613 3301 1999 3372; x_wconf 84' lang='lat' dir='ltr'><strong>intelligendus</strong></span> 
     </span>
    </p>
   </div>
   <div class='ocr_carea' id='block_1_50' title="bbox 424 3391 1998 3462">
    <p class='ocr_par' dir='ltr' id='par_1_50' title="bbox 424 3391 1998 3462">
     <span class='ocr_line' id='line_1_50' title="bbox 424 3391 1998 3462; baseline -0.002 -15"><span class='ocrx_word' id='word_1_406' title='bbox 424 3401 530 3458; x_wconf 87' lang='lat' dir='ltr'><strong>est,</strong></span> <span class='ocrx_word' id='word_1_407' title='bbox 568 3402 624 3448; x_wconf 90' lang='lat' dir='ltr'><strong>et</strong></span> <span class='ocrx_word' id='word_1_408' title='bbox 653 3393 889 3462; x_wconf 87' lang='lat' dir='ltr'><strong>Spiritus</strong></span> <span class='ocrx_word' id='word_1_409' title='bbox 923 3402 1168 3459; x_wconf 91' lang='lat' dir='ltr'><strong>sanctus,</strong></span> <span class='ocrx_word' id='word_1_410' title='bbox 1199 3405 1266 3445; x_wconf 82' lang='lat' dir='ltr'><strong>ex</strong></span> <span class='ocrx_word' id='word_1_411' title='bbox 1290 3392 1446 3461; x_wconf 88' lang='lat' dir='ltr'><strong>cujus</strong></span> <span class='ocrx_word' id='word_1_412' title='bbox 1473 3391 1808 3446; x_wconf 90' lang='lat' dir='ltr'><strong>abundantia</strong></span> <span class='ocrx_word' id='word_1_413' title='bbox 1832 3391 1998 3445; x_wconf 89' lang='lat' dir='ltr'><strong>etiam</strong></span> 
     </span>
    </p>
   </div>
   <div class='ocr_carea' id='block_1_51' title="bbox 425 3483 1997 3554">
    <p class='ocr_par' dir='ltr' id='par_1_51' title="bbox 425 3483 1997 3554">
     <span class='ocr_line' id='line_1_51' title="bbox 425 3483 1997 3554; baseline -0.002 -14"><span class='ocrx_word' id='word_1_414' title='bbox 425 3493 742 3540; x_wconf 85' lang='lat' dir='ltr'><strong>sanctorum</strong></span> <span class='ocrx_word' id='word_1_415' title='bbox 775 3485 1030 3541; x_wconf 91' lang='lat' dir='ltr'><strong>cordibus</strong></span> <span class='ocrx_word' id='word_1_416' title='bbox 1060 3484 1126 3538; x_wconf 90' lang='lat' dir='ltr'><strong>ad</strong></span> <span class='ocrx_word' id='word_1_417' title='bbox 1169 3484 1637 3554; x_wconf 83' lang='lat' dir='ltr'><strong>participationem</strong></span> <span class='ocrx_word' id='word_1_418' title='bbox 1676 3483 1997 3553; x_wconf 87' lang='lat' dir='ltr'><strong>capiendam</strong></span> 
     </span>
    </p>
   </div>
   <div class='ocr_carea' id='block_1_52' title="bbox 425 3573 1997 3645">
    <p class='ocr_par' dir='ltr' id='par_1_52' title="bbox 425 3573 1997 3645">
     <span class='ocr_line' id='line_1_52' title="bbox 425 3573 1997 3645; baseline -0.001 -15"><span class='ocrx_word' id='word_1_419' title='bbox 425 3577 624 3632; x_wconf 71' lang='lat' dir='ltr'><strong>divinae</strong></span> <span class='ocrx_word' id='word_1_420' title='bbox 666 3585 876 3632; x_wconf 84' lang='lat' dir='ltr'><strong>naturae</strong></span> <span class='ocrx_word' id='word_1_421' title='bbox 898 3615 914 3641; x_wconf 90' lang='lat'><strong>,</strong></span> <span class='ocrx_word' id='word_1_422' title='bbox 961 3577 1107 3631; x_wconf 85' lang='lat' dir='ltr'><strong>sicut</strong></span> <span class='ocrx_word' id='word_1_423' title='bbox 1148 3574 1344 3631; x_wconf 90' lang='lat' dir='ltr'><strong>Petrus</strong></span> <span class='ocrx_word' id='word_1_424' title='bbox 1375 3573 1650 3645; x_wconf 86' lang='lat' dir='ltr'><strong>apostolus</strong></span> <span class='ocrx_word' id='word_1_425' title='bbox 1679 3574 1897 3629; x_wconf 89' lang='lat' dir='ltr'><strong>edocuit</strong></span> <span class='ocrx_word' id='word_1_426' title='bbox 1927 3575 1997 3641; x_wconf 72' lang='grc'><strong>⁸⁸,</strong></span> 
     </span>
    </p>
   </div>
   <div class='ocr_carea' id='block_1_53' title="bbox 429 3667 1999 3735">
    <p class='ocr_par' dir='ltr' id='par_1_53' title="bbox 429 3667 1999 3735">
     <span class='ocr_line' id='line_1_53' title="bbox 429 3667 1999 3735; baseline -0.001 -13"><span class='ocrx_word' id='word_1_427' title='bbox 429 3669 760 3724; x_wconf 84' lang='lat' dir='ltr'><strong>abundantia</strong></span> <span class='ocrx_word' id='word_1_428' title='bbox 780 3669 1065 3724; x_wconf 89' lang='lat' dir='ltr'><strong>charitatis</strong></span> <span class='ocrx_word' id='word_1_429' title='bbox 1087 3668 1390 3723; x_wconf 88' lang='lat' dir='ltr'><strong>infunditur</strong></span> <span class='ocrx_word' id='word_1_430' title='bbox 1410 3682 1429 3723; x_wconf 68' lang='grc' dir='ltr'><strong><em>ι</em></strong></span> <span class='ocrx_word' id='word_1_431' title='bbox 1455 3676 1514 3720; x_wconf 92' lang='lat' dir='ltr'><strong>ut</strong></span> <span class='ocrx_word' id='word_1_432' title='bbox 1535 3681 1632 3735; x_wconf 91' lang='lat' dir='ltr'><strong>per</strong></span> <span class='ocrx_word' id='word_1_433' title='bbox 1656 3667 1796 3722; x_wconf 88' lang='lat' dir='ltr'><strong>istud</strong></span> <span class='ocrx_word' id='word_1_434' title='bbox 1823 3667 1999 3720; x_wconf 86' lang='lat' dir='ltr'><strong>sancti</strong></span> 
     </span>
    </p>
   </div>
   <div class='ocr_carea' id='block_1_54' title="bbox 429 3761 1998 3834">
    <p class='ocr_par' dir='ltr' id='par_1_54' title="bbox 429 3761 1998 3834">
     <span class='ocr_line' id='line_1_54' title="bbox 429 3761 1998 3834; baseline -0.003 -16"><span class='ocrx_word' id='word_1_435' title='bbox 429 3761 666 3834; x_wconf 87' lang='lat' dir='ltr'><strong>Spiritus</strong></span> <span class='ocrx_word' id='word_1_436' title='bbox 687 3764 886 3818; x_wconf 92' lang='lat' dir='ltr'><strong>donum</strong></span> <span class='ocrx_word' id='word_1_437' title='bbox 916 3766 1256 3833; x_wconf 87' lang='lat' dir='ltr'><strong>compleatur</strong></span> <span class='ocrx_word' id='word_1_438' title='bbox 1286 3761 1378 3817; x_wconf 89' lang='lat' dir='ltr'><strong>ille</strong></span> <span class='ocrx_word' id='word_1_439' title='bbox 1408 3775 1589 3816; x_wconf 89' lang='lat' dir='ltr'><strong>sermo</strong></span> <span class='ocrx_word' id='word_1_440' title='bbox 1615 3776 1776 3831; x_wconf 91' lang='lat' dir='ltr'><strong>quem</strong></span> <span class='ocrx_word' id='word_1_441' title='bbox 1813 3761 1998 3815; x_wconf 90' lang='lat' dir='ltr'><strong>Domi-</strong></span> 
     </span>
    </p>
   </div>
   <div class='ocr_carea' id='block_1_55' title="bbox 429 3853 2001 3921">
    <p class='ocr_par' dir='ltr' id='par_1_55' title="bbox 429 3853 2001 3921">
     <span class='ocr_line' id='line_1_55' title="bbox 429 3853 2001 3921; baseline -0.001 -13"><span class='ocrx_word' id='word_1_442' title='bbox 429 3871 532 3910; x_wconf 93' lang='lat' dir='ltr'><strong>nus</strong></span> <span class='ocrx_word' id='word_1_443' title='bbox 559 3854 732 3910; x_wconf 88' lang='lat' dir='ltr'><strong>dicit:</strong></span> <span class='ocrx_word' id='word_1_444' title='bbox 771 3872 793 3907; x_wconf 71' lang='grc' dir='ltr'><strong><em>ι</em></strong></span> <span class='ocrx_word' id='word_1_445' title='bbox 837 3853 992 3909; x_wconf 85' lang='lat' dir='ltr'><strong>Sicut</strong></span> <span class='ocrx_word' id='word_1_446' title='bbox 1036 3863 1092 3908; x_wconf 93' lang='lat' dir='ltr'><strong>tu</strong></span> <span class='ocrx_word' id='word_1_447' title='bbox 1121 3853 1282 3908; x_wconf 87' lang='lat' dir='ltr'><strong>Pater</strong></span> <span class='ocrx_word' id='word_1_448' title='bbox 1313 3854 1366 3908; x_wconf 94' lang='lat' dir='ltr'><strong>in</strong></span> <span class='ocrx_word' id='word_1_449' title='bbox 1393 3868 1502 3916; x_wconf 91' lang='lat' dir='ltr'><strong>me,</strong></span> <span class='ocrx_word' id='word_1_450' title='bbox 1534 3865 1589 3906; x_wconf 92' lang='lat' dir='ltr'><strong>et</strong></span> <span class='ocrx_word' id='word_1_451' title='bbox 1608 3867 1708 3921; x_wconf 88' lang='lat' dir='ltr'><strong>ego</strong></span> <span class='ocrx_word' id='word_1_452' title='bbox 1736 3854 1790 3906; x_wconf 94' lang='lat' dir='ltr'><strong>in</strong></span> <span class='ocrx_word' id='word_1_453' title='bbox 1828 3861 1902 3917; x_wconf 91' lang='lat' dir='ltr'><strong>te,</strong></span> <span class='ocrx_word' id='word_1_454' title='bbox 1942 3861 2001 3907; x_wconf 92' lang='lat' dir='ltr'><strong>et</strong></span> 
     </span>
    </p>
   </div>
   <div class='ocr_carea' id='block_1_56' title="bbox 426 3943 1999 4001">
    <p class='ocr_par' dir='ltr' id='par_1_56' title="bbox 426 3943 1999 4001">
     <span class='ocr_line' id='line_1_56' title="bbox 426 3943 1999 4001; baseline -0.003 -1"><span class='ocrx_word' id='word_1_455' title='bbox 426 3947 515 4000; x_wconf 87' lang='lat' dir='ltr'><strong>isti</strong></span> <span class='ocrx_word' id='word_1_456' title='bbox 542 3946 597 4000; x_wconf 91' lang='lat' dir='ltr'><strong>in</strong></span> <span class='ocrx_word' id='word_1_457' title='bbox 629 3947 786 4001; x_wconf 84' lang='lat' dir='ltr'><strong>nobis</strong></span> <span class='ocrx_word' id='word_1_458' title='bbox 813 3961 977 4000; x_wconf 91' lang='lat' dir='ltr'><strong>unum</strong></span> <span class='ocrx_word' id='word_1_459' title='bbox 1006 3945 1117 3999; x_wconf 91' lang='lat' dir='ltr'><strong>sint</strong></span> <span class='ocrx_word' id='word_1_460' title='bbox 1136 3945 1183 3976; x_wconf 82' lang='grc'><strong>⁶⁹</strong></span> <span class='ocrx_word' id='word_1_461' title='bbox 1213 3963 1229 3999; x_wconf 90' lang='lat'><strong>:</strong></span> <span class='ocrx_word' id='word_1_462' title='bbox 1272 3963 1292 3996; x_wconf 70' lang='grc' dir='ltr'><strong>ι</strong></span> <span class='ocrx_word' id='word_1_463' title='bbox 1329 3944 1527 3998; x_wconf 68' lang='lat' dir='ltr'><strong>divinae</strong></span> <span class='ocrx_word' id='word_1_464' title='bbox 1551 3943 1764 3998; x_wconf 89' lang='lat' dir='ltr'><strong>scilicet</strong></span> <span class='ocrx_word' id='word_1_465' title='bbox 1793 3953 1999 3997; x_wconf 62' lang='lat' dir='ltr'><strong>natura:</strong></span> 
     </span>
    </p>
   </div>
   <div class='ocr_carea' id='block_1_57' title="bbox 426 4033 1998 4108">
    <p class='ocr_par' dir='ltr' id='par_1_57' title="bbox 426 4033 1998 4108">
     <span class='ocr_line' id='line_1_57' title="bbox 426 4033 1998 4108; baseline -0.002 -16"><span class='ocrx_word' id='word_1_466' title='bbox 426 4038 720 4108; x_wconf 88' lang='lat' dir='ltr'><strong>participes</strong></span> <span class='ocrx_word' id='word_1_467' title='bbox 747 4037 958 4102; x_wconf 82' lang='lat' dir='ltr'><strong>eii‘ecti,</strong></span> <span class='ocrx_word' id='word_1_468' title='bbox 989 4037 1042 4090; x_wconf 91' lang='lat' dir='ltr'><strong>in</strong></span> <span class='ocrx_word' id='word_1_469' title='bbox 1072 4036 1403 4090; x_wconf 85' lang='lat' dir='ltr'><strong>abundantia</strong></span> <span class='ocrx_word' id='word_1_470' title='bbox 1435 4033 1720 4090; x_wconf 89' lang='lat' dir='ltr'><strong>charitatis</strong></span> <span class='ocrx_word' id='word_1_471' title='bbox 1745 4048 1842 4103; x_wconf 89' lang='lat' dir='ltr'><strong>per</strong></span> <span class='ocrx_word' id='word_1_472' title='bbox 1875 4033 1998 4104; x_wconf 91' lang='lat' dir='ltr'><strong>Spi-</strong></span> 
     </span>
    </p>
   </div>
   <div class='ocr_carea' id='block_1_58' title="bbox 430 4126 1238 4183">
    <p class='ocr_par' dir='ltr' id='par_1_58' title="bbox 430 4126 1238 4183">
     <span class='ocr_line' id='line_1_58' title="bbox 430 4126 1238 4183; baseline -0.002 0"><span class='ocrx_word' id='word_1_473' title='bbox 430 4129 594 4183; x_wconf 83' lang='lat' dir='ltr'><strong>ritum</strong></span> <span class='ocrx_word' id='word_1_474' title='bbox 617 4137 864 4182; x_wconf 91' lang='lat' dir='ltr'><strong>sanctum</strong></span> <span class='ocrx_word' id='word_1_475' title='bbox 894 4126 1238 4182; x_wconf 62' lang='lat' dir='ltr'><strong>ministrata.</strong></span> 
     </span>
    </p>
   </div>
   <div class='ocr_carea' id='block_1_59' title="bbox 499 4216 1998 4280">
    <p class='ocr_par' dir='ltr' id='par_1_59' title="bbox 499 4216 1998 4280">
     <span class='ocr_line' id='line_1_59' title="bbox 499 4216 1998 4280; baseline -0.001 -6"><span class='ocrx_word' id='word_1_476' title='bbox 499 4221 590 4274; x_wconf 85' lang='grc'><strong>10.</strong></span> <span class='ocrx_word' id='word_1_477' title='bbox 638 4239 658 4272; x_wconf 77' lang='grc' dir='ltr'>ι</span> <span class='ocrx_word' id='word_1_478' title='bbox 698 4219 890 4274; x_wconf 83' lang='lat' dir='ltr'><strong>Adhuc</strong></span> <span class='ocrx_word' id='word_1_479' title='bbox 937 4218 1086 4274; x_wconf 89' lang='lat' dir='ltr'><strong>enim</strong></span> <span class='ocrx_word' id='word_1_480' title='bbox 1129 4216 1413 4280; x_wconf 87' lang='lat' dir='ltr'><strong>Christus,</strong></span> <span class='ocrx_word' id='word_1_481' title='bbox 1451 4231 1576 4272; x_wconf 91' lang='lat' dir='ltr'><strong>cum</strong></span> <span class='ocrx_word' id='word_1_482' title='bbox 1622 4231 1864 4272; x_wconf 85' lang='lat' dir='ltr'><strong>essemus</strong></span> <span class='ocrx_word' id='word_1_483' title='bbox 1916 4217 1998 4272; x_wconf 90' lang='lat' dir='ltr'><strong>in-</strong></span> 
     </span>
    </p>
   </div>
   <div class='ocr_carea' id='block_1_60' title="bbox 428 4309 1998 4385">
    <p class='ocr_par' dir='ltr' id='par_1_60' title="bbox 428 4309 1998 4385">
     <span class='ocr_line' id='line_1_60' title="bbox 428 4309 1998 4385; baseline -0.003 -17"><span class='ocrx_word' id='word_1_484' title='bbox 428 4314 568 4368; x_wconf 90' lang='lat' dir='ltr'><strong>ﬁrmi</strong></span> <span class='ocrx_word' id='word_1_485' title='bbox 613 4312 752 4385; x_wconf 88' lang='lat'><strong>(70),</strong></span> <span class='ocrx_word' id='word_1_486' title='bbox 803 4311 1100 4367; x_wconf 89' lang='lat' dir='ltr'><strong>secundum</strong></span> <span class='ocrx_word' id='word_1_487' title='bbox 1139 4317 1355 4379; x_wconf 89' lang='lat' dir='ltr'><strong>tempus</strong></span> <span class='ocrx_word' id='word_1_488' title='bbox 1391 4323 1489 4380; x_wconf 92' lang='lat' dir='ltr'><strong>pro</strong></span> <span class='ocrx_word' id='word_1_489' title='bbox 1529 4309 1711 4376; x_wconf 88' lang='lat' dir='ltr'><strong>impiis</strong></span> <span class='ocrx_word' id='word_1_490' title='bbox 1753 4317 1998 4364; x_wconf 89' lang='lat' dir='ltr'><strong>mortuus</strong></span> 
     </span>
    </p>
   </div>
   <div class='ocr_carea' id='block_1_61' title="bbox 423 4398 1996 4473">
    <p class='ocr_par' dir='ltr' id='par_1_61' title="bbox 423 4398 1996 4473">
     <span class='ocr_line' id='line_1_61' title="bbox 423 4398 1996 4473; baseline -0.004 -12"><span class='ocrx_word' id='word_1_491' title='bbox 423 4414 526 4461; x_wconf 80' lang='lat' dir='ltr'><strong>est.</strong></span> <span class='ocrx_word' id='word_1_492' title='bbox 553 4404 654 4460; x_wconf 73' lang='lat' dir='ltr'><strong>Vix</strong></span> <span class='ocrx_word' id='word_1_493' title='bbox 674 4405 818 4459; x_wconf 90' lang='lat' dir='ltr'><strong>enim</strong></span> <span class='ocrx_word' id='word_1_494' title='bbox 840 4418 938 4473; x_wconf 91' lang='lat' dir='ltr'><strong>pro</strong></span> <span class='ocrx_word' id='word_1_495' title='bbox 961 4401 1110 4472; x_wconf 92' lang='lat' dir='ltr'><strong>justo</strong></span> <span class='ocrx_word' id='word_1_496' title='bbox 1138 4401 1262 4469; x_wconf 90' lang='lat' dir='ltr'><strong>quis</strong></span> <span class='ocrx_word' id='word_1_497' title='bbox 1285 4401 1536 4454; x_wconf 87' lang='lat' dir='ltr'><strong>moritur.</strong></span> <span class='ocrx_word' id='word_1_498' title='bbox 1570 4398 1705 4454; x_wconf 84' lang='lat' dir='ltr'><strong>Nam</strong></span> <span class='ocrx_word' id='word_1_499' title='bbox 1731 4411 1828 4468; x_wconf 90' lang='lat' dir='ltr'><strong>pro</strong></span> <span class='ocrx_word' id='word_1_500' title='bbox 1853 4401 1996 4454; x_wconf 92' lang='lat' dir='ltr'><strong>bono</strong></span> 
     </span>
    </p>
   </div>
   <div class='ocr_carea' id='block_1_62' title="bbox 2104 1931 3679 2003">
    <p class='ocr_par' dir='ltr' id='par_1_62' title="bbox 2104 1931 3679 2003">
     <span class='ocr_line' id='line_1_62' title="bbox 2104 1931 3679 2003; baseline 0.002 -18"><span class='ocrx_word' id='word_1_501' title='bbox 2104 1931 2300 1994; x_wconf 86' lang='lat' dir='ltr'><strong>bonus,</strong></span> <span class='ocrx_word' id='word_1_502' title='bbox 2355 1931 2458 1984; x_wconf 88' lang='lat' dir='ltr'><strong>nisi</strong></span> <span class='ocrx_word' id='word_1_503' title='bbox 2507 1946 2646 1986; x_wconf 90' lang='lat' dir='ltr'><strong>unus</strong></span> <span class='ocrx_word' id='word_1_504' title='bbox 2683 1933 2826 1987; x_wconf 86' lang='lat' dir='ltr'><strong>Deus</strong></span> <span class='ocrx_word' id='word_1_505' title='bbox 2865 1932 3026 1987; x_wconf 87' lang='lat' dir='ltr'><strong>Pater</strong></span> <span class='ocrx_word' id='word_1_506' title='bbox 3053 1932 3123 1994; x_wconf 77' lang='grc'><strong>⁷⁸,</strong></span> <span class='ocrx_word' id='word_1_507' title='bbox 3180 1950 3200 1982; x_wconf 84' lang='grc'>›</span> <span class='ocrx_word' id='word_1_508' title='bbox 3235 1941 3439 1986; x_wconf 89' lang='lat' dir='ltr'><strong>tantam</strong></span> <span class='ocrx_word' id='word_1_509' title='bbox 3490 1935 3679 2003; x_wconf 89' lang='lat' dir='ltr'><strong>utique</strong></span> 
     </span>
    </p>
   </div>
   <div class='ocr_carea' id='block_1_63' title="bbox 2103 2021 3677 2092">
    <p class='ocr_par' dir='ltr' id='par_1_63' title="bbox 2103 2021 3677 2092">
     <span class='ocr_line' id='line_1_63' title="bbox 2103 2021 3677 2092; baseline 0.003 -18"><span class='ocrx_word' id='word_1_510' title='bbox 2103 2035 2229 2090; x_wconf 88' lang='lat' dir='ltr'><strong>erga</strong></span> <span class='ocrx_word' id='word_1_511' title='bbox 2258 2036 2356 2076; x_wconf 92' lang='lat' dir='ltr'><strong>nos</strong></span> <span class='ocrx_word' id='word_1_512' title='bbox 2392 2021 2686 2076; x_wconf 85' lang='lat' dir='ltr'><strong>bonitatem</strong></span> <span class='ocrx_word' id='word_1_513' title='bbox 2731 2039 2838 2076; x_wconf 93' lang='lat' dir='ltr'><strong>non</strong></span> <span class='ocrx_word' id='word_1_514' title='bbox 2880 2023 3146 2092; x_wconf 89' lang='lat' dir='ltr'><strong>potuisset</strong></span> <span class='ocrx_word' id='word_1_515' title='bbox 3179 2023 3486 2077; x_wconf 87' lang='lat' dir='ltr'><strong>ostendere.</strong></span> <span class='ocrx_word' id='word_1_516' title='bbox 3521 2024 3677 2079; x_wconf 86' lang='lat' dir='ltr'><strong>Unde</strong></span> 
     </span>
    </p>
   </div>
   <div class='ocr_carea' id='block_1_64' title="bbox 2103 2113 3675 2184">
    <p class='ocr_par' dir='ltr' id='par_1_64' title="bbox 2103 2113 3675 2184">
     <span class='ocr_line' id='line_1_64' title="bbox 2103 2113 3675 2184; baseline 0.004 -21"><span class='ocrx_word' id='word_1_517' title='bbox 2103 2113 2230 2181; x_wconf 89' lang='lat' dir='ltr'><strong>quia</strong></span> <span class='ocrx_word' id='word_1_518' title='bbox 2259 2127 2326 2167; x_wconf 80' lang='lat' dir='ltr'><strong>ex</strong></span> <span class='ocrx_word' id='word_1_519' title='bbox 2373 2113 2482 2167; x_wconf 92' lang='lat' dir='ltr'><strong>hoc</strong></span> <span class='ocrx_word' id='word_1_520' title='bbox 2521 2123 2685 2167; x_wconf 74' lang='lat' dir='ltr'><strong>tanta:</strong></span> <span class='ocrx_word' id='word_1_521' title='bbox 2729 2113 2990 2168; x_wconf 87' lang='lat' dir='ltr'><strong>bonitatis</strong></span> <span class='ocrx_word' id='word_1_522' title='bbox 3035 2114 3240 2168; x_wconf 89' lang='lat' dir='ltr'><strong>iudicio</strong></span> <span class='ocrx_word' id='word_1_523' title='bbox 3276 2115 3390 2184; x_wconf 87' lang='lat' dir='ltr'><strong>ipse</strong></span> <span class='ocrx_word' id='word_1_524' title='bbox 3419 2129 3540 2170; x_wconf 89' lang='lat' dir='ltr'><strong>esse</strong></span> <span class='ocrx_word' id='word_1_525' title='bbox 3580 2116 3675 2170; x_wconf 85' lang='lat' dir='ltr'><strong>hic</strong></span> 
     </span>
    </p>
   </div>
   <div class='ocr_carea' id='block_1_65' title="bbox 2104 2205 3675 2277">
    <p class='ocr_par' dir='ltr' id='par_1_65' title="bbox 2104 2205 3675 2277">
     <span class='ocr_line' id='line_1_65' title="bbox 2104 2205 3675 2277; baseline 0.002 -19"><span class='ocrx_word' id='word_1_526' title='bbox 2104 2205 2417 2274; x_wconf 86' lang='lat' dir='ltr'><strong>agnoscitur</strong></span> <span class='ocrx_word' id='word_1_527' title='bbox 2462 2207 2664 2270; x_wconf 88' lang='lat' dir='ltr'><strong>bonus,</strong></span> <span class='ocrx_word' id='word_1_528' title='bbox 2704 2220 2803 2274; x_wconf 90' lang='lat' dir='ltr'><strong>pro</strong></span> <span class='ocrx_word' id='word_1_529' title='bbox 2847 2207 2950 2261; x_wconf 90' lang='lat' dir='ltr'><strong>hoc</strong></span> <span class='ocrx_word' id='word_1_530' title='bbox 2997 2207 3140 2261; x_wconf 91' lang='lat' dir='ltr'><strong>bono</strong></span> <span class='ocrx_word' id='word_1_531' title='bbox 3182 2205 3409 2262; x_wconf 81' lang='lat' dir='ltr'><strong>forsitan</strong></span> <span class='ocrx_word' id='word_1_532' title='bbox 3457 2208 3581 2277; x_wconf 89' lang='lat' dir='ltr'><strong>quis</strong></span> <span class='ocrx_word' id='word_1_533' title='bbox 3616 2219 3675 2263; x_wconf 90' lang='lat' dir='ltr'><strong>et</strong></span> 
     </span>
    </p>
   </div>
   <div class='ocr_carea' id='block_1_66' title="bbox 2104 2295 3677 2368">
    <p class='ocr_par' dir='ltr' id='par_1_66' title="bbox 2104 2295 3677 2368">
     <span class='ocr_line' id='line_1_66' title="bbox 2104 2295 3677 2368; baseline 0.003 -19"><span class='ocrx_word' id='word_1_534' title='bbox 2104 2296 2304 2350; x_wconf 88' lang='lat' dir='ltr'><strong>audeat</strong></span> <span class='ocrx_word' id='word_1_535' title='bbox 2349 2296 2506 2350; x_wconf 91' lang='lat' dir='ltr'><strong>mori.</strong></span> <span class='ocrx_word' id='word_1_536' title='bbox 2557 2295 2692 2351; x_wconf 91' lang='lat' dir='ltr'><strong>Cum</strong></span> <span class='ocrx_word' id='word_1_537' title='bbox 2737 2296 2882 2352; x_wconf 90' lang='lat' dir='ltr'><strong>enim</strong></span> <span class='ocrx_word' id='word_1_538' title='bbox 2932 2298 3250 2366; x_wconf 80' lang='lat' dir='ltr'><strong>cognoverit</strong></span> <span class='ocrx_word' id='word_1_539' title='bbox 3305 2300 3677 2368; x_wconf 84' lang='lat' dir='ltr'><strong>unusquisque</strong></span> 
     </span>
    </p>
   </div>
   <div class='ocr_carea' id='block_1_67' title="bbox 2106 2389 3676 2461">
    <p class='ocr_par' dir='ltr' id='par_1_67' title="bbox 2106 2389 3676 2461">
     <span class='ocr_line' id='line_1_67' title="bbox 2106 2389 3676 2461; baseline 0.001 -20"><span class='ocrx_word' id='word_1_540' title='bbox 2106 2396 2308 2442; x_wconf 85' lang='lat' dir='ltr'><strong>tantam</strong></span> <span class='ocrx_word' id='word_1_541' title='bbox 2337 2403 2464 2459; x_wconf 75' lang='lat' dir='ltr'><strong>erga</strong></span> <span class='ocrx_word' id='word_1_542' title='bbox 2516 2403 2576 2444; x_wconf 90' lang='lat' dir='ltr'><strong>se</strong></span> <span class='ocrx_word' id='word_1_543' title='bbox 2620 2389 2914 2443; x_wconf 89' lang='lat' dir='ltr'><strong>bonitatem</strong></span> <span class='ocrx_word' id='word_1_544' title='bbox 2966 2389 3196 2456; x_wconf 87' lang='lat' dir='ltr'><strong>Christi,</strong></span> <span class='ocrx_word' id='word_1_545' title='bbox 3240 2391 3676 2461; x_wconf 80' lang='lat' dir='ltr'><strong>cbaritatemque</strong></span> 
     </span>
    </p>
   </div>
   <div class='ocr_carea' id='block_1_68' title="bbox 2103 2479 3674 2548">
    <p class='ocr_par' dir='ltr' id='par_1_68' title="bbox 2103 2479 3674 2548">
     <span class='ocr_line' id='line_1_68' title="bbox 2103 2479 3674 2548; baseline 0.001 -16"><span class='ocrx_word' id='word_1_546' title='bbox 2103 2479 2223 2548; x_wconf 89' lang='lat' dir='ltr'><strong>ejus</strong></span> <span class='ocrx_word' id='word_1_547' title='bbox 2259 2480 2511 2534; x_wconf 88' lang='lat' dir='ltr'><strong>habuerit</strong></span> <span class='ocrx_word' id='word_1_548' title='bbox 2553 2481 2607 2534; x_wconf 92' lang='lat' dir='ltr'><strong>in</strong></span> <span class='ocrx_word' id='word_1_549' title='bbox 2653 2481 2818 2536; x_wconf 91' lang='lat' dir='ltr'><strong>corde</strong></span> <span class='ocrx_word' id='word_1_550' title='bbox 2860 2480 3143 2546; x_wconf 66' lang='lat' dir='ltr'><strong>diffusam,</strong></span> <span class='ocrx_word' id='word_1_551' title='bbox 3181 2497 3286 2537; x_wconf 91' lang='lat' dir='ltr'><strong>non</strong></span> <span class='ocrx_word' id='word_1_552' title='bbox 3329 2482 3503 2536; x_wconf 91' lang='lat' dir='ltr'><strong>solum</strong></span> <span class='ocrx_word' id='word_1_553' title='bbox 3533 2481 3674 2535; x_wconf 88' lang='lat' dir='ltr'><strong>mori</strong></span> 
     </span>
    </p>
   </div>
   <div class='ocr_carea' id='block_1_69' title="bbox 2105 2570 3674 2638">
    <p class='ocr_par' dir='ltr' id='par_1_69' title="bbox 2105 2570 3674 2638">
     <span class='ocr_line' id='line_1_69' title="bbox 2105 2570 3674 2638; baseline 0.002 -15"><span class='ocrx_word' id='word_1_554' title='bbox 2105 2585 2204 2638; x_wconf 86' lang='lat' dir='ltr'><strong>pro</strong></span> <span class='ocrx_word' id='word_1_555' title='bbox 2247 2570 2350 2625; x_wconf 89' lang='lat' dir='ltr'><strong>hoc</strong></span> <span class='ocrx_word' id='word_1_556' title='bbox 2383 2570 2557 2635; x_wconf 91' lang='lat' dir='ltr'><strong>bono,</strong></span> <span class='ocrx_word' id='word_1_557' title='bbox 2610 2571 2704 2625; x_wconf 92' lang='lat' dir='ltr'><strong>sed</strong></span> <span class='ocrx_word' id='word_1_558' title='bbox 2743 2581 2800 2624; x_wconf 90' lang='lat' dir='ltr'><strong>et</strong></span> <span class='ocrx_word' id='word_1_559' title='bbox 2830 2571 3090 2626; x_wconf 88' lang='lat' dir='ltr'><strong>audacter</strong></span> <span class='ocrx_word' id='word_1_560' title='bbox 3131 2573 3268 2627; x_wconf 88' lang='lat' dir='ltr'><strong>mori</strong></span> <span class='ocrx_word' id='word_1_561' title='bbox 3313 2573 3674 2628; x_wconf 86' lang='lat' dir='ltr'><strong>desiderabit.</strong></span> 
     </span>
    </p>
   </div>
   <div class='ocr_carea' id='block_1_70' title="bbox 2105 2660 3676 2732">
    <p class='ocr_par' dir='ltr' id='par_1_70' title="bbox 2105 2660 3676 2732">
     <span class='ocr_line' id='line_1_70' title="bbox 2105 2660 3676 2732; baseline 0.002 -18"><span class='ocrx_word' id='word_1_562' title='bbox 2105 2660 2259 2726; x_wconf 84' lang='lat' dir='ltr'><strong>Quod</strong></span> <span class='ocrx_word' id='word_1_563' title='bbox 2291 2660 2450 2715; x_wconf 90' lang='lat' dir='ltr'><strong>rebus</strong></span> <span class='ocrx_word' id='word_1_564' title='bbox 2471 2661 2601 2730; x_wconf 86' lang='lat' dir='ltr'><strong>ipsis</strong></span> <span class='ocrx_word' id='word_1_565' title='bbox 2623 2670 2677 2716; x_wconf 91' lang='lat' dir='ltr'><strong>et</strong></span> <span class='ocrx_word' id='word_1_566' title='bbox 2711 2661 2967 2731; x_wconf 90' lang='lat' dir='ltr'><strong>operibus</strong></span> <span class='ocrx_word' id='word_1_567' title='bbox 2993 2678 3135 2732; x_wconf 66' lang='lat' dir='ltr'><strong>saepe</strong></span> <span class='ocrx_word' id='word_1_568' title='bbox 3164 2663 3412 2717; x_wconf 84' lang='lat' dir='ltr'><strong>videmus</strong></span> <span class='ocrx_word' id='word_1_569' title='bbox 3432 2662 3676 2731; x_wconf 87' lang='lat' dir='ltr'><strong>impleri,</strong></span> 
     </span>
    </p>
   </div>
   <div class='ocr_carea' id='block_1_71' title="bbox 2104 2752 3676 2822">
    <p class='ocr_par' dir='ltr' id='par_1_71' title="bbox 2104 2752 3676 2822">
     <span class='ocr_line' id='line_1_71' title="bbox 2104 2752 3676 2822; baseline 0.002 -16"><span class='ocrx_word' id='word_1_570' title='bbox 2104 2766 2230 2806; x_wconf 87' lang='lat' dir='ltr'><strong>cum</strong></span> <span class='ocrx_word' id='word_1_571' title='bbox 2259 2752 2311 2806; x_wconf 93' lang='lat' dir='ltr'><strong>hi</strong></span> <span class='ocrx_word' id='word_1_572' title='bbox 2347 2753 2400 2806; x_wconf 94' lang='lat' dir='ltr'><strong>in</strong></span> <span class='ocrx_word' id='word_1_573' title='bbox 2439 2768 2665 2822; x_wconf 89' lang='lat' dir='ltr'><strong>quorum</strong></span> <span class='ocrx_word' id='word_1_574' title='bbox 2693 2755 2951 2809; x_wconf 89' lang='lat' dir='ltr'><strong>cordibus</strong></span> <span class='ocrx_word' id='word_1_575' title='bbox 2979 2755 3328 2810; x_wconf 79' lang='lat' dir='ltr'><strong>abundanter</strong></span> <span class='ocrx_word' id='word_1_576' title='bbox 3361 2754 3558 2810; x_wconf 79' lang='lat' dir='ltr'><strong>diffusa</strong></span> <span class='ocrx_word' id='word_1_577' title='bbox 3587 2767 3676 2811; x_wconf 89' lang='lat' dir='ltr'><strong>est</strong></span> 
     </span>
    </p>
   </div>
   <div class='ocr_carea' id='block_1_72' title="bbox 2103 2841 3669 2912">
    <p class='ocr_par' dir='ltr' id='par_1_72' title="bbox 2103 2841 3669 2912">
     <span class='ocr_line' id='line_1_72' title="bbox 2103 2841 3669 2912; baseline 0 -16"><span class='ocrx_word' id='word_1_578' title='bbox 2103 2841 2342 2898; x_wconf 88' lang='lat' dir='ltr'><strong>charitas</strong></span> <span class='ocrx_word' id='word_1_579' title='bbox 2368 2843 2594 2909; x_wconf 91' lang='lat' dir='ltr'><strong>Christi,</strong></span> <span class='ocrx_word' id='word_1_580' title='bbox 2621 2851 2814 2912; x_wconf 88' lang='lat' dir='ltr'><strong>sponte</strong></span> <span class='ocrx_word' id='word_1_581' title='bbox 2846 2843 3010 2898; x_wconf 88' lang='lat' dir='ltr'><strong>etiam</strong></span> <span class='ocrx_word' id='word_1_582' title='bbox 3034 2854 3088 2897; x_wconf 90' lang='lat' dir='ltr'><strong>et</strong></span> <span class='ocrx_word' id='word_1_583' title='bbox 3113 2858 3236 2897; x_wconf 90' lang='lat' dir='ltr'><strong>cum</strong></span> <span class='ocrx_word' id='word_1_584' title='bbox 3261 2843 3412 2896; x_wconf 89' lang='lat' dir='ltr'><strong>omni</strong></span> <span class='ocrx_word' id='word_1_585' title='bbox 3443 2844 3669 2897; x_wconf 79' lang='lat' dir='ltr'><strong>audacia</strong></span> 
     </span>
    </p>
   </div>
   <div class='ocr_carea' id='block_1_73' title="bbox 2103 2933 3674 3003">
    <p class='ocr_par' dir='ltr' id='par_1_73' title="bbox 2103 2933 3674 3003">
     <span class='ocr_line' id='line_1_73' title="bbox 2103 2933 3674 3003; baseline 0 -16"><span class='ocrx_word' id='word_1_586' title='bbox 2103 2934 2426 3003; x_wconf 90' lang='lat' dir='ltr'><strong>semetipsos</strong></span> <span class='ocrx_word' id='word_1_587' title='bbox 2455 2936 2900 3002; x_wconf 85' lang='lat' dir='ltr'><strong>persecutoribus</strong></span> <span class='ocrx_word' id='word_1_588' title='bbox 2920 2933 3179 3002; x_wconf 87' lang='lat' dir='ltr'><strong>oii&#39;erunt,</strong></span> <span class='ocrx_word' id='word_1_589' title='bbox 3203 2943 3258 2989; x_wconf 91' lang='lat' dir='ltr'><strong>et</strong></span> <span class='ocrx_word' id='word_1_590' title='bbox 3281 2950 3476 2990; x_wconf 79' lang='lat' dir='ltr'><strong>nomen</strong></span> <span class='ocrx_word' id='word_1_591' title='bbox 3510 2934 3674 2990; x_wconf 76' lang='lat' dir='ltr'><strong>Chri-</strong></span> 
     </span>
    </p>
   </div>
   <div class='ocr_carea' id='block_1_74' title="bbox 2104 3025 3677 3096">
    <p class='ocr_par' dir='ltr' id='par_1_74' title="bbox 2104 3025 3677 3096">
     <span class='ocr_line' id='line_1_74' title="bbox 2104 3025 3677 3096; baseline 0.003 -18"><span class='ocrx_word' id='word_1_592' title='bbox 2104 3025 2197 3086; x_wconf 82' lang='lat' dir='ltr'><strong>sti.</strong></span> <span class='ocrx_word' id='word_1_593' title='bbox 2232 3025 2486 3080; x_wconf 87' lang='lat' dir='ltr'><strong>audiente</strong></span> <span class='ocrx_word' id='word_1_594' title='bbox 2519 3029 2754 3092; x_wconf 90' lang='lat' dir='ltr'><strong>mundo,</strong></span> <span class='ocrx_word' id='word_1_595' title='bbox 2799 3041 2985 3081; x_wconf 90' lang='lat' dir='ltr'><strong>coram</strong></span> <span class='ocrx_word' id='word_1_596' title='bbox 3029 3026 3236 3096; x_wconf 83' lang='lat' dir='ltr'><strong>angelis</strong></span> <span class='ocrx_word' id='word_1_597' title='bbox 3263 3034 3319 3080; x_wconf 91' lang='lat' dir='ltr'><strong>et</strong></span> <span class='ocrx_word' id='word_1_598' title='bbox 3358 3026 3677 3082; x_wconf 83' lang='lat' dir='ltr'><strong>hominibus</strong></span> 
     </span>
    </p>
   </div>
   <div class='ocr_carea' id='block_1_75' title="bbox 2102 3116 3673 3188">
    <p class='ocr_par' dir='ltr' id='par_1_75' title="bbox 2102 3116 3673 3188">
     <span class='ocr_line' id='line_1_75' title="bbox 2102 3116 3673 3188; baseline -0.001 -17"><span class='ocrx_word' id='word_1_599' title='bbox 2102 3116 2459 3182; x_wconf 88' lang='lat' dir='ltr'><strong>conﬁtentur,</strong></span> <span class='ocrx_word' id='word_1_600' title='bbox 2511 3126 2571 3171; x_wconf 93' lang='lat' dir='ltr'><strong>ut</strong></span> <span class='ocrx_word' id='word_1_601' title='bbox 2611 3133 2720 3173; x_wconf 89' lang='lat' dir='ltr'><strong>non</strong></span> <span class='ocrx_word' id='word_1_602' title='bbox 2768 3117 2944 3174; x_wconf 85' lang='lat' dir='ltr'><strong>solum</strong></span> <span class='ocrx_word' id='word_1_603' title='bbox 2975 3117 3088 3188; x_wconf 69' lang='lat'><strong>(72)</strong></span> <span class='ocrx_word' id='word_1_604' title='bbox 3116 3116 3384 3185; x_wconf 65' lang='lat' dir='ltr'><strong>,injuriam</strong></span> <span class='ocrx_word' id='word_1_605' title='bbox 3420 3116 3530 3186; x_wconf 80' lang='lat' dir='ltr'><strong>pati</strong></span> <span class='ocrx_word' id='word_1_606' title='bbox 3573 3132 3673 3186; x_wconf 92' lang='lat' dir='ltr'><strong>pro</strong></span> 
     </span>
    </p>
   </div>
   <div class='ocr_carea' id='block_1_76' title="bbox 2105 3205 3672 3276">
    <p class='ocr_par' dir='ltr' id='par_1_76' title="bbox 2105 3205 3672 3276">
     <span class='ocr_line' id='line_1_76' title="bbox 2105 3205 3672 3276; baseline 0.001 -19"><span class='ocrx_word' id='word_1_607' title='bbox 2105 3205 2323 3261; x_wconf 89' lang='lat' dir='ltr'><strong>nomine</strong></span> <span class='ocrx_word' id='word_1_608' title='bbox 2361 3205 2500 3274; x_wconf 86' lang='lat' dir='ltr'><strong>ejus,</strong></span> <span class='ocrx_word' id='word_1_609' title='bbox 2537 3207 2633 3262; x_wconf 88' lang='lat' dir='ltr'><strong>sed</strong></span> <span class='ocrx_word' id='word_1_610' title='bbox 2679 3217 2735 3261; x_wconf 91' lang='lat' dir='ltr'><strong>et</strong></span> <span class='ocrx_word' id='word_1_611' title='bbox 2777 3217 3005 3261; x_wconf 90' lang='lat' dir='ltr'><strong>mortem</strong></span> <span class='ocrx_word' id='word_1_612' title='bbox 3042 3223 3141 3276; x_wconf 92' lang='lat' dir='ltr'><strong>pro</strong></span> <span class='ocrx_word' id='word_1_613' title='bbox 3171 3207 3274 3261; x_wconf 87' lang='lat' dir='ltr'><strong>hoc</strong></span> <span class='ocrx_word' id='word_1_614' title='bbox 3299 3207 3445 3261; x_wconf 91' lang='lat' dir='ltr'><strong>bono</strong></span> <span class='ocrx_word' id='word_1_615' title='bbox 3483 3206 3672 3260; x_wconf 89' lang='lat' dir='ltr'><strong>subire</strong></span> 
     </span>
    </p>
   </div>
   <div class='ocr_carea' id='block_1_77' title="bbox 2101 3297 3675 3372">
    <p class='ocr_par' dir='ltr' id='par_1_77' title="bbox 2101 3297 3675 3372">
     <span class='ocr_line' id='line_1_77' title="bbox 2101 3297 3675 3372; baseline 0.001 -22"><span class='ocrx_word' id='word_1_616' title='bbox 2101 3299 2364 3361; x_wconf 84' lang='lat' dir='ltr'><strong>audeant,</strong></span> <span class='ocrx_word' id='word_1_617' title='bbox 2407 3313 2572 3368; x_wconf 88' lang='lat' dir='ltr'><strong>quam</strong></span> <span class='ocrx_word' id='word_1_618' title='bbox 2611 3299 2700 3353; x_wconf 79' lang='lat' dir='ltr'><strong>vix</strong></span> <span class='ocrx_word' id='word_1_619' title='bbox 2729 3297 2842 3372; x_wconf 74' lang='lat'><strong>(73)</strong></span> <span class='ocrx_word' id='word_1_620' title='bbox 2875 3314 2977 3368; x_wconf 90' lang='lat' dir='ltr'><strong>pro</strong></span> <span class='ocrx_word' id='word_1_621' title='bbox 2996 3297 3143 3365; x_wconf 87' lang='lat' dir='ltr'><strong>justo</strong></span> <span class='ocrx_word' id='word_1_622' title='bbox 3171 3298 3298 3367; x_wconf 92' lang='lat' dir='ltr'><strong>quis</strong></span> <span class='ocrx_word' id='word_1_623' title='bbox 3322 3298 3544 3365; x_wconf 81' lang='lat' dir='ltr'><strong>perfert.</strong></span> <span class='ocrx_word' id='word_1_624' title='bbox 3576 3297 3675 3351; x_wconf 86' lang='lat' dir='ltr'><strong>Est</strong></span> 
     </span>
    </p>
   </div>
   <div class='ocr_carea' id='block_1_78' title="bbox 2101 3387 3674 3458">
    <p class='ocr_par' dir='ltr' id='par_1_78' title="bbox 2101 3387 3674 3458">
     <span class='ocr_line' id='line_1_78' title="bbox 2101 3387 3674 3458; baseline -0.001 -14"><span class='ocrx_word' id='word_1_625' title='bbox 2101 3391 2245 3444; x_wconf 89' lang='lat' dir='ltr'><strong>enim</strong></span> <span class='ocrx_word' id='word_1_626' title='bbox 2282 3404 2436 3445; x_wconf 83' lang='lat' dir='ltr'><strong>amor</strong></span> <span class='ocrx_word' id='word_1_627' title='bbox 2475 3391 2598 3444; x_wconf 65' lang='lat' dir='ltr'><strong>vitae</strong></span> <span class='ocrx_word' id='word_1_628' title='bbox 2635 3389 2797 3458; x_wconf 88' lang='lat' dir='ltr'><strong>hujus</strong></span> <span class='ocrx_word' id='word_1_629' title='bbox 2838 3399 3041 3454; x_wconf 85' lang='lat' dir='ltr'><strong>tantus,</strong></span> <span class='ocrx_word' id='word_1_630' title='bbox 3075 3398 3134 3442; x_wconf 93' lang='lat' dir='ltr'><strong>ut</strong></span> <span class='ocrx_word' id='word_1_631' title='bbox 3174 3390 3338 3443; x_wconf 87' lang='lat' dir='ltr'><strong>etiam</strong></span> <span class='ocrx_word' id='word_1_632' title='bbox 3379 3404 3500 3443; x_wconf 91' lang='lat' dir='ltr'><strong>cum</strong></span> <span class='ocrx_word' id='word_1_633' title='bbox 3527 3387 3674 3457; x_wconf 82' lang='lat' dir='ltr'><strong>iusta</strong></span> 
     </span>
    </p>
   </div>
   <div class='ocr_carea' id='block_1_79' title="bbox 2099 3480 3675 3548">
    <p class='ocr_par' dir='ltr' id='par_1_79' title="bbox 2099 3480 3675 3548">
     <span class='ocr_line' id='line_1_79' title="bbox 2099 3480 3675 3548; baseline -0.001 -14"><span class='ocrx_word' id='word_1_634' title='bbox 2099 3494 2263 3535; x_wconf 89' lang='lat' dir='ltr'><strong>causa</strong></span> <span class='ocrx_word' id='word_1_635' title='bbox 2291 3480 2484 3534; x_wconf 89' lang='lat' dir='ltr'><strong>mortis</strong></span> <span class='ocrx_word' id='word_1_636' title='bbox 2500 3481 2802 3544; x_wconf 86' lang='lat' dir='ltr'><strong>advenerit,</strong></span> <span class='ocrx_word' id='word_1_637' title='bbox 2823 3483 2911 3534; x_wconf 76' lang='lat' dir='ltr'><strong>vix</strong></span> <span class='ocrx_word' id='word_1_638' title='bbox 2937 3480 3307 3548; x_wconf 86' lang='lat' dir='ltr'><strong>unusquisque</strong></span> <span class='ocrx_word' id='word_1_639' title='bbox 3325 3487 3553 3533; x_wconf 88' lang='lat' dir='ltr'><strong>mortem</strong></span> <span class='ocrx_word' id='word_1_640' title='bbox 3573 3496 3675 3547; x_wconf 85' lang='lat' dir='ltr'><strong>pa-</strong></span> 
     </span>
    </p>
   </div>
   <div class='ocr_carea' id='block_1_80' title="bbox 2101 3569 3671 3641">
    <p class='ocr_par' dir='ltr' id='par_1_80' title="bbox 2101 3569 3671 3641">
     <span class='ocr_line' id='line_1_80' title="bbox 2101 3569 3671 3641; baseline -0.001 -17"><span class='ocrx_word' id='word_1_641' title='bbox 2101 3572 2302 3626; x_wconf 89' lang='lat' dir='ltr'><strong>tienter</strong></span> <span class='ocrx_word' id='word_1_642' title='bbox 2321 3571 2577 3641; x_wconf 87' lang='lat' dir='ltr'><strong>accipiat.</strong></span> <span class='ocrx_word' id='word_1_643' title='bbox 2599 3569 2753 3625; x_wconf 69' lang='lat' dir='ltr'><strong>Iusta</strong></span> <span class='ocrx_word' id='word_1_644' title='bbox 2783 3579 2965 3626; x_wconf 89' lang='lat' dir='ltr'><strong>autem</strong></span> <span class='ocrx_word' id='word_1_645' title='bbox 3000 3585 3162 3624; x_wconf 85' lang='lat' dir='ltr'><strong>causa</strong></span> <span class='ocrx_word' id='word_1_646' title='bbox 3207 3569 3401 3624; x_wconf 90' lang='lat' dir='ltr'><strong>mortis</strong></span> <span class='ocrx_word' id='word_1_647' title='bbox 3430 3570 3671 3635; x_wconf 89' lang='lat' dir='ltr'><strong>videtur,</strong></span> 
     </span>
    </p>
   </div>
   <div class='ocr_carea' id='block_1_81' title="bbox 2100 3659 3675 3732">
    <p class='ocr_par' dir='ltr' id='par_1_81' title="bbox 2100 3659 3675 3732">
     <span class='ocr_line' id='line_1_81' title="bbox 2100 3659 3675 3732; baseline 0 -15"><span class='ocrx_word' id='word_1_648' title='bbox 2100 3676 2224 3717; x_wconf 92' lang='lat' dir='ltr'><strong>cum</strong></span> <span class='ocrx_word' id='word_1_649' title='bbox 2266 3671 2474 3716; x_wconf 63' lang='lat' dir='ltr'><strong>naturae</strong></span> <span class='ocrx_word' id='word_1_650' title='bbox 2510 3661 2625 3732; x_wconf 87' lang='lat' dir='ltr'><strong>lege</strong></span> <span class='ocrx_word' id='word_1_651' title='bbox 2654 3661 2903 3716; x_wconf 89' lang='lat' dir='ltr'><strong>defertur</strong></span> <span class='ocrx_word' id='word_1_652' title='bbox 2937 3679 2951 3716; x_wconf 93' lang='lat'><strong>:</strong></span> <span class='ocrx_word' id='word_1_653' title='bbox 2987 3670 3042 3715; x_wconf 88' lang='lat' dir='ltr'><strong>et</strong></span> <span class='ocrx_word' id='word_1_654' title='bbox 3076 3659 3326 3728; x_wconf 86' lang='lat' dir='ltr'><strong>quamvis</strong></span> <span class='ocrx_word' id='word_1_655' title='bbox 3357 3659 3562 3729; x_wconf 92' lang='lat' dir='ltr'><strong>justum</strong></span> <span class='ocrx_word' id='word_1_656' title='bbox 3596 3661 3675 3718; x_wconf 77' lang='lat' dir='ltr'><strong>sit</strong></span> 
     </span>
    </p>
   </div>
   <div class='ocr_carea' id='block_1_82' title="bbox 2098 3752 3668 3820">
    <p class='ocr_par' dir='ltr' id='par_1_82' title="bbox 2098 3752 3668 3820">
     <span class='ocr_line' id='line_1_82' title="bbox 2098 3752 3668 3820; baseline -0.002 -11"><span class='ocrx_word' id='word_1_657' title='bbox 2098 3754 2408 3809; x_wconf 91' lang='lat' dir='ltr'><strong>conditione</strong></span> <span class='ocrx_word' id='word_1_658' title='bbox 2430 3753 2799 3819; x_wconf 87' lang='lat' dir='ltr'><strong>mortalitatis,</strong></span> <span class='ocrx_word' id='word_1_659' title='bbox 2830 3755 2922 3807; x_wconf 82' lang='lat' dir='ltr'><strong>vix</strong></span> <span class='ocrx_word' id='word_1_660' title='bbox 2950 3761 3131 3806; x_wconf 89' lang='lat' dir='ltr'><strong>tamen</strong></span> <span class='ocrx_word' id='word_1_661' title='bbox 3164 3752 3509 3820; x_wconf 85' lang='lat' dir='ltr'><strong>amplectitur</strong></span> <span class='ocrx_word' id='word_1_662' title='bbox 3542 3754 3668 3806; x_wconf 90' lang='lat' dir='ltr'><strong>ani-</strong></span> 
     </span>
    </p>
   </div>
   <div class='ocr_carea' id='block_1_83' title="bbox 2100 3841 3674 3915">
    <p class='ocr_par' dir='ltr' id='par_1_83' title="bbox 2100 3841 3674 3915">
     <span class='ocr_line' id='line_1_83' title="bbox 2100 3841 3674 3915; baseline -0.003 -15"><span class='ocrx_word' id='word_1_663' title='bbox 2100 3861 2220 3900; x_wconf 77' lang='lat' dir='ltr'><strong>ntus</strong></span> <span class='ocrx_word' id='word_1_664' title='bbox 2242 3845 2356 3915; x_wconf 72' lang='grc'><strong>(74)</strong></span> <span class='ocrx_word' id='word_1_665' title='bbox 2384 3855 2592 3899; x_wconf 66' lang='lat' dir='ltr'><strong>naturae</strong></span> <span class='ocrx_word' id='word_1_666' title='bbox 2620 3844 2825 3913; x_wconf 87' lang='lat' dir='ltr'><strong>legibus</strong></span> <span class='ocrx_word' id='word_1_667' title='bbox 2854 3846 3066 3898; x_wconf 89' lang='lat' dir='ltr'><strong>cedere.</strong></span> <span class='ocrx_word' id='word_1_668' title='bbox 3105 3859 3125 3894; x_wconf 74' lang='grc' dir='ltr'>ι</span> <span class='ocrx_word' id='word_1_669' title='bbox 3163 3842 3270 3896; x_wconf 81' lang='lat' dir='ltr'><strong>Vix</strong></span> <span class='ocrx_word' id='word_1_670' title='bbox 3302 3856 3435 3912; x_wconf 87' lang='lat' dir='ltr'><strong>ergo</strong></span> <span class='ocrx_word' id='word_1_671' title='bbox 3461 3856 3559 3911; x_wconf 88' lang='lat' dir='ltr'><strong>pro</strong></span> <span class='ocrx_word' id='word_1_672' title='bbox 3580 3841 3674 3909; x_wconf 85' lang='lat' dir='ltr'><strong>ju-</strong></span> 
     </span>
    </p>
   </div>
   <div class='ocr_carea' id='block_1_84' title="bbox 2099 3931 3671 4007">
    <p class='ocr_par' dir='ltr' id='par_1_84' title="bbox 2099 3931 3671 4007">
     <span class='ocr_line' id='line_1_84' title="bbox 2099 3931 3671 4007; baseline -0.004 -16"><span class='ocrx_word' id='word_1_673' title='bbox 2099 3946 2184 3991; x_wconf 91' lang='lat' dir='ltr'><strong>sto</strong></span> <span class='ocrx_word' id='word_1_674' title='bbox 2209 3935 2334 4004; x_wconf 82' lang='lat' dir='ltr'><strong>quis</strong></span> <span class='ocrx_word' id='word_1_675' title='bbox 2369 3935 2597 3988; x_wconf 91' lang='lat' dir='ltr'><strong>moritur</strong></span> <span class='ocrx_word' id='word_1_676' title='bbox 2627 3933 2696 3985; x_wconf 77' lang='lat'><strong>&quot;&#39;.</strong></span> <span class='ocrx_word' id='word_1_677' title='bbox 2722 3952 2741 3984; x_wconf 74' lang='grc' dir='ltr'><strong><em>ι</em></strong></span> <span class='ocrx_word' id='word_1_678' title='bbox 2766 3934 2900 3991; x_wconf 85' lang='lat' dir='ltr'><strong>Nam</strong></span> <span class='ocrx_word' id='word_1_679' title='bbox 2918 3932 3345 4007; x_wconf 87' lang='lat' dir='ltr'><strong>probouoaudet</strong></span> <span class='ocrx_word' id='word_1_680' title='bbox 3373 3932 3497 4000; x_wconf 90' lang='lat' dir='ltr'><strong>quis</strong></span> <span class='ocrx_word' id='word_1_681' title='bbox 3529 3931 3671 3986; x_wconf 88' lang='lat' dir='ltr'><strong>mori</strong></span> 
     </span>
    </p>
   </div>
   <div class='ocr_carea' id='block_1_85' title="bbox 2098 4023 3670 4094">
    <p class='ocr_par' dir='ltr' id='par_1_85' title="bbox 2098 4023 3670 4094">
     <span class='ocr_line' id='line_1_85' title="bbox 2098 4023 3670 4094; baseline -0.004 -12"><span class='ocrx_word' id='word_1_682' title='bbox 2098 4038 2150 4084; x_wconf 89' lang='lat' dir='ltr'><strong>et</strong></span> <span class='ocrx_word' id='word_1_683' title='bbox 2180 4030 2438 4081; x_wconf 85' lang='lat' dir='ltr'><strong>audacter</strong></span> <span class='ocrx_word' id='word_1_684' title='bbox 2460 4025 2764 4091; x_wconf 90' lang='lat' dir='ltr'><strong>occumbit,</strong></span> <span class='ocrx_word' id='word_1_685' title='bbox 2795 4027 3064 4094; x_wconf 66' lang='lat' dir='ltr'><strong>praecipue</strong></span> <span class='ocrx_word' id='word_1_686' title='bbox 3101 4025 3147 4078; x_wconf 90' lang='lat' dir='ltr'><strong>si</strong></span> <span class='ocrx_word' id='word_1_687' title='bbox 3191 4023 3462 4078; x_wconf 77' lang='lat' dir='ltr'><strong>intellexit</strong></span> <span class='ocrx_word' id='word_1_688' title='bbox 3483 4063 3501 4089; x_wconf 96' lang='lat'><strong>,</strong></span> <span class='ocrx_word' id='word_1_689' title='bbox 3538 4023 3670 4092; x_wconf 88' lang='lat' dir='ltr'><strong>quia</strong></span> 
     </span>
    </p>
   </div>
   <div class='ocr_carea' id='block_1_86' title="bbox 2097 4115 3671 4185">
    <p class='ocr_par' dir='ltr' id='par_1_86' title="bbox 2097 4115 3671 4185">
     <span class='ocr_line' id='line_1_86' title="bbox 2097 4115 3671 4185; baseline -0.006 -10"><span class='ocrx_word' id='word_1_690' title='bbox 2097 4134 2220 4175; x_wconf 89' lang='lat' dir='ltr'><strong>cum</strong></span> <span class='ocrx_word' id='word_1_691' title='bbox 2252 4120 2430 4173; x_wconf 91' lang='lat' dir='ltr'><strong>adhuc</strong></span> <span class='ocrx_word' id='word_1_692' title='bbox 2472 4119 2770 4174; x_wconf 86' lang='lat' dir='ltr'><strong>secundum</strong></span> <span class='ocrx_word' id='word_1_693' title='bbox 2805 4125 3015 4184; x_wconf 89' lang='lat' dir='ltr'><strong>tempus</strong></span> <span class='ocrx_word' id='word_1_694' title='bbox 3045 4116 3190 4185; x_wconf 89' lang='lat' dir='ltr'><strong>impii</strong></span> <span class='ocrx_word' id='word_1_695' title='bbox 3219 4129 3465 4171; x_wconf 86' lang='lat' dir='ltr'><strong>essemus</strong></span> <span class='ocrx_word' id='word_1_696' title='bbox 3497 4122 3553 4169; x_wconf 91' lang='lat' dir='ltr'><strong>et</strong></span> <span class='ocrx_word' id='word_1_697' title='bbox 3582 4115 3671 4169; x_wconf 85' lang='lat' dir='ltr'><strong>iu-</strong></span> 
     </span>
    </p>
   </div>
   <div class='ocr_carea' id='block_1_87' title="bbox 2097 4206 3664 4280">
    <p class='ocr_par' dir='ltr' id='par_1_87' title="bbox 2097 4206 3664 4280">
     <span class='ocr_line' id='line_1_87' title="bbox 2097 4206 3664 4280; baseline -0.004 -15"><span class='ocrx_word' id='word_1_698' title='bbox 2097 4211 2265 4276; x_wconf 86' lang='lat' dir='ltr'><strong>ﬁrmi,</strong></span> <span class='ocrx_word' id='word_1_699' title='bbox 2292 4213 2404 4280; x_wconf 88' lang='lat' dir='ltr'><strong>ipse</strong></span> <span class='ocrx_word' id='word_1_700' title='bbox 2429 4210 2579 4279; x_wconf 91' lang='lat' dir='ltr'><strong>prior</strong></span> <span class='ocrx_word' id='word_1_701' title='bbox 2606 4224 2704 4278; x_wconf 90' lang='lat' dir='ltr'><strong>pro</strong></span> <span class='ocrx_word' id='word_1_702' title='bbox 2720 4207 2876 4262; x_wconf 90' lang='lat' dir='ltr'><strong>nobis</strong></span> <span class='ocrx_word' id='word_1_703' title='bbox 2900 4217 3145 4262; x_wconf 91' lang='lat' dir='ltr'><strong>mortuus</strong></span> <span class='ocrx_word' id='word_1_704' title='bbox 3169 4218 3272 4262; x_wconf 88' lang='lat' dir='ltr'><strong>est.</strong></span> <span class='ocrx_word' id='word_1_705' title='bbox 3296 4206 3362 4260; x_wconf 87' lang='lat' dir='ltr'><strong>Et</strong></span> <span class='ocrx_word' id='word_1_706' title='bbox 3386 4206 3664 4275; x_wconf 88' lang='lat' dir='ltr'><strong>quomodo</strong></span> 
     </span>
    </p>
   </div>
   <div class='ocr_carea' id='block_1_88' title="bbox 2097 4301 3668 4372">
    <p class='ocr_par' dir='ltr' id='par_1_88' title="bbox 2097 4301 3668 4372">
     <span class='ocr_line' id='line_1_88' title="bbox 2097 4301 3668 4372; baseline -0.005 -14"><span class='ocrx_word' id='word_1_707' title='bbox 2097 4319 2206 4358; x_wconf 87' lang='lat' dir='ltr'><strong>non</strong></span> <span class='ocrx_word' id='word_1_708' title='bbox 2246 4307 2336 4372; x_wconf 91' lang='lat' dir='ltr'><strong>qui</strong></span> <span class='ocrx_word' id='word_1_709' title='bbox 2367 4303 2481 4357; x_wconf 78' lang='lat' dir='ltr'><strong>haec</strong></span> <span class='ocrx_word' id='word_1_710' title='bbox 2511 4303 2614 4357; x_wconf 90' lang='lat' dir='ltr'><strong>sibi</strong></span> <span class='ocrx_word' id='word_1_711' title='bbox 2640 4302 2708 4356; x_wconf 91' lang='lat' dir='ltr'><strong>ab</strong></span> <span class='ocrx_word' id='word_1_712' title='bbox 2742 4301 2835 4355; x_wconf 94' lang='lat' dir='ltr'><strong>illo</strong></span> <span class='ocrx_word' id='word_1_713' title='bbox 2869 4302 3108 4370; x_wconf 62' lang='lat' dir='ltr'><strong>praestita</strong></span> <span class='ocrx_word' id='word_1_714' title='bbox 3139 4301 3289 4370; x_wconf 91' lang='lat' dir='ltr'><strong>prius</strong></span> <span class='ocrx_word' id='word_1_715' title='bbox 3312 4313 3433 4355; x_wconf 87' lang='lat' dir='ltr'><strong>esse</strong></span> <span class='ocrx_word' id='word_1_716' title='bbox 3463 4311 3668 4366; x_wconf 87' lang='lat' dir='ltr'><strong>cogno-</strong></span> 
     </span>
    </p>
   </div>
   <div class='ocr_carea' id='block_1_89' title="bbox 2098 4388 3668 4461">
    <p class='ocr_par' dir='ltr' id='par_1_89' title="bbox 2098 4388 3668 4461">
     <span class='ocr_line' id='line_1_89' title="bbox 2098 4388 3668 4461; baseline -0.004 -12"><span class='ocrx_word' id='word_1_717' title='bbox 2098 4395 2223 4459; x_wconf 86' lang='lat' dir='ltr'><strong>scit,</strong></span> <span class='ocrx_word' id='word_1_718' title='bbox 2254 4402 2482 4448; x_wconf 89' lang='lat' dir='ltr'><strong>mortem</strong></span> <span class='ocrx_word' id='word_1_719' title='bbox 2523 4407 2686 4461; x_wconf 91' lang='lat' dir='ltr'><strong>quam</strong></span> <span class='ocrx_word' id='word_1_720' title='bbox 2732 4391 2822 4447; x_wconf 90' lang='lat' dir='ltr'><strong>ille</strong></span> <span class='ocrx_word' id='word_1_721' title='bbox 2857 4391 3013 4446; x_wconf 90' lang='lat' dir='ltr'><strong>malis</strong></span> <span class='ocrx_word' id='word_1_722' title='bbox 3066 4390 3361 4460; x_wconf 89' lang='lat' dir='ltr'><strong>impendit,</strong></span> <span class='ocrx_word' id='word_1_723' title='bbox 3396 4388 3486 4442; x_wconf 91' lang='lat' dir='ltr'><strong>hic</strong></span> <span class='ocrx_word' id='word_1_724' title='bbox 3524 4389 3668 4442; x_wconf 89' lang='lat' dir='ltr'><strong>bono</strong></span> 
     </span>
    </p>
   </div>
   <div class='ocr_carea' id='block_1_90' title="bbox 426 4479 3662 4567">
    <p class='ocr_par' dir='ltr' id='par_1_90' title="bbox 426 4479 3662 4567">
     <span class='ocr_line' id='line_1_90' title="bbox 426 4479 3662 4567; baseline -0.006 -17"><span class='ocrx_word' id='word_1_725' title='bbox 426 4497 657 4552; x_wconf 82' lang='lat' dir='ltr'><strong>forsitan</strong></span> <span class='ocrx_word' id='word_1_726' title='bbox 695 4496 819 4567; x_wconf 89' lang='lat' dir='ltr'><strong>quis</strong></span> <span class='ocrx_word' id='word_1_727' title='bbox 856 4494 1054 4548; x_wconf 89' lang='lat' dir='ltr'><strong>audeat</strong></span> <span class='ocrx_word' id='word_1_728' title='bbox 1099 4493 1234 4547; x_wconf 90' lang='lat' dir='ltr'><strong>mori</strong></span> <span class='ocrx_word' id='word_1_729' title='bbox 1259 4492 1328 4546; x_wconf 82' lang='grc' dir='ltr'><strong>⁷ο.</strong></span> <span class='ocrx_word' id='word_1_730' title='bbox 1370 4509 1390 4543; x_wconf 72' lang='grc' dir='ltr'><strong><em>ι</em></strong></span> <span class='ocrx_word' id='word_1_731' title='bbox 1417 4490 1640 4546; x_wconf 87' lang='lat' dir='ltr'><strong>Plenius</strong></span> <span class='ocrx_word' id='word_1_732' title='bbox 1674 4491 1862 4546; x_wconf 89' lang='lat' dir='ltr'><strong>volens</strong></span> <span class='ocrx_word' id='word_1_733' title='bbox 1887 4490 2000 4543; x_wconf 92' lang='lat' dir='ltr'><strong>vir-</strong></span> <span class='ocrx_word' id='word_1_734' title='bbox 2030 4503 2074 4558; x_wconf 79' lang='grc' dir='ltr'><strong>ι)</strong></span> <span class='ocrx_word' id='word_1_735' title='bbox 2105 4485 2597 4552; x_wconf 86' lang='lat' dir='ltr'><strong>reddat?Arguitur</strong></span> <span class='ocrx_word' id='word_1_736' title='bbox 2617 4491 2798 4537; x_wconf 90' lang='lat' dir='ltr'><strong>autem</strong></span> <span class='ocrx_word' id='word_1_737' title='bbox 2838 4482 3051 4536; x_wconf 84' lang='lat' dir='ltr'><strong>illoru‘m</strong></span> <span class='ocrx_word' id='word_1_738' title='bbox 3075 4496 3249 4546; x_wconf 90' lang='lat' dir='ltr'><strong>error,</strong></span> <span class='ocrx_word' id='word_1_739' title='bbox 3279 4481 3369 4549; x_wconf 92' lang='lat' dir='ltr'><strong>qui</strong></span> <span class='ocrx_word' id='word_1_740' title='bbox 3404 4481 3548 4532; x_wconf 89' lang='lat' dir='ltr'><strong>hunc</strong></span> <span class='ocrx_word' id='word_1_741' title='bbox 3581 4479 3662 4532; x_wconf 90' lang='lat' dir='ltr'><strong>lo-</strong></span> 
     </span>
    </p>
   </div>
   <div class='ocr_carea' id='block_1_91' title="bbox 425 4582 1992 4654">
    <p class='ocr_par' dir='ltr' id='par_1_91' title="bbox 425 4582 1992 4654">
     <span class='ocr_line' id='line_1_91' title="bbox 425 4582 1992 4654; baseline -0.005 -10"><span class='ocrx_word' id='word_1_742' title='bbox 425 4601 572 4645; x_wconf 90' lang='lat' dir='ltr'><strong>tutes</strong></span> <span class='ocrx_word' id='word_1_743' title='bbox 596 4589 882 4645; x_wconf 88' lang='lat' dir='ltr'><strong>charitatis</strong></span> <span class='ocrx_word' id='word_1_744' title='bbox 916 4587 1210 4643; x_wconf 89' lang='lat' dir='ltr'><strong>ostendere</strong></span> <span class='ocrx_word' id='word_1_745' title='bbox 1245 4599 1406 4654; x_wconf 89' lang='lat' dir='ltr'><strong>quam</strong></span> <span class='ocrx_word' id='word_1_746' title='bbox 1438 4582 1687 4639; x_wconf 78' lang='lat' dir='ltr'><strong>diil‘usam</strong></span> <span class='ocrx_word' id='word_1_747' title='bbox 1725 4584 1778 4636; x_wconf 92' lang='lat' dir='ltr'><strong>in</strong></span> <span class='ocrx_word' id='word_1_748' title='bbox 1810 4583 1992 4636; x_wconf 91' lang='lat' dir='ltr'><strong>cordi-</strong></span> 
     </span>
    </p>
   </div>
   <div class='ocr_carea' id='block_1_92' title="bbox 424 4676 1996 4751">
    <p class='ocr_par' dir='ltr' id='par_1_92' title="bbox 424 4676 1996 4751">
     <span class='ocr_line' id='line_1_92' title="bbox 424 4676 1996 4751; baseline -0.004 -13"><span class='ocrx_word' id='word_1_749' title='bbox 424 4684 526 4738; x_wconf 88' lang='lat' dir='ltr'><strong>bus</strong></span> <span class='ocrx_word' id='word_1_750' title='bbox 557 4683 762 4739; x_wconf 89' lang='lat' dir='ltr'><strong>nostris</strong></span> <span class='ocrx_word' id='word_1_751' title='bbox 799 4681 1014 4737; x_wconf 80' lang='lat' dir='ltr'><strong>dixerat</strong></span> <span class='ocrx_word' id='word_1_752' title='bbox 1059 4695 1154 4751; x_wconf 90' lang='lat' dir='ltr'><strong>per</strong></span> <span class='ocrx_word' id='word_1_753' title='bbox 1189 4679 1453 4747; x_wconf 88' lang='lat' dir='ltr'><strong>Spiritum</strong></span> <span class='ocrx_word' id='word_1_754' title='bbox 1493 4686 1764 4742; x_wconf 85' lang='lat' dir='ltr'><strong>sanctum,</strong></span> <span class='ocrx_word' id='word_1_755' title='bbox 1797 4676 1996 4745; x_wconf 89' lang='lat' dir='ltr'><strong>quibus</strong></span> 
     </span>
    </p>
   </div>
   <div class='ocr_carea' id='block_1_93' title="bbox 419 4773 1998 4848">
    <p class='ocr_par' dir='ltr' id='par_1_93' title="bbox 419 4773 1998 4848">
     <span class='ocr_line' id='line_1_93' title="bbox 419 4773 1998 4848; baseline 0.002 -22"><span class='ocrx_word' id='word_1_756' title='bbox 419 4773 524 4828; x_wconf 89' lang='lat' dir='ltr'><strong>hoc</strong></span> <span class='ocrx_word' id='word_1_757' title='bbox 575 4775 754 4829; x_wconf 89' lang='lat' dir='ltr'><strong>causis</strong></span> <span class='ocrx_word' id='word_1_758' title='bbox 812 4775 1111 4848; x_wconf 84' lang='lat' dir='ltr'><strong>intelligere</strong></span> <span class='ocrx_word' id='word_1_759' title='bbox 1157 4777 1482 4832; x_wconf 88' lang='lat' dir='ltr'><strong>deberemus</strong></span> <span class='ocrx_word' id='word_1_760' title='bbox 1533 4774 1815 4845; x_wconf 82' lang='lat' dir='ltr'><strong>exposuit,</strong></span> <span class='ocrx_word' id='word_1_761' title='bbox 1863 4774 1998 4829; x_wconf 87' lang='lat' dir='ltr'><strong>edo-</strong></span> 
     </span>
    </p>
   </div>
   <div class='ocr_carea' id='block_1_94' title="bbox 417 4866 2002 4940">
    <p class='ocr_par' dir='ltr' id='par_1_94' title="bbox 417 4866 2002 4940">
     <span class='ocr_line' id='line_1_94' title="bbox 417 4866 2002 4940; baseline 0.004 -21"><span class='ocrx_word' id='word_1_762' title='bbox 417 4880 549 4919; x_wconf 89' lang='lat' dir='ltr'><strong>cens</strong></span> <span class='ocrx_word' id='word_1_763' title='bbox 587 4881 686 4920; x_wconf 93' lang='lat' dir='ltr'><strong>nos</strong></span> <span class='ocrx_word' id='word_1_764' title='bbox 724 4866 835 4938; x_wconf 92' lang='grc'><strong>(71)</strong></span> <span class='ocrx_word' id='word_1_765' title='bbox 874 4869 1020 4937; x_wconf 89' lang='lat' dir='ltr'><strong>quod</strong></span> <span class='ocrx_word' id='word_1_766' title='bbox 1053 4868 1304 4925; x_wconf 89' lang='lat' dir='ltr'><strong>Christus</strong></span> <span class='ocrx_word' id='word_1_767' title='bbox 1339 4884 1450 4925; x_wconf 90' lang='lat' dir='ltr'><strong>non</strong></span> <span class='ocrx_word' id='word_1_768' title='bbox 1485 4884 1586 4940; x_wconf 90' lang='lat' dir='ltr'><strong>pro</strong></span> <span class='ocrx_word' id='word_1_769' title='bbox 1620 4868 1747 4940; x_wconf 88' lang='lat' dir='ltr'><strong>piis,</strong></span> <span class='ocrx_word' id='word_1_770' title='bbox 1776 4869 1872 4925; x_wconf 87' lang='lat' dir='ltr'><strong>sed</strong></span> <span class='ocrx_word' id='word_1_771' title='bbox 1896 4884 2002 4940; x_wconf 89' lang='lat' dir='ltr'><strong>pro</strong></span> 
     </span>
    </p>
   </div>
   <div class='ocr_carea' id='block_1_95' title="bbox 495 4985 2000 5115">
    <p class='ocr_par' dir='ltr' id='par_1_95' title="bbox 495 4989 2000 5115">
     <span class='ocr_line' id='line_1_95' title="bbox 495 4989 2000 5056; baseline -0.005 -5"><span class='ocrx_word' id='word_1_772' title='bbox 495 4997 540 5029; x_wconf 80' lang='lat'>“</span> <span class='ocrx_word' id='word_1_773' title='bbox 580 4996 737 5050; x_wconf 79' lang='lat' dir='ltr'><strong>Rom.</strong></span> <span class='ocrx_word' id='word_1_774' title='bbox 783 5008 904 5056; x_wconf 89' lang='lat' dir='ltr'><strong>vm,</strong></span> <span class='ocrx_word' id='word_1_775' title='bbox 941 4992 1030 5048; x_wconf 80' lang='grc'><strong>15.</strong></span> <span class='ocrx_word' id='word_1_776' title='bbox 1104 4994 1149 5024; x_wconf 73' lang='grc'>⁶¹</span> <span class='ocrx_word' id='word_1_777' title='bbox 1181 4991 1383 5047; x_wconf 76' lang='lat' dir='ltr'><strong>lJoan.</strong></span> <span class='ocrx_word' id='word_1_778' title='bbox 1433 5005 1507 5055; x_wconf 84' lang='lat' dir='ltr'><strong>Iv,</strong></span> <span class='ocrx_word' id='word_1_779' title='bbox 1564 4989 1649 5043; x_wconf 86' lang='grc'><strong>18.</strong></span> <span class='ocrx_word' id='word_1_780' title='bbox 1725 4990 1770 5022; x_wconf 78' lang='grc'><strong>⁸³</strong></span> <span class='ocrx_word' id='word_1_781' title='bbox 1806 4990 1960 5043; x_wconf 79' lang='lat' dir='ltr'><strong>an.</strong></span> <span class='ocrx_word' id='word_1_782' title='bbox 1996 5006 2000 5022; x_wconf 58' lang='grc' dir='ltr'><strong>ε</strong></span> 
     </span>
     <span class='ocr_line' id='line_1_96' title="bbox 495 5059 2000 5115; baseline 0 0"><span class='ocrx_word' id='word_1_783' title='bbox 495 5108 500 5115; x_wconf 88' lang='grc'><strong>.</strong></span> <span class='ocrx_word' id='word_1_784' title='bbox 546 5067 600 5115; x_wconf 83' lang='grc'><strong>8.</strong></span> <span class='ocrx_word' id='word_1_785' title='bbox 676 5065 720 5096; x_wconf 78' lang='grc'><strong>⁸⁷</strong></span> <span class='ocrx_word' id='word_1_786' title='bbox 753 5064 962 5115; x_wconf 87' lang='lat' dir='ltr'><strong>Coioss.</strong></span> <span class='ocrx_word' id='word_1_787' title='bbox 1014 5079 1056 5115; x_wconf 82' lang='grc' dir='ltr'><strong>ι.</strong></span> <span class='ocrx_word' id='word_1_788' title='bbox 1123 5063 1210 5115; x_wconf 76' lang='grc'><strong>15.</strong></span> <span class='ocrx_word' id='word_1_789' title='bbox 1300 5063 1346 5093; x_wconf 77' lang='grc'><strong>⁶⁸</strong></span> <span class='ocrx_word' id='word_1_790' title='bbox 1379 5061 1421 5114; x_wconf 94' lang='lat' dir='ltr'><strong>ll</strong></span> <span class='ocrx_word' id='word_1_791' title='bbox 1473 5062 1618 5115; x_wconf 89' lang='lat' dir='ltr'><strong>Petr.</strong></span> <span class='ocrx_word' id='word_1_792' title='bbox 1675 5077 1719 5115; x_wconf 83' lang='grc' dir='ltr'><strong>ι.</strong></span> <span class='ocrx_word' id='word_1_793' title='bbox 1764 5059 1819 5113; x_wconf 78' lang='grc'><strong>4.</strong></span> <span class='ocrx_word' id='word_1_794' title='bbox 1910 5059 2000 5115; x_wconf 80' lang='grc'><strong>⁶⁹.1</strong></span> 
     </span>
    </p>
   </div>
   <div class='ocr_carea' id='block_1_96' title="bbox 2102 4985 2716 5115">
    <p class='ocr_par' dir='ltr' id='par_1_96' title="bbox 2102 4985 2716 5115">
     <span class='ocr_line' id='line_1_97' title="bbox 2102 4985 2716 5052; baseline -0.005 -10"><span class='ocrx_word' id='word_1_795' title='bbox 2102 5028 2114 5052; x_wconf 85' lang='grc'>,</span> <span class='ocrx_word' id='word_1_796' title='bbox 2149 4988 2237 5043; x_wconf 83' lang='grc'><strong>15.</strong></span> <span class='ocrx_word' id='word_1_797' title='bbox 2312 4987 2358 5018; x_wconf 62' lang='grc'><strong>⁸⁸</strong></span> <span class='ocrx_word' id='word_1_798' title='bbox 2393 4985 2552 5040; x_wconf 81' lang='lat' dir='ltr'><strong>Rom.</strong></span> <span class='ocrx_word' id='word_1_799' title='bbox 2587 5001 2640 5047; x_wconf 74' lang='grc' dir='ltr'><strong>ν,</strong></span> <span class='ocrx_word' id='word_1_800' title='bbox 2665 4985 2716 5039; x_wconf 84' lang='lat'><strong>5.</strong></span> 
     </span>
     <span class='ocr_line' id='line_1_98' title="bbox 2102 5055 2716 5115; baseline -0.008 -2"><span class='ocrx_word' id='word_1_801' title='bbox 2102 5076 2135 5113; x_wconf 80' lang='grc' dir='ltr'><strong>ι.</strong></span> <span class='ocrx_word' id='word_1_802' title='bbox 2189 5073 2322 5115; x_wconf 78' lang='lat' dir='ltr'><strong>xvu.</strong></span> <span class='ocrx_word' id='word_1_803' title='bbox 2371 5057 2464 5110; x_wconf 77' lang='grc'><strong>21.</strong></span> <span class='ocrx_word' id='word_1_804' title='bbox 2537 5055 2585 5087; x_wconf 73' lang='grc' dir='ltr'><strong>⁷ο</strong></span> <span class='ocrx_word' id='word_1_805' title='bbox 2611 5055 2716 5109; x_wconf 73' lang='lat' dir='ltr'><strong>iter</strong></span> 
     </span>
    </p>
   </div>
   <div class='ocr_carea' id='block_1_97' title="bbox 2119 5091 2464 5124">
    <p class='ocr_par' dir='ltr' id='par_1_97' title="bbox 2119 5091 2464 5124">
     <span class='ocr_line' id='line_1_99' title="bbox 2119 5091 2464 5124; baseline -0.012 -11"><span class='ocrx_word' id='word_1_806' title='bbox 2119 5095 2135 5112; x_wconf 79' lang='grc' dir='ltr'><strong>ο</strong></span> <span class='ocrx_word' id='word_1_807' title='bbox 2189 5091 2322 5124; x_wconf 56' lang='lat' dir='ltr'><strong>AVII,</strong></span> <span class='ocrx_word' id='word_1_808' title='bbox 2374 5091 2464 5110; x_wconf 62' lang='grc' dir='ltr'><strong>αι,</strong></span> 
     </span>
    </p>
   </div>
   <div class='ocr_carea' id='block_1_98' title="bbox 425 5063 1210 5129">
    <p class='ocr_par' dir='ltr' id='par_1_98' title="bbox 425 5063 1210 5129">
     <span class='ocr_line' id='line_1_100' title="bbox 425 5063 1210 5129; baseline -0.006 -8"><span class='ocrx_word' id='word_1_809' title='bbox 425 5084 500 5129; x_wconf 82' lang='grc' dir='ltr'><strong>ιν,</strong></span> <span class='ocrx_word' id='word_1_810' title='bbox 546 5067 600 5120; x_wconf 89' lang='grc'><strong>8.</strong></span> <span class='ocrx_word' id='word_1_811' title='bbox 676 5065 720 5096; x_wconf 80' lang='grc'><strong>⁸⁷</strong></span> <span class='ocrx_word' id='word_1_812' title='bbox 753 5064 962 5119; x_wconf 85' lang='lat' dir='ltr'><strong>Coloss.</strong></span> <span class='ocrx_word' id='word_1_813' title='bbox 1014 5079 1056 5127; x_wconf 82' lang='grc' dir='ltr'><strong>ι,</strong></span> <span class='ocrx_word' id='word_1_814' title='bbox 1123 5063 1210 5117; x_wconf 77' lang='grc'><strong>15.</strong></span> 
     </span>
    </p>
   </div>
   <div class='ocr_carea' id='block_1_99' title="bbox 425 5135 880 5197">
    <p class='ocr_par' dir='ltr' id='par_1_99' title="bbox 425 5135 880 5197">
     <span class='ocr_line' id='line_1_101' title="bbox 425 5135 880 5197; baseline -0.011 -6"><span class='ocrx_word' id='word_1_815' title='bbox 425 5139 471 5171; x_wconf 81' lang='grc'><strong>⁷⁸</strong></span> <span class='ocrx_word' id='word_1_816' title='bbox 523 5135 680 5190; x_wconf 78' lang='lat' dir='ltr'><strong>Rom.</strong></span> <span class='ocrx_word' id='word_1_817' title='bbox 726 5149 778 5197; x_wconf 87' lang='lat' dir='ltr'><strong>v,</strong></span> <span class='ocrx_word' id='word_1_818' title='bbox 827 5135 880 5187; x_wconf 91' lang='lat'><strong>7.</strong></span> 
     </span>
    </p>
   </div>
   <div class='ocr_carea' id='block_1_100' title="bbox 1300 5059 1819 5127">
    <p class='ocr_par' dir='ltr' id='par_1_100' title="bbox 1300 5059 1819 5127">
     <span class='ocr_line' id='line_1_102' title="bbox 1300 5059 1819 5127; baseline -0.004 -12"><span class='ocrx_word' id='word_1_819' title='bbox 1300 5063 1346 5093; x_wconf 79' lang='grc'><strong>⁶⁸</strong></span> <span class='ocrx_word' id='word_1_820' title='bbox 1379 5061 1421 5114; x_wconf 92' lang='lat' dir='ltr'><strong>ll</strong></span> <span class='ocrx_word' id='word_1_821' title='bbox 1473 5062 1618 5115; x_wconf 89' lang='lat' dir='ltr'><strong>Petr.</strong></span> <span class='ocrx_word' id='word_1_822' title='bbox 1675 5077 1719 5127; x_wconf 82' lang='grc' dir='ltr'><strong>ι,</strong></span> <span class='ocrx_word' id='word_1_823' title='bbox 1764 5059 1819 5113; x_wconf 78' lang='grc'><strong>4.</strong></span> 
     </span>
    </p>
   </div>
   <div class='ocr_carea' id='block_1_101' title="bbox 497 5220 1994 5297">
    <p class='ocr_par' dir='ltr' id='par_1_101' title="bbox 497 5220 1994 5297">
     <span class='ocr_line' id='line_1_103' title="bbox 497 5220 1994 5297; baseline -0.003 -17"><span class='ocrx_word' id='word_1_824' title='bbox 497 5228 610 5297; x_wconf 87' lang='grc'><strong>(67)</strong></span> <span class='ocrx_word' id='word_1_825' title='bbox 639 5226 731 5297; x_wconf 88' lang='lat' dir='ltr'><strong>Sic</strong></span> <span class='ocrx_word' id='word_1_826' title='bbox 751 5240 917 5297; x_wconf 54' lang='lat' dir='ltr'><strong>mss;</strong></span> <span class='ocrx_word' id='word_1_827' title='bbox 944 5223 1074 5297; x_wconf 85' lang='lat' dir='ltr'><strong>editi</strong></span> <span class='ocrx_word' id='word_1_828' title='bbox 1095 5237 1241 5288; x_wconf 90' lang='lat' dir='ltr'><strong>vero,</strong></span> <span class='ocrx_word' id='word_1_829' title='bbox 1265 5240 1285 5274; x_wconf 69' lang='grc' dir='ltr'>ί</span> <span class='ocrx_word' id='word_1_830' title='bbox 1305 5237 1569 5297; x_wconf 30' lang='lat' dir='ltr'><strong>quae-cum</strong></span> <span class='ocrx_word' id='word_1_831' title='bbox 1592 5220 1844 5276; x_wconf 87' lang='lat' dir='ltr'><strong>cbaritati</strong></span> <span class='ocrx_word' id='word_1_832' title='bbox 1863 5235 1994 5276; x_wconf 85' lang='lat' dir='ltr'><strong>con-</strong></span> 
     </span>
    </p>
   </div>
   <div class='ocr_carea' id='block_1_102' title="bbox 420 5291 1658 5368">
    <p class='ocr_par' dir='ltr' id='par_1_102' title="bbox 420 5291 1658 5368">
     <span class='ocr_line' id='line_1_104' title="bbox 420 5291 1658 5368; baseline -0.006 -17"><span class='ocrx_word' id='word_1_833' title='bbox 420 5291 606 5368; x_wconf 73' lang='lat' dir='ltr'><strong>juncta</strong></span> <span class='ocrx_word' id='word_1_834' title='bbox 641 5296 733 5368; x_wconf 86' lang='lat' dir='ltr'><strong>sit,</strong></span> <span class='ocrx_word' id='word_1_835' title='bbox 769 5295 994 5365; x_wconf 91' lang='lat' dir='ltr'><strong>Spiritui</strong></span> <span class='ocrx_word' id='word_1_836' title='bbox 1016 5301 1205 5368; x_wconf 74' lang='lat' dir='ltr'><strong>sancto</strong></span> <span class='ocrx_word' id='word_1_837' title='bbox 1232 5291 1594 5346; x_wconf 88' lang='lat' dir='ltr'><strong>consocietur.</strong></span> <span class='ocrx_word' id='word_1_838' title='bbox 1637 5309 1658 5344; x_wconf 77' lang='grc' dir='ltr'><strong><em>ι</em></strong></span> 
     </span>
    </p>
   </div>
   <div class='ocr_carea' id='block_1_103' title="bbox 496 5361 1709 5439">
    <p class='ocr_par' dir='ltr' id='par_1_103' title="bbox 496 5361 1709 5439">
     <span class='ocr_line' id='line_1_105' title="bbox 496 5361 1709 5439; baseline -0.003 -18"><span class='ocrx_word' id='word_1_839' title='bbox 496 5366 608 5439; x_wconf 58' lang='lat' dir='ltr'><strong>(63v)</strong></span> <span class='ocrx_word' id='word_1_840' title='bbox 641 5361 867 5439; x_wconf 45' lang='grc' dir='ltr'><strong>ιμὶεπιεςῂΔ</strong></span> <span class='ocrx_word' id='word_1_841' title='bbox 906 5365 1049 5439; x_wconf 82' lang='lat' dir='ltr'><strong>quod</strong></span> <span class='ocrx_word' id='word_1_842' title='bbox 1089 5361 1234 5439; x_wconf 68' lang='lat' dir='ltr'><strong>velut</strong></span> <span class='ocrx_word' id='word_1_843' title='bbox 1263 5374 1508 5439; x_wconf 61' lang='lat' dir='ltr'><strong>munere,</strong></span> <span class='ocrx_word' id='word_1_844' title='bbox 1547 5379 1568 5414; x_wconf 73' lang='grc' dir='ltr'><strong><em>ι</em></strong></span> <span class='ocrx_word' id='word_1_845' title='bbox 1599 5369 1709 5439; x_wconf 75' lang='lat' dir='ltr'><strong>etc.</strong></span> 
     </span>
    </p>
   </div>
   <div class='ocr_carea' id='block_1_104' title="bbox 493 5430 1989 5505">
    <p class='ocr_par' dir='ltr' id='par_1_104' title="bbox 493 5430 1989 5505">
     <span class='ocr_line' id='line_1_106' title="bbox 493 5430 1989 5505; baseline -0.003 -15"><span class='ocrx_word' id='word_1_846' title='bbox 493 5430 608 5505; x_wconf 85' lang='grc'><strong>(69)</strong></span> <span class='ocrx_word' id='word_1_847' title='bbox 650 5430 802 5490; x_wconf 72' lang='lat' dir='ltr'><strong>Deus</strong></span> <span class='ocrx_word' id='word_1_848' title='bbox 818 5430 1069 5488; x_wconf 68' lang='lat' dir='ltr'><strong>charitas.</strong></span> <span class='ocrx_word' id='word_1_849' title='bbox 1086 5430 1236 5505; x_wconf 26' lang='lat' dir='ltr'><strong>“Haec</strong></span> <span class='ocrx_word' id='word_1_850' title='bbox 1262 5432 1457 5505; x_wconf 87' lang='lat' dir='ltr'><strong>des_unt</strong></span> <span class='ocrx_word' id='word_1_851' title='bbox 1480 5432 1534 5483; x_wconf 90' lang='lat' dir='ltr'><strong>in</strong></span> <span class='ocrx_word' id='word_1_852' title='bbox 1553 5432 1794 5505; x_wconf 78' lang='lat' dir='ltr'><strong>editione</strong></span> <span class='ocrx_word' id='word_1_853' title='bbox 1817 5430 1989 5485; x_wconf 85' lang='lat' dir='ltr'><strong>Gene-</strong></span> 
     </span>
    </p>
   </div>
   <div class='ocr_carea' id='block_1_105' title="bbox 425 5501 1876 5564">
    <p class='ocr_par' dir='ltr' id='par_1_105' title="bbox 425 5501 1876 5564">
     <span class='ocr_line' id='line_1_107' title="bbox 425 5501 1876 5564; baseline -0.006 -3"><span class='ocrx_word' id='word_1_854' title='bbox 425 5501 629 5562; x_wconf 57' lang='lat' dir='ltr'><strong>brard&#39;i.</strong></span> <span class='ocrx_word' id='word_1_855' title='bbox 662 5505 854 5560; x_wconf 61' lang='lat' dir='ltr'><strong>(hateri</strong></span> <span class='ocrx_word' id='word_1_856' title='bbox 877 5518 1004 5559; x_wconf 87' lang='lat' dir='ltr'><strong>vero</strong></span> <span class='ocrx_word' id='word_1_857' title='bbox 1034 5503 1185 5564; x_wconf 90' lang='lat' dir='ltr'><strong>editi,</strong></span> <span class='ocrx_word' id='word_1_858' title='bbox 1221 5518 1240 5551; x_wconf 70' lang='grc' dir='ltr'>ι</span> <span class='ocrx_word' id='word_1_859' title='bbox 1267 5509 1321 5553; x_wconf 93' lang='lat' dir='ltr'><strong>et</strong></span> <span class='ocrx_word' id='word_1_860' title='bbox 1351 5502 1488 5554; x_wconf 91' lang='lat' dir='ltr'><strong>Deus</strong></span> <span class='ocrx_word' id='word_1_861' title='bbox 1516 5501 1819 5555; x_wconf 86' lang='lat' dir='ltr'><strong>charitatis.</strong></span> <span class='ocrx_word' id='word_1_862' title='bbox 1856 5520 1876 5552; x_wconf 73' lang='grc' dir='ltr'><strong><em>ι</em></strong></span> 
     </span>
    </p>
   </div>
   <div class='ocr_carea' id='block_1_106' title="bbox 496 5569 1984 5648">
    <p class='ocr_par' dir='ltr' id='par_1_106' title="bbox 496 5569 1984 5648">
     <span class='ocr_line' id='line_1_108' title="bbox 496 5569 1984 5648; baseline -0.005 -17"><span class='ocrx_word' id='word_1_863' title='bbox 496 5575 607 5648; x_wconf 74' lang='grc'><strong>(³10)</strong></span> <span class='ocrx_word' id='word_1_864' title='bbox 649 5574 739 5630; x_wconf 88' lang='lat' dir='ltr'><strong>Sie</strong></span> <span class='ocrx_word' id='word_1_865' title='bbox 774 5591 904 5630; x_wconf 88' lang='lat' dir='ltr'><strong>mss.</strong></span> <span class='ocrx_word' id='word_1_866' title='bbox 927 5573 1139 5648; x_wconf 31' lang='lat' dir='ltr'><strong>“nostri.</strong></span> <span class='ocrx_word' id='word_1_867' title='bbox 1173 5572 1314 5624; x_wconf 89' lang='lat' dir='ltr'><strong>Editi</strong></span> <span class='ocrx_word' id='word_1_868' title='bbox 1352 5585 1513 5648; x_wconf 72' lang='lat' dir='ltr'><strong>vero,</strong></span> <span class='ocrx_word' id='word_1_869' title='bbox 1542 5589 1572 5648; x_wconf 38' lang='grc' dir='ltr'><strong>,ι</strong></span> <span class='ocrx_word' id='word_1_870' title='bbox 1616 5569 1815 5648; x_wconf 77' lang='lat' dir='ltr'><strong>thuid</strong></span> <span class='ocrx_word' id='word_1_871' title='bbox 1841 5571 1984 5625; x_wconf 88' lang='lat' dir='ltr'><strong>enim</strong></span> 
     </span>
    </p>
   </div>
   <div class='ocr_carea' id='block_1_107' title="bbox 418 5638 1774 5710">
    <p class='ocr_par' dir='ltr' id='par_1_107' title="bbox 418 5638 1774 5710">
     <span class='ocr_line' id='line_1_109' title="bbox 418 5638 1774 5710; baseline -0.01 -6"><span class='ocrx_word' id='word_1_872' title='bbox 418 5638 694 5710; x_wconf 52' lang='lat' dir='ltr'><strong>&#39;Ch&#39;ris&#39;tus,</strong></span> <span class='ocrx_word' id='word_1_873' title='bbox 720 5661 840 5700; x_wconf 91' lang='lat' dir='ltr'><strong>cum</strong></span> <span class='ocrx_word' id='word_1_874' title='bbox 875 5643 1050 5698; x_wconf 87' lang='lat' dir='ltr'><strong>adhuc</strong></span> <span class='ocrx_word' id='word_1_875' title='bbox 1087 5656 1331 5696; x_wconf 87' lang='lat' dir='ltr'><strong>essemus</strong></span> <span class='ocrx_word' id='word_1_876' title='bbox 1358 5640 1579 5706; x_wconf 88' lang='lat' dir='ltr'><strong>inlirmi,</strong></span> <span class='ocrx_word' id='word_1_877' title='bbox 1618 5638 1774 5699; x_wconf 61' lang='lat' dir='ltr'><strong>retc&#39;.</strong></span> 
     </span>
    </p>
   </div>
   <div class='ocr_carea' id='block_1_108' title="bbox 495 5710 1980 5789">
    <p class='ocr_par' dir='ltr' id='par_1_108' title="bbox 495 5710 1980 5789">
     <span class='ocr_line' id='line_1_110' title="bbox 495 5710 1980 5789; baseline -0.006 -19"><span class='ocrx_word' id='word_1_878' title='bbox 495 5716 605 5789; x_wconf 82' lang='lat' dir='ltr'><strong>(7t)</strong></span> <span class='ocrx_word' id='word_1_879' title='bbox 646 5716 812 5777; x_wconf 87' lang='lat' dir='ltr'><strong>Editi.</strong></span> <span class='ocrx_word' id='word_1_880' title='bbox 854 5732 872 5789; x_wconf 64' lang='grc' dir='ltr'>ᾳ</span> <span class='ocrx_word' id='word_1_881' title='bbox 901 5716 1161 5789; x_wconf 81' lang='lat' dir='ltr'><strong>debemus</strong></span> <span class='ocrx_word' id='word_1_882' title='bbox 1182 5710 1451 5789; x_wconf 73' lang='lat' dir='ltr'><strong>exposuit.</strong></span> <span class='ocrx_word' id='word_1_883' title='bbox 1476 5710 1922 5789; x_wconf 54' lang='lat' dir='ltr'><strong>Edocemunnos,</strong></span> <span class='ocrx_word' id='word_1_884' title='bbox 1961 5729 1980 5761; x_wconf 72' lang='grc' dir='ltr'><strong><em>ι</em></strong></span> 
     </span>
    </p>
   </div>
   <div class='ocr_carea' id='block_1_109' title="bbox 425 5778 1983 5853">
    <p class='ocr_par' dir='ltr' id='par_1_109' title="bbox 425 5778 1983 5853">
     <span class='ocr_line' id='line_1_111' title="bbox 425 5778 1983 5853; baseline -0.007 -11"><span class='ocrx_word' id='word_1_885' title='bbox 425 5778 534 5842; x_wconf 72' lang='lat' dir='ltr'><strong>etc.</strong></span> <span class='ocrx_word' id='word_1_886' title='bbox 559 5778 654 5842; x_wconf 76' lang='lat' dir='ltr'><strong>Ms.</strong></span> <span class='ocrx_word' id='word_1_887' title='bbox 685 5801 823 5844; x_wconf 81' lang='lat' dir='ltr'><strong>unus</strong></span> <span class='ocrx_word' id='word_1_888' title='bbox 854 5784 1064 5846; x_wconf 89' lang='lat' dir='ltr'><strong>itidem,</strong></span> <span class='ocrx_word' id='word_1_889' title='bbox 1107 5800 1126 5835; x_wconf 74' lang='grc' dir='ltr'>ι</span> <span class='ocrx_word' id='word_1_890' title='bbox 1165 5778 1453 5839; x_wconf 77' lang='lat' dir='ltr'><strong>edocemur</strong></span> <span class='ocrx_word' id='word_1_891' title='bbox 1480 5794 1598 5838; x_wconf 90' lang='lat' dir='ltr'><strong>nos.</strong></span> <span class='ocrx_word' id='word_1_892' title='bbox 1641 5798 1660 5832; x_wconf 79' lang='grc' dir='ltr'><strong><em>ι</em></strong></span> <span class='ocrx_word' id='word_1_893' title='bbox 1703 5778 1983 5853; x_wconf 70' lang='grc' dir='ltr'><strong>Κεὼειιιιις,</strong></span> 
     </span>
    </p>
   </div>
   <div class='ocr_carea' id='block_1_110' title="bbox 2097 4570 3666 4649">
    <p class='ocr_par' dir='ltr' id='par_1_110' title="bbox 2097 4570 3666 4649">
     <span class='ocr_line' id='line_1_112' title="bbox 2097 4570 3666 4649; baseline -0.008 -12"><span class='ocrx_word' id='word_1_894' title='bbox 2097 4595 2221 4637; x_wconf 90' lang='lat' dir='ltr'><strong>cum</strong></span> <span class='ocrx_word' id='word_1_895' title='bbox 2277 4579 2351 4633; x_wconf 90' lang='lat' dir='ltr'><strong>ita</strong></span> <span class='ocrx_word' id='word_1_896' title='bbox 2404 4577 2517 4649; x_wconf 81' lang='lat'><strong>(75)</strong></span> <span class='ocrx_word' id='word_1_897' title='bbox 2572 4577 3037 4644; x_wconf 84' lang='lat' dir='ltr'><strong>interpretandum</strong></span> <span class='ocrx_word' id='word_1_898' title='bbox 3088 4582 3365 4644; x_wconf 88' lang='lat' dir='ltr'><strong>putarunt,</strong></span> <span class='ocrx_word' id='word_1_899' title='bbox 3412 4581 3473 4627; x_wconf 91' lang='lat' dir='ltr'><strong>ut</strong></span> <span class='ocrx_word' id='word_1_900' title='bbox 3519 4570 3666 4640; x_wconf 89' lang='lat' dir='ltr'><strong>quod</strong></span> 
     </span>
    </p>
   </div>
   <div class='ocr_carea' id='block_1_111' title="bbox 2100 4662 3667 4736">
    <p class='ocr_par' dir='ltr' id='par_1_111' title="bbox 2100 4662 3667 4736">
     <span class='ocr_line' id='line_1_113' title="bbox 2100 4662 3667 4736; baseline -0.008 -10"><span class='ocrx_word' id='word_1_901' title='bbox 2100 4670 2262 4734; x_wconf 81' lang='lat' dir='ltr'><strong>dixit,</strong></span> <span class='ocrx_word' id='word_1_902' title='bbox 2291 4688 2312 4721; x_wconf 73' lang='grc' dir='ltr'>ι</span> <span class='ocrx_word' id='word_1_903' title='bbox 2350 4667 2447 4722; x_wconf 77' lang='lat' dir='ltr'><strong>Vix</strong></span> <span class='ocrx_word' id='word_1_904' title='bbox 2473 4667 2612 4722; x_wconf 88' lang='lat' dir='ltr'><strong>enim</strong></span> <span class='ocrx_word' id='word_1_905' title='bbox 2644 4683 2743 4736; x_wconf 92' lang='lat' dir='ltr'><strong>pro</strong></span> <span class='ocrx_word' id='word_1_906' title='bbox 2765 4668 2914 4732; x_wconf 89' lang='lat' dir='ltr'><strong>justo</strong></span> <span class='ocrx_word' id='word_1_907' title='bbox 2938 4664 3060 4734; x_wconf 90' lang='lat' dir='ltr'><strong>quis</strong></span> <span class='ocrx_word' id='word_1_908' title='bbox 3089 4665 3338 4727; x_wconf 90' lang='lat' dir='ltr'><strong>moritur,</strong></span> <span class='ocrx_word' id='word_1_909' title='bbox 3396 4681 3415 4715; x_wconf 75' lang='grc' dir='ltr'><strong><em>ι</em></strong></span> <span class='ocrx_word' id='word_1_910' title='bbox 3459 4663 3526 4716; x_wconf 90' lang='lat' dir='ltr'><strong>de</strong></span> <span class='ocrx_word' id='word_1_911' title='bbox 3558 4662 3667 4714; x_wconf 65' lang='lat' dir='ltr'><strong>Deo</strong></span> 
     </span>
    </p>
   </div>
   <div class='ocr_carea' id='block_1_112' title="bbox 2101 4754 3670 4835">
    <p class='ocr_par' dir='ltr' id='par_1_112' title="bbox 2101 4754 3670 4835">
     <span class='ocr_line' id='line_1_114' title="bbox 2101 4754 3670 4835; baseline -0.008 -17"><span class='ocrx_word' id='word_1_912' title='bbox 2101 4763 2257 4835; x_wconf 85' lang='lat' dir='ltr'><strong>legis,</strong></span> <span class='ocrx_word' id='word_1_913' title='bbox 2287 4776 2446 4830; x_wconf 90' lang='lat' dir='ltr'><strong>quem</strong></span> <span class='ocrx_word' id='word_1_914' title='bbox 2469 4761 2697 4831; x_wconf 88' lang='lat' dir='ltr'><strong>justum,</strong></span> <span class='ocrx_word' id='word_1_915' title='bbox 2721 4774 2830 4814; x_wconf 93' lang='lat' dir='ltr'><strong>non</strong></span> <span class='ocrx_word' id='word_1_916' title='bbox 2858 4757 3021 4813; x_wconf 89' lang='lat' dir='ltr'><strong>etiam</strong></span> <span class='ocrx_word' id='word_1_917' title='bbox 3051 4756 3255 4811; x_wconf 89' lang='lat' dir='ltr'><strong>bonum</strong></span> <span class='ocrx_word' id='word_1_918' title='bbox 3279 4754 3670 4818; x_wconf 78' lang='lat' dir='ltr'><strong>dicunt,intel-</strong></span> 
     </span>
    </p>
   </div>
   <div class='ocr_carea' id='block_1_113' title="bbox 2099 4844 3664 4927">
    <p class='ocr_par' dir='ltr' id='par_1_113' title="bbox 2099 4844 3664 4927">
     <span class='ocr_line' id='line_1_115' title="bbox 2099 4844 3664 4927; baseline -0.009 -17"><span class='ocrx_word' id='word_1_919' title='bbox 2099 4856 2192 4927; x_wconf 87' lang='lat' dir='ltr'><strong>ligi</strong></span> <span class='ocrx_word' id='word_1_920' title='bbox 2237 4854 2437 4908; x_wconf 87' lang='lat' dir='ltr'><strong>debere</strong></span> <span class='ocrx_word' id='word_1_921' title='bbox 2493 4852 2850 4916; x_wconf 87' lang='lat' dir='ltr'><strong>conﬁrment;</strong></span> <span class='ocrx_word' id='word_1_922' title='bbox 2888 4850 3086 4902; x_wconf 90' lang='lat' dir='ltr'><strong>bonum</strong></span> <span class='ocrx_word' id='word_1_923' title='bbox 3137 4854 3317 4901; x_wconf 86' lang='lat' dir='ltr'><strong>autem</strong></span> <span class='ocrx_word' id='word_1_924' title='bbox 3363 4844 3664 4907; x_wconf 88' lang='lat' dir='ltr'><strong>Christum,</strong></span> 
     </span>
    </p>
   </div>
   <div class='ocr_carea' id='block_1_114' title="bbox 2795 4979 3661 5044">
    <p class='ocr_par' dir='ltr' id='par_1_114' title="bbox 2795 4979 3661 5044">
     <span class='ocr_line' id='line_1_116' title="bbox 2795 4979 3661 5044; baseline -0.005 -7"><span class='ocrx_word' id='word_1_925' title='bbox 2795 4984 2841 5016; x_wconf 74' lang='lat'><strong>“&#39;</strong></span> <span class='ocrx_word' id='word_1_926' title='bbox 2885 4982 3044 5036; x_wconf 78' lang='lat' dir='ltr'><strong>Rom.</strong></span> <span class='ocrx_word' id='word_1_927' title='bbox 3079 4996 3166 5044; x_wconf 67' lang='lat' dir='ltr'><strong>sv,</strong></span> <span class='ocrx_word' id='word_1_928' title='bbox 3217 4980 3307 5034; x_wconf 77' lang='lat'><strong>30.</strong></span> <span class='ocrx_word' id='word_1_929' title='bbox 3385 4979 3430 5011; x_wconf 78' lang='grc'><strong>⁸⁸</strong></span> <span class='ocrx_word' id='word_1_930' title='bbox 3455 4980 3470 5032; x_wconf 97' lang='grc'><strong>1</strong></span> <span class='ocrx_word' id='word_1_931' title='bbox 3498 4979 3661 5033; x_wconf 80' lang='lat' dir='ltr'><strong>Joan.</strong></span> 
     </span>
    </p>
   </div>
   <div class='ocr_carea' id='block_1_115' title="bbox 2537 5050 3666 5118">
    <p class='ocr_par' dir='ltr' id='par_1_115' title="bbox 2537 5050 3666 5118">
     <span class='ocr_line' id='line_1_117' title="bbox 2537 5050 3666 5118; baseline -0.005 -9"><span class='ocrx_word' id='word_1_932' title='bbox 2537 5055 2585 5087; x_wconf 68' lang='lat'><strong>7°</strong></span> <span class='ocrx_word' id='word_1_933' title='bbox 2611 5055 2771 5109; x_wconf 75' lang='lat' dir='ltr'><strong>item.</strong></span> <span class='ocrx_word' id='word_1_934' title='bbox 2834 5068 2889 5118; x_wconf 77' lang='grc' dir='ltr'><strong>ν,</strong></span> <span class='ocrx_word' id='word_1_935' title='bbox 2934 5052 2989 5116; x_wconf 84' lang='grc'><strong>6,</strong></span> <span class='ocrx_word' id='word_1_936' title='bbox 3035 5052 3090 5105; x_wconf 89' lang='grc'><strong>7.</strong></span> <span class='ocrx_word' id='word_1_937' title='bbox 3164 5053 3209 5085; x_wconf 73' lang='grc' dir='ltr'><strong>τι</strong></span> <span class='ocrx_word' id='word_1_938' title='bbox 3250 5050 3417 5104; x_wconf 80' lang='lat' dir='ltr'><strong>Marc.</strong></span> <span class='ocrx_word' id='word_1_939' title='bbox 3469 5065 3528 5116; x_wconf 72' lang='grc' dir='ltr'><strong>ι,</strong></span> <span class='ocrx_word' id='word_1_940' title='bbox 3572 5053 3666 5103; x_wconf 65' lang='lat' dir='ltr'><strong>is.</strong></span> 
     </span>
    </p>
   </div>
   <div class='ocr_carea' id='block_1_116' title="bbox 2102 5211 3664 5282">
    <p class='ocr_par' dir='ltr' id='par_1_116' title="bbox 2102 5211 3664 5282">
     <span class='ocr_line' id='line_1_118' title="bbox 2102 5211 3664 5282; baseline -0.006 -9"><span class='ocrx_word' id='word_1_941' title='bbox 2102 5228 2224 5281; x_wconf 62' lang='lat' dir='ltr'><strong>ret</strong></span> <span class='ocrx_word' id='word_1_942' title='bbox 2256 5218 2418 5274; x_wconf 85' lang='lat' dir='ltr'><strong>docet</strong></span> <span class='ocrx_word' id='word_1_943' title='bbox 2465 5232 2584 5282; x_wconf 92' lang='lat' dir='ltr'><strong>nos,</strong></span> <span class='ocrx_word' id='word_1_944' title='bbox 2641 5235 2660 5269; x_wconf 74' lang='grc' dir='ltr'><strong>ι</strong></span> <span class='ocrx_word' id='word_1_945' title='bbox 2711 5216 2806 5272; x_wconf 90' lang='lat' dir='ltr'><strong>sed</strong></span> <span class='ocrx_word' id='word_1_946' title='bbox 2841 5214 3025 5270; x_wconf 67' lang='lat' dir='ltr'><strong>caeteri</strong></span> <span class='ocrx_word' id='word_1_947' title='bbox 3081 5228 3216 5269; x_wconf 88' lang='lat' dir='ltr'><strong>mss.</strong></span> <span class='ocrx_word' id='word_1_948' title='bbox 3259 5221 3318 5266; x_wconf 96' lang='lat' dir='ltr'><strong>ut</strong></span> <span class='ocrx_word' id='word_1_949' title='bbox 3362 5211 3416 5265; x_wconf 91' lang='lat' dir='ltr'><strong>in</strong></span> <span class='ocrx_word' id='word_1_950' title='bbox 3473 5220 3664 5264; x_wconf 85' lang='lat' dir='ltr'><strong>nostro</strong></span> 
     </span>
    </p>
   </div>
   <div class='ocr_carea' id='block_1_117' title="bbox 2096 5300 2268 5346">
    <p class='ocr_par' dir='ltr' id='par_1_117' title="bbox 2096 5300 2268 5346">
     <span class='ocr_line' id='line_1_119' title="bbox 2096 5300 2268 5346; baseline -0.012 0"><span class='ocrx_word' id='word_1_951' title='bbox 2096 5300 2268 5346; x_wconf 82' lang='lat' dir='ltr'><strong>textu.</strong></span> 
     </span>
    </p>
   </div>
   <div class='ocr_carea' id='block_1_118' title="bbox 2165 5355 3057 5500">
    <p class='ocr_par' dir='ltr' id='par_1_118' title="bbox 2165 5355 3057 5500">
     <span class='ocr_line' id='line_1_120' title="bbox 2165 5355 3057 5500; baseline -0.009 -88"><span class='ocrx_word' id='word_1_952' title='bbox 2165 5357 2279 5500; x_wconf 75' lang='lat'><strong>(72)</strong></span> <span class='ocrx_word' id='word_1_953' title='bbox 2313 5356 2487 5423; x_wconf 88' lang='lat' dir='ltr'><strong>Alias,</strong></span> <span class='ocrx_word' id='word_1_954' title='bbox 2522 5375 2542 5409; x_wconf 73' lang='grc' dir='ltr'><strong>ε</strong></span> <span class='ocrx_word' id='word_1_955' title='bbox 2578 5366 2635 5411; x_wconf 92' lang='lat' dir='ltr'><strong>et</strong></span> <span class='ocrx_word' id='word_1_956' title='bbox 2668 5372 2772 5410; x_wconf 90' lang='lat' dir='ltr'><strong>non</strong></span> <span class='ocrx_word' id='word_1_957' title='bbox 2803 5355 3057 5435; x_wconf 44' lang='lat' dir='ltr'><strong>solum...</strong></span> 
     </span>
     <span class='ocr_line' id='line_1_121' title="bbox 2165 5428 3057 5500; baseline -0.01 -16"><span class='ocrx_word' id='word_1_958' title='bbox 2165 5428 2255 5500; x_wconf 80' lang='grc'><strong>(75</strong></span> <span class='ocrx_word' id='word_1_959' title='bbox 2309 5429 2480 5489; x_wconf 77' lang='lat' dir='ltr'><strong>Alias,</strong></span> <span class='ocrx_word' id='word_1_960' title='bbox 2511 5446 2529 5478; x_wconf 74' lang='grc' dir='ltr'>ι</span> <span class='ocrx_word' id='word_1_961' title='bbox 2564 5429 2781 5488; x_wconf 87' lang='lat' dir='ltr'><strong>audent.</strong></span> <span class='ocrx_word' id='word_1_962' title='bbox 2811 5439 3057 5495; x_wconf 79' lang='lat' dir='ltr'><strong>quamvis</strong></span> 
     </span>
    </p>
   </div>
   <div class='ocr_carea' id='block_1_119' title="bbox 2189 5419 3340 5495">
    <p class='ocr_par' dir='ltr' id='par_1_119' title="bbox 2189 5419 3340 5495">
     <span class='ocr_line' id='line_1_122' title="bbox 2189 5419 3340 5495; baseline -0.007 -15"><span class='ocrx_word' id='word_1_963' title='bbox 2189 5419 2278 5495; x_wconf 79' lang='grc'><strong>75)</strong></span> <span class='ocrx_word' id='word_1_964' title='bbox 2309 5419 2482 5489; x_wconf 67' lang='lat' dir='ltr'><strong>Alias,</strong></span> <span class='ocrx_word' id='word_1_965' title='bbox 2511 5446 2529 5478; x_wconf 74' lang='grc' dir='ltr'>ι</span> <span class='ocrx_word' id='word_1_966' title='bbox 2564 5429 2781 5488; x_wconf 88' lang='lat' dir='ltr'><strong>audent.</strong></span> <span class='ocrx_word' id='word_1_967' title='bbox 2811 5425 3090 5495; x_wconf 80' lang='lat' dir='ltr'><strong>quamvis,</strong></span> <span class='ocrx_word' id='word_1_968' title='bbox 3121 5439 3141 5474; x_wconf 72' lang='grc' dir='ltr'><strong><em>ι</em></strong></span> <span class='ocrx_word' id='word_1_969' title='bbox 3180 5419 3340 5495; x_wconf 78' lang='lat' dir='ltr'><strong>male.</strong></span> 
     </span>
    </p>
   </div>
   <div class='ocr_carea' id='block_1_120' title="bbox 2190 5491 3658 5568">
    <p class='ocr_par' dir='ltr' id='par_1_120' title="bbox 2190 5491 3658 5568">
     <span class='ocr_line' id='line_1_123' title="bbox 2190 5491 3658 5568; baseline -0.005 -20"><span class='ocrx_word' id='word_1_970' title='bbox 2190 5491 2279 5568; x_wconf 60' lang='lat'><strong>74&#39;)</strong></span> <span class='ocrx_word' id='word_1_971' title='bbox 2321 5500 2412 5552; x_wconf 79' lang='lat' dir='ltr'><strong>Sic</strong></span> <span class='ocrx_word' id='word_1_972' title='bbox 2470 5511 2662 5568; x_wconf 82' lang='lat' dir='ltr'><strong>omnes</strong></span> <span class='ocrx_word' id='word_1_973' title='bbox 2731 5491 2862 5568; x_wconf 76' lang='lat' dir='ltr'><strong>mss.</strong></span> <span class='ocrx_word' id='word_1_974' title='bbox 2927 5494 3118 5547; x_wconf 91' lang='lat' dir='ltr'><strong>nostri.</strong></span> <span class='ocrx_word' id='word_1_975' title='bbox 3186 5491 3442 5568; x_wconf 62' lang='lat' dir='ltr'><strong>[tabanus</strong></span> <span class='ocrx_word' id='word_1_976' title='bbox 3503 5502 3658 5568; x_wconf 76' lang='lat' dir='ltr'><strong>vero,</strong></span> 
     </span>
    </p>
   </div>
   <div class='ocr_carea' id='block_1_121' title="bbox 2097 5558 3659 5625">
    <p class='ocr_par' dir='ltr' id='par_1_121' title="bbox 2097 5558 3659 5625">
     <span class='ocr_line' id='line_1_124' title="bbox 2097 5558 3659 5625; baseline -0.006 -3"><span class='ocrx_word' id='word_1_977' title='bbox 2097 5588 2116 5622; x_wconf 74' lang='grc' dir='ltr'><strong><em>ι</em></strong></span> <span class='ocrx_word' id='word_1_978' title='bbox 2153 5558 2401 5624; x_wconf 74' lang='lat' dir='ltr'><strong>conditio</strong></span> <span class='ocrx_word' id='word_1_979' title='bbox 2431 5565 2773 5621; x_wconf 87' lang='lat' dir='ltr'><strong>mortalitatis</strong></span> <span class='ocrx_word' id='word_1_980' title='bbox 2814 5567 2903 5618; x_wconf 81' lang='lat' dir='ltr'><strong>vix</strong></span> <span class='ocrx_word' id='word_1_981' title='bbox 2944 5573 3122 5615; x_wconf 87' lang='lat' dir='ltr'><strong>tamen</strong></span> <span class='ocrx_word' id='word_1_982' title='bbox 3161 5558 3503 5625; x_wconf 85' lang='lat' dir='ltr'><strong>amplectitur</strong></span> <span class='ocrx_word' id='word_1_983' title='bbox 3535 5559 3659 5613; x_wconf 81' lang='lat' dir='ltr'><strong>ani-</strong></span> 
     </span>
    </p>
   </div>
   <div class='ocr_carea' id='block_1_122' title="bbox 2091 5628 3660 5700">
    <p class='ocr_par' dir='ltr' id='par_1_122' title="bbox 2091 5628 3660 5700">
     <span class='ocr_line' id='line_1_125' title="bbox 2091 5628 3660 5700; baseline -0.01 -7"><span class='ocrx_word' id='word_1_984' title='bbox 2091 5656 2262 5700; x_wconf 83' lang='lat' dir='ltr'><strong>mum.</strong></span> <span class='ocrx_word' id='word_1_985' title='bbox 2297 5649 2438 5692; x_wconf 71' lang='lat' dir='ltr'><strong>aetc.</strong></span> <span class='ocrx_word' id='word_1_986' title='bbox 2480 5637 2646 5700; x_wconf 87' lang='lat' dir='ltr'><strong>Editi,</strong></span> <span class='ocrx_word' id='word_1_987' title='bbox 2681 5633 3026 5696; x_wconf 69' lang='lat' dir='ltr'><strong>«conditioni,</strong></span> <span class='ocrx_word' id='word_1_988' title='bbox 3052 5646 3184 5699; x_wconf 65' lang='lat' dir='ltr'><strong>apro</strong></span> <span class='ocrx_word' id='word_1_989' title='bbox 3211 5650 3230 5681; x_wconf 79' lang='grc' dir='ltr'>ι</span> <span class='ocrx_word' id='word_1_990' title='bbox 3261 5628 3593 5685; x_wconf 83' lang='lat' dir='ltr'><strong>conditione.</strong></span> <span class='ocrx_word' id='word_1_991' title='bbox 3638 5646 3660 5677; x_wconf 76' lang='grc' dir='ltr'><strong>ι</strong></span> 
     </span>
    </p>
   </div>
   <div class='ocr_carea' id='block_1_123' title="bbox 2163 5700 3466 5782">
    <p class='ocr_par' dir='ltr' id='par_1_123' title="bbox 2163 5700 3466 5782">
     <span class='ocr_line' id='line_1_126' title="bbox 2163 5700 3466 5782; baseline -0.007 -20"><span class='ocrx_word' id='word_1_992' title='bbox 2163 5707 2278 5782; x_wconf 82' lang='grc'><strong>(75)</strong></span> <span class='ocrx_word' id='word_1_993' title='bbox 2319 5707 2426 5763; x_wconf 83' lang='grc' dir='ltr'><strong>Ιια.</strong></span> <span class='ocrx_word' id='word_1_994' title='bbox 2460 5706 2811 5763; x_wconf 87' lang='lat' dir='ltr'><strong>Desideratur</strong></span> <span class='ocrx_word' id='word_1_995' title='bbox 2840 5704 2896 5759; x_wconf 90' lang='lat' dir='ltr'><strong>in</strong></span> <span class='ocrx_word' id='word_1_996' title='bbox 2921 5701 3078 5758; x_wconf 81' lang='lat' dir='ltr'><strong>libris</strong></span> <span class='ocrx_word' id='word_1_997' title='bbox 3103 5708 3258 5756; x_wconf 84' lang='lat' dir='ltr'><strong>antea</strong></span> <span class='ocrx_word' id='word_1_998' title='bbox 3283 5700 3466 5754; x_wconf 81' lang='lat' dir='ltr'><strong>editis.</strong></span> 
     </span>
    </p>
   </div>
  </div>
