4170 6380
531 303 642 357 999
2014 301 2342 360 ORIGENIS
3663 317 3806 374 £000

532 425 794 488 tanquam
837 422 962 476 boni
990 423 1170 478 Patris
1200 423 1420 488 Filium,
1469 436 1810 480 asseverant.
1853 426 1959 482 Sed
1987 428 2116 497 quid
2147 425 2192 479 A
2220 423 2429 478 idcirco
2458 421 2519 477 ﬁt
2565 423 2713 494 (8f),
2761 426 2905 496 quod
2952 426 3325 498 relinquentes
3370 433 3538 489 Deum
3590 447 3806 506 patrum

532 519 714 576 agent,
741 512 867 579 quia
903 513 1210 570 invenimus
1246 527 1303 570 et
1333 519 1385 571 in
1417 517 1533 587 lege
1564 530 1835 586 martyres
1868 522 2112 577 multos?
2218 529 2467 582 suorum,
2496 518 2630 572 deos
2667 519 2906 586 gentium
2941 521 3147 574 colunt.
3183 521 3336 588 Quod
3364 540 3499 581 vero
3520 525 3722 584 Paulus
3749 548 3809 585 se

532 600 1198 672 Leganthlachabaorum
1232 609 1426 675 libros,
1460 611 1552 664 ubi
1577 627 1702 666 cum
1732 615 2117 669 omniiusiau.
2217 622 2340 660 cum
2389 609 2768 677 peccatoribus
2814 613 3157 675 numerat”,
3209 616 3302 683 qui
3356 615 3410 669 in
3478 618 3616 682 aliis.
3649 621 3804 689 dicit,

533 693 610 746 tia
651 696 806 748 beata
857 708 1034 751 mater
1070 714 1195 754 cum
1251 710 1457 768 septem
1503 700 1627 757 ﬁliis
1657 706 1978 774 martyrium
2023 721 2118 760 su-

2222 717 2242 750 (
2283 698 2392 753 Nos
2437 709 2631 753 natura
2669 700 2872 762 Judaei,
2897 711 2952 755 et
2998 717 3106 757 non
3134 719 3201 758 ex
3245 707 3499 772 gentibus
3554 723 3805 779 peccato-

529 785 694 853 scipit
735 787 804 850 ",
854 791 1060 858 quique
1112 806 1216 845 non
1255 793 1428 847 solum
1480 796 1802 865 martyrium
1847 801 2115 868 patienia.-
2217 803 2308 843 res
2335 790 2406 857 ⁷⁸,
2453 807 2473 841 ι
2509 788 2838 844 humilitatis
2861 791 2979 860 ejus
3015 803 3102 847 est
3133 794 3330 849 virtus.
3375 796 3626 852 lmitatnr
3655 802 3801 855 enim

529 879 834 946 excipiunt,
871 896 1058 935 verum
1078 894 1133 938 et
1163 888 1529 944 contumelias
1553 889 1811 959 ingerunt
1848 891 1898 944 in
1924 903 2112 961 lyran-
2215 880 2387 944 illum.
2425 899 2444 932 α
2478 882 2570 952 (Ιυί
2600 897 2724 936 eum
2755 893 3042 951 Peccatum
3073 899 3179 939 ηοη
3214 887 3438 942 Γθεῖεεει
3462 929 3477 952 .
3512 905 3800 958 peeellun!

528 987 694 1025 num:
728 983 784 1028 et
841 977 1061 1032 videant
1112 979 1157 1034 si
1192 995 1381 1034 verum
1429 991 1516 1037 est
1547 984 1690 1051 quod
1735 985 1944 1050 dicunt,
1984 988 2109 1056 quia
2214 988 2313 1041 Ι)το
2343 973 2500 1028 ﬂebis
2530 974 2704 1029 iectus
2734 985 2816 1030 εει
2843 976 2923 1039 ³⁰ς
2964 995 2984 1028 ι
3036 985 3094 1031 el
3117 992 3241 1032 eum
3273 979 3418 1035 Deus
3449 992 3621 1048 esset,
3659 984 3802 1039 inter

529 1079 551 1113 ο
584 1065 673 1117 vix
717 1081 815 1134 pro
849 1066 999 1134 justo
1027 1069 1150 1137 quis
1192 1073 1445 1126 moritur.
1489 1092 1510 1126 ι
1565 1075 1797 1130 Videant
1843 1087 1956 1131 tres
1988 1094 2114 1144 pllc-
2215 1069 2462 1124 iIOuiiues
2511 1081 2868 1126 convertimus
2923 1080 3007 1127 est
3039 1073 3110 1131 δι.
3171 1093 3190 1126 ι
3253 1075 3614 1132 Commendat
3667 1095 3798 1152 ergo

526 1169 618 1208 ros
647 1157 701 1210 in
735 1160 951 1212 camino
984 1160 1126 1229 ignis
1154 1164 1396 1218 ardentis
1421 1181 1545 1220 cum
1587 1168 1734 1221 omni
1772 1167 1968 1223 ﬁducia
2012 1186 2110 1235 pro
2212 1177 2362 1216 euelli
2395 1162 2720 1217 eilerilaielu
2778 1164 2920 1220 Deus
2963 1165 3076 1237 (89)
3109 1167 3163 1221 in
3194 1168 3375 1224 nobis.
3413 1189 3432 1222 ι
3469 1171 3568 1227 Hic
3601 1191 3620 1224 α
3649 1189 3799 1228 com-

523 1246 651 1302 ﬁdei
685 1250 942 1307 libertate
972 1254 1252 1323 conjectos
1280 1257 1345 1323 "",
1381 1267 1436 1312 et
1461 1259 1648 1314 dicant
1675 1263 1800 1329 quia
1835 1280 1854 1314 ε
1894 1263 1980 1316 vix
2009 1279 2109 1334 pro
2212 1253 2453 1318 meudat,
2498 1273 2517 1306 ι
2557 1254 2640 1307 vel
2672 1257 2964 1311 conﬁrmat
3002 1259 3349 1329 intelligitur,
3382 1262 3467 1316 vel
3501 1265 3796 1321 amabilem

518 1340 665 1406 justo
699 1343 823 1412 quis
853 1346 1108 1401 moritur.
1148 1367 1168 1402 ι
1211 1350 1335 1404 Sola
1370 1365 1501 1416 ergo
1535 1369 1682 1407 mor-5
1721 1362 1805 1409 εει
1836 1371 1936 1424 pro
1963 1357 2104 1420 neu,
2211 1346 2342 1402 facit
2372 1363 2474 1418 pro
2505 1347 2803 1404 beneﬁciis.
2846 1349 2998 1416 Quod
3021 1352 3167 1406 enim
3200 1370 3220 1403 ι
3251 1353 3524 1417 Christus,
3555 1371 3678 1410 cunt
3702 1361 3798 1412 ad-

522 1432 682 1506 541
717 1453 836 1505 quae
863 1453 986 1492 cum
1011 1443 1156 1495 omni
1185 1443 1410 1497 audacia
1441 1444 1554 1516 (76)
1580 1447 1905 1515 suscipitur:
1928 1451 2107 1504 omnis
2210 1439 2316 1495 huc
2369 1452 2690 1510 peccatores
2717 1456 2965 1496 essemus
2985 1483 3000 1507 ,
3033 1458 3132 1513 pro
3176 1446 3332 1499 nobis
3361 1457 3610 1502 mortuus
3631 1459 3735 1514 est,
3766 1467 3792 1504 ο

523 1539 707 1582 autem
737 1529 946 1599 reliqua
971 1548 1119 1587 mors
1145 1535 1234 1586 vix
1281 1535 1579 1591 toleranter
1609 1538 1824 1592 subitur
1850 1540 2013 1593 etiam
2059 1541 2106 1595 si
2209 1548 2358 1600 spem
2397 1535 2556 1588 nobis
2584 1535 2680 1588 dat
2716 1535 2860 1602 quod
2913 1535 3084 1590 multo
3131 1538 3305 1606 magis
3348 1552 3448 1594 nos
3499 1555 3528 1592 a
3570 1550 3795 1608 peceato

518 1620 660 1689 insta
677 1624 1105 1688 sil,ethuman:e
1121 1627 1454 1683 conditionis
1520 1625 1639 1697 lege
1657 1630 2100 1703 descendat(77).
2209 1637 2467 1696 purgatos
2493 1636 2547 1680 et
2568 1626 2919 1692 justilicatos,
2958 1629 3028 1681 ab
3057 1628 3135 1682 ira
3167 1645 3291 1699 qum
3321 1629 3570 1685 imminet
3597 1647 3794 1700 pecca-

592 1718 680 1772 ll.
726 1737 745 1771 ι
782 1718 1144 1775 Commendat
1192 1731 1372 1777 autem
1411 1737 1568 1777 suam
1603 1725 1928 1779 charitatem
1960 1725 2104 1781 Deus
2138 1771 2176 1788 η
2211 1727 2239 1770 ιε

2144 1771 2176 1788 η
2211 1718 2419 1772 toribus
2445 1717 2682 1772 salvabit
2708 1734 2805 1788 per
2836 1718 3014 1785 ipsqu
3050 1736 3063 1772 :
3099 1728 3154 1774 et
3178 1720 3271 1788 qui
3297 1719 3504 1775 alienos
3525 1730 3582 1775 et
3609 1722 3791 1776 inimi-

519 1808 574 1863 in
603 1811 757 1865 nobis
789 1827 805 1864 :
841 1813 1096 1878 quoniam
1130 1813 1173 1867 si
1219 1829 1344 1867 cum
1377 1813 1557 1869 adhuc
1601 1827 1923 1884 peccatores
1954 1831 2102 1870 esse-
2137 1771 2177 1828 Β
2209 1826 2301 1865 cos
2335 1811 2406 1864 ita
2441 1811 2666 1875 dilexit,
2706 1821 2766 1865 ut
2811 1827 2911 1882 pro
2943 1812 3098 1868 nobis
3155 1815 3221 1866 ad
3271 1795 3502 1868 mortem
3557 1814 3787 1871 Unicum

519 1917 671 1966 ntus,
700 1901 955 1957 Christus
1009 1918 1109 1972 pro
1152 1904 1308 1957 nobis
1350 1913 1599 1958 mortuus
1631 1913 1715 1958 est
1765 1903 1903 1974 (78),
1933 1907 2101 1961 multo
2207 1917 2363 1956 suum
2391 1903 2582 1966 daret,
2617 1901 2788 1958 multo
2823 1903 2996 1970 magis
3035 1919 3162 1958 suos
3187 1903 3410 1960 cﬁ'ectos
3450 1916 3504 1959 et
3544 1907 3789 1961 reconci-

517 1995 694 2062 magis
727 2010 875 2050 nunc
898 2009 1030 2062 ergo
1053 1994 1336 2061 iustiﬁcati
1371 1995 1424 2049 in
1460 1995 1721 2066 sanguine
1747 1996 1937 2063 ipsius,
1967 1997 2099 2051 salvi
2205 1996 2365 2049 liatos
2393 1995 2518 2062 sibi,
2548 2006 2749 2050 aeterna
2785 1996 2960 2050 salute
2995 1997 3236 2050 donabit.
3279 1995 3559 2064 Quomodo
3605 2010 3787 2055 autem

516 2085 722 2141 erimus
763 2087 832 2141 ab
860 2087 938 2140 ira
967 2101 1067 2156 per
1098 2087 1273 2155 ipsum
1303 2087 1371 2138 ⁷⁵.
1417 2103 1436 2138 ι
1477 2085 1613 2140 Cum
1643 2086 1872 2142 dixisset
1921 2088 1974 2142 in
2008 2103 2100 2142 su-
2202 2083 2457 2139 Christus
2481 2100 2580 2155 pro
2624 2085 2780 2139 nobis
2810 2093 3056 2140 mortuus
3099 2087 3202 2154 sit,
3231 2096 3288 2141 et
3337 2087 3612 2156 quomodo
3657 2103 3784 2143 cum

517 2179 858 2247 perioribus,
888 2179 1019 2248 quia
1062 2197 1082 2229 ‹
1119 2178 1373 2234 Christus
1421 2180 1717 2235 secundum
1763 2190 1976 2251 tempus
2004 2183 2102 2236 ad-
2203 2177 2274 2232 sit
2303 2178 2492 2247 Agnus
2521 2177 2612 2232 Dei
2640 2178 2709 2243 ⁸³,
2749 2177 2935 2232 tulerit
2960 2189 3246 2248 peccatum
3299 2180 3524 2244 mundi,
3551 2189 3606 2234 et
3640 2179 3786 2235 inﬁr-

518 2271 622 2324 huc
678 2284 777 2338 pro
821 2269 999 2339 impiis
1046 2279 1291 2323 mortuus
1329 2278 1432 2331 est,
1473 2289 1493 2323 ι
1529 2285 1675 2324 nunc
1705 2273 1994 2325 ostendere
2027 2287 2094 2326 ex
2207 2271 2426 2324 Initates
2459 2279 2677 2324 nostras
2705 2271 3032 2339 portaverit,
3062 2279 3116 2326 et
3140 2285 3241 2339 pro
3268 2271 3426 2327 nobis
3454 2271 3689 2327 doluerit
3711 2269 3783 2336 ⁸³.

516 2363 621 2415 hoc
647 2359 763 2413 vult
793 2359 885 2413 Dei
911 2359 1194 2413 charitatis
1213 2375 1343 2427 erga
1377 2361 1626 2416 homines
1649 2362 2097 2430 magnitudinem,
2203 2377 2348 2430 saepe
2379 2377 2408 2415 a
2440 2361 2600 2416 nobis
2637 2362 2690 2416 in
2723 2362 2846 2416 aliis
2875 2362 3017 2416 dicta
3047 2372 3174 2416 sunt
3211 2361 3379 2427 locis,
3408 2363 3498 2418 ubi
3527 2363 3780 2418 adhibui—

515 2451 643 2521 quia
679 2451 723 2504 si
749 2466 876 2521 erga
915 2450 1110 2518 impios
1144 2458 1200 2503 et
1226 2459 1551 2520 peccatores
1581 2463 1727 2505 tanta
1764 2453 1998 2517 exstitit,
2041 2462 2099 2506 ιιι
2203 2469 2324 2508 mus
2342 2464 2398 2509 et
2426 2469 2489 2508 ea
2512 2470 2633 2522 qua:
2661 2456 2713 2508 in
2735 2455 3086 2509 stecularibus
3113 2455 3354 2510 historiis
3376 2455 3782 2527 feruntur(83),

514 2559 617 2612 pro
661 2543 838 2599 salute
884 2558 1076 2598 eorum
1141 2544 1362 2596 unicutn
1416 2543 1611 2597 Filium
1661 2545 1852 2608 daret,
1895 2554 2099 2613 quanto
2199 2547 2344 2615 quod
2389 2547 2552 2600 etiam
2607 2548 2747 2616 apud
2805 2547 2951 2616 ipsos
3002 2547 3246 2600 nonnulli
3297 2547 3666 2617 pestilentias.
3698 2548 3781 2603 vel

513 2637 688 2706 magis
707 2651 834 2706 erga
866 2650 1184 2698 conversos,
1215 2644 1270 2691 et
1296 2638 1634 2702 emendatos,
1658 2647 1734 2703 et,
1761 2648 1818 2690 ut
1852 2640 1971 2707 ipse
1996 2640 2094 2702 ait,
2201 2637 2482 2702 turbines,
2517 2636 2733 2705 aliaque
2787 2637 2872 2691 his
2899 2637 3096 2690 similia
3129 2636 3485 2705 perhibentur
3513 2638 3673 2693 morti
3715 2653 3780 2694 se

516 2743 618 2782 suo
653 2729 920 2799 sanguine
965 2728 1272 2799 redemptos
1321 2729 1524 2798 largior
1555 2740 1608 2783 et
1656 2728 1905 2783 diffusior
1934 2731 2041 2783 erit
2071 2727 2101 2784 ?
2197 2726 2503 2793 objiciendo
2539 2727 2835 2796 repulisse,
2861 2737 2914 2782 et
2942 2728 3212 2795 patriam,
3249 2729 3333 2782 vel
3367 2740 3585 2798 gentem
3622 2747 3775 2784 suam

515 2819 633 2873 Non
663 2830 792 2889 puto
825 2835 958 2875 sane
984 2821 1128 2890 quod
1182 2822 1359 2876 otiosa
1385 2821 1457 2875 sit
1489 2821 1628 2890 apud
1663 2821 1890 2874 Paulum
1914 2822 2090 2876 varie-
2199 2818 2535 2873 imminentis
2575 2819 2743 2874 cladis
2795 2819 3007 2874 excidio
3059 2819 3340 2875 liberasse.
3395 2823 3527 2889 Quae
3553 2823 3778 2891 quidem

517 2921 600 2965 tas
644 2911 750 2966 ista
777 2914 1103 2975 verborum,
1145 2916 1290 2979 quod
1337 2913 1630 2980 aliquando
1682 2911 1960 2978 inﬁrmos,
1996 2914 2098 2967 ali-
2197 2927 2363 2982 quam
2393 2927 2521 2966 vere
2555 2912 2760 2979 scripta
2795 2913 2933 2978 sint,
2963 2911 3045 2966 vel
3078 2912 3206 2980 quid
3257 2915 3483 2968 rationis
3521 2915 3778 2978 habeant,

514 3005 734 3072 quando
763 3005 991 3074 impios,
1022 3005 1317 3074 aliquando
1346 3015 1665 3075 peccatores
1695 3006 1960 3070 nominat,
1997 3023 2095 3076 pro
2197 3004 2241 3058 si
2272 3018 2398 3058 vera
2429 3011 2592 3070 sunt,
2651 3002 2748 3058 Dei
2792 3013 2876 3058 est
2929 3019 3088 3059 nosse
3141 3005 3329 3060 solius.
3372 3005 3560 3062 Nullus
3597 3019 3779 3064 tamen

513 3095 710 3164 quibus
749 3094 1023 3151 Christum
1071 3106 1344 3149 mortuum
1395 3095 1527 3150 dicit
1556 3113 1570 3150 :
1609 3106 1665 3150 et
1713 3098 1963 3165 quamvis
1997 3098 2096 3151 im«
2121 3127 2166 3187 ο
2197 3096 2464 3164 ipsorum,
2503 3096 2570 3152 de
2595 3095 2793 3165 quibus
2825 3097 2930 3151 ista
2963 3108 3276 3160 narrantur,
3308 3113 3375 3153 ne
3405 3099 3532 3154 ﬁcto
3561 3101 3777 3169 quidem

513 3189 744 3256 peritum
771 3202 830 3242 se
863 3187 1101 3241 fateatur
1135 3188 1186 3241 in
1217 3202 1471 3242 sermone
1503 3189 1571 3252 ⁷⁸,
1602 3205 1706 3244 non
1740 3199 1922 3246 tamen
1948 3192 2091 3245 arbi-
2196 3202 2449 3243 sermone
2484 3189 2652 3243 totius
2682 3190 2866 3242 mundi
2903 3199 3124 3259 peccata
3181 3190 3480 3245 absolvisse
3527 3193 3780 3260 perhibe-

513 3291 630 3334 tror
654 3282 876 3346 quodin
908 3283 993 3335 his
1022 3283 1111 3335 ille
1143 3299 1239 3350 per
1267 3284 1621 3353 imperitiam.
1653 3284 1746 3339 sed
1783 3286 1965 3354 potius
1996 3301 2094 3355 per
2197 3288 2307 3344 tur.
2340 3279 2446 3334 nisi
2472 3277 2633 3334 ciesus
2653 3279 2822 3343 80|US.
2857 3297 2878 3332 ι
2921 3282 3014 3349 qui
3043 3296 3165 3335 eum
3198 3291 3341 3335 esset
3379 3281 3622 3335 informa
3655 3281 3776 3344 Dei.

512 3372 832 3442 profundam
869 3374 1156 3429 scientiam
1192 3376 1510 3432 variaverit.
1550 3376 1658 3432 Per
1688 3378 1803 3432 haec
1860 3393 2093 3448 namque
2195 3385 2303 3424 ueu
2331 3373 2575 3440 rapinam
2599 3371 2990 3426 ul'iiill'uluﬁest
3012 3386 3136 3426 esse
3156 3385 3216 3426 58
3237 3373 3503 3442 3illuuiem
3523 3373 3653 3439 Dee.
3679 3376 3776 3430 ﬁed

514 3466 615 3520 tria
647 3467 759 3534 (79)
789 3481 952 3520 omne
998 3467 1206 3534 peccati
1243 3468 1515 3537 colligitur
1565 3483 1754 3538 genus.
1798 3470 1906 3523 Aut
1943 3471 2090 3523 enim
2195 3464 2543 3533 semetipsum
2569 3463 2870 3516 exinanivit
2893 3464 2963 3528 ³⁸,
2987 3483 3006 3516 ι
3041 3473 3099 3521 et
3117 3465 3416 3520 secundum
3441 3465 3774 3519 voluntatem

511 3557 766 3624 ignorans
797 3557 960 3610 Deum
991 3557 1134 3624 quis,
1165 3566 1357 3626 peccat
1385 3560 1439 3611 in
1476 3558 1739 3624 tenebris,
1781 3568 1838 3613 et
1867 3569 2093 3613 vocatur
2195 3555 2392 3619 Patris,
2424 3555 2594 3608 forma
2620 3555 2762 3609 servi
2807 3566 3058 3625 suscepta
3083 3595 3098 3618 ,
3123 3555 3322 3609 obtulit
3362 3555 3643 3611 victimam
3675 3571 3774 3626 pro

511 3647 709 3717 impius
758 3667 772 3704 :
829 3657 927 3703 aut
969 3649 1157 3704 volens
1198 3665 1420 3705 servare
1465 3651 1814 3713 mandatum,
1854 3652 2094 3706 vincitur
2193 3647 2452 3700 universo
2481 3646 2706 3710 mundo,
2743 3647 2970 3700 tradens
2999 3649 3322 3716 sanguinem
3356 3662 3514 3701 suum
3541 3649 3772 3718 principi

510 3739 807 3809 fragilitate
838 3741 1042 3804 carnis,
1075 3750 1136 3796 et
1162 3741 1438 3798 illecebris
1469 3743 1757 3812 praesentis
1786 3745 1913 3797 vita:
1939 3745 2090 3798 deci-
2194 3736 2352 3805 hujus
2406 3737 2630 3802 mundi,
2695 3738 2989 3792 secundum
3051 3739 3375 3806 sapientiam
3443 3739 3540 3793 Dei
3609 3738 3770 3812 (ει).

509 3834 680 3904 pitur,
715 3843 770 3887 et
797 3833 1048 3888 inﬁrmus
1079 3836 1429 3903 appellatur:
1464 3845 1562 3889 aut
1593 3837 1776 3890 sciens
1798 3837 2092 3906 volensque
2197 3848 2217 3881 ι
2253 3845 2416 3899 quam
2462 3843 2622 3884 nemo
2667 3830 2974 3899 principum
3029 3830 3188 3898 hujus
3239 3831 3423 3886 mundi
3471 3833 3771 3901 cognovit:

507 3925 815 3981 contemnit
845 3925 1194 3992 mandatum,
1224 3935 1280 3980 et
1327 3927 1440 3982 odit
1483 3927 1826 3996 disciplinam
1861 3928 1993 3991 Dei,
2026 3942 2090 3981 ac
2191 3922 2236 3975 si
2265 3921 2410 3975 enim
2467 3920 2888 3989 cognovissent,
2943 3938 3220 3992 nunquam
3265 3923 3551 3979 Dominum
3601 3925 3770 3994 maje-

507 4017 724 4086 projicit
751 4032 1030 4072 sermones
1060 4018 1177 4086 ejus
1224 4028 1346 4086 post
1374 4033 1434 4073 se
1463 4019 1533 4084 ⁷⁷,
1583 4029 1640 4073 et
1684 4031 1945 4089 peccator
1992 4035 2091 4072 no-
2191 4013 2346 4066 statis
2371 4011 2781 4066 crucilixissent
2808 4011 2878 4079 ⁸⁸,
2911 4031 2932 4064 ι
2965 4029 3064 4067 nec
3093 4016 3318 4083 sanguis
3354 4015 3442 4070 ille
3465 4015 3576 4086 (85)
3611 4031 3769 4085 quem

508 4108 767 4161 minatur.
807 4108 986 4176 Atque
1035 4107 1108 4161 ita
1144 4107 1343 4164 Paulus
1389 4110 1480 4179 qui
1540 4125 1602 4165 se
1644 4111 1994 4179 imperitum,
2029 4120 2090 4163 ut
2190 4104 2460 4171 sitierant,
2495 4117 2602 4157 non
2633 4111 2742 4156 tam
2769 4104 2938 4170 sitim,
2971 4120 3136 4174 quam
3168 4107 3312 4161 vires
3347 4121 3534 4162 eorum
3574 4110 3784 4162 exstin-

507 4199 764 4263 diximus,
802 4199 854 4252 in
892 4213 1144 4254 sermone
1178 4200 1484 4268 prolitetur,
1516 4202 1568 4255 in
1597 4203 1770 4256 tribus
1801 4203 1887 4256 his
1908 4203 2090 4257 diver-
2190 4205 2412 4260 tiuerel.
2459 4211 2800 4267 regnumque
2841 4197 3190 4254 destrueret:
3225 4213 3326 4254 nec
3375 4201 3646 4254 accideret
3690 4202 3764 4253 ei-c

507 4289 766 4342 sitatibus
795 4288 1081 4350 universa,
1113 4304 1212 4358 pro
1240 4292 1441 4360 quibus
1471 4293 1722 4349 Christus
1759 4295 2090 4365 praedicatur
2191 4289 2318 4342 illud
2373 4290 2517 4358 quod
2567 4289 2834 4344 DOminus
2875 4291 2928 4346 in
2973 4290 3268 4360 Evangelia
3313 4292 3449 4346 dicit
3493 4308 3510 4345 :
3549 4309 3570 4343 ι
3627 4291 3774 4347 Ecce

508 4388 755 4437 mortuus
777 4394 932 4445 esse,
963 4383 1278 4452 complexus
1309 4394 1392 4437 est
1442 4383 1576 4455 (80).
1611 4384 1766 4451 Quod
1823 4386 1866 4440 si
1912 4385 2086 4439 inter-
2192 4399 2338 4438 nunc
2387 4383 2643 4452 princeps
2692 4381 2851 4448 hnjns
2897 4385 3083 4438 mundi
3125 4383 3398 4452 judicatus
3435 4383 3626 4449 est“;
3661 4401 3682 4436 ι
3715 4393 3770 4439 et

508 4473 636 4525 dum
669 4472 832 4526 etiam
869 4473 922 4525 hi
955 4474 1046 4542 qui
1093 4475 1193 4528 sub
1233 4475 1348 4543 lege
1379 4486 1545 4539 sunt,
1598 4487 1652 4532 et
1685 4476 1855 4531 Deum
1901 4478 2082 4532 colere
2118 4459 2160 4515 1‘
2194 4476 2321 4530 illud
2356 4491 2370 4528 :
2407 4493 2425 4526 ι
2463 4475 2600 4530 Ecce
2630 4475 2881 4530 videbam
2913 4476 3172 4529 Satanam
3194 4476 3334 4529 sicut
3359 4473 3540 4544 fulgur
3567 4477 3769 4530 caden-

506 4563 794 4630 videntur,
847 4565 997 4636 impii
1050 4566 1102 4620 in
1135 4568 1433 4634 Scripturis
1464 4569 1661 4624 divinis
1691 4569 2073 4634 nominantur;
2188 4580 2293 4624 tem
2349 4568 2418 4622 de
2471 4567 2612 4622 coelo
2665 4567 2735 4620 ⁸⁷.
2775 4596 2848 4607 -
2895 4565 3061 4620 Multo
3093 4579 3260 4635 ergo,
3317 4566 3533 4635 inquit,
3595 4570 3769 4637 magis

580 4715 627 4784 Ῐ³
665 4712 709 4767 ll
737 4712 912 4770 Mach.
953 4729 1051 4774 vtt,
1088 4715 1111 4767 1
1155 4730 1270 4784 seq.
1349 4715 1396 4747 ⁷⁸
1429 4714 1562 4768 Dan.
1619 4730 1706 4784 ιιι,
1749 4715 1820 4770 ΞΟ
1868 4729 1990 4784 seq.
2064 4717 2108 4747 ’⁷³
2135 4716 2227 4768 Rm

2135 4716 2286 4768 Rom.
2318 4728 2382 4784 7v,
2411 4711 2467 4773 8,
2510 4709 2588 4784 εδ
2644 4708 2761 4784 ’_°_ll
2792 4709 2920 4784 Cor:
2971 4722 3048 4768 x-t.
3092 4705 3266 4784 6.“"
3291 4705 3430 4784 P_s_a_l.
3478 4722 3632 4784 μεως,
3677 4709 3763 4784 17.

507 4782 556 4816 ’⁸
578 4783 734 4839 Rom.
769 4802 821 4844 ν,
844 4785 897 4839 8.
973 4786 1019 4817 ⁷9
1049 4776 1247 4839 (ἶπῐιιιδ
1276 4802 1335 4849 lt,
1365 4786 1451 4840 l5.
1529 4786 1575 4817 ⁸ο
1600 4784 1639 4838 ll
1679 4776 1802 4840 Cor.
1829 4801 1877 4849 ν,
1904 4776 1995 4841 2i.
2068 4787 2154 4838 ⁸⁸1

2140 4776 2375 4838 Βανυριιέ
2415 4797 2498 4846 ιιι,
2527 4781 2615 4846 56,
2661 4780 2750 4833 58.
2827 4777 3050 4849 "Joau.
3087 4792 3124 4844 ι,
3155 4776 3248 4834 29.
3323 4776 3517 4831 “lsai.
3552 4794 3672 4845 LIII,
3697 4782 3765 4845 4;

508 4852 698 4910 Matth.
726 4873 840 4913 vlll.
877 4857 964 4911 17.
1037 4856 1082 4888 ⁸³
1108 4848 1404 4925 Ριιίιὶῃριι.
1436 4855 1489 4909 6.
1564 4857 1611 4890 ⁸⁵
1644 4857 1660 4910 l
1689 4857 1816 4911 Cor.
1856 4848 1918 4920 lt,
1955 4859 2008 4913 8.
2081 4859 2128 4889 ⁸⁸
2156 4855 2314 4909 .lnan.
2351 4868 2462 4916 va,
2505 4853 2595 4906 ll.
2673 4851 2717 4881 ⁸⁷
2752 4849 2882 4904 Luc.
2911 4848 3080 4914 x,18.

580 4990 691 5062 (76)
724 4991 906 5052 Alias,
940 5004 1092 5062 proﬁt
1129 4990 1353 5045 audacia
1395 5010 1435 5062 »γ
1469 4989 1670 5056 legitur
1727 5008 1746 5041 ι
1788 4990 2019 5055 ﬁducia;
2059 5007 2077 5039 ι
2197 5005 2217 5038 ‹
2275 4985 2628 5062 przediratur,
2683 4995 2737 5039 et
2796 4994 3042 5039 mortuus
3102 4997 3224 5038 esse
3278 4996 3762 5051 commemoratur,

508 5058 640 5118 al...
675 5058 800 5114 cum
834 5061 979 5114 omni
1021 5061 1213 5114 ﬁducia
1249 5069 1304 5114 et
1337 5061 1582 5113 audacia.
1618 5079 1636 5110 ι
2192 5058 2510 5125 complexus
2545 5067 2648 5125 est,
2684 5075 2702 5108 ι
2744 5064 2851 5110 etc.

580 5131 692 5203 (77)
732 5133 899 5203 Alias,
937 5148 955 5182 ι
986 5133 1077 5184 vix
1132 5132 1421 5203 toleratur,
1465 5131 1571 5203 vita
1599 5129 1811 5203 sultitur
1841 5129 2006 5203 etiam
2035 5128 2082 5182 si
2261 5120 2372 5197 (8i)
2399 5124 2512 5180 Fit.
2548 5123 2774 5196 Deestin
2805 5124 2987 5190 editis,
3018 5132 3071 5178 et
3091 5123 3232 5193 apud
3255 5120 3541 5177 Babannm
3607 5126 3759 5184 \lias,

501 5200 644 5270 justa
664 5200 826 5261 Sit,et
851 5201 1100 5254 humanm
1126 5201 1450 5255 conditionis
1473 5200 1575 5269 legi
1599 5202 2020 5254 condescendat.
2056 5218 2074 5248 ι
2196 5215 2214 5248 ι
2256 5208 2362 5270 est.
2396 5214 2414 5247 9

579 5271 691 5336 (78)
729 5272 902 5335 Editi,
944 5290 963 5322 ι
1001 5271 1252 5344 Christus
1284 5287 1379 5341 pro
1411 5261 1570 5324 nobis
1602 5272 1903 5344 secundum
1944 5280 2080 5322 tem-
2411 5265 2573 5344 Qqua.
2605 5263 2961 5344 Desideratur
2987 5264 3040 5316 in
3071 5273 3238 5344 antea
3261 5261 3443 5316 editis.

505 5357 612 5412 pus
635 5332 1013 5396 mortuus—cst.
1047 5360 1066 5394 ι
1101 5341 1206 5395 Sed
1232 5332 1422 5395 omnes
1447 5357 1577 5395 mss.
1606 5342 1773 5394 nostri
1797 5339 2076 5404 omittunt,
2420 5332 2522 5412 Ubi
2545 5334 2884 5412 adhibuimus
2904 5343 3045 5412 e_t__ea
3083 5350 3197 5402 qua:
3223 5333 3277 5384 in
3305 5333 3648 5412 rwcular‘ibus
3684 5334 3765 5384 Iti-

516 5404 867 5465 isecnndum
904 5423 1136 5479 tempus.
1173 5429 1193 5463 ι
1644 5475 1654 5479 _
2186 5404 2368 5461 alariis
2406 5407 2666 5479 feruntur.
2725 5405 2859 5458 Vide
2930 5405 3128 5479 librum
3198 5418 3212 5456 I
3275 5413 3462 5479 contra
3515 5404 3762 5479 Celsum,

578 5482 690 5552 (79)
735 5482 893 5544 Editi,
932 5500 952 5532 ‹
985 5473 1227 5545 nomina,
1267 5500 1287 5534 ι
1317 5479 1534 5541 deinde,
1575 5499 1594 5532 t
1627 5475 1904 5534 Autenim
1931 5481 2084 5552 igno-
2189 5477 2493 5552 num._§l,
2557 5485 2612 5531 et
2677 5486 2807 5530 tom.
2862 5491 2913 5528 vt
2999 5473 3289 5552 (Sanitatem:
3368 5473 3424 5525 in
3505 5473 3766 5552 Joannem

508 5539 636 5606 rans
671 5539 838 5606 Deum
861 5539 1012 5620 quis,
1041 5562 1098 5605 et
1127 5539 1314 5605 volens
1345 5539 1591 5613 servare,
1631 5568 1651 5601 ι
1681 5559 1814 5612 etc...
1861 5539 2083 5621 omissis
2190 5546 2447 5621 num.36_,
2487 5558 2540 5601 et
2561 5555 2704 5621 tum.
2733 5562 2902 5621 xxvltt
2941 5545 3104 5621 etiam
3152 5545 3206 5595 in
3252 5539 3440 5621 ίοςιη..
3475 5560 3640 5621 ⁸ῐιιιιῃ.
3675 5542 3761 5621 15.

507 5622 711 5684 verbis,
756 5639 776 5672 ε
832 5613 1021 5691 peccat
1070 5622 1124 5674 in
1173 5621 1447 5684 tenebris,
1477 5630 1535 5674 et
1575 5629 1802 5674 vocatur
1849 5620 2080 5690 impius;
2266 5617 2374 5688 (84)
2409 5619 2523 5671 Dei.
2560 5617 2718 5672 Deest
2749 5633 2801 5668 Ill
2838 5616 2990 5668 libris
3021 5625 3184 5668 antea
3207 5613 3367 5667 editis
3393 5625 3445 5669 et
3475 5613 3527 5668 in
3568 5613 3764 5683 pleris-

2233 5705 2296 5738 IIH
2330 5705 2457 5741 ηυδε.

509 5701 690 5831 ξιυῖξςώ
728 5761 818 5817 Sic
863 5776 1051 5818 omnes
1099 5776 1231 5820 mss.
1283 5772 1339 5817 ei
1395 5759 1676 5815 mulam"
1737 5756 1878 5818 Eum
1929 5774 2084 5826 πῖθ’

1737 5756 1878 5818 Editi
1929 5774 2084 5826 vero,
2192 5703 2582 5828 ψιῗὸἓίδῗίιωε,
2621 5776 2639 5810 ι
2674 5771 2740 5813 ne
2767 5754 2988 5824 sanguis
3011 5753 3124 5822 ille,
3163 5773 3184 5806 ι
3221 5766 3325 5810 etc.
