4170 6368
388 330 520 382 ιυυι

1325 317 1686 376 COMMENT.
1727 314 1792 369 IN
1834 311 2048 367 EPIST.
2088 309 2178 364 AD
2218 308 2384 364 ROM.
2423 306 2555 364 LIB.
2593 302 2682 358 IV.

3495 301 3637 357 1003

380 445 662 518 justiﬁcati
693 461 837 501 nunc
862 447 918 500 in
967 445 1234 512 sanguine
1266 442 1419 512 ejus,
1465 441 1601 497 salvi
1644 441 1852 495 erimus
1898 439 1967 493 ab
1996 441 2043 496 Δ
2072 441 2317 486 nostrum
2349 428 2534 483 ³881³111
2567 424 2844 482 Clll'iSlllm
2869 461 2884 487 9
2911 437 3009 493 per
3051 437 3209 494 quem
3251 438 3397 479 nunc
3448 439 3642 480 recon-

387 537 468 590 ira
504 553 602 606 per
641 539 813 606 ipsum
841 536 909 591 '8.
956 555 976 588 ι
1030 533 1089 588 lu
1128 535 1500 602 superioribus
1532 533 1754 603 quidem
1809 531 1964 585 dixe-

393 641 476 684 rat
509 648 524 684 :
562 649 580 681 ι
619 630 908 685 Jnstiﬁcati
942 630 1110 698 igitur
1143 644 1209 682 ex
1268 627 1410 696 ﬁde,
1451 643 1640 698 pacem
1673 626 1968 682 habeamus

389 723 456 774 ad
472 722 647 775 .Deum
678 723 764 788 0';
802 740 822 773 ι
859 731 916 775 et
944 735 1087 775 nunc
1127 720 1262 774 dicit
1299 738 1314 772 :
1353 739 1372 772 ι
1412 720 1576 775 ΜιιΙιο
1608 721 1782 792 magis
1823 732 1967 774 nunc

383 810 674 878 iustiﬁcati
707 813 758 866 in
799 811 1068 880 sanguine
1105 811 1296 881 ipsius,
1348 811 1481 866 salvi
1533 813 1738 867 erimus
1772 812 1839 865 ab
1887 812 1965 864 ira

389 917 487 972 per
513 904 685 971 ipsum
717 905 787 957 9°.
829 922 848 954 ι
892 904 964 957 Ex
999 919 1108 971 quo
1147 904 1412 967 ostendit,
1442 904 1585 972 quod
1632 918 1804 972 neque
1835 903 1968 957 ﬁdes

393 1007 580 1049 nostra
612 995 730 1048 sine
761 988 963 1049 Christi
995 994 1284 1064 sanguine,
1301 1009 1487 1063 neque
1517 995 1739 1065 sanguis
1761 993 1966 1050 Christi

396 1099 498 1139 nos
525 1085 646 1139 sine
673 1085 777 1139 ﬁde
821 1094 1005 1140 nostra
1050 1085 1316 1151 justiﬁcat
1346 1101 1361 1151 ;
1393 1100 1456 1140 ex
1509 1095 1752 1154 utroque
1788 1095 1966 1140 tamen

397 1177 566 1232 multo
609 1178 783 1246 magis
815 1178 1040 1247 sanguis
1064 1178 1269 1234 Christi
1314 1194 1415 1233 nos
1444 1178 1593 1252 (86),
1624 1195 1786 1249 quam
1837 1179 1970 1232 ﬁdes

393 1281 584 1326 nostra
626 1271 913 1338 jnstiﬁcat.
950 1271 1016 1324 Et
1049 1271 1170 1325 ideo
1199 1271 1328 1326 mihi
1371 1272 1602 1337 videtur,
1637 1289 1757 1328 cum
1788 1274 1840 1327 in
1881 1289 1972 1328 sn-

395 1363 707 1434 perioribus
763 1363 1085 1433 simpliciter
1128 1365 1362 1430 dixerit,
1419 1364 1579 1437 552
1633 1385 1653 1420 ι
1685 1365 1970 1434 justiﬁcati

395 1473 464 1511 ex
501 1458 602 1510 ﬁde
622 1459 692 1517 οι,
730 1475 750 1508 ι
781 1457 868 1511 hic
896 1456 1186 1520 addidisse,
1224 1475 1244 1508 ι
1281 1458 1453 1512 multo
1481 1459 1655 1526 magis
1676 1475 1807 1530 ergo
1827 1475 1972 1514 nunc

392 1547 674 1617 jnstiﬁcati
716 1547 770 1601 in
818 1548 1082 1618 sanguine
1120 1549 1240 1618 ejus
1259 1550 1328 1614 θ’,
1371 1567 1390 1601 ι
1435 1559 1494 1604 ut
1541 1551 1795 1614 doceret,
1828 1552 1972 1618 quod

399 1641 468 1695 ab
507 1641 585 1696 ira
639 1649 871 1694 ventura
920 1639 1086 1693 etiam
1126 1641 1171 1694 si
1215 1640 1353 1696 ﬁdes
1401 1651 1587 1697 nostra
1641 1658 1741 1697 nos
1776 1643 1968 1710 salvet,

392 1734 614 1789 etiamsi
662 1749 828 1804 opera
849 1732 1131 1815 ‘justitim,
1179 1749 1344 1806 super
1390 1738 1506 1791 huic
1563 1745 1742 1791 tamen
1789 1737 2004 1790 omnia

397 1828 571 1882 multo
625 1828 800 1898 magis
841 1827 1064 1898 sanguis
1110 1827 1310 1882 Christi
1362 1828 1543 1884 salvos
1570 1843 1672 1884 nos
1707 1827 1872 1884 faciat
1903 1830 1972 1883 ab

405 1920 487 1973 ira
517 1930 768 1977 ventura.
799 1919 882 1973 lra
911 1935 1044 1975 vero
1065 1919 1160 1976 Dei
1187 1922 1459 1991 quomodo
1486 1920 1716 1991 intelligi
1753 1920 1971 1987 debeat,

396 2013 457 2067 in
483 2013 708 2068 secundi
737 2028 767 2067 a
802 2014 960 2070 nobis
991 2016 1187 2085 psalmi
1239 2013 1584 2084 expositione
1636 2013 1848 2083 plenius
1885 2012 1975 2068 di-

398 2115 546 2159 ctum
581 2115 684 2171 est,
718 2115 772 2161 et
793 2109 1064 2176 quomodo
1094 2108 1269 2178 possit
1299 2107 1512 2176 impleri
1543 2107 1686 2175 quod
1715 2105 1976 2175 scriptum

397 2206 505 2262 est,
541 2207 601 2251 ut
632 2197 767 2252 salvi
799 2199 1097 2254 elliciamur
1128 2199 1398 2270 fugientes
1426 2198 1494 2253 ab
1523 2198 1603 2253 ira
1641 2207 1893 2265 ventura,
1922 2207 1979 2253 et.

402 2288 538 2343 iram
572 2291 788 2360 quidem
832 2291 1100 2360 fugientes
1146 2292 1217 2347 ita
1249 2300 1306 2347 ut
1337 2307 1443 2346 non
1491 2305 1591 2345 nos
1619 2291 1978 2360 comprehen-

402 2379 522 2443 dat,
551 2389 823 2436 sectantes
849 2396 978 2436 vero
1005 2381 1294 2452 justitiam,
1324 2382 1579 2451 pietatem
1598 2419 1614 2444 ,
1639 2379 1826 2447 ﬁdem,
1849 2380 1982 2434 cha-

401 2473 656 2538 ritatem,
685 2475 1003 2544 patientiam
1023 2513 1036 2536 ,
1070 2471 1542 2528 mansuetudinem
1570 2471 1638 2534 ⁹⁸,
1682 2481 1738 2526 et
1780 2483 1978 2527 caetera

403 2564 490 2619 his
521 2565 744 2619 similia.
787 2565 868 2620 Ira
901 2567 1086 2634 itaque
1115 2574 1201 2620 est
1226 2563 1361 2635 (87),
1404 2563 1491 2618 cui
1528 2563 1762 2618 traditur
1804 2579 1979 2618 unus-

404 2657 640 2725 quisque
671 2671 770 2725 pro
797 2671 1051 2711 mensura
1099 2666 1154 2710 et
1185 2655 1381 2710 merito
1433 2664 1819 2725 peccatorum,
1870 2654 1982 2710 Deo

405 2754 587 2802 tamen
612 2787 629 2814 ,
662 2748 962 2802 secundum
990 2749 1135 2818 quod
1169 2750 1432 2818 scriptum
1463 2757 1550 2803 est
1595 2746 1652 2800 in
1698 2755 1984 2815 septuage—

401 2840 547 2894 simo
578 2829 1052 2908 septimo'psalmo
1071 2878 1088 2902 ,
1115 2854 1220 2893 non
1245 2838 1576 2893 accendente
1599 2853 1814 2892 omnem
1843 2839 1979 2891 iram

404 2943 584 2985 suam.
623 2928 761 2995 Quis
805 2929 952 2983 enim
1003 2928 1234 2985 sufferre
1286 2938 1469 2997 posset
1516 2928 1561 2982 si
1594 2942 1809 2982 omnem
1845 2927 1981 2981 iram

404 3018 695 3074 adversum
751 3028 1066 3089 peccatores
1117 3021 1440 3076 accenderet
1500 3019 1801 3084 Dominus,
1857 3033 1981 3073 cum

2069 524 2402 579 ciliatiouem
2429 521 2740 588 accepimus
2762 519 2829 571 ³⁸.
2869 537 2889 570 ι
2932 517 3084 584 Quod
3111 518 3280 582 dicit,
3323 537 3342 569 ‹
3373 532 3500 571 cum
3532 517 3639 569 ini-

2069 613 2194 668 mici
2231 627 2494 674 essemus,
2523 610 2854 665 reconciliati
2877 623 3066 666 sumus
3095 607 3203 663 Deo
3229 648 3245 673 ,
3289 625 3309 659 ι
3355 608 3642 662 evidenter

2067 707 2308 764 ostendit
2349 720 2454 759 non
2506 718 2632 758 esse
2675 703 2914 774 aliquam
2965 701 3326 757 substantiam
3350 739 3368 766 ,
3394 715 3516 769 quae
3551 716 3640 754 se-

2068 799 2306 855 cundum
2341 797 2712 852 deﬁnitionem
2742 795 3035 850 Marcionis
3057 795 3142 850 vel
3167 791 3441 848 Valentini
3476 801 3640 846 natu-

2071 889 2262 943 raliter
2292 887 2513 942 inimica
2542 887 2614 941 sit
2643 886 2751 941 Deo
2780 903 2795 939 :
2831 884 3070 956 alioquin
3102 885 3149 939 si
3180 886 3323 954 quod
3358 883 3642 937 inimicum

2070 989 2174 1043 est.
2209 987 2581 1034 naturaesset
2606 985 2662 1031 et
2705 992 2811 1032 non
2865 975 3184 1040 voluntatis,
3235 973 3643 1029 reconciliatim

2073 1087 2194 1128 nem
2228 1071 2418 1140 utique
2443 1085 2550 1124 non
2578 1068 2805 1124 haberet
2829 1066 2964 1138 (90).
2993 1066 3092 1122 Ubi
3125 1075 3308 1121 autem
3327 1081 3394 1121 ex
3419 1065 3644 1120 inimico

2073 1165 2196 1237 quis
2231 1165 2439 1218 amicus
2479 1160 2744 1227 eﬁicitur,
2790 1171 3004 1216 certum
3056 1169 3142 1215 est
3201 1159 3344 1227 quod
3399 1158 3528 1212 dum
3573 1170 3643 1212 ea

2071 1269 2238 1324 opera
2271 1254 2384 1324 agit
2411 1267 2533 1322 quae
2563 1267 2670 1306 non
2711 1261 2857 1305 amat
2886 1249 3028 1304 Deus
3053 1289 3067 1313 ,
3107 1248 3362 1304 inimicus
3392 1257 3478 1303 est
3519 1246 3640 1313 Dei,

2070 1353 2126 1398 et
2161 1342 2530 1411 unusquisque
2561 1349 2671 1394 tam
2716 1339 2896 1408 gravis
2935 1348 2991 1392 et
3022 1348 3130 1392 tam
3178 1337 3398 1392 odibilis
3455 1337 3640 1391 inimi-

2073 1446 2171 1486 cus
2185 1428 2436 1494 efﬁcitur,
2453 1443 2612 1497 quam
2635 1426 2748 1498 (91)
2765 1425 3204 1496 multiplicaverit
3216 1441 3382 1496 opera
3407 1425 3643 1481 inimici--

2076 1523 2168 1577 tiis
2201 1523 2388 1591 digna.
2425 1519 2564 1576 Sunt
2598 1533 2730 1589 ergo
2765 1533 3033 1573 mensuras
3078 1529 3134 1573 et
3174 1519 3371 1588 gradus
3416 1518 3641 1587 quidam

2072 1616 2130 1671 in
2159 1614 2244 1669 his
2268 1619 2616 1682 peccatorum
2643 1610 2905 1680 qualitate
2932 1609 3017 1664 vel
3043 1610 3346 1680 quantitate
3374 1609 3644 1674 distincti,

2074 1707 2168 1778 qui
2197 1704 2402 1760 inimici
2429 1712 2557 1758 sunt
2585 1703 2716 1758 Deo.
2755 1701 2908 1756 Unde
2930 1711 2985 1756 et
3013 1701 3102 1756 ille
3125 1701 3218 1771 qui
3260 1716 3424 1772 supra
3449 1715 3644 1760 omnes

2077 1796 2356 1868 peccavit,
2406 1809 2436 1849 a
2485 1793 2656 1848 Paulo
2703 1794 2930 1848 ultimus
2967 1793 3221 1849 inimicus
3280 1793 3647 1850 destruendus

2075 1903 2195 1944 esse
2221 1895 2553 1942 memoratur
2573 1885 2642 1939 ".
2666 1883 2835 1940 Versa
2856 1893 3035 1940 autem
3053 1885 3172 1941 vice
3192 1894 3250 1940 et
3267 1885 3458 1940 ordine
3479 1885 3642 1940 etiam

2076 1998 2172 2038 eos
2199 1980 2291 2050 qui
2324 1977 2662 2034 reconciliati
2698 1987 2824 2035 sunt
2852 1993 2952 2048 per
2996 1988 3227 2033 mortem
3253 1977 3374 2032 Filii
3401 1978 3519 2048 ejus
3539 2018 3556 2044 ,
3585 1978 3644 2032 iu

2077 2075 2272 2132 amicis
2301 2070 2413 2142 (92)
2442 2071 2630 2126 haberi
2653 2081 2862 2127 certum
2891 2080 2976 2127 est
3007 2087 3022 2125 :
3054 2079 3110 2126 et
3145 2086 3271 2127 esse
3296 2070 3534 2141 aliquem
3567 2069 3644 2124 ita

2079 2171 2339 2236 amicum,
2369 2171 2517 2226 sicut
2538 2166 2752 2237 Moyses
2781 2166 2993 2220 amicus
3013 2164 3108 2219 Dei
3131 2164 3428 2235 appellatus
3452 2174 3536 2219 est
3555 2164 3599 2196 θτ
3625 2179 3643 2216 :

2078 2278 2204 2320 esse
2231 2277 2450 2333 quoque
2473 2259 2612 2314 alios
2631 2257 2830 2326 quibus
2861 2255 2972 2328 (95)
2997 2257 3127 2312 dicit
3149 2257 3400 2311 Salvator
3430 2272 3445 2310 :
3481 2274 3500 2308 ι
3523 2254 3646 2310 Jam

2080 2371 2186 2411 non
2213 2354 2390 2409 dicam
2414 2365 2510 2408 vos
2532 2364 2720 2406 servos
2737 2389 2755 2414 ,
2782 2351 2876 2404 sed
2923 2349 3130 2404 amicos
3153 2347 3224 2404 ’³.
3267 2366 3287 2399 ι
3323 2346 3499 2402 Credo
3549 2361 3650 2400 au-

2083 2457 2189 2502 tem
2217 2461 2339 2502 esse
2361 2447 2535 2501 adhuc
2555 2445 2728 2514 magis
2750 2440 3048 2498 familiares
3072 2439 3285 2508 aliquos
3307 2439 3361 2493 in
3394 2437 3646 2494 celesti-

2080 2540 2181 2594 bus
2206 2539 2412 2594 amicos
2435 2541 2576 2610 apud
2610 2539 2798 2600 Deum,
2833 2534 2920 2589 vel
2944 2533 3064 2588 illos
3085 2531 3177 2602 qui
3209 2545 3426 2600 semper
3464 2529 3654 2585 vident

2080 2631 2276 2687 faciem
2312 2632 2445 2696 Dei,
2477 2633 2562 2686 vel
2603 2645 2702 2686 eos
2751 2626 2842 2698 qui
2892 2639 3106 2696 semper
3159 2624 3378 2680 adstant
3427 2623 3481 2678 in
3518 2636 3654 2677 cou-

2081 2734 2266 2794 spectu
2319 2725 2586 2781 Altissimi
2643 2740 2656 2777 :
2710 2732 2771 2777 ut
2836 2719 2980 2776 sicut
3036 2733 3203 2788 supra
3254 2718 3492 2772 diximus
3531 2730 3656 2771 esse

2081 2817 2370 2886 quemdam
2414 2817 2767 2872 novissimum
2819 2811 3127 2875 inimicum,
3183 2813 3259 2866 ita
3311 2819 3368 2864 et
3421 2809 3494 2864 ibi
3555 2822 3654 2876 pro

2081 2909 2344 2964 virtutum
2389 2909 2602 2965 meritis
2653 2907 2956 2963 habeantur
3002 2904 3166 2975 aliqui
3210 2901 3411 2959 sumnd
3467 2900 3653 2956 amici.

2081 2999 2216 3057 Cum
2250 3015 2379 3070 ergo
2408 3001 2524 3056 haec
2554 3001 2632 3056 ita
2659 3001 2792 3060 sint,
2825 2999 3009 3054 nescio
3033 2997 3079 3053 si
3112 2995 3160 3051 is
3191 2993 3288 3064 qui
3321 2994 3499 3048 adhuc
3532 3005 3658 3062 per-

408 3119 518 3163 tam
552 3108 664 3181 (88)
695 3085 942 3164 terribile
987 3110 1060 3164 sit
1099 3109 1228 3165 illud
1272 3111 1416 3180 quod
1463 3109 1515 3164 in
1545 3110 1761 3165 cantico
1809 3107 1978 3179 Moysi
2005 3136 2050 3197 α
2085 3101 2268 3197 mall“
2313 3089 2934 3197 ἔψυξειίξρθτίδυεβθι)
2976 3103 3108 3197 illm
3137 3087 3266 3197 0d“.
3288 3085 3431 3188 θθθξε
3470 3093 3526 3139 ei
3556 3097 3658 3152 Pl'0

407 3203 825 3268 pronuntiatur,
855 3202 944 3256 ubi
981 3202 1115 3255 dicit
1147 3216 1163 3256 :
1191 3201 1328 3268 Quia
1364 3219 1385 3254 ‹
1425 3201 1566 3272 ignis
1594 3215 1858 3256 accensus
1897 3211 1983 3256 est

409 3305 464 3346 tu
493 3292 676 3347 furore
704 3309 824 3347 meo
846 3333 863 3359 ,
891 3303 947 3349 et
974 3293 1186 3350 ardebit
1218 3308 1388 3364 usque
1413 3295 1480 3348 ad
1528 3293 1802 3348 infernum
1836 3292 1982 3350 infe-

411 3386 611 3440 riorem
639 3403 657 3441 :
689 3385 940 3440 comedet
983 3394 1184 3439 terram
1233 3393 1290 3439 et
1346 3387 1627 3439 nascentia
1679 3385 1816 3454 ejus,
1849 3399 1982 3439 con-

410 3475 662 3548 ﬂagrabit
703 3477 1056 3532 fittidatnenta
1106 3477 1370 3532 montium
1401 3476 1491 3530 “1'
1531 3494 1550 3528 ι
1601 3477 1814 3530 Intuere
1854 3490 1986 3546 ergo

411 3573 538 3640 quia
564 3570 704 3641 ignis
733 3570 836 3626 iste
865 3572 959 3640 qui
1004 3571 1072 3626 de
1103 3570 1182 3624 ira
1210 3571 1297 3626 vel
1327 3572 1395 3626 de
1417 3568 1599 3624 furore
1641 3569 1855 3625 Domini
1892 3583 1988 3623 ac-

410 3661 699 3722 cenditur,
733 3671 932 3715 terram
961 3669 1020 3714 et
1065 3659 1334 3714 infernum
1376 3659 1686 3714 inferiorem
1727 3658 1983 3722 comedit,

411 3762 470 3806 et
495 3767 662 3821 opera
715 3760 932 3808 terrena
985 3753 1258 3809 consumit
1292 3770 1306 3805 :
1340 3750 1638 3819 conﬂagrat
1683 3748 1848 3804 etiam
1879 3763 1984 3802 non

409 3845 635 3900 excelsa
710 3845 1010 3909 montium,
1065 3845 1163 3899 sed
1206 3842 1590 3900 fundamenta,
1641 3840 1694 3894 id
1734 3851 1818 3894 est
1877 3853 1985 3894 non

413 3937 676 3993 sublimes
705 3937 936 4002 animas,
972 3950 1150 4005 neque
1183 3933 1438 3990 cmlestes
1463 3945 1675 3994 sensus,
1707 3931 1802 3985 sed
1834 3929 1983 3984 humi

415 4040 580 4100 atque
620 4030 675 4083 in
706 4038 910 4084 terram
944 4028 1182 4096 deiectos
1207 4067 1222 4093 ,
1265 4025 1349 4080 vel
1378 4024 1548 4079 etiam
1575 4023 1628 4077 in
1659 4021 1986 4092 profundum

418 4132 608 4186 terrae,
656 4128 716 4174 ut
760 4128 888 4174 sunt
916 4117 1182 4172 montium
1240 4114 1631 4178 fundamenta,
1682 4114 1982 4168 demersos.

416 4212 704 4267 Paululum
748 4225 883 4281 ergo
912 4210 1081 4264 etiam
1137 4209 1204 4263 de
1233 4209 1313 4263 ira
1337 4206 1450 4278 (89)
1478 4206 1721 4276 oportuit
1767 4205 1983 4267 disseri,

415 4316 476 4361 ut
506 4305 749 4376 apertius
798 4311 1118 4359 nosceretur
1154 4317 1184 4355 a
1221 4299 1421 4369 quibus
1469 4312 1570 4354 nos
1603 4295 1762 4352 malis
1784 4294 1988 4352 Christi

417 4399 639 4466 sanguis
665 4395 886 4466 eripuit.

488 4465 578 4544 ii.
619 4505 639 4539 ι
671 4487 732 4541 Si
753 4465 914 4540 enim
942 4499 1065 4541 cum
1096 4481 1302 4537 inimici
1342 4495 1617 4543 essemus,
1652 4477 1984 4535 reconciliati
2020 4494 2063 4549 ι)
2091 4473 2292 4529 Christi
2315 4479 2711 4528 commemorat
2741 4485 2758 4524 :
2792 4485 2916 4540 qua:
2938 4469 2981 4524 si
3004 4469 3091 4524 his
3113 4467 3426 4538 jungamus,
3451 4465 3668 4536 aperire

2093 4565 2268 4621 locum
2296 4565 2579 4637 praesentis
2601 4562 2826 4632 capituli
2861 4560 3078 4616 facilius
3120 4567 3366 4629 possunt.
3405 4557 3497 4612 Ait
3529 4571 3665 4626 ergo
3752 4555 3766 4576 ‘

416 4595 605 4634 sumus
633 4580 742 4634 Deo
772 4595 868 4650 per
901 4587 1132 4634 mortem
1161 4575 1282 4631 Filii
1323 4576 1462 4645 ejus,
1495 4573 1665 4628 multo
1693 4573 1864 4643 magis
1896 4584 1986 4626 re-

417 4671 723 4733 conciliati,
757 4671 892 4725 salvi
937 4672 1146 4726 erimus
1185 4670 1238 4724 in
1283 4669 1392 4723 vita
1420 4667 1611 4735 ipsius.
1647 4663 1764 4719 Non
1813 4663 1986 4719 Solum

419 4774 620 4828 autem,
675 4765 771 4818 sed
826 4772 883 4817 et
943 4763 1241 4833 gloriamur
1296 4760 1352 4814 in
1404 4759 1514 4814 Deo
1559 4772 1655 4828 per
1699 4755 1986 4811 Dominum

492 4905 540 4940 ⁸⁸
569 4903 723 4960 Rom.
765 4917 818 4966 v,
841 4903 895 4958 9.
971 4900 1017 4932 ”
1051 4899 1180 4953 ibid.
1207 4899 1259 4956 1.
1358 4899 1406 4931 ’⁸
1438 4898 1572 4953 ibid.
1602 4897 1658 4952 9.

1756 4897 1799 4929 "
1823 4893 1952 4950 ibid.
1997 4894 2048 4948 1.

2082 3185 2281 3256 quibus
2315 3183 2617 3239 inimicitia:
2651 3193 2777 3238 sunt
2803 3182 2946 3238 inter
2975 3181 3142 3237 Deum
3168 3187 3223 3234 et
3251 3177 3532 3240 homines,
3569 3190 3658 3231 re-

2083 3276 2406 3333 conciliatus
2434 3290 2556 3332 esse
2585 3277 2694 3331 Deo
2728 3291 2826 3345 per
2848 3273 3170 3345 sanguinem
3217 3271 3420 3328 Christi
3457 3269 3658 3324 merito

2084 3371 2316 3425 dicatur.
2353 3369 2634 3435 Quomodo
2659 3369 2805 3423 enim
2838 3364 3223 3422 reconciliatus
3254 3372 3372 3426 est,
3414 3363 3506 3430 qui
3534 3374 3658 3430 qua

2085 3460 2290 3517 inimici
2326 3471 2452 3515 sunt
2479 3461 2618 3532 gerit
2651 3459 2816 3533 (95)?
2861 3457 3064 3513 Paulus
3097 3471 3232 3524 ergo
3277 3455 3474 3510 merito
3504 3454 3572 3508 de
3597 3467 3660 3509 se

2087 3565 2144 3610 et
2169 3555 2271 3609 sibi
2300 3554 2569 3610 similibus
2597 3553 2750 3618 dicit,
2776 3552 2908 3622 quia
2947 3569 2968 3603 ι
3003 3566 3127 3607 cum
3150 3547 3358 3604 inimici
3385 3560 3656 3612 essemus,

2086 3648 2419 3706 reconciliati
2452 3661 2642 3702 sumus
2675 3661 2774 3715 per
2816 3657 3046 3700 mortem
3074 3643 3196 3699 Filii
3233 3643 3374 3713 ejus.
3414 3659 3435 3694 ι
3482 3639 3662 3697 Gran-

2087 3740 2168 3794 dis
2201 3739 2376 3809 pudor
2395 3747 2514 3800 est,
2538 3738 2631 3793 ubi
2660 3737 2788 3793 talis
2819 3735 3190 3792 reconciliatio
3223 3733 3368 3790 facta
3416 3742 3534 3795 est,
3565 3729 3661 3785 ubi

2087 3831 2402 3887 inimicitias
2440 3831 2588 3885 inter
2613 3830 2782 3884 Deum
2806 3837 2862 3883 et
2895 3827 3145 3883 homines
3178 3840 3286 3880 non
3319 3839 3500 3880 sermo
3531 3837 3662 3895 pec-

2082 3923 2327 3991 catoris,
2357 3924 2451 3978 sed
2487 3921 2710 3992 sanguis
2738 3918 3118 3976 intercessosz
3149 3915 3415 3981 absolvit,
3458 3917 3660 3972 iterum

2089 4031 2189 4072 nos
2221 4017 2468 4070 converti
2511 4014 2580 4069 ad
2617 4011 2968 4075 inimicitias,
3004 4019 3060 4064 et
3086 4023 3250 4079 agere
3279 4023 3345 4062 ea
3374 4021 3494 4076 quae
3545 4006 3665 4060 odit

2089 4106 2200 4170 ille.
2246 4119 2410 4176 ‘Inem
2459 4103 2616 4158 nobis
2661 4103 2764 4158 nisi
2796 4101 2911 4172 (96)
2953 4100 3146 4156 eﬁusio
3189 4099 3467 4168 sanguinis
3515 4099 3663 4152 sacri

2088 4197 2538 4253 reconciliaverat
2590 4209 2772 4250 nemo.
2831 4194 3056 4249 Plenius
3117 4201 3298 4246 autem
3352 4191 3520 4244 etiam
3589 4191 3660 4242 aul

2091 4289 2357 4359 Ephesios
2405 4289 2522 4357 ipse
2548 4285 2750 4342 Paulus
2783 4286 3031 4341 scribens
3081 4285 3150 4340 de
3181 4284 3394 4338 ratione
3422 4281 3666 4336 reconci-

2090 4380 2336 4435 liationis
2359 4388 2416 4434 et
2448 4378 2748 4433 inimicitiae
2769 4375 2910 4450 (97),
2946 4392 3012 4432 ac
3037 4374 3351 4447 profusione
3382 4371 3665 4442 sanguinis

2093 4657 2168 4712 ita
2200 4658 2248 4691 ”
2284 4675 2298 4711 :
2339 4677 2359 4710 ι
2393 4657 2624 4728 Propter
2650 4656 2792 4724 quod
2831 4667 3097 4707 memores
3125 4653 3254 4706 estis
3279 4650 3390 4721 (98)
3419 4665 3535 4716 vos,
3568 4651 3662 4718 qui

2096 4752 2390 4824 aliquando
2426 4759 2617 4822 gentes
2669 4749 2722 4803 in
2755 4762 2920 4802 carne
2952 4744 3280 4800 dicebamiui
3337 4744 3662 4812 praeputium

2153 4893 2200 4924 ”
2227 4891 2358 4946 ibid.
2409 4889 2462 4944 9.
2551 4890 2596 4922 ’³
2621 4887 2643 4942 l
2668 4887 2807 4942 Tim.
2831 4902 2908 4948 vr,
2939 4885 3026 4940 ll.
3101 4883 3148 4916 ⁸⁸
3177 4883 3330 4936 Deut.
3360 4897 3532 4947 χχιιι,
3565 4881 3660 4938 22.

419 4977 468 5009 ⁸⁸
493 4953 728 5040 ιιοὶἑιΐῐ
753 4953 952 5039 ιόξιι.
1027 4972 1074 5002 ’⁸
1105 4953 1274 5024 lCor.
1301 4985 1390 5033 xv,
1421 4969 1512 5024 26.
1585 4969 1631 5001 "
1665 4966 1836 5022 Exod.
1875 4981 2072 5032 χχχιιι,
2099 4964 2184 5018 ll.
2258 4961 2306 4993 ³⁸
2329 4959 2488 5016 Joan.
2511 4975 2601 5024 xv,
2634 4958 2722 5014 15.
2797 4956 2842 4989 ⁸⁸
2871 4955 3067 5026 Ephes.
3093 4969 3150 5018 ιι,
3185 4953 3274 5018 ll,
3308 4967 3424 5021 seq.

495 5091 606 5158 (86)
652 5087 787 5144 Nos.
828 5087 884 5140 ln
921 5086 1080 5158 editis
1113 5084 1477 5158 desideratur.

496 5149 608 5233 (ετ)
647 5159 794 5216 Editi
816 5197 832 5224 ,
874 5175 894 5208 ‹
928 5157 1033 5212 Ista
1065 5157 1267 5225 itaque.
1313 5173 1333 5205 ι
1373 5153 1474 5208 Ms.
1502 5167 1641 5207 unus
1664 5190 1680 5218 ,
1716 5169 1736 5202 ι
1771 5149 1851 5204 Ira
1886 5149 1989 5203 uti-

464 5250 544 5285 lle.
590 5249 607 5281 ι

421 5249 608 5372 ῳιῗέὸ)
648 5297 829 5372 Tum;
827 5298 984 5372 Deest
1017 5295 1070 5349 in
1100 5293 1286 5350 editis.

497 5303 586 5372 (88
648 5303 799 5353 Tam.
827 5303 984 5350 Deest
1017 5303 1070 5349 in
1100 5303 1286 5350 editis.

493 5303 608 5442 (89;
642 5368 762 5442 _Ira.
791 5365 958 5442 Editi,
999 5384 1020 5418 ι
1055 5377 1276 5442 terra.)
1308 5362 1467 5417 male.

494 5427 607 5511 (90)
637 5439 731 5493 Sic
755 5439 884 5494 editi
910 5427 1123 5511 etumss.
1153 5427 1412 5511 Rabanus
1435 5448 1585 5497 vero,
1620 5451 1651 5511 r_
1671 5430 1763 5511 qui
1784 5427 1988 5485 inimici

421 5503 549 5565 sunt
581 5503 710 5573 Deo,
739 5507 1238 5563 reconciliationem
1271 5507 1457 5573 utique
1495 5520 1600 5558 non
1639 5503 1920 5558 haberent.
1966 5515 1984 5547 ι

649 5580 787 5652 Editi
823 5597 842 5629 t
885 5585 1165 5643 quantum,
1206 5594 1224 5625 ι
1263 5575 1419 5652 Ittale.

496 5643 608 5722 (92')
649 5650 739 5703 Sic
769 5663 958 5722 clunes
993 5661 1121 5700 mss.
1165 5644 1358 5722 t_m5tr_i.
1416 5643 1760 5722 Salutlianus_
1779 5656 1908 5696 vero
1938 5649 1993 5695 et

428 5713 702 5781 uarum,
743 5717 1062 5778 «inimicos,
1103 5735 1120 5766 ι
1159 5715 1568 5782 Genebrardus,
1601 5733 1621 5767 ι
1655 5713 1877 5768 amicos.
1922 5730 1942 5762 ι

497 5790 608 5862 (95)
650 5789 814 5851 Editi,
857 5806 875 5838 t
906 5786 972 5839 dc
998 5787 1211 5854 quibus.
1249 5804 1267 5835 ι

741 5889 1010 5947 Ρηιιοι..
1052 5887 1145 5947 Gn
1167 5884 1384 5966 .-λινε

2165 5075 2278 5146 (94)
2320 5073 2483 5146 Editi,
2520 5090 2541 5146 ι
2569 5072 2745 5146 adhuc
2767 5071 2820 5124 in
2848 5068 2932 5146 his
2955 5065 3212 5146 operibus
3231 5072 3334 5130 est,
3367 5082 3388 5114 ι
3413 5073 3522 5119 etc.
3551 5061 3664 5119 Sed

2099 5167 2119 5199 ι
2161 5138 2306 5201 est}
2343 5145 2496 5197 deest
2529 5145 2582 5196 in
2611 5142 2847 5195 editione
2873 5138 3106 5193 Merlini.

2167 5216 2278 5286 (95)
2315 5214 2448 5281 Quae
2481 5212 2681 5288 inimici
2708 5219 2828 5288 sunt
2875 5209 3028 5278 gerit.
3073 5204 3332 5288 Merlinus
3360 5210 3438 5284 ἐς,
3478 5201 3664 5288 Cene-

2097 5283 2329 5367 bra-rd’us
2357 5298 2640 5354 perperam
2668 5283 2867 5337 habent
2901 5295 2922 5329 ι
2963 5290 3188 5333 causam
3219 5283 3426 5328 inimici
3472 5287 3658 5327 secum

2292 5376 2562 5480 'Rabanus
2581 5422 2744 5478 habet
2771 5441 2792 5474 ι
2825 5435 2934 5476 non
2963 5415 3095 5482 nisi,
3117 5432 3137 5466 ι
3167 5414 3371 5468 omisso
3401 5429 3422 5462 ι
3449 5426 3610 5466 nemo
3634 5431 3656 5465 ι

2093 5500 2480 5649 Ιῗὶῶῐὶῖῐεόίιί,
2517 5583 2536 5615 ι
2578 5561 2933 5626 ἱιιίιηίεἱιίες»
2997 5571 3101 5613 ms.
3149 5569 3311 5622 unus,
3348 5571 3367 5606 ι
3420 5551 3661 5610 inimici-

2098 5649 2481 5776 ωξὸἓῗλῖἰιιε,
2514 5724 2532 5755 ι
2567 5718 2832 5759 memores
2858 5700 2976 5758 sitis
3000 5712 3129 5761 vos;
3162 5715 3180 5748 ι
3208 5695 3309 5763 aL,
3343 5712 3362 5746 ι
3393 5707 3663 5751 memores

2094 5775 2216 5834 esse
2255 5775 2466 5831 debetis
2496 5791 2610 5829 vos.
2654 5793 2672 5824 ι

3269 5859 3349 5920 32
