4170 6350
551 281 691 338 Μοῧ

2085 280 2409 338 ORIGENIS

3653 295 3792 350 1004

549 412 618 466 ab
659 425 721 464 ea
773 423 894 478 qua:
964 406 1166 462 dicitur
1209 406 1553 462 circumcisio
1607 407 1658 460 in
1709 421 1894 472 carne,
1953 421 2114 462 manu
2146 412 2191 467 Α
2219 407 2539 474 sanguinem
2589 421 2752 462 suum
2790 406 3036 464 homines
3081 408 3212 472 Deo,
3259 425 3353 465 eos
3399 410 3662 468 duntaxat
3694 419 3788 484 qui

548 502 722 567 facta,
753 499 1010 571 quoniam
1067 500 1236 556 eratis
1298 500 1388 556 illo
1434 509 1674 569 tempore
1719 501 1835 554 sine
1872 499 2113 564 Christo,

549 591 770 648 alienati
809 606 840 645 a
891 589 1302 645 conversatione
1347 588 1547 653 Israel,
1591 599 1646 642 et
1674 590 1945 659 peregrini
1989 605 2116 658 pro-

547 681 824 737 missionis
855 688 1302 736 testamentorum
1328 679 1469 749 ejus,
1504 694 1654 747 spem
1686 695 1794 736 non
1823 680 2111 746 habentes,

546 784 599 829 et
640 776 758 829 sine
788 774 897 828 Deo
925 773 978 826 in
1015 773 1118 828 hoc
1146 773 1369 828 mundo.
1397 772 1551 827 Nunc
1593 781 1772 827 autem
1813 773 1866 826 in
1897 772 2115 828 Christo

545 865 671 922 Jean
696 881 812 930 vos,
839 865 929 934 qui
955 865 1242 934 aliquando
1255 865 1420 919 eratis
1449 863 1629 934 longe,
1656 864 1782 918 facti
1798 865 1930 920 estis
1948 879 2114 934 prope

548 959 602 1013 in
646 959 908 1028 sanguine
939 958 1166 1014 Christi.
1199 958 1319 1025 Ipse
1358 968 1444 1012 est
1468 958 1612 1013 enim
1638 972 1742 1026 pax
1779 966 1985 1022 nostra,
2016 957 2111 1026 qui

546 1051 678 1106 fecit
711 1061 942 1120 utraque
976 1066 1164 1114 unum,
1205 1060 1259 1104 et
1295 1050 1530 1104 medium
1563 1049 1825 1118 parietem
1863 1051 2111 1104 maceriae

545 1142 762 1197 solvens
782 1182 801 1211 ,
829 1142 1171 1197 inimicitiam
1203 1142 1254 1195 in
1278 1155 1444 1196 carne
1505 1156 1624 1206 sua,
1660 1141 1834 1211 legem
1859 1121 2111 1196 'manda-

547 1244 724 1288 torum
776 1235 831 1288 in
863 1235 1101 1289 decretis
1134 1248 1440 1300 evacuans,
1479 1243 1540 1288 ut
1593 1235 1726 1290 duos
1759 1234 2017 1290 conderet
2051 1234 2108 1288 in

548 1329 844 1394 semetipso
869 1365 885 1390 ,
915 1327 971 1382 in
1003 1341 1114 1381 uno
1142 1339 1280 1381 uovo
1315 1324 1534 1380 homine
1571 1325 1780 1381 faciens
1811 1340 2023 1394 pacem,
2047 1333 2109 1380 ut

547 1419 708 1491 543
747 1419 1127 1475 reconciliaret
1163 1430 1428 1489 utrosque
1478 1419 1533 1472 in
1575 1433 1684 1473 uno
1729 1431 1956 1487 corpore
1990 1415 2104 1487 (99)

544 1512 679 1574 Deo,
715 1525 813 1582 per
847 1524 1066 1565 crucem
1098 1510 1433 1565 interficiens
1463 1509 1778 1564 inimicitias
1820 1511 1872 1564 in
1899 1519 2105 1564 semet-

543 1602 689 1672 ipso,
737 1611 794 1656 et
829 1602 1050 1656 veniens
1073 1600 1464 1671 evangelizavit
1501 1615 1686 1671 pacem
1715 1600 1872 1655 vobis
1904 1599 1983 1671 (l)
2012 1599 2108 1669 qui

543 1693 722 1762 longe,
760 1701 815 1747 et
841 1706 1030 1760 pacem
1059 1693 1146 1748 his
1183 1693 1274 1761 qui
1309 1707 1497 1763 prope,
1521 1693 1777 1762 quoniam
1804 1706 1900 1760 per
1929 1692 2104 1760 ipsum

544 1787 806 1850 habemus
837 1799 1113 1839 accessum
1157 1784 1375 1853 utrique
1411 1786 1464 1839 in
1496 1799 1604 1838 uno
1638 1783 1842 1850 Spiritu
1887 1782 1954 1837 ad
2001 1783 2107 1838 Pa-

543 1885 741 1930 trem.»
777 1875 880 1930 Sed
905 1876 1178 1945 praecipue
1207 1875 1259 1929 in
1291 1876 1376 1931 bis
1404 1875 1533 1930 illud
1563 1876 1792 1931 observa
1825 1876 1925 1946 (2),
1957 1876 2104 1945 quod

545 1967 795 2022 Christus
818 1966 1050 2021 medium
1077 1967 1336 2035 parietem
1375 1966 1630 2022 maceriae
1653 1967 1810 2022 solvit
1845 1969 1898 2022 in
1935 1981 2110 2023 carne

541 2074 662 2123 sua,
692 2059 743 2112 id
765 2068 850 2114 eat
875 2057 1237 2123 inimicitiam,
1261 2066 1314 2112 et
1335 2058 1477 2127 quod
1525 2058 1898 2114 reconciliavit
1920 2066 2105 2114 utros-

541 2165 646 2218 que
672 2149 725 2204 in
757 2163 866 2204 uno
893 2163 1122 2218 corpore
1147 2148 1256 2203 Deo
1281 2164 1377 2218 per
1406 2165 1651 2216 crucem,
1685 2160 1740 2205 et
1765 2150 1912 2220 quod
1931 2149 2104 2206 inter-

541 2240 672 2296 fecit
712 2239 1053 2294 inimicitiam
1096 2241 1149 2294 in
1195 2254 1380 2295 cruce.
1415 2240 1470 2294 In
1502 2255 1608 2310 quo
1638 2255 1746 2295 non
1776 2241 1895 2296 sine
1939 2255 2107 2297 causa

542 2331 676 2385 mihi
705 2330 904 2386 Paulus
923 2331 1164 2385 secundo
1182 2332 1396 2385 videtur
1409 2330 1746 2386 inimicitiam
1775 2331 2105 2398 nominasse,

540 2431 597 2476 et
626 2421 681 2476 in
710 2435 818 2475 uno
845 2421 1066 2490 quidem
1093 2419 1296 2475 dixisse
1323 2420 1464 2488 quod
1506 2419 1731 2474 solverit
1764 2420 2103 2475 inimicitiam

540 2511 796 2566 Christus
827 2510 904 2582 (ὅ)
933 2510 987 2565 in
1023 2525 1082 2564 ca
1095 2525 1212 2577 rne,
1242 2510 1296 2564 in
1339 2511 1577 2564 secundo
1607 2525 1736 2565 vero
1765 2510 2105 2566 interfecisse

541 2619 666 2659 eam
701 2604 755 2658 in
803 2618 986 2658 cruce.
1017 2601 1242 2657 Solvere
1270 2615 1506 2672 namque
1536 2603 1667 2657 mihi
1691 2602 1906 2657 videtur
1935 2603 1988 2657 in
2019 2604 2105 2660 his

540 2697 634 2765 qui
671 2696 851 2750 adhuc
877 2703 1154 2748 certamen
1184 2701 1378 2762 gerunt
1408 2693 1691 2746 adversum
1721 2703 2019 2762 peccatum.
2049 2703 2105 2748 et

540 2796 846 2857 repugnant
866 2787 915 2842 ei
940 2801 1037 2856 pro
1053 2785 1259 2839 viribus
1287 2803 1300 2838 :
1328 2784 1637 2840 interﬁcere
1660 2799 1790 2840 vero
1820 2785 1870 2839 in
1905 2787 1989 2840 his
2012 2787 2104 2853 qui

539 2889 821 2950 peccatum
851 2878 965 2947 jam
1003 2892 1348 2947 nequaquam
1399 2877 1625 2931 omnino
1670 2877 1962 2947 recipiunt,
2005 2879 2102 2934 sed

537 2973 683 3027 omni
717 2987 784 3027 ex
822 2982 976 3040 parte
1005 2971 1248 3025 membra
1288 2985 1384 3026 sua
1420 2969 1882 3024 mortiﬁcaverunt
1910 2987 2104 3040 pecca-

541 3079 638 3118 to:
669 3079 735 3139 ex
782 3063 976 3131 quibus
1022 3072 1142 3117 erat
1173 3071 1230 3116 et
1275 3061 1362 3116 ille
1409 3062 1500 3130 qui
1550 3060 1764 3116 dicebat
1795 3079 1809 3115 :
1838 3081 1858 3114 ι
1883 3062 2104 3118 Christo
2130 3095 2174 3158 ο

535 3156 934 3212 concrucilixus
957 3170 1100 3210 sum.
1130 3153 1268 3208 Vivo
1289 3165 1489 3215 autem,
1517 3155 1630 3224 jam
1661 3171 1768 3209 non
1801 3169 1934 3221 ego;
1969 3156 2101 3210 vivit

458 3263 469 3270 “
533 3261 666 3303 vero
688 3247 743 3302 in
774 3263 859 3304 me
881 3248 1190 3305 Christus‘.
1220 3267 1239 3300 ι
1266 3247 1380 3302 Hoc
1405 3262 1534 3317 ergo
1559 3247 1718 3301 modo
1743 3248 1904 3301 etiam
1935 3247 2098 3302 Chri—

533 3347 653 3394 stus
685 3337 882 3392 occidit
908 3337 1247 3392 inimicitiam
1297 3337 1350 3390 in
1397 3349 1562 3390 carne
1595 3351 1718 3401 sua,
1753 3352 1875 3391 cum
1923 3347 2097 3390 morte

533 3439 783 3498 sscepta
817 3427 1124 3498 exemplum
1154 3428 1304 3484 dedit
1333 3427 1648 3482 hominibus
1669 3443 1840 3498 usque
1857 3429 1922 3482 ad
1953 3443 2098 3482 mor-

530 3533 643 3577 tem
685 3523 941 3579 resistere
981 3521 1266 3578 adversum
1316 3532 1596 3591 peccatum
1625 3536 1640 3574 :
1665 3529 1721 3575 et
1759 3522 1831 3573 ita
1881 3520 2097 3574 demum

529 3613 772 3670 mesoluta
806 3613 1092 3668 inimicitia
1141 3614 1194 3667 in
1227 3627 1394 3667 carne
1428 3627 1550 3678 sua,
1586 3611 1968 3668 reconciliavit
1996 3625 2096 3680 per

2220 499 2540 553 inviolatum
2566 500 3027 556 reconciliationis
3051 500 3227 556 foedus
3255 504 3395 556 ultra
3428 520 3531 559 non
3554 521 3788 574 peccan-

2218 592 2286 643 do
2320 589 2656 644 custodiunt.
2693 590 2863 660 Igitur
2891 607 3038 646 mors
3073 591 3191 660 ejus
3223 603 3455 648 mortem
3483 596 3788 653 inimicitiae

2217 679 2365 734 dedit
2399 680 2448 734 ei
2481 696 2599 750 quae
2633 691 2753 736 erat
2781 683 2925 735 inter
2953 697 3052 737 nos
3077 692 3132 736 et
3161 683 3350 751 Deum,
3378 695 3433 740 et
3460 689 3784 743 reconcilia-

2217 771 2381 825 tionis
2416 772 2655 826 initium.
2683 772 3036 828 Resurrectio
3069 784 3248 828 autem
3280 775 3448 844 ipsius
3475 788 3528 831 et
3556 778 3664 832 vita
3696 793 3786 832 sa-

2214 863 2380 918 lutem
2412 864 2764 920 credentibus
2798 866 3050 932 contulit,
3075 869 3214 920 sicut
3243 877 3298 920 ct
3325 867 3453 921 alibi
3489 869 3790 937 Apostolus

2214 956 2344 1010 dicit
2373 956 2440 1010 de
2471 956 2761 1011 Christo’:
2790 975 2808 1008 ι
2837 955 2988 1024 Quod
3011 975 3030 1008 ο
3058 957 3203 1011 enim
3234 976 3253 1008 ι
3280 970 3532 1013 mortuus
3550 972 3636 1014 est
3657 976 3782 1030 pec-

2211 1056 2359 1108 cato,
2405 1059 2651 1101 mortuus
2686 1055 2773 1102 est
2806 1047 3006 1113 semel;
3053 1048 3198 1115 quod
3247 1059 3431 1102 autem
3464 1050 3616 1116 vivit,
3651 1051 3780 1104 vivit

2214 1139 2341 1192 Deo.
2368 1157 2387 1190 ›
2437 1138 2669 1194 Peccato
2713 1147 2958 1192 mortuus
3004 1139 3232 1203 dicitur,
3274 1154 3382 1194 non
3431 1156 3572 1197 suo:
3607 1157 3781 1213 neque

2211 1231 2354 1285 enim
2390 1240 2669 1300 peccatum
2709 1231 2882 1286 fecit'
2913 1233 3048 1287 :sed
3098 1231 3213 1300 ipse
3263 1243 3487 1301 peccato
3533 1246 3785 1290 mortuus

2209 1333 2314 1387 est,
2346 1325 2397 1380 id
2427 1333 2512 1380 est
2565 1325 2710 1380 velut
2731 1326 2825 1396 qui
2874 1333 3047 1380 morte
3082 1339 3179 1380 sua
3213 1335 3436 1395 peccato
3475 1327 3577 1395 ipsi
3629 1328 3783 1384 iutu-

2209 1416 2334 1472 lerit
2358 1416 2437 1488 (4)
2470 1428 2720 1472 mortem.
2761 1419 2958 1474 Vivere
3008 1428 3186 1473 autem
3232 1418 3430 1472 dicitur
3468 1419 3602 1480 Deo,
3637 1430 3694 1473 ut
3723 1429 3778 1474 et

2208 1525 2310 1564 nos
2338 1524 2446 1563 non
2472 1509 2646 1574 nobis,
2670 1523 2848 1579 neque
2879 1520 3083 1566 nostrae
3115 1510 3404 1575 voluntati,
3437 1511 3529 1566 sed
3565 1511 3677 1567 Deo
3705 1513 3778 1566 vi-

2207 1613 2396 1652 vamus
2425 1607 2482 1652 ut
2523 1599 2602 1653 ita
2633 1598 2852 1654 demum
2904 1602 2955 1654 in
2991 1601 3102 1654 vita
3134 1601 3302 1670 ipsius
3333 1600 3471 1654 salvi
3499 1616 3619 1656 esse
3651 1617 3778 1670 pos-

2208 1691 2404 1756 simus,
2429 1691 2724 1746 secundum
2761 1707 2884 1746 eum
2909 1693 2999 1762 qui
3030 1693 3167 1747 dixit
3194 1711 3209 1747 :
3245 1713 3262 1744 ι
3286 1694 3418 1748 Vivo
3441 1703 3643 1758 autem,
3663 1695 3776 1764 jam

2207 1797 2315 1835 non
2344 1797 2479 1854 ego;
2510 1783 2641 1838 vivit
2687 1797 2818 1838 vero
2855 1784 2911 1838 in
2958 1799 3044 1839 me
3069 1783 3320 1839 Christus
3338 1787 3379 1837 ι.
3407 1802 3428 1836 ι
3463 1784 3613 1851 Quod
3645 1799 3780 1839 vero

2207 1874 2462 1931 similiter
2506 1885 2565 1930 ut
2613 1877 2667 1930 in
2714 1876 3088 1946 superioribus
3151 1877 3374 1944 posuit:
3410 1876 3566 1932 «Non
3602 1876 3777 1931 solum

2206 1976 2416 2030 autem,
2442 1965 2534 2020 sed
2566 1976 2624 2020 et
2649 1981 2790 2022 nunc
2816 1966 3114 2038 gloriamur
3142 1966 3194 2020 in
3229 1966 3365 2031 Deo,
3388 1985 3408 2019 ι
3439 1974 3493 2021 et
3521 1966 3653 2020 nihil
3679 1968 3780 2020 ud-

2207 2055 2342 2110 didit
2365 2058 2430 2111 ad
2471 2076 2490 2108 ι
2515 2072 2622 2112 non
2658 2057 2832 2129 solum
2875 2068 3078 2121 autem,
3107 2076 3126 2110 ι
3158 2058 3412 2113 similiter
3441 2065 3500 2112 ut
3527 2061 3780 2129 superius

2206 2147 2610 2217 intelligendum
2646 2158 2732 2204 est
2764 2127 2830 2204 de
2867 2149 2954 2204 his
2989 2150 3192 2204 dictum
3236 2165 3358 2219 quae
3409 2127 3774 2218 supraicam-

2205 2237 2470 2306 prehensa
2520 2248 2684 2294 sunt:
2713 2239 2763 2293 id
2810 2249 2912 2302 est,
2959 2241 3102 2308 quod
3141 2255 3244 2294 non
3290 2239 3463 2294 solum
3492 2239 3568 2311 (5)
3601 2257 3621 2291 ι
3649 2255 3777 2294 cum

2205 2328 2410 2383 inimici
2443 2343 2712 2396 essemus,
2750 2331 3084 2386 reconciliati
3115 2347 3304 2387 sumus
3333 2333 3442 2386 Deo
3479 2347 3576 2403 per
3623 2349 3774 2386 mor—

2206 2429 2312 2478 tem
2339 2420 2459 2474 Filii
2501 2421 2642 2490 ejus,
2667 2439 2686 2472 ι
2724 2432 2779 2476 et
2807 2437 2911 2476 non
2944 2422 3115 2476 solum
3151 2440 3171 2472 ι
3196 2421 3249 2476 in
3280 2424 3389 2476 vita
3435 2424 3604 2492 ipsius
3635 2423 3773 2478 salvi

2205 2513 2430 2578 erimus,
2457 2514 2548 2567 sed
2578 2522 2634 2568 et
2659 2529 2801 2567 nunc
2828 2513 3126 2583 gloriamur
3152 2514 3204 2567 in
3230 2515 3337 2570 Deo
3359 2531 3456 2586 per
3487 2515 3773 2568 Dominum

2205 2613 2450 2659 nostrum
2481 2601 2668 2660 Iesum
2692 2604 2989 2669 Christum,
3023 2620 3118 2672 per
3156 2620 3315 2674 quem
3365 2606 3771 2660 reconciliatio-

2205 2708 2327 2747 nem
2359 2695 2702 2762 accepimus.
2730 2711 2748 2744 ι
2799 2692 2912 2746 Νοιι
2956 2676 3152 2748 ιιιιιιξιιι⁸
3182 2695 3301 2750 sine
3352 2709 3510 2749 causa
3542 2696 3774 2761 addidit,

2209 2801 2228 2834 ι
2259 2798 2422 2847 nunc,
2450 2801 2469 2835 ι
2505 2798 2627 2837 cum
2663 2784 2930 2850 potuisset
2958 2784 3138 2837 dicere
3165 2800 3179 2836 :
3214 2801 3236 2834 ι
3259 2784 3364 2838 Sed
3393 2796 3446 2838 et
3476 2783 3772 2854 gloriamur

2206 2875 2258 2928 in
2293 2875 2403 2930 Deo
2428 2890 2523 2944 per
2555 2875 2838 2928 Dominum
2870 2885 3116 2930 nostrum
3143 2874 3325 2930 Jesum
3355 2877 3631 2931 Christum
3670 2876 3774 2950 (6),

2205 2983 2302 3037 per
2338 2984 2497 3037 quem
2567 2969 3062 3023 reconciliationem
3123 2963 3511 3040 accepimus“
3570 2973 3661 3024 sed
3715 2979 3774 3025 ut

2204 3060 2520 3114 ostenderet
2543 3059 2921 3129 gloriationem
2955 3061 3112 3115 nobis
3139 3076 3242 3115 non
3276 3062 3446 3116 solum
3476 3063 3528 3115 in
3565 3061 3775 3128 futuro,

2205 3152 2300 3206 sed
2355 3160 2409 3206 et
2460 3153 2512 3206 iu
2561 3154 2810 3222 praesenti
2858 3153 3040 3207 datam
3104 3153 3170 3208 de
3232 3154 3509 3225 agnitione
3565 3154 3686 3217 Dei,
3714 3165 3771 3209 et

2205 3244 2586 3299 emendatione
2614 3246 2761 3310 vitae,
2782 3256 2837 3301 et
2858 3261 3106 3301 errorum
3132 3246 3470 3302 correctione
3495 3245 3595 3316 (7),
3629 3246 3772 3299 sicut

2203 3347 2257 3391 et
2292 3337 2344 3390 in
2367 3337 2490 3393 aliis
2517 3339 2653 3393 idem
2681 3339 2757 3409 (8)
2785 3338 3072 3407 Apostolus
3103 3340 3236 3394 dicit
3265 3359 3282 3396 :
3311 3359 3330 3391 ι
3353 3338 3512 3410 Spem
3561 3339 3770 3394 haben-

2206 3439 2286 3484 tes
2315 3438 2370 3482 et
2404 3430 2689 3499 praesentis
2710 3433 2856 3496 vitae,
2877 3439 2931 3486 et
2955 3431 3151 3487 futurae
3168 3433 3223 3486 ':
3257 3452 3277 3486 ι
3301 3432 3604 3501 ρτωεθιιιὶε,
3626 3435 3774 3500 quod

2203 3521 2484 3577 honestior
2509 3533 2565 3576 et
2593 3523 2935 3580 emendatior
2960 3535 3077 3591 est;
3105 3525 3326 3592 futurae,
3367 3527 3510 3596 quod
3562 3534 3767 3580 aaterna

2203 3621 2308 3667 est.

1657 3934 2010 4026 LIBER
2089 3937 2662 4044 QUINTUS.

603 4259 658 4316 l.
699 4277 718 4312 ι
744 4258 1039 4328 Propterea
1071 4260 1209 4315 sicut
1244 4274 1342 4332 per
1368 4277 1537 4317 unum
1569 4263 1846 4320 hominem
1893 4279 2093 4334 pecca-
2120 4270 2174 4331 D
2197 4265 2350 4338 legis,
2383 4275 2446 4324 et
2472 4280 2658 4323 eorum
2707 4266 2869 4341 544,
2913 4272 3006 4340 qui
3043 4286 3142 4342 per
3184 4271 3342 4326 tidem
3374 4270 3770 4341 justiiicantur,

533 4358 651 4404 tum
703 4351 758 4406 in
809 4351 953 4405 hunc
1001 4351 1260 4406 mundum
1308 4352 1553 4420 intravit,
1584 4364 1642 4409 et
1687 4370 1783 4424 per
1812 4366 2094 4425 peccatum

533 4457 700 4510 mors,
737 4450 793 4497 et
837 4443 916 4497 sic
949 4443 1002 4497 in
1037 4457 1229 4498 omnes
1269 4444 1520 4499 homines
1566 4461 1718 4500 mors
1753 4446 2094 4515 pertransiit,

532 4533 586 4587 in
631 4548 740 4603 quo
778 4548 967 4589 omnes
1005 4545 1388 4603 peccaverunt.
1425 4536 1605 4606 Usque
1636 4537 1702 4590 ad
1749 4537 1920 4608 legem
1949 4538 2094 4591 enim

466 4679 470 4682 _
528 4635 812 4697 peccatum
845 4636 965 4680 erat
992 4625 1068 4697 (9)
1094 4626 1145 4680 in
1179 4627 1283 4681 hoc
1321 4628 1540 4680 mundo.
1592 4627 1879 4682 Peccatum
1912 4638 2092 4684 autem

527 4730 635 4771 non
659 4715 975 4785 imputatur,
1006 4731 1128 4771 cum
1162 4717 1245 4771 lex
1269 4731 1378 4772 non
1395 4727 1499 4772 est.
1534 4717 1640 4773 Sed
1672 4719 1916 4786 regnavit
1947 4733 2095 4774 mors

528 4808 595 4862 ab
619 4808 790 4862 Adam
821 4820 994 4877 usque
1018 4808 1084 4860 ad
1125 4806 1368 4878 Moysen,
1397 4807 1451 4861 in
1475 4822 1568 4863 eos
1605 4813 1697 4878 qui
1728 4817 2096 4878 peccaverunt

528 4896 582 4950 in
605 4897 1010 4952 similitudinem
1043 4899 1505 4967 praevaricationis
1517 4900 1667 4963 Adae,
1691 4900 1780 4969 qui
1808 4909 1893 4954 est
1919 4899 2090 4955 forma

526 4985 694 5042 futuri
715 4989 758 5043 °.
786 5008 806 5043 δ
845 4988 1202 5060 Posteaquam
1237 4992 1452 5046 edocuit
1483 4989 1842 5046 dili'erentiam
1884 4991 2008 5047 ﬁdei
2039 5001 2093 5048 et

2199 4365 2362 4426 atque
2393 4373 2582 4413 eorum
2609 4360 2702 4428 qui
2727 4361 3116 4430 promissiones
3151 4377 3273 4430 qum
3299 4361 3364 4415 ad
3396 4371 3578 4432 patres
3605 4361 3764 4417 factae

2197 4448 2438 4513 fuerunt,
2471 4464 2575 4505 non
2611 4463 2839 4520 possunt
2880 4467 3101 4520 sperare
3141 4468 3240 4520 per
3291 4453 3502 4524 legem:
3530 4468 3764 4522 cumque

2198 4539 2500 4606 aperuisset
2542 4543 2730 4595 arcani
2783 4553 2996 4597 secreta
3051 4543 3339 4613 mysterii,
3407 4545 3549 4612 quod
3595 4559 3759 4597 tcum

2199 4629 2406 4685 inimici
2433 4646 2677 4687 essemus
2706 4633 2837 4698 Deo,
2869 4649 2963 4703 per
2997 4647 3228 4688 mortem
3264 4634 3384 4688 Filii
3431 4633 3546 4702 ejus
3579 4649 3765 4688 recon-

2197 4720 2366 4776 ciliati
2391 4725 2634 4790 sumus",
2657 4708 2847 4778 {nunc
2875 4734 2930 4779 et
2963 4740 3158 4780 causas
3180 4725 3262 4778 vel
3294 4741 3392 4780 cur
3414 4724 3614 4779 inimici
3641 4724 3761 4780 fue-

2196 4815 2391 4878 rimus,
2434 4816 2520 4870 vel
2562 4830 2659 4870 cur
2687 4829 2863 4870 morte
2890 4815 3019 4872 Filii
3053 4817 3149 4872 Dei
3197 4818 3486 4888 indiguerit
3533 4817 3634 4871 ista
3676 4831 3763 4870 re-

2200 4907 2508 4961 conciliatio
2569 4917 2968 4975 consequenter
3039 4909 3259 4978 eXponit
3310 4926 3326 4962 τ
3373 4919 3431 4961 ιιι
3487 4907 3761 4962 intuentes

2199 5007 2397 5066 quanta
2457 4997 2612 5052 nobis
2662 5001 2980 5068 praestiterit
3039 4999 3196 5055 Jesus
3226 5039 3242 5064 ,
3293 4999 3401 5052 imo
3452 5013 3552 5066 pro
3603 4997 3761 5051 nobis

600 5082 823 5161 ξριιιιιι1
847 5101 909 5152 ιι,
939 5086 1028 5153 l9,
1061 5088 1151 5142 20.
1232 5091 1252 5120 ³
1277 5089 1433 5142 Rom.
1469 5104 1542 5153 vr,
1580 5088 1666 5142 l0.
1742 5088 1764 5120 ³
1791 5088 1812 5141 ι
1842 5087 1988 5143 Petr.
2017 5090 2106 5156 11,5

2257 5093 2280 5125 ‘
2309 5093 2484 5149 Galat.
2516 5112 2577 5161 ιι,
2605 5094 2699 5151 20.
2776 5095 2799 5127 ⁸
2820 5093 2840 5147 l
2865 5095 3005 5151 Tim.
3027 5110 3101 5160 tv,
3133 5095 3188 5149 5.
3265 5094 3285 5126 ⁸
3307 5093 3464 5147 Rom.
3494 5091 3649 5156 v,l%,
3674 5092 3760 5148 l4.

523 5151 547 5186 ν
576 5154 728 5216 ibid.,
765 5155 852 5211 10.

575 5245 706 5327 ,(99)
737 5246 803 5301 In
831 5265 935 5302 uno
987 5265 1224 5315 corpore.
1255 5249 1423 5308 Alias.
1459 5266 1480 5300 ι
1503 5249 1558 5303 ἱιι
1619 5264 1884 5319 corpore;
1912 5268 1930 5302 ι
1987 5249 2082 5315 al.,

525 5332 549 5367 '
575 5331 1090 5446 ’ξιῗιὲιξιῗτῗθιῖξὺιέ
1134 5407 1153 5439 ι

698 5427 872 5522 Eliiii’,
896 5427 1333 5529 ‘tlsed'prmcipue
1365 5459 1418 5514 in
1452 5459 1541 5514 his
1565 5457 1718 5523 illud,
1751 5458 1816 5512 ad
1844 5457 2087 5525 Patrem,

522 5526 770 5580 observa.
794 5545 814 5579 ι
1067 5526 1080 5529 ⁷
1232 5526 1248 5529 “

594 5593 670 5664 (ὅ)
700 5593 1103 5659 Genebrardus,
1135 5615 1154 5648 ι
1177 5597 1404 5664 Christi,
1428 5617 1447 5650 ι
1480 5596 1644 5653 male.

592 5663 670 5735 (tl)
697 5664 857 5735 Editi,
893 5684 912 5716 ι
933 5678 1155 5735 peccato
1186 5663 1426 5722 intulit.)

593 5732 668 5804 (5)
697 5733 865 5804 Editi,
901 5732 998 5793 uid
1027 5747 1132 5806 est,
1163 5753 1264 5806 pro
1292 5754 1399 5796 non
1433 5739 1641 5805 solum;
1671 5758 1688 5793 ι
1723 5739 1822 5806 al.,
1859 5758 1878 5792 ι
1902 5738 1954 5794 id
1982 5747 2085 5804 est,

2185 5267 2290 5306 non
2322 5253 2518 5305 solum.
2541 5271 2559 5304 ι

2257 5321 2332 5392 (6)
2359 5321 2461 5392 Se_d
2488 5331 2538 5375 et
2559 5321 2851 5392 gloriamur
2871 5322 2928 5376 in
2956 5321 3063 5375 Deo
3088 5336 3182 5392 per
3202 5319 3491 5392 Dominum
3520 5327 3758 5392 nostrum

2184 5389 2367 5446 tam
2398 5389 2688 5445 Christum.
2725 5391 2851 5445 Haec
2897 5392 3090 5445 desunt
3111 5391 3164 5443 in
3197 5389 3350 5443 libris
3378 5399 3536 5442 antea
3560 5389 3754 5442 editis.

2257 5463 2336 5531 (7)
2385 5459 2454 5514 Et
2500 5476 2740 5514 errorum
2793 5464 3136 5514 correctione.
3183 5459 3354 5521 Alias,
3389 5469 3486 5531 tet
3536 5474 3756 5512 morum

2185 5530 2544 5595 correctione,
2571 5550 2588 5581 ι
2627 5532 2724 5593 al.,
2771 5550 2788 5582 ι
2811 5539 2864 5584 et
2891 5545 3138 5584 errorum
3167 5530 3529 5597 correptione.
3557 5547 3574 5579 ι

2257 5599 2332 5668 (8)
2369 5601 2531 5664 Editi,
2565 5618 2584 5650 ι
2605 5600 2764 5662 item;
2788 5618 2807 5650 ι
2839 5600 2972 5653 alias
2997 5600 3150 5654 deest
3186 5616 3204 5648 ι
3229 5598 3391 5668 idem.
3415 5616 3436 5652 ι

2257 5603 2310 5668 (8
2369 5601 2531 5664 Editi,
2565 5600 2764 5662 «item;
2788 5618 2807 5650 ι
2839 5600 2972 5653 alias
2997 5600 3150 5654 deest
3186 5616 3204 5648 ι
3229 5599 3380 5650 idem.

2257 5599 2334 5743 (9;
2366 5669 2521 5727 Erat.
2547 5670 2710 5726 Deest
2735 5672 2792 5725 in
2820 5669 2976 5726 libris
3006 5679 3166 5724 antea
3198 5667 3380 5724 editis.
