4170 6372
381 341 520 396 1005

1325 328 1689 388 COMMENT.
1724 325 1786 380 IN
1820 321 2041 379 EPIST.
2075 322 2164 375 AD
2202 321 2370 378 ROM.
2411 321 2538 376 LIB.
2581 317 2644 379 ν.

3482 316 3620 373 1005

378 469 582 529 quanta
615 457 921 528 pertulerit,
955 455 1291 511 radicatiore
1313 469 1444 524 erga
1471 465 1599 507 eum
1626 448 1754 512 (ide,
1784 457 1840 501 et
1866 447 1950 500 in-
1981 449 2027 504 Α
2053 445 2147 499 sed
2192 445 2276 498 his
2318 443 2410 514 qui
2459 443 2632 498 multo
2675 439 2864 497 labore
2885 449 2941 496 et
2971 439 3169 494 sud-ore
3207 441 3481 507 potuerint
3507 452 3628 507 quae

386 551 678 620 separabili
709 550 821 621 (10)
853 548 1122 603 charitate
1156 555 1460 602 teneamur.
1494 541 1622 597 Ideo
1665 554 1796 608 ergo
1834 538 1961 593 licet

388 659 495 698 non
541 656 927 711 usquequaque
979 640 1310 708 patefactam
1350 636 1482 708 (11),
1526 633 1732 689 indicat
1781 640 1959 684 tamen

389 735 552 789 nobis
588 744 644 789 et
684 734 910 788 alterius
953 730 1154 786 secreti
1211 729 1477 783 rationem
1513 727 1705 781 dicens
1736 738 1751 776 :
1783 741 1801 773 ι
1834 721 1962 776 Pro-

387 838 574 898 pterea
607 827 750 881 sicut
780 839 880 894 per
908 839 1074 877 unum
1097 821 1369 878 hominem
1399 828 1682 888 peccatum
1713 815 1961 872 introivit

390 920 445 973 in
480 919 622 972 hunc
655 919 915 972 mundum
954 915 1086 985 (12),
1135 923 1190 970 et
1225 929 1323 984 per
1372 923 1656 982 peccatum
1705 907 1910 974 mors“,
1936 927 1954 958 ι

387 1019 444 1065 et
466 1018 681 1065 caetera.
713 1009 821 1064 Sed
851 1008 1168 1076 priusquam
1202 1006 1270 1060 ad
1317 1003 1754 1076 explanationem
1797 1001 1960 1055 totius

388 1099 610 1170 capituli
647 1100 948 1164 veniamus,
976 1113 1148 1168 pauca
1181 1097 1247 1152 de
1279 1112 1345 1152 eo
1373 1096 1467 1166 qui
1503 1095 1716 1148 videtur
1741 1095 1792 1147 in
1828 1108 1958 1146 con-

390 1193 745 1262 sequentibus
789 1192 960 1261 ipsius
1004 1191 1204 1260 eloquii
1267 1189 1484 1244 defectu
1536 1188 1764 1242 dicenda
1809 1195 1958 1240 sunt.

394 1284 500 1341 Ubi
545 1285 692 1340 enim
724 1285 944 1350 dicitur,
988 1303 1007 1334 ι
1036 1284 1321 1352 Propterea
1355 1281 1517 1347 sicut,
1538 1299 1556 1332 ι
1594 1279 1960 1334 necessarium

388 1377 616 1434 ‘videtur
657 1377 801 1448 quod
845 1378 966 1431 addi
1015 1377 1207 1431 debeat
1258 1373 1572 1445 adimpletio
1601 1373 1868 1442 quaedam,
1901 1379 1962 1425 ut

393 1469 628 1524 dicatur.
672 1467 750 1521 lta
786 1475 842 1522 et
872 1467 999 1520 illud
1031 1465 1116 1520 vel
1147 1465 1301 1524 illud.
1331 1472 1391 1517 ut
1426 1473 1482 1518 et
1510 1463 1703 1532 ipsein
1729 1459 1964 1515 nonnul-

393 1559 462 1614 lis
519 1560 640 1616 aliis
684 1559 819 1614 locis
871 1558 1085 1624 scribit,
1143 1557 1292 1612 verbi
1343 1556 1538 1625 gratia,
1587 1569 1710 1608 cum
1746 1553 1960 1608 dicit':

402 1671 423 1704 ι
450 1653 605 1708 Sicut
628 1653 771 1707 enim
806 1652 858 1705 in
884 1652 1054 1705 Adam
1086 1664 1278 1704 omnes
1311 1648 1642 1711 moriuntur,
1691 1645 1764 1699 ita
1811 1653 1866 1699 et
1907 1646 1962 1698 in

395 1744 614 1801 Christo
667 1759 860 1800 omnes
909 1743 1398 1799 vivificabuntur.»
1455 1739 1556 1794 Hic
1612 1745 1791 1792 autem
1841 1750 1962 1790 cum

2067 535 2286 590 occulta
2338 542 2464 590 sunt
2513 547 2778 603 quaerere,
2827 532 3045 602 pulsare
3097 547 3219 600 qua:
3263 536 3446 588 clausa
3478 539 3627 592 sunt,

2068 626 2381 680 desiderare
2424 639 2548 694 quae
2591 623 2907 679 abscondita
2948 631 3094 678 sunt.
3133 619 3374 689 Denique
3399 632 3452 676 et
3486 622 3539 676 in
3565 633 3633 674 eo

2069 716 2324 786 capitulo,
2361 716 2509 785 quod
2539 730 2638 786 pro
2665 715 3020 770 similitudine
3051 715 3244 768 horum
3273 713 3549 768 'dictorum
3577 712 3632 764 in

2069 807 2306 862 medium
2337 805 2452 879 (l6)
2506 809 2846 870 adduximus,
2904 809 2956 862 id
3004 818 3124 874 est,
3160 826 3178 859 ι
3204 809 3353 863 Sicut
3385 808 3531 862 enim
3579 808 3636 859 in

2067 899 2240 953 Adam
2291 915 2484 955 omnes
2535 901 2922 964 moriuntur“,
2944 921 2964 954 ι
2994 916 3098 955 non
3151 901 3309 963 dixit,
3344 920 3361 952 ι
3389 901 3459 954 ita
3493 908 3549 954 et
3580 899 3634 951 in

2068 991 2292 1048 Christo
2321 1006 2552 1047 omnes:
2588 993 2844 1048 viviﬁcati
2873 1003 3022 1055 sunt,
3042 1003 3133 1048 aut
3158 991 3637 1058 viviﬁcantur,sed

2074 1081 2600 1145 «viviﬁcabuntur,»
2649 1091 2708 1135 ut
2769 1083 3082 1138 ostenderet
3121 1082 3341 1152 quidem
3394 1095 3638 1151 praesens

2071 1181 2285 1241 tempus
2315 1187 2436 1228 esse
2473 1173 2680 1228 laboris
2715 1185 2769 1228 et
2815 1175 3020 1243 operis,
3067 1175 3120 1228 in
3157 1188 3265 1243 quo
3309 1189 3406 1242 per
3437 1174 3633 1227 bonam

2068 1262 2536 1318 conversationem
2567 1262 2760 1317 merita
2777 1264 3206 1332 conquirantur;
3238 1260 3476 1316 futurum
3507 1275 3638 1315 vero

2068 1368 2192 1408 esse
2238 1353 2294 1408 in
2336 1368 2447 1424 quo
2487 1354 2908 1410 viviﬁcabuntur
2937 1356 2990 1410 hi
3025 1354 3116 1424 qui
3161 1355 3214 1408 in
3247 1353 3502 1424 praesenti
3528 1353 3638 1406 vita

2069 1445 2289 1501 Christo
2337 1448 2794 1513 commoriuntur,
2823 1449 2966 1503 sicut
3013 1460 3068 1504 et
3103 1447 3230 1504 alibi
3255 1449 3300 1480 ¹⁸
3328 1448 3459 1504 dicit
3493 1447 3638 1503 idem

2069 1537 2364 1606 Apostolus
2395 1557 2409 1594 :
2445 1557 2465 1588 ί
2496 1539 2552 1594 Si
2599 1539 2746 1594 enim
2818 1541 3243 1606 commorimur,
3291 1550 3346 1596 et
3385 1542 3641 1596 convive-

2071 1645 2212 1687 mus.
2237 1648 2257 1682 ι
2303 1629 2371 1684 Ει
2412 1631 2531 1686 ideo
2565 1633 2728 1687 etiam
2760 1632 2815 1687 in
2861 1635 3116 1703 praesenti
3165 1635 3284 1690 loco
3328 1635 3641 1690 dissimulat

2070 1721 2313 1788 exsequi,
2365 1729 2423 1776 et
2468 1722 2766 1793 adimplere
2815 1739 3067 1782 sermone
3111 1741 3178 1782 ea
3218 1741 3341 1797 quae
3382 1741 3546 1782 sensu
3583 1737 3641 1781 et

397 1835 604 1890 dixerit
632 1851 647 1890 ε
688 1853 707 1886 ι
738 1834 893 1889 Sicut,
923 1848 1022 1904 per
1060 1848 1224 1887 unum
1259 1831 1534 1886 hominem
1581 1837 1859 1899 peccatum
1887 1828 1972 1880 in-
2000 1807 2044 1861 Β
2073 1816 2460 1885 consequentia
2489 1817 2748 1872 Videntur
2778 1819 3030 1888 intelligi.
3052 1817 3206 1873 Alius
3226 1817 3458 1872 fortasse
3481 1817 3636 1880 dicit,

399 1928 582 1982 troivit
616 1927 670 1982 in
705 1927 849 1981 hunc
881 1924 1166 1988 mundum,
1211 1933 1265 1978 et
1311 1938 1408 1992 per
1460 1931 1742 1994 peccatum
1801 1934 1969 1981 mors,

397 2029 456 2074 et
488 2021 561 2074 ita
606 2021 660 2074 in
711 2032 906 2074 omnes
941 2016 1190 2072 homines
1236 2030 1386 2071 mors
1411 2013 1754 2085 pertransiit,
1787 2010 1974 2080 inquo

397 2127 589 2168 omnes
641 2121 1026 2181 peccaverunt,
1061 2130 1080 2163 ι
1119 2125 1227 2165 non
1267 2108 1452 2163 retulit
1477 2105 1591 2179 (15)
1636 2114 1696 2160 ιιι
1743 2105 1972 2169 diceret,

398 2205 553 2261 verbi
600 2219 765 2259 causa
798 2220 811 2257 :
837 2205 915 2258 lta
939 2213 995 2258 et
1020 2218 1120 2274 per
1149 2217 1319 2256 unum
1349 2201 1625 2257 hominem
1651 2197 1866 2267 iustitia
1892 2198 1974 2252 in-

407 2299 594 2353 troivit
624 2299 676 2352 in
725 2298 871 2352 hunc
927 2297 1212 2361 mundum,
1241 2305 1297 2349 et
1329 2310 1426 2364 per
1450 2293 1718 2364 justitiam
1751 2290 1885 2355 vita,
1917 2299 1974 2345 et

403 2385 482 2439 sic
514 2385 566 2438 in
603 2398 794 2438 omnes
827 2384 1074 2438 homines
1117 2383 1228 2436 vita
1257 2382 1596 2452 pertransiit,
1629 2381 1682 2435 in
1715 2394 1821 2451 qua
1853 2395 1975 2434 om-

402 2489 500 2531 nes
527 2476 784 2531 viviﬁcati
821 2485 948 2531 sunt
985 2493 998 2528 :
1031 2475 1134 2528 hoc
1186 2477 1328 2530 enim
1389 2473 1673 2528 videbatur
1712 2470 1974 2542 propositi

401 2567 608 2637 eloquii
641 2585 832 2624 sensus
882 2579 1158 2639 expetere,
1190 2567 1486 2622 secundum
1513 2578 1579 2620 ea
1619 2578 1740 2634 qua:
1768 2564 1822 2617 in
1855 2563 1976 2618 aliis

402 2662 520 2730 ipse
565 2662 922 2731 proloqnitur.
954 2659 1140 2728 Neque
1167 2660 1312 2712 eiiim
1360 2657 1587 2712 multum
1628 2654 1812 2709 differt
1847 2653 1976 2708 illud

401 2755 548 2822 quod
584 2753 710 2809 alibi
761 2753 1000 2808 dicit”:
1041 2771 1060 2803 ι
1091 2751 1247 2806 Sicut
1296 2750 1442 2804 enim
1500 2751 1552 2803 in
1581 2749 1752 2802 Adam
1789 2761 1977 2802 omnes

403 2845 734 2911 moriuntur,
768 2862 788 2896 ι
824 2854 880 2898 et
911 2843 1056 2914 quod
1115 2843 1201 2897 hic
1231 2843 1363 2897 dicit
1391 2858 1405 2895 :
1444 2859 1462 2892 ι
1489 2839 1788 2909 Propterea
1838 2841 1979 2894 sicut

403 2951 504 3007 per
536 2952 700 2990 unum
730 2937 1001 2992 hominem
1032 2945 1310 3007 peccatum
1346 2935 1398 2989 in
1430 2936 1575 2989 hunc
1603 2935 1862 2988 mundum
1891 2933 1977 2987 in-

408 3029 619 3093 troivit,
646 3039 700 3083 et
726 3044 825 3099 per
857 3038 1138 3098 peccatum
1187 3041 1358 3092 mors,
1382 3037 1437 3081 et
1468 3026 1540 3080 ita
1572 3025 1624 3080 in
1657 3039 1850 3080 omnes
1876 3025 1978 3078 ho-

407 3121 583 3175 mines
605 3120 946 3190 pertransiit,
978 3121 1032 3174 in
1060 3134 1168 3190 quo
1214 3133 1404 3174 omnes
1449 3126 1842 3188 peccaverunt;
1865 3134 1886 3169 ι
1921 3124 1976 3171 et
2002 3149 2048 3210 ϐ

407 3212 601 3269 iterum
635 3211 778 3280 quod
803 3211 944 3265 dixit
968 3211 1052 3266 “:
1084 3229 1104 3259 ι
1136 3211 1214 3264 lta
1252 3221 1310 3265 et
1340 3211 1393 3264 in
1429 3209 1650 3265 Christo
1674 3223 1866 3264 omnes
1895 3208 1975 3262 vi-

405 3303 786 3367 viﬁcabuntur,
816 3321 834 3353 ι
863 3303 994 3356 nihil
1031 3301 1211 3356 diﬂ'ert
1237 3302 1303 3356 ab
1328 3317 1393 3357 eo
1422 3315 1604 3365 sensu,
1632 3314 1789 3367 quem
1814 3315 1976 3370 supra

407 3393 598 3448 deesse
624 3393 914 3448 elocutioni
941 3391 1181 3445 diximus
1210 3390 1348 3461 (M),
1389 3397 1444 3444 et
1474 3389 1768 3444 intellectui
1793 3389 1977 3459 legen-

410 3483 479 3536 tis
518 3481 788 3536 relictum.
825 3481 930 3536 Sed
981 3479 1112 3534 mihi
1149 3481 1368 3535 videtur
1417 3479 1620 3534 Paulus
1659 3478 1748 3547 qui
1790 3478 1977 3532 dicit"

408 3574 541 3642 quia.
575 3591 595 3625 ι
626 3572 944 3628 sufﬁcientia
977 3582 1161 3628 nostra
1191 3587 1257 3627 ex
1283 3572 1394 3628 Deo
1423 3581 1525 3637 est,
1556 3571 1647 3640 qui
1680 3579 1733 3626 et
1759 3570 1980 3625 idoneos

407 3681 509 3720 nos
543 3667 674 3720 fecit
719 3665 1000 3721 ministros
1037 3667 1170 3720 Novi
1205 3665 1579 3726 Testamenti;
1607 3683 1626 3716 ι
1659 3673 1713 3718 et
1739 3663 1831 3733 qui
1879 3663 1979 3716 ite-

410 3771 530 3810 rum
569 3756 704 3810 dicit
733 3773 748 3809 :
782 3774 804 3808 ι
833 3758 915 3810 An
961 3756 1346 3810 documentum
1379 3754 1628 3824 quaritis
1658 3753 1776 3820 eius
1805 3754 1895 3822 qui
1921 3753 1976 3806 in

411 3851 763 3918 nte-loquitur
787 3848 1040 3904 Christus
1058 3849 1155 3902 ’³1)
1189 3862 1298 3902 non
1322 3847 1439 3902 haec
1456 3860 1554 3916 per
1571 3844 1839 3900 delectum
1863 3844 1978 3914 (15)

408 3954 601 4007 passus
649 3940 874 4008 eloquii,
930 3939 1024 3993 sed
1072 3939 1419 4007 prospexisse
1464 3951 1561 4006 per
1615 3936 1731 3990 haec
1776 3934 1978 4004 aliquid

406 4033 684 4097 utilitatis,
734 4047 842 4101 quo
885 4030 1102 4086 etiamsi
1147 4029 1377 4098 intelligi
1443 4027 1702 4083 deberent
1750 4041 1815 4081 ea
1861 4043 1981 4097 quae

405 4126 600 4181 deesse
623 4124 911 4180 elocutioni
941 4133 998 4178 et
1032 4120 1486 4187 subintelligenda
1520 4119 1777 4183 diximus,
1801 4127 1980 4172 tamen

409 4227 635 4288 propter
682 4213 1108 4286 negligentiores
1165 4225 1409 4280 quosque
1451 4210 1540 4278 qui
1599 4209 1738 4264 forte
1786 4207 1978 4263 resolvi

411 4317 655 4382 possent,
689 4308 731 4364 si
765 4309 1020 4362 audirent
1050 4305 1193 4376 quod
1225 4305 1373 4358 sicut
1419 4317 1566 4357 mors
1591 4302 1645 4355 in
1668 4316 1858 4356 omnes
1887 4301 1983 4354 ho-

412 4406 584 4458 mines
611 4418 708 4472 per
733 4412 1040 4472 peccatum,
1068 4399 1140 4451 ita
1178 4404 1234 4452 et
1255 4396 1309 4450 in
1339 4409 1532 4450 omnes
1570 4392 1816 4448 homines
1857 4407 1981 4461 per-

2072 1905 2200 1974 quia
2230 1905 2333 1961 hoc
2360 1905 2502 1975 quod
2528 1907 2744 1961 videtur
2765 1908 2954 1962 deesse
2985 1908 3036 1960 in
3058 1909 3142 1962 his
3163 1923 3285 1978 quae
3312 1923 3476 1977 supra
3505 1907 3640 1962 dixi-

2072 2012 2195 2054 mus
2223 1999 2514 2053 secundum
2541 1999 2865 2055 elocutionis
2894 2001 3172 2062 ordinem,
3199 1999 3352 2054 tarde
3388 1999 3632 2070 quidem,

2072 2089 2165 2143 sed
2187 2089 2242 2142 in
2271 2091 2662 2158 posterioribus
2686 2091 2950 2157 redditur,
2979 2092 3067 2146 ubi
3099 2091 3321 2147 dicit“:
3348 2111 3368 2144 ι
3396 2091 3501 2146 Sed
3529 2107 3637 2146 non

2072 2182 2214 2235 sicut
2241 2181 2517 2248 delictum,
2549 2181 2624 2236 ita
2660 2192 2714 2238 et
2742 2183 2987 2238 donatio.
3030 2184 3086 2238 Si
3135 2185 3280 2239 enim
3317 2183 3478 2239 unius
3507 2184 3641 2238 deli-

2075 2280 2165 2325 cto
2196 2273 2395 2327 mortui
2426 2283 2554 2328 sunt
2591 2274 2768 2339 multi,
2801 2274 2972 2329 multo
3013 2275 3184 2344 magis
3226 2276 3398 2346 gratia
3434 2276 3548 2340 Dei,
3583 2285 3642 2330 et

2073 2363 2296 2430 donum,
2334 2366 2386 2418 in
2416 2364 2528 2437 (17)
2563 2367 2740 2437 gratia
2784 2367 2948 2423 unius
2983 2368 3222 2422 hominis
3258 2367 3385 2423 Jesu
3434 2368 3638 2423 Christi

2075 2457 2129 2510 in
2180 2457 2358 2528 plures
2410 2459 2781 2526 abundavit“
2812 2470 2870 2515 et
2901 2462 3095 2515 asserit
3141 2475 3207 2515 ex
3244 2461 3330 2517 his
3373 2462 3639 2531 completa

2073 2563 2196 2604 esse
2226 2565 2348 2620 quis
2378 2550 2621 2607 defuisse
2653 2552 2707 2606 in
2736 2552 3114 2622 superioribus
3146 2553 3472 2608 videbantur
3498 2570 3514 2610 :
3543 2569 3644 2608 nec

2067 2637 2301 2694 multum
2330 2639 2595 2696 interesse
2619 2641 2762 2712 quod
2805 2641 2876 2696 ibi
2913 2643 2966 2696 in
2999 2657 3190 2697 omnes
3214 2643 3462 2698 homines
3489 2643 3644 2698 dixe-

2075 2728 2148 2782 rit
2181 2731 2547 2796 pertransisse
2584 2741 2890 2800 peccatum,
2926 2732 3016 2787 hic
3049 2747 3180 2788 vero
3215 2735 3412 2788 donum
3443 2745 3498 2788 et
3521 2749 3646 2804 gra-

2077 2818 2205 2873 tiam
2231 2818 2360 2875 Jesu
2391 2820 2594 2876 Christi
2635 2820 2692 2876 in
2725 2822 2909 2892 plures
2939 2824 3274 2892 abundasse,
3300 2839 3422 2880 cum
3450 2836 3506 2880 et
3527 2841 3646 2880 om-

2076 2913 2462 2994 nesdromines
2517 2906 2705 2983 plures
2752 2928 2877 2969 esse
2929 2915 3326 2985 intelligantur,
3368 2925 3423 2972 et
3461 2917 3648 2981 plures

2076 3018 2268 3059 omnes
2311 3004 2540 3076 intelligi
2577 3021 2682 3060 non
2731 3007 2979 3061 videatur
3031 3007 3358 3073 absurdum,
3412 3009 3649 3064 maxime

2075 3107 2197 3147 cum
2228 3094 2280 3147 in
2309 3093 2762 3163 subsequentibus
2787 3095 2830 3127 "
2857 3097 3001 3150 dicat
3025 3099 3298 3167 apertius:
3329 3116 3350 3150 ι
3377 3098 3530 3153 Sicut
3551 3115 3648 3166 per

2080 3185 2237 3240 unius
2265 3184 2518 3240 delictum
2549 3188 2605 3240 in
2632 3199 2823 3241 omnes
2857 3188 3110 3244 homines
3143 3189 3194 3242 in
3227 3191 3647 3245 condemnatio-

2079 3293 2238 3344 nem;
2273 3279 2347 3333 ita
2375 3288 2430 3333 et
2471 3293 2570 3350 per
2610 3279 2770 3332 unius
2808 3276 3076 3346 justitiam
3101 3279 3154 3333 in
3183 3295 3374 3335 omnes
3399 3281 3650 3334 homines

2081 3369 2146 3422 ad
2171 3367 2626 3438 justiﬁeationem
2652 3368 2797 3423 vitai.
2823 3387 2843 3420 ι
2871 3368 2936 3422 Ει
2967 3379 3027 3424 ut
3061 3370 3370 3425 evidentius
3399 3375 3650 3427 ostende-

2082 3471 2165 3515 ret
2209 3475 2400 3515 omnes
2441 3460 2689 3515 homines
2710 3471 2767 3516 et
2794 3461 2994 3515 multos
3045 3461 3294 3517 homines
3322 3461 3468 3517 idem
3502 3478 3645 3528 esse,

2080 3551 2288 3606 addidit
2308 3551 2395 3606 his
2417 3550 2494 3604 ¹⁸ε
2524 3568 2542 3602 ι
2565 3549 2718 3605 Sicut
2744 3550 2886 3605 enim
2914 3566 3010 3620 per
3040 3551 3465 3606 inobedientiam
3490 3554 3650 3607 unius

2081 3643 2320 3699 heroinis
2351 3651 2672 3713 peccatores
2693 3643 2976 3697 constituti
3012 3654 3140 3697 sunt
3168 3643 3343 3708 multi,
3375 3645 3446 3698 ita
3474 3656 3528 3699 et
3553 3662 3652 3715 per

2082 3735 2242 3789 unius
2284 3735 2652 3790 obedientiam
2701 3735 2837 3805 justi
2894 3735 3294 3790 constituentur
3333 3736 3504 3790 multi.
3530 3756 3548 3788 ι
3587 3739 3652 3792 Et

2081 3829 2222 3894 quod
2251 3827 2502 3896 superius
2547 3840 2740 3882 omnes
2777 3827 2991 3882 dixerat
3028 3826 3304 3892 homines,
3340 3827 3430 3882 hic
3459 3829 3648 3883 eodem

2082 3934 2243 3974 sensu
2271 3919 2470 3974 multos
2499 3920 2824 3975 nominavit.
2876 3917 2994 3973 Nisi
3036 3919 3080 3973 si
3125 3919 3252 3988 quis
3295 3918 3462 3984 dicat,
3508 3923 3650 3986 quod

2083 4008 2257 4078 magis
2295 4008 2628 4078 permiscere
2663 4017 2719 4062 et
2778 4006 3112 4062 confundere
3155 4004 3342 4060 volens
3363 4005 3655 4074 Apostolus

2083 4099 2134 4153 id
2173 4103 2319 4168 quod
2347 4099 2597 4169 superius
2630 4106 2940 4168 aperuerat,
2969 4113 3056 4163 ne,
3085 4104 3142 4152 ut
3179 4097 3437 4161 diximus,
3457 4097 3656 4151 dissol-

2083 4191 2244 4264 545
2273 4201 2426 4247 veret
2451 4207 2516 4247 ac
2546 4192 2816 4246 relaxaret
2845 4190 3130 4245 audientes
3154 4231 3170 4257 ,
3209 4203 3302 4244 eos
3351 4205 3490 4258 quos
3525 4199 3658 4241 ante

2090 4304 2109 4336 ι
2149 4299 2339 4340 onmes
2377 4302 2396 4334 ι
2426 4286 2660 4348 dixerat,
2685 4283 2778 4338 hic
2815 4302 2836 4336 ι
2873 4284 3057 4353 plures
3090 4302 3110 4336 ι
3152 4281 3476 4346 nominavit,
3502 4289 3564 4333 ut
3598 4291 3657 4334 et

2085 4378 2219 4433 illud
2253 4377 2395 4447 quod
2432 4395 2451 4428 ι
2489 4391 2678 4433 omnes
2712 4395 2732 4430 ι
2759 4375 2998 4439 dixit,ad
3023 4390 3118 4430 eos
3147 4374 3519 4428 tantummodo
3541 4382 3655 4443 traf-

412 4465 632 4549 transiit
663 4465 771 4547 vita
801 4507 898 4561 per
929 4491 1235 4554 Christum,
1269 4484 1642 4543 consideravit
1671 4483 1844 4554 palam
1870 4483 1986 4540 haec
2015 4489 2060 4545 D
2090 4473 2311 4527 heret“?
2340 4469 2452 4542 (18)
2479 4510 2494 4535 9
2528 4471 2620 4539 qui
2657 4470 2856 4524 donum
2884 4468 3096 4561 Christi
3138 4469 3330 4536 gralize
3373 4465 3654 4561 consecuti

409 4587 519 4640 dici
563 4595 620 4640 et
661 4585 874 4654 publice
921 4597 1027 4637 non
1081 4581 1286 4636 debere
1317 4595 1332 4632 ε
1360 4577 1520 4633 simul
1552 4584 1604 4631 et
1636 4574 1765 4630 illud
1797 4585 1981 4630 osten-

411 4679 565 4745 dens,
597 4677 742 4747 quod
771 4675 984 4731 etiamsi
1011 4689 1109 4744 per
1138 4685 1304 4726 unum
1339 4669 1617 4725 hominem
1645 4666 1861 4734 iustitia
1893 4666 1980 4720 itt-

415 4768 600 4823 troivit
621 4767 674 4820 in
702 4767 842 4820 hunc
865 4765 1146 4827 mundum,
1169 4769 1224 4817 et
1247 4774 1345 4830 per
1365 4757 1630 4829 justitiam
1657 4755 1790 4820 vita,
1818 4762 1872 4807 et
1897 4753 1981 4807 sic

414 4860 468 4914 in
499 4873 690 4914 omnes
717 4857 964 4912 homines
991 4852 1376 4924 pertransivit,
1417 4860 1597 4906 tamen
1640 4862 1748 4902 non
1794 4845 1898 4900 hoc
1927 4845 1980 4899 in

412 4951 670 5023 praesenti
708 4948 894 5004 statim
936 4947 1274 5016 contingere,
1317 4958 1420 4999 nec
1463 4941 1654 4998 otiosis
1708 4937 1982 5002 accidere,

481 5072 506 5104 ⁸
532 5069 690 5124 Rom.
724 5082 780 5130 v,
805 5065 894 5119 t2.
966 5065 988 5097 θ
1014 5062 1032 5116 1
1059 5062 1184 5118 Cor.
1212 5059 1428 5130 xv,2¥2.
1525 5057 1569 5089 ¹⁶
1611 5055 1741 5130 ibid.

1845 5053 1886 5083 “
1919 5050 2050 5105 ibid.

2083 4572 2227 4624 sunt,
2260 4563 2350 4631 qui
2382 4571 2560 4616 tamen
2593 4575 2700 4616 non
2726 4561 2907 4630 pauci,
2927 4559 3020 4615 sed
3049 4559 3235 4629 plures
3260 4567 3405 4613 sunt.
3440 4557 3653 4611 Etenim

2085 4654 2252 4710 moris
2276 4665 2361 4709 est
2390 4654 2634 4724 apostolo
2663 4651 2853 4720 Paulo,
2907 4668 3030 4708 cum
3061 4651 3130 4706 de
3173 4651 3505 4720 benignitate
3533 4648 3650 4713 Dei,

2089 4759 2148 4804 et
2196 4744 2454 4800 ineﬁ'abili
2505 4744 2627 4814 ejus
2674 4745 2916 4799 bonitate
2947 4743 3122 4812 aliqua
3157 4741 3471 4812 patefecerit
3496 4739 3651 4808 (l9),

2090 4853 2308 4893 rursum
2342 4845 2566 4906 propter
2615 4835 3037 4907 negligentiores
3083 4847 3325 4903 quosque
3368 4827 3653 4885 auditores

2090 4931 2366 5002 paululum
2414 4931 2565 4986 velut
2609 4944 2936 4999 exasperare
2983 4941 3104 4998 quae
3150 4925 3328 4988 dixit,
3367 4933 3422 4978 et
3451 4932 3652 4976 metum

2151 5050 2194 5080 “
2223 5047 2262 5103 ll
2287 5047 2412 5102 Cor.
2464 5063 2548 5111 ιιι,
2582 5046 2636 5114 ὅ,
2659 5046 2715 5100 6.
2820 5042 2920 5097 ¹³11
2947 5041 3077 5097 Cor.
3103 5055 3221 5105 xm,
3250 5038 3304 5093 5.
3405 5036 3450 5066 ¹⁵
3481 5035 3648 5089 Ιιέοτ.

412 5158 504 5207 xv,
534 5118 993 5208 iiiimii'tirim.
1022 5132 1207 5197 ".11.
1282 5118 1704 5194 “Rom.v,t§.
1782 5124 1822 5154 ιτ
1855 5122 1982 5178 ibid.
2021 5120 2107 5176 is.
2184 5118 2508 5175 “ibid.t9.

510 5280 598 5348 1.0)
626 5277 796 5339 Alias,
832 5269 1244 5348 «insuperabili.
1271 5288 1292 5321 ι

517 5343 600 5420 Η)
629 5349 808 5420 Alias,
836 5343 1228 5414 «patefactum.
1257 5357 1277 5391 ι
1348 5406 1383 5420 ﬂ
1442 5415 1453 5420 _
1525 5406 1538 5418 ο
1752 5411 1794 5420 __
1837 5401 1956 5420 ΛΜ

512 5402 598 5485 iii
629 5402 745 5472 'Sic
793 5402 940 5469 recte
988 5427 1091 5466 ms.
1137 5423 1310 5485 unus._
1345 5406 1539 5485 Ceteri
1587 5417 1720 5458 vero
1743 5402 1985 5485 crediti,

419 5511 439 5543 ‹
461 5472 758 5559 Propterea
789 5486 931 5540 sicut
956 5497 1075 5559 _per
1100 5495 1264 5532 unum
1299 5478 1570 5530 hominem
1611 5488 1760 5528 mors
1810 5472 1988 5526 intro-

415 5563 515 5616 ivit
551 5553 602 5614 in
636 5559 779 5613 hunc
809 5553 1089 5616 mundum,
1115 5559 1170 5603 et
1199 5557 1417 5602 caetera.
1443 5565 1461 5597 ι

487 5633 598 5701 (15)
637 5631 716 5683 Ita
743 5641 877 5701 Ams.
917 5637 1057 5678 unus
1113 5616 1556 5701 liegius._Ca:teri
1591 5627 1726 5701 vero
1745 5627 1892 5701 .mss.
1931 5621 1988 5701 et

415 5685 618 5760 cditi,'¢
643 5707 700 5752 et
741 5697 818 5751 ita
863 5695 918 5750 in
971 5705 1164 5749 omnes
1202 5685 1448 5746 homines
1489 5685 1847 5757 pertransiit:
1883 5700 1989 5737 non

417 5771 623 5836 retulit,
648 5788 668 5822 ι
698 5776 808 5823 etc.

2162 5258 2274 5328 (lt)
2315 5257 2482 5322 Editi,
2519 5255 2703 5320 «dixi,
2743 5261 2880 5320 etp
2935 5249 3066 5318 al.,t
3091 5248 3225 5312 dixi,
3295 5244 3474 5310 sedp'
3519 5241 3653 5295 alias

2092 5347 2110 5380 ι
2139 5331 2384 5383 dixisset.
2413 5347 2432 5379 ι

2161 5399 2277 5469 (15)
2297 5395 2700 5469 Genebrardus,
2734 5411 2766 5469 _¢_
2787 5405 2887 5462 per
2913 5391 3031 5446 haec
3064 5387 3356 5444 delectum.
3380 5402 3399 5435 ι

2157 5464 2270 5538 (16)
2305 5467 2470 5539 Είίίιί·
2501 5467 2597 5539 fill
2629 5464 2943 5539 πηδῶς’...
2997 5528 3008 5539 .
3145 5536 3152 5539 _
3271 5538 3274 5539 ν

2160 5524 2273 5608 il7')
2313 5538 2398 5591 In.
2423 5524 2780 5590 Uesideratur
2807 5532 2860 5608 in
2890 5528 3042 5608 libris
3068 5536 3224 5580 antea
3255 5524 3439 5578 editis.

2160 5602 2272 5680 (18)
2304 5608 2402 5662 Ms.
2440 5621 2600 5668 unus,
2633 5622 2652 5656 ι
2684 5602 3016 5680 _retraheret.
3048 5611 3073 5680 ,ι
3278 5662 3355 5680 Δ]

2163 5662 2461 5753 Alias,
2499 5695 2517 5728 ι
2552 5662 2914 5745 patefaceret;
2953 5687 2972 5720 ι
3011 5668 3111 5734 aL,
3142 5684 3161 5719 ι
3200 5662 3482 5736 patefacit.
3529 5682 3548 5715 ι
