2085 3186
256 155 325 183 ιθοτ

1017 155 1177 184 ORIGENIS

1808 158 1878 186 i008

256 216 372 249 aliquem
390 216 591 244 remissioribus
615 217 748 244 intentare
762 237 769 249 ,
797 220 827 243 ut
841 223 903 244 cuin
929 217 962 244 de
987 217 1039 244 ﬁne
1054 219 1076 248 Α
1091 217 1225 248 manibus,
1243 216 1278 244 ita
1303 218 1507 251 quodammodo
1521 218 1579 245 hinc
1596 218 1670 253 loqui
1687 218 1754 253 (25),
1766 218 1841 246 velut
1854 220 1877 246 si

255 262 377 288 omnium
391 262 541 289 Corinthiis
555 263 695 297 disputans
711 263 750 289 ait
773 262 795 278 ¹⁹
811 270 818 289 :
839 271 849 288 ‹
875 263 952 290 Sicut
966 263 1038 290 enim

254 306 281 333 in
308 307 394 334 Adam
420 315 514 335 omnes
528 307 585 343 (20)
601 309 764 342 moriuntur,
780 309 816 336 ita
834 313 862 335 et
879 309 905 335 in
931 308 1040 336 Christo

254 359 349 380 omnes
365 353 594 387 viviﬁcabuntur;
625 363 634 380 ι
657 360 685 381 et
709 354 789 388 paulo
803 359 884 389 post:
902 363 911 380 ι
928 353 1040 383 {Deinde

255 397 327 430 finis,
341 406 402 425 cum
419 399 565 426 tradiderit
579 407 692 434 regnttm
708 399 763 426 Deo
776 404 803 426 et
817 399 903 431 Patri,
921 408 931 425 ι
948 404 976 426 et
987 406 1038 426 ca:-

254 447 327 471 tera.
353 443 406 471 Pro
432 444 532 478 quibus
546 451 643 471 verens
660 452 692 472 ne
706 445 767 479 quis
787 445 896 472 divitias
909 445 1038 472 bonitatis

256 489 301 516 Dei
317 510 324 523 ,
341 494 369 516 et
384 490 524 524 patientiae
536 511 544 523 ,
560 495 588 517 et
603 490 818 525 longanimitatis
843 496 1036 523 contemnens,

253 535 401 563 secundum
419 536 547 563 duritiam
564 544 641 563 suam
666 541 693 563 et
711 544 759 564 eor
781 537 956 572 impcenitens
978 537 1039 564 the-

253 581 405 608 saurizaret
419 581 470 608 sibi
486 582 553 608 iram
574 581 601 608 in
624 581 669 609 die
692 582 740 609 irae
754 586 782 609 et
797 581 967 609 revelationis
981 581 1037 616 (2f)

252 626 315 658 iusti
329 626 422 661 jndicii
438 626 485 654 Dei
501 626 535 660 ³⁸,
547 627 651 655 addidit
665 632 725 661 post
738 627 781 654 illa
791 634 852 662 qua!
866 627 900 654 de
913 627 969 654 ﬁne
979 627 1037 662 (22)

252 673 359 700 dixerat
373 681 381 699 :
399 682 408 698 ι
424 672 513 700 Nolite
529 673 633 701 seduci.
649 672 834 708 Corrumpunt
846 680 936 700 mores
951 674 1036 701 bonos

252 718 388 752 colloquia
410 717 490 745 mala.
509 718 735 753 Expergiscimini
747 718 826 752 justi,
840 723 867 745 et
880 718 963 746 nolite
974 726 1037 753 pec-

251 772 325 791 care.
349 764 532 799 lgnorantiam
547 765 619 792 enim
639 764 747 799 quidam
766 765 877 797 habent,
894 765 927 791 ad
941 764 1037 792 confu-

251 810 357 837 sionem
375 810 453 838 vobis
467 810 529 838 dico
541 810 574 836 ".
593 819 603 836 ι
616 810 679 845 Agit
693 817 759 845 ergo
776 814 905 844 tanquam
917 810 1035 844 prudens

252 856 424 890 dispensator
446 856 519 883 verbi
537 864 544 882 :
562 860 590 883 et
611 864 673 883 cum
689 856 796 883 venerit
822 855 855 883 ad
874 863 906 882 ea
932 855 990 882 loca
1007 855 1033 882 in

1094 262 1155 297 quis
1172 262 1259 289 ﬁdelis
1283 262 1400 291 famulus
1425 268 1453 290 et
1470 264 1589 298 prudens
1609 271 1624 290 a
1642 271 1708 299 rege
1725 272 1824 299 magno
1850 269 1879 292 et

1092 308 1202 335 domino
1227 316 1275 336 suo
1301 309 1494 337 introducatur
1518 310 1544 337 in
1562 310 1704 337 thesauros
1722 311 1822 345 regios,
1849 315 1879 339 et

1091 354 1270 380 ostendantur
1282 354 1306 381 ei
1318 355 1423 381 diversa
1438 359 1465 381 et
1480 361 1577 389 magna
1593 354 1743 386 domicilia,
1761 362 1876 389 quorum

1092 399 1182 425 aditus
1200 399 1269 438 parii
1282 400 1338 426 sint
1351 399 1407 434 (26)
1421 404 1449 427 et
1466 400 1581 433 incerti,
1596 400 1632 426 ita
1647 405 1676 426 ut
1692 400 1716 426 ei
1733 408 1781 434 per
1794 401 1876 427 alium

1092 444 1230 480 ingressus
1244 467 1251 477 ,
1266 451 1293 472 et
1308 453 1357 480 per
1373 446 1455 472 alium
1473 450 1640 473 monstretur
1658 446 1716 482 (27)
1728 454 1855 481 egressus
1868 455 1877 479 ;

1092 489 1224 517 interdum
1249 496 1338 518 autent
1359 499 1393 518 ex
1411 491 1526 518 diversis
1552 491 1722 527 ingressibus
1740 492 1774 520 ad
1793 501 1876 520 unum

1091 537 1218 564 conclave
1235 537 1370 569 veniatur.
1383 542 1412 564 ut
1430 545 1502 572 siepe
1526 539 1552 564 in
1567 539 1650 565 terris
1676 539 1800 573 quaedam
1817 539 1877 575 (28)

1089 580 1214 608 videmus
1229 586 1368 608 exstructa
1387 581 1486 615 palatia
1506 590 1513 609 :
1529 582 1691 610 ostendatur
1707 584 1789 610 etiam
1810 584 1876 612 huic

1090 626 1136 660 qui
1150 626 1365 654 circumducitur
1379 627 1451 654 ﬁdeli
1473 627 1573 655 famulo
1600 628 1746 656 thesaurus
1769 630 1877 664 argenti

1090 672 1170 707 regii,
1181 676 1212 699 et
1229 672 1300 700 alius
1314 673 1374 699 auri
1387 692 1394 706 ,
1411 672 1529 707 lapidum
1544 681 1652 708 quoque
1667 680 1694 701 et
1714 675 1877 710 margarita-

1089 725 1160 749 rum,
1172 718 1367 753 variorumquo
1385 719 1539 751 monilium,
1555 727 1683 754 purpura:
1696 720 1777 747 etiam
1796 721 1877 754 regia:

1089 763 1177 796 locus,
1193 769 1222 791 et
1236 765 1305 791 alius
1318 765 1502 793 diadematum
1524 776 1530 793 :
1548 766 1770 794 demonstrentur
1785 767 1875 794 adhue

1089 810 1188 844 regina:
1206 810 1317 838 thalami
1337 810 1392 845 (29)
1407 812 1434 838 in
1452 811 1546 838 multis
1571 811 1740 846 diversisque
1754 812 1877 839 mansio-

1088 855 1168 882 nibus
1181 855 1272 890 positi,
1284 861 1312 883 et
1329 861 1419 884 tamen
1434 857 1492 892 (30)
1500 857 1605 891 singula
1624 857 1682 884 haec
1696 865 1749 884 non
1765 858 1877 892 penitus

252 901 351 936 quibus
365 902 398 929 de
414 901 459 929 Dei
487 902 613 929 bonitate
628 901 771 929 dicendum
787 906 846 934 est,
870 906 982 936 propter
995 909 1036 928 se-
1051 902 1072 929 Β
1087 902 1120 928 ad
1137 902 1272 936 integrum
1297 904 1453 937 patentibus
1476 904 1569 938 januis
1587 908 1754 935 reserentur,
1775 904 1823 931 sed
1840 910 1875 930 ex

251 947 360 982 gniorcs
372 955 494 982 quosque
509 953 536 975 et
553 948 688 976 occultius
702 949 759 975 haec
776 953 803 975 et
816 948 961 975 obsettrius
973 955 1036 982 pro-

251 993 314 1025 fert,
330 999 365 1020 ne
379 992 461 1025 forte,
477 998 507 1020 ut
520 994 649 1026 diximus,
665 993 775 1021 divitias
789 993 918 1020 bonitatis
932 992 1000 1026 ejus,
1009 997 1037 1019 et

251 1040 391 1075 patientiae
402 1060 410 1074 ,
428 1044 456 1067 et
468 1040 684 1076 longanimitatis
701 1044 898 1072 contemnant,
915 1043 942 1066 et
966 1039 1035 1066 iram

250 1086 303 1113 sibi
320 1086 505 1114 thesaurizent
529 1087 556 1113 in
583 1086 627 1113 die
644 1086 691 1113 irae
705 1105 712 1118 ,
730 1086 757 1113 in
774 1093 855 1120 quam
870 1092 980 1113 necesse
993 1090 1036 1112 est

251 1132 392 1160 incurrere
403 1140 498 1160 omnes
510 1133 556 1167 qui
578 1133 629 1160 sibi
645 1132 798 1166 huiusmodi
813 1136 887 1167 gesta
903 1131 1036 1159 thesauri-

252 1178 389 1209 zaverint.
406 1178 496 1206 Etiam
511 1183 540 1206 tu
555 1182 615 1212 post
631 1179 688 1205 haec
711 1177 812 1204 videris
825 1177 888 1211 quid
903 1177 952 1203 ﬁat
966 1176 1034 1212 (25).

252 1226 305 1254 Sed
319 1231 347 1254 et
361 1227 433 1261 quod
451 1227 499 1259 ait,
517 1236 528 1253 ι
547 1226 638 1262 Usque
652 1227 685 1254 ad
704 1226 790 1262 legem
803 1226 875 1254 enim
894 1231 1034 1261 peccatum

251 1277 311 1299 erat
325 1272 351 1299 in
367 1272 419 1299 hoc
429 1272 529 1300 mundo
537 1271 609 1307 (2A):
625 1275 766 1306 peccatum
781 1276 871 1298 autem
884 1278 937 1298 non
951 1270 1036 1304 impu-

252 1321 324 1344 tatur
343 1325 404 1345 cum
431 1318 474 1345 lex
499 1326 552 1344 non
577 1323 654 1352 est,»
674 1318 727 1345 hoc
756 1317 864 1344 videtur
880 1317 1034 1348 ostendere,

251 1365 324 1398 qttod
337 1371 423 1400 usque
446 1364 480 1391 ad
495 1364 580 1398 legem
595 1384 603 1397 ,
618 1365 670 1392 hoc
686 1369 738 1397 est,
754 1371 897 1399 usquequo
909 1363 1035 1391 Cbristtts

251 1410 356 1437 veniret
366 1410 410 1439 cui
426 1409 496 1436 tollit
513 1415 652 1444 peccatum
666 1410 760 1437 mundi
772 1410 806 1443 “,
823 1414 964 1445 peccatum
975 1413 1034 1436 erat

251 1455 280 1482 in
296 1456 407 1481 mundo.
434 1454 605 1482 Manifestum
627 1459 669 1482 est
695 1459 785 1482 autem
811 1460 952 1490 peccatum
979 1461 1034 1482 non

250 1507 332 1536 posse
347 1500 484 1534 itnputari,
502 1500 546 1527 ubi
565 1500 609 1527 lex
623 1508 675 1528 non
690 1505 732 1529 est
744 1508 806 1536 quae
823 1505 920 1535 arguat
936 1508 1033 1536 pecca-

252 1551 350 1574 torem.
368 1555 377 1572 l
399 1542 534 1581 Regnavit
548 1550 637 1574 autem
653 1554 744 1578 mors,
768 1556 777 1572 ι
795 1553 856 1581 qua:
875 1553 925 1581 per
937 1553 1033 1581 pecca-

250 1597 308 1619 tum
324 1592 411 1620 fuerat
424 1594 554 1625 ingressa,
574 1602 583 1620 ι
601 1601 687 1628 usque
702 1594 735 1621 ad
752 1593 871 1629 Moysen,
888 1603 897 1620 ι
913 1593 967 1622 hoc
990 1598 1032 1620 est

250 1644 391 1672 usq-nequo
403 1638 447 1665 lex
455 1637 631 1673 permansit,i
640 1640 668 1666 in
675 1645 723 1666 eos
730 1638 777 1672 qui
791 1643 970 1673 peccaverunt
989 1646 1032 1666 se-

247 1684 367 1712 cundum
391 1684 594 1712 similitudinem
611 1684 715 1719 peccati
740 1683 844 1717 Adam,
863 1693 872 1710 t
891 1691 939 1718 per
951 1691 1031 1718 quem

250 1738 324 1757 mors
342 1730 399 1765 ipsa
415 1730 519 1765 accepit
533 1731 702 1765 ingressum;
727 1738 737 1756 ‹
754 1730 800 1765 qui
818 1739 828 1756 ι
843 1729 929 1757 Adam
946 1739 956 1755 ‹
975 1728 1032 1757 for—

249 1784 293 1803 ma
308 1777 391 1804 futuri
405 1782 457 1809 est,
477 1786 487 1804 ι
508 1784 560 1804 non
585 1777 736 1805 secundum
754 1777 825 1812 quod
841 1776 1034 1811 praevaricatus

249 1825 303 1853 est,
317 1821 365 1848 sed
377 1821 526 1848 secundum
540 1822 592 1849 hoc
607 1822 678 1857 quod
693 1822 766 1849 sicut
780 1828 832 1857 per
846 1821 933 1856 ipsum
949 1829 1033 1853 mors,

250 1866 288 1893 ita
301 1874 348 1901 per
363 1866 540 1894 novissimum
553 1867 638 1894 Adam
652 1867 708 1893 vita
722 1867 842 1900 ingressa
856 1869 898 1894 est
920 1866 946 1893 in
961 1865 1034 1894 hunc

250 1912 379 1939 mundum
394 1911 417 1928 “
431 1920 439 1939 :
455 1917 483 1939 et
496 1913 565 1940 sicut
580 1920 628 1947 per
651 1912 726 1939 illum
748 1913 775 1939 in
790 1920 886 1940 omnes
911 1913 1036 1940 homines

250 1956 441 1984 condemnatio
455 1977 463 1990 ,
480 1958 517 1984 ita
532 1963 560 1985 et
574 1965 623 1992 per
636 1958 774 1985 Christum
793 1958 821 1985 in
836 1965 931 1985 omnes
946 1958 1034 1985 homi-

251 2009 300 2030 nes
310 2001 479 2035 justilleatio.
495 2004 556 2031 Haec
568 2004 600 2031 de
614 2004 697 2039 ipsius
709 2004 808 2039 eloquii
819 2003 960 2039 apostolici
969 2011 1035 2031 con-

252 2049 366 2076 tinentia
390 2049 463 2077 dicta
479 2050 544 2078 sint.
561 2051 707 2078 Videamus
728 2058 799 2078 nunc
814 2051 878 2085 quid
894 2051 977 2077 etiam
993 2050 1035 2077 in-

253 2095 337 2121 terior
349 2095 449 2123 habeat
464 2096 627 2124 intellectus.
647 2095 700 2123 Sed
718 2100 746 2123 et
759 2096 824 2124 illud
837 2097 926 2131 primo
938 2097 964 2123 in
976 2095 1035 2123 loco

250 2139 452 2168 admonendum
479 2146 556 2177 puto,
577 2142 649 2176 quod
672 2142 780 2169 videtur
805 2142 872 2169 mihi
897 2142 1035 2177 apostolus

250 2185 350 2215 Paulus
363 2188 390 2215 in
403 2188 446 2215 his
458 2189 593 2223 praecipue
607 2187 674 2216 locis
686 2196 746 2223 quae
766 2196 839 2216 nunc
854 2187 988 2215 habentur
1004 2187 1031 2214 in

288 2254 309 2270 "
327 2254 338 2282 Ι
356 2255 418 2283 Cor.
434 2263 479 2285 xv,
496 2254 531 2281 ‘22
543 2275 551 2288 ,
568 2255 614 2282 24.
671 2255 695 2271 ¹⁶
712 2255 790 2282 Rom.
807 2263 825 2282 tt
837 2275 845 2288 ,
860 2255 887 2288 4,
900 2255 927 2282 5.

250 2289 274 2305 ³⁸
285 2288 295 2315 l
308 2289 372 2317 Cor.
388 2297 451 2323 xttt,
465 2290 492 2324 9,
502 2290 545 2317 i2.

287 2346 342 2382 (20)
358 2346 463 2373 Omnes.
484 2347 561 2373 Deest
574 2347 599 2374 in
614 2346 692 2374 libris
709 2352 787 2374 antea
800 2347 891 2374 editis.

287 2380 343 2415 ('21)
360 2382 413 2408 Ira:
432 2388 454 2408 et
476 2382 651 2409 reuelationis.
666 2382 729 2409 Haec
745 2383 842 2409 desunt
864 2382 891 2408 in
909 2380 991 2409 editis
1005 2386 1033 2409 et

251 2417 276 2443 in
293 2417 429 2450 plerisque
442 2424 506 2443 mss.

286 2452 341 2486 (εει)
358 2452 437 2482 sitio,
454 2461 463 2477 ι
486 2452 546 2478 ﬁde.
564 2461 574 2477 ›

287 2487 343 2521 (25)
362 2487 447 2517 Alias,
461 2496 469 2512 ι
486 2494 593 2514 cinuem
607 2487 700 2521 qui....
714 2486 1032 2520 thesaurizavit,etiamsi

252 2527 313 2555 post
328 2523 384 2548 hicc
401 2521 508 2549 Judieus
525 2523 587 2556 quis
604 2522 667 2554 ﬁat;
687 2532 697 2548 ι
716 2522 764 2554 aL,
782 2531 792 2548 ι
811 2529 920 2550 omnem
936 2522 1031 2556 qui....

252 2557 455 2587 thesaurizavit,
472 2557 578 2583 etiamsi
598 2562 656 2592 post
673 2558 729 2584 haec
748 2557 849 2585 videris
864 2557 925 2592 quis
939 2557 995 2584 ﬁat.
1018 2567 1029 2584 ι

252 2592 305 2618 Sed
322 2597 396 2618 recte
410 2599 460 2620 ms.
476 2598 545 2619 unus
557 2596 586 2618 ut
604 2596 629 2618 in
644 2598 739 2619 nostro
755 2597 838 2619 textu.

288 2626 346 2661 (24)
358 2626 443 2660 Alias,
462 2635 472 2651 ε
487 2634 572 2661 usque
585 2627 619 2654 ad
642 2627 727 2661 legem
746 2632 834 2654 autem
850 2632 990 2662 peccatum
1005 2627 1033 2654 in

252 2660 303 2688 hoc
316 2661 427 2693 mundo,
445 2671 454 2687 ι
473 2666 525 2689 etc.

289 2696 346 2730 (25)
365 2697 447 2731 Editi,
467 2705 477 2722 ‹
494 2697 530 2723 ita
544 2700 571 2724 et
583 2696 783 2730 quodammodo
795 2696 848 2724 hoc
863 2696 947 2731 loqui.
967 2706 978 2723 ι

288 2731 345 2765 (26)
357 2730 428 2758 Situ.
442 2731 665 2759 Praetermittitur
680 2731 708 2758 in
718 2731 799 2759 editis
814 2738 842 2759 et
857 2732 882 2759 in
896 2730 1033 2767 plerisque

252 2772 317 2792 IllSS.

289 2800 344 2834 (27)
360 2800 443 2833 Editi,
458 2810 467 2827 (
485 2801 663 2828 ministretur.
685 2810 695 2827 ι

289 2835 344 2870 (‘28)
368 2835 453 2869 Alias,
468 2847 488 2872 γε
515 2837 656 2870 quaedam;
678 2845 688 2863 ι
708 2836 757 2868 al.,
775 2846 784 2863 ι
801 2844 928 2872 qumque;
947 2847 956 2863 ι
981 2837 1029 2871 al.,

255 2879 266 2896 ι
284 2878 407 2904 duoque;
423 2881 432 2897 ι
449 2871 496 2904 aL,
514 2880 523 2896 ‹
540 2872 611 2898 inter
628 2879 750 2906 quisque.
771 2882 781 2898 ι

978 2255 998 2270 ¹¹
1015 2254 1025 2281 Ι
1040 2254 1103 2282 Cor.
1121 2262 1167 2288 xv,
1185 2255 1231 2289 5'5,
1248 2256 1293 2283 '54.

1087 954 1163 983 parte
1178 949 1332 984 subapertis
1347 949 1384 976 ita
1409 954 1439 976 ut
1454 954 1584 984 agnoscat
1600 948 1658 984 (5f)
1685 949 1795 984 quidem
1812 950 1873 977 the-

1087 1002 1184 1022 sauros
1198 995 1360 1026 dominicos,
1374 1000 1401 1022 et
1416 995 1505 1030 regias
1522 1002 1599 1029 opes,
1616 1002 1667 1022 nec
1684 1000 1775 1022 tamen
1793 995 1826 1022 ad
1841 995 1874 1022 li-

1087 1040 1197 1074 quidum
1215 1045 1243 1068 et
1256 1040 1289 1067 ad
1310 1040 1461 1075 perfectum
1471 1040 1576 1075 singula
1591 1047 1705 1074 quaeque
1715 1045 1875 1075 cognoscat.

1087 1086 1151 1114 Post
1167 1087 1225 1114 haec
1242 1094 1307 1114 vero
1323 1087 1375 1114 iste
1390 1094 1484 1114 servus
1501 1086 1547 1122 qui
1572 1090 1626 1113 tam
1653 1086 1741 1114 ﬁdelis
1762 1086 1875 1114 habitus

1086 1137 1129 1161 est
1141 1152 1149 1165 ,
1172 1138 1201 1160 ut
1216 1132 1241 1160 ei
1258 1141 1305 1160 rex
1319 1138 1347 1160 et
1365 1132 1492 1160 dominus
1507 1140 1590 1167 opum
1607 1140 1718 1160 suarum
1734 1133 1873 1167 magnitu—

1087 1179 1177 1206 dinem
1201 1178 1297 1206 fecerit
1313 1179 1485 1206 innotescere
1500 1178 1567 1213 (δί),
1582 1178 1709 1205 mittatur
1722 1183 1753 1206 ut
1764 1178 1873 1206 exerci-

1087 1229 1142 1252 tttm
1156 1229 1304 1260 congreget
1327 1225 1383 1259 regi
1407 1224 1475 1259 (35),
1489 1224 1623 1251 delectum
1640 1224 1749 1256 habeat,
1770 1224 1872 1252 milites

1085 1271 1181 1306 probet
1202 1280 1209 1298 :
1229 1278 1277 1306 pro
1291 1277 1324 1298 eo
1339 1270 1447 1304 quidem
1461 1270 1523 1305 quia
1542 1269 1630 1297 ﬁdelis
1645 1274 1709 1303 est,
1733 1274 1762 1296 ut
1779 1269 1872 1304 plures

1086 1316 1180 1344 invitet
1196 1316 1229 1343 ad
1249 1316 1429 1348 militandum,
1445 1321 1473 1342 et
1489 1316 1618 1350 majorem
1635 1315 1786 1343 exercitum
1802 1322 1870 1342 con-

1085 1367 1179 1398 greget
1195 1363 1262 1397 regi,
1283 1364 1470 1390 necessitatem
1487 1362 1607 1396 patietur
1622 1361 1747 1396 proferre
1760 1360 1817 1396 (54)
1832 1369 1867 1388 ex

1085 1412 1162 1442 parte
1175 1415 1234 1441 quae
1249 1407 1347 1434 viderit
1363 1415 1370 1433 ε
1387 1411 1415 1434 et
1436 1414 1544 1433 rursum
1560 1406 1624 1441 quia
1641 1407 1760 1440 prudens
1772 1411 1826 1438 est,
1842 1410 1871 1433 et

1084 1455 1136 1482 scit
1147 1454 1329 1481 necessarium
1346 1461 1406 1481 esse
1427 1453 1593 1481 abscondere
1607 1453 1766 1489 mysterium
1781 1454 1869 1488 regis,

1085 1500 1193 1528 indiciis
1217 1499 1379 1534 quibusdam
1400 1500 1486 1534 magis
1506 1506 1587 1533 quam
1606 1498 1783 1526 relationibus
1810 1504 1871 1526 ute-

1086 1549 1146 1578 tur;
1163 1545 1200 1572 ita
1217 1549 1245 1572 ut
1266 1545 1386 1580 potentia
1403 1545 1513 1580 quidem
1530 1545 1603 1580 regis
1621 1552 1675 1572 non
1693 1545 1773 1572 lateat
1789 1553 1798 1578 ;
1825 1552 1872 1572 or-

1085 1592 1157 1618 dinis
1170 1595 1260 1618 autem
1275 1611 1283 1623 ,
1299 1596 1380 1625 atque
1394 1595 1507 1618 ornatus
1522 1591 1627 1626 palatii,
1648 1596 1675 1618 et
1687 1591 1797 1618 habitus
1822 1599 1871 1619 oc-

1085 1637 1156 1664 culta
1175 1641 1264 1663 tamen
1281 1640 1389 1663 maneat
1413 1637 1582 1671 dispensatio
1594 1636 1662 1672 (35).
1688 1637 1726 1664 lta
1742 1644 1817 1671 ergo,
1840 1641 1871 1665 et

1086 1683 1153 1715 dixi,
1172 1683 1280 1709 videtur
1297 1682 1363 1709 mihi
1386 1683 1468 1713 etiam
1495 1683 1632 1717 apostolus
1649 1683 1750 1710 Paulus
1770 1684 1798 1710 in
1824 1683 1869 1712 bis

1084 1728 1256 1755 sermonibus
1280 1727 1372 1756 facere
1384 1748 1392 1760 ,
1416 1733 1443 1755 et
1462 1736 1514 1755 non
1531 1729 1619 1755 solum
1638 1736 1686 1763 pro
1702 1737 1735 1756 eo
1754 1730 1826 1763 quod
1842 1733 1871 1756 et

1084 1774 1142 1808 ipse
1158 1774 1225 1801 dicit
1238 1794 1246 1807 ,
1261 1774 1323 1808 quia
1341 1781 1374 1801 ex
1388 1778 1466 1809 parte
1480 1774 1571 1807 sciat,
1584 1779 1610 1801 et
1626 1781 1659 1801 ex
1677 1780 1754 1809 parte
1766 1782 1871 1809 cogno-

1083 1824 1143 1847 scat
1163 1820 1197 1851 ⁸⁵.
1211 1820 1258 1847 sed
1273 1824 1300 1847 et
1314 1824 1425 1854 propter
1444 1827 1494 1848 nos
1514 1820 1560 1855 qui
1576 1828 1626 1848 nec
1638 1828 1669 1847 ea
1684 1820 1790 1855 quidem
1808 1828 1869 1855 qua:

1084 1873 1117 1893 ex
1130 1870 1207 1900 parte
1219 1865 1272 1892 scit
1288 1873 1387 1900 capere
1404 1873 1559 1901 possumus,
1585 1870 1738 1900 tetnpcrare
1760 1873 1867 1894 881⁵1110·

1084 1919 1156 1943 nem,
1171 1916 1199 1938 et
1214 1910 1295 1946 546
1306 1911 1518 1946 uniuscujusque
1530 1911 1656 1938 conclave
1674 1911 1794 1946 mysterii
1809 1910 1872 1946 (56),

1083 1956 1197 1991 singulis
1222 1961 1269 1984 aut
1293 1956 1337 1983 vix
1355 1956 1427 1984 binis
1451 1957 1634 1992 perstringere
1657 1960 1685 1984 et
1708 1956 1867 1991 subaperire

1083 2003 1256 2030 sermonibus
1280 2011 1288 2029 :
1314 2008 1341 2029 et
1357 2010 1430 2030 nunc
1444 2010 1493 2038 per
1508 2010 1590 2029 unum
1609 2002 1711 2029 aditum
1728 2002 1869 2037 iugreswl

1084 2057 1133 2084 per
1150 2050 1233 2077 alium
1247 2050 1362 2085 digredi,
1378 2058 1450 2078 nunc
1465 2058 1499 2078 ex
1511 2050 1564 2077 alio
1586 2050 1728 2085 ingressus
1742 2050 1775 2076 ad
1790 2050 1864 2077 aliud

1083 2096 1211 2123 conclave
1226 2103 1411 2129 concurrere,
1438 2096 1474 2123 ita
1492 2101 1521 2123 ut
1539 2096 1563 2124 si
1584 2097 1709 2131 requiras
1730 2102 1792 2122 eum
1820 2094 1867 2122 illo

1084 2141 1157 2168 aditu
1182 2149 1236 2176 quo
1261 2142 1401 2177 ingressus
1415 2147 1476 2174 est,
1501 2149 1553 2169 non
1572 2142 1694 2169 invenias
1713 2147 1865 2176 egressum."

1086 2187 1150 2214 Hac
1166 2194 1231 2223 ergo
1247 2188 1324 2222 prius
1337 2188 1370 2216 de
1384 2188 1426 2216 his
1434 2194 1495 2222 quae
1508 2186 1608 2214 Paulus
1620 2186 1725 2219 scribit,
1735 2186 1762 2213 in
1776 2191 1868 2213 tuente

1350 2256 1373 2272 "
1385 2255 1465 2284 Joan.
1480 2262 1500 2287 t,
1516 2254 1563 2281 29.
1619 2253 1642 2269 "
1654 2253 1662 2280 l
1675 2253 1738 2281 Cor.
1753 2259 1797 2285 xv,
1819 2251 1866 2278 22.

1048 2336 1070 2363 D
1121 2346 1242 2418 (29)Ms.
1259 2355 1339 2379 unus,
1357 2356 1366 2372 ι
1383 2346 1448 2382 regii
1470 2345 1591 2374 thalami.
1609 2353 1619 2371 ι

1132 2383 1166 2409 30
1206 2382 1313 2410 Tamen.
1335 2382 1381 2409 Sic
1405 2385 1477 2408 recte
1501 2388 1553 2409 ms.
1578 2388 1619 2407 uni

1132 2376 1178 2411 50)
1206 2382 1313 2410 Tamen.
1334 2376 1381 2409 Sic
1405 2376 1477 2408 r"ecte
1501 2388 1553 2409 ms.
1578 2386 1672 2411 unus;
1693 2376 1783 2405 caeteri
1801 2384 1868 2405 vero

1089 2424 1155 2444 mss.
1173 2422 1200 2444 et
1213 2418 1289 2449 editi,
1311 2426 1320 2443 ι
1336 2422 1410 2444 tunc.
1430 2425 1440 2442 ι

1122 2451 1176 2486 (51)
1193 2453 1275 2485 Editi,
1294 2461 1304 2478 ι
1320 2457 1367 2479 aut
1385 2456 1525 2486 agnoscat.
1544 2459 1554 2476 ι
1573 2449 1654 2476 male.

1121 2486 1177 2520 (52)
1194 2487 1279 2519 Alias,
1297 2496 1307 2512 ‹
1321 2487 1422 2514 faceret
1437 2486 1616 2513 innotescere.
1636 2493 1646 2509 ι

1133 2517 1178 2557 55)
1197 2517 1277 2557 ﬂegi.
1293 2521 1374 2549 Deest
1388 2522 1414 2549 in
1436 2521 1516 2557 editis
1535 2525 1562 2557 et
1580 2520 1605 2546 iit
1621 2517 1780 2557 quibusdam
1797 2524 1863 2557 mss.

1133 2523 1178 2557 55)
1200 2523 1276 2556 Regi.
1293 2523 1374 2549 Deest
1388 2523 1414 2549 in
1436 2523 1516 2548 editis
1535 2525 1562 2547 et
1580 2523 1605 2546 ill
1621 2523 1780 2552 quibusdam
1797 2524 1863 2557 mss.

1122 2523 1178 2593 (δι)
1192 2555 1228 2583 Et
1250 2557 1398 2593 majorem,
1414 2562 1468 2583 etc.
1484 2555 1555 2593 Editi
1568 2574 1576 2586 ,
1593 2564 1602 2580 ι
1617 2553 1745 2593 maiorem
1760 2559 1866 2593 excret-

1087 2586 1141 2619 tum
1157 2586 1302 2627 congreget
1315 2586 1402 2626 regni,
1427 2591 1613 2627 necessitatem
1637 2586 1757 2627 patietur
1781 2586 1866 2613 refer-

1084 2634 1124 2658 re,
1144 2636 1154 2653 ι
1172 2623 1224 2654 etc:
1242 2623 1371 2654 M'erlinu's
1383 2623 1418 2658 ,t
1437 2625 1565 2660 majorem
1581 2623 1731 2660 exercitum
1748 2629 1864 2655 congre-

1085 2657 1130 2696 get
1144 2662 1178 2689 ob
1202 2662 1275 2696 regni
1300 2657 1502 2691 necessitatem,
1519 2660 1638 2694 patietur
1651 2657 1765 2689 referre,
1782 2666 1792 2683 ι
1808 2661 1863 2683 etc.

1085 2697 1137 2724 Sed
1152 2704 1245 2724 omnes
1259 2704 1326 2724 mss.
1340 2701 1369 2723 ut
1384 2696 1410 2723 in
1426 2700 1518 2722 nostro
1535 2700 1618 2721 textu.

1121 2732 1177 2766 (55)
1188 2732 1273 2764 Alias,
1291 2741 1301 2757 ι
1319 2731 1455 2758 ordinatio
1466 2736 1546 2763 atque
1560 2732 1672 2766 ornatus
1689 2726 1773 2766 Hal...
1793 2734 1804 2751 ι
1818 2732 1864 2752 οι·-

1084 2762 1270 2793 (Ῐὶιιίδίιιιηειι
1292 2771 1371 2800 atque
1394 2762 1518 2799 ornatus)
1537 2764 1628 2799 palatii
1650 2767 1677 2789 et
1694 2762 1801 2788 habitus
1817 2768 1864 2786 oc-

1086 2801 1157 2835 culta
1174 2806 1280 2832 maneat.
1291 2801 1468 2835 dispensatio.
1488 2809 1499 2825 ι

1123 2809 1142 2827 ιι
1174 2809 1280 2832 maneat
1291 2809 1468 2835 dispensatio.
1488 2809 1499 2825 1

1120 2809 1176 2871 (ἐξ)
1192 2836 1273 2868 Editi,
1295 2845 1305 2861 ι
1326 2835 1461 2863 conclavis
1485 2834 1660 2869 mysterium;
1675 2840 1685 2858 ι
1703 2831 1751 2858 sed
1767 2836 1863 2858 omnes

1085 2878 1148 2898 mss.
1168 2871 1234 2898 utin
1250 2876 1342 2898 nostro
1356 2874 1440 2898 textu.
