4170 6398
417 343 558 402 1000

1369 340 1727 398 COMMENT.
1769 340 1834 397 IN
1875 341 2097 398 EPIST.
2129 340 2219 396 AD
2256 339 2580 398 ROM.LIB.
2616 341 2682 397 ν.

3535 349 3676 407 1010

419 467 605 516 nostra
641 466 806 526 atque
830 456 1027 512 animis
1051 457 1392 525 ordinantes,
1425 461 1700 530 nunciam
1731 460 1796 515 ad
1824 462 1994 530 inspi-
2021 466 2070 524 Α
2096 461 2248 528 Adae,
2302 477 2424 518 cum
2455 461 2638 516 adhuc
2681 467 2825 516 esset
2867 461 2922 515 in
2953 461 3240 531 paradiso;
3275 471 3332 519 et
3357 479 3546 522 omnes
3576 468 3677 522 ho-

419 549 613 604 cienda
644 555 699 603 et
728 549 1039 603 contuenda
1064 563 1128 604 ea
1177 564 1298 619 qua:
1331 551 1384 604 in
1414 551 1664 607 manibus
1695 551 1987 617 habentur,

419 657 516 714 pro
548 641 755 697 viribus
785 651 1190 697 convertamur.
1227 642 1294 696 Et
1324 643 1506 712 primo
1539 645 1828 700 videamus
1857 661 1996 715 quo-

420 733 582 787 modo
627 751 648 783 ‹
695 746 792 803 per
825 747 990 787 unum
1029 733 1304 788 hominem
1353 745 1636 803 peccatum
1669 737 1908 793 introivit
1940 738 1992 792 in

419 825 565 880 hunc
590 827 870 890 mundum,
894 834 950 878 et
977 841 1074 896 per
1107 835 1390 895 peccatum
1429 841 1580 882 mors
1617 827 1686 882 ".
1720 848 1739 881 ι
1772 828 1996 885 Fortas-

419 917 496 971 sis
521 915 667 970 enim
693 916 940 986 requirat
963 915 1181 986 aliquis,
1218 915 1264 972 si
1293 926 1420 973 ante
1449 918 1624 973 Adam
1659 919 1852 975 mulier
1873 935 1997 990 pec-

419 1009 586 1077 cavit,
618 1009 686 1065 de
712 1025 818 1079 qua
852 1009 1072 1074 dicitur,
1100 1010 1229 1080 quia
1254 1027 1277 1063 ι
1320 1011 1544 1066 seducta
1571 1011 1628 1066 in
1663 1013 1997 1081 prevarica-

422 1101 571 1156 tione
597 1101 739 1157 facta
764 1111 849 1158 est
883 1103 964 1168 “;
1005 1122 1024 1155 ι
1060 1113 1114 1158 et
1139 1119 1352 1158 rursum
1389 1113 1517 1159 ante
1548 1106 1721 1174 ipsam
1752 1106 1998 1174 peccavit

420 1206 670 1263 serpens.
703 1193 950 1248 Peccavit
979 1195 1124 1250 enim
1152 1210 1277 1250 cum
1307 1194 1450 1251 dixit
1477 1197 1690 1252 mulieri
1714 1220 1726 1252 :
1750 1214 1769 1248 ι
1799 1196 1999 1263 thuid

423 1286 531 1341 hoc
559 1286 696 1340 dixit
736 1286 901 1354 Deus,
937 1296 999 1342 ut
1029 1301 1134 1340 non
1183 1288 1523 1343 manducetis
1557 1288 1622 1343 de
1654 1289 1800 1344 omni
1854 1287 2000 1355 ligno

423 1378 659 1446 paradisi
687 1378 779 1432 "2
815 1397 834 1431 ι
879 1379 944 1433 Et
977 1379 1172 1433 iterum
1216 1379 1487 1449 peccavit,
1518 1394 1644 1435 cum
1679 1378 1821 1434 Deus
1851 1380 2000 1435 dixe-

422 1469 498 1523 rit
532 1469 645 1540 (57)
672 1511 687 1534 ,
719 1470 846 1539 quia
886 1487 906 1522 ι
944 1484 1266 1540 quacunque
1295 1470 1384 1524 die
1438 1468 1902 1524 manducaveritis
1931 1484 1999 1524 ex

419 1577 511 1628 eo,
545 1571 718 1617 morte
743 1561 1053 1618 moriemini
1075 1563 1140 1629 ⁸⁸,
1185 1581 1205 1615 ι
1238 1572 1295 1618 et
1337 1562 1428 1617 ille
1465 1562 1668 1618 dixerit
1693 1563 1759 1617 ad
1807 1563 2000 1616 mulie-

422 1671 536 1712 rem
571 1675 586 1712 :
625 1675 646 1711 ι
682 1657 799 1713 Νοιι
845 1667 1024 1714 morte
1057 1658 1406 1724 moriemini;
1469 1661 1568 1714 sed
1604 1657 1810 1714 sciebat
1855 1658 1999 1713 Deus

421 1753 546 1822 quia
601 1768 924 1824 quacunque
974 1753 1061 1807 die
1111 1751 1565 1806 manducaveritis
1612 1766 1678 1804 ex
1721 1764 1822 1814 eo,
1864 1763 1996 1818 ape-

421 1847 632 1900 rientur
663 1844 803 1900 oculi
833 1844 1033 1907 vestri,
1073 1852 1130 1898 ct
1159 1842 1311 1897 eritis
1353 1841 1492 1897 sicut
1526 1841 1600 1896 dii
1629 1840 1866 1896 scientes
1897 1840 1998 1895 bo-

424 1939 552 1980 num
581 1935 637 1982 et
657 1928 855 1981 malum
889 1931 956 1983 ".
991 1949 1010 1982 ι
1047 1929 1103 1984 Si
1138 1945 1271 2000 ergo
1302 1940 1428 1986 ante
1458 1933 1629 1986 Adam
1659 1933 1855 1988 mulier
1877 1946 2000 2004 pec-

419 2019 592 2080 cavit,
633 2025 688 2072 et
719 2029 848 2074 ante
882 2020 1164 2077 mulierem
1193 2036 1439 2091 serpens,
1469 2032 1528 2078 et
1559 2021 1613 2077 in
1638 2023 1749 2079 alio
1776 2023 1902 2080 loco
1925 2024 2001 2080 di-

421 2109 499 2163 cit
526 2109 817 2180 Apostolus
842 2151 858 2177 ,
889 2113 1018 2181 quia
1054 2131 1073 2164 ι
1106 2113 1277 2168 Adam
1311 2129 1417 2170 non
1448 2123 1534 2170 est
1571 2115 1847 2180 seductus,
1875 2132 1996 2171 mu-

423 2199 528 2255 lier
571 2211 750 2258 autem
803 2204 1024 2259 seducta
1069 2213 1155 2260 est
1196 2205 1264 2272 ³⁸³,
1322 2223 1342 2258 ι
1390 2207 1662 2278 quomodo
1705 2222 1805 2278 per
1830 2224 1997 2264 unum

421 2293 718 2359 hominem,
743 2305 800 2350 et
826 2311 932 2351 non
965 2298 1138 2368 magis
1161 2312 1261 2367 per
1284 2313 1448 2353 unam
1485 2299 1764 2356 mulierem
1791 2299 2000 2356 videbi-

425 2394 515 2441 tur
560 2387 812 2446 introisse
858 2392 1186 2460 peccatum?
1233 2393 1276 2446 A
1323 2393 1550 2450 muliere
1584 2395 1728 2449 enim
1772 2394 1988 2449 initium

422 2481 664 2546 peccati,
711 2493 767 2536 et
810 2491 937 2537 ante
965 2483 1249 2539 mulierem
1283 2499 1313 2537 a
1360 2493 1635 2556 serpente,
1669 2485 1786 2540 sive
1815 2501 1845 2540 a
1881 2485 1999 2540 dia-

421 2570 570 2634 bolo,
602 2573 670 2628 de
696 2588 804 2643 quo
844 2575 1046 2630 dicitur
1083 2577 1138 2631 in
1170 2577 1472 2647 Evangelio
1494 2618 1509 2642 ,
1549 2578 1674 2648 quia
1709 2596 1730 2631 ι
1767 2577 1858 2633 ille
1897 2578 1998 2632 he-

423 2664 623 2718 micida
650 2666 860 2721 eratab
894 2667 1049 2722 initio
1075 2668 1141 2721 εί.
1183 2687 1202 2721 ι
1241 2671 1348 2725 Sed
1379 2669 1503 2724 vide
1538 2670 1590 2723 in
1619 2670 1704 2724 his
1761 2669 2000 2740 Aposto-

423 2755 535 2810 lum
579 2767 791 2812 naturae
815 2760 1062 2814 ordinem
1107 2763 1371 2828 tenuisse,
1405 2769 1462 2815 et
1496 2761 1616 2816 ideo
1641 2763 1900 2833 quoniam
1934 2762 2002 2817 de

422 2858 645 2920 peccato
672 2848 1017 2918 loquebatur.
1043 2867 1109 2907 ex
1139 2868 1246 2922 quo
1273 2869 1417 2910 mors
1445 2855 1497 2908 in
1529 2869 1720 2910 omnes
1750 2854 2001 2909 homines

422 2940 817 3007 pertransierat
849 2941 915 3007 ³²,
941 2944 1348 3000 successionem
1382 2945 1716 3016 posteritatis
1749 2944 2000 3001 humanae

422 3045 546 3095 quae
572 3030 700 3087 huic
730 3033 892 3087 morti
922 3035 1216 3090 succubuit
1252 3050 1319 3091 ex
1354 3045 1581 3110 peccato
1601 3037 1996 3103 venienti,uou

424 3120 639 3176 mulieri
667 3123 913 3188 ascribit,
938 3124 1033 3180 sed
1061 3125 1198 3180 viro.
1235 3124 1352 3182 Non
1378 3128 1523 3182 enim
1552 3143 1618 3184 ex
1652 3129 1877 3184 muliere
1901 3143 1998 3199 po-
2026 3167 2073 3230 ο

423 3214 667 3278 steritas,
690 3215 786 3270 sed
820 3232 888 3273 ex
934 3217 1055 3272 viro
1083 3219 1415 3286 nominatur,
1455 3219 1597 3274 sicut
1627 3229 1682 3276 et
1711 3221 1828 3290 ipse
1849 3222 1998 3291 Apo-

423 3307 596 3362 stolus
629 3306 743 3377 (38)
784 3309 838 3362 in
883 3308 1005 3364 aliis
1051 3311 1227 3366 dicit:
1274 3330 1296 3364 ‹
1345 3311 1460 3367 Non
1491 3313 1636 3368 enim
1685 3323 1773 3369 est
1816 3313 1901 3368 vir
1930 3329 1997 3370 ex

430 3396 680 3463 muliere,
713 3401 806 3453 sed
849 3399 1049 3456 mulier
1069 3416 1138 3456 ex
1170 3401 1324 3470 viro;
1366 3423 1386 3456 ι
1422 3413 1478 3458 et
1515 3405 1712 3459 iterum
1746 3421 1761 3459 :
1792 3422 1814 3456 ‹
1849 3403 2001 3460 Sicut

422 3488 572 3542 enim
604 3487 802 3542 mulier
833 3503 900 3545 ex
938 3491 1057 3545 vim
1082 3532 1098 3556 ,
1132 3495 1203 3547 ita
1229 3504 1285 3549 et
1313 3493 1398 3548 vir
1434 3512 1454 3548 ι
1489 3509 1598 3549 non
1625 3509 1689 3550 ex
1724 3494 1956 3550 muliere
1979 3537 1996 3562 ,

423 3579 518 3633 sed
549 3596 569 3632 ι
594 3594 694 3650 per
718 3580 1000 3637 mulierem
1027 3583 1114 3650 ³³;
1154 3602 1173 3636 ι
1200 3593 1256 3639 et
1293 3585 1363 3639 ob
1397 3584 1502 3640 hoc
1538 3585 1783 3640 mortalis
1815 3594 1998 3656 poste-

424 3669 594 3737 ritas,
645 3680 702 3724 et
757 3674 1055 3741 corporalis
1105 3678 1427 3742 successio,
1481 3674 1599 3730 viro
1649 3675 1830 3745 potius
1881 3684 2000 3730 tant

422 3776 587 3831 quam
621 3762 734 3836 (59)
781 3766 1014 3831 auctori,
1053 3775 1110 3821 et
1150 3782 1257 3822 non
1289 3767 1500 3823 mulieri
1527 3768 1835 3837 deputatur.
1885 3766 1994 3823 Sed

425 3863 492 3904 ut
528 3851 709 3906 adhuc
757 3853 1064 3909 evidentius
1116 3854 1213 3909 ﬁat
1240 3856 1385 3924 quod
1419 3856 1653 3912 dicimus
1678 3894 1694 3921 ,
1739 3857 2001 3912 addemus

422 3943 587 3998 etiam
624 3945 725 3999 hoc
768 3945 912 4013 quod
961 3946 1101 4001 idem
1132 3948 1422 4016 Apostolus
1464 3947 1534 4002 ad
1565 3947 1823 4003 Hebraeos
1854 3950 1998 4004 scri-

422 4034 506 4089 bit
536 4034 582 4066 “
609 4052 624 4089 :
656 4053 676 4087 ι
713 4035 816 4090 Sed
839 4046 895 4092 et
925 4036 1057 4092 Levi
1087 4038 1180 4106 qui
1224 4038 1464 4093 decimas
1493 4038 1726 4107 accepit,
1757 4039 1998 4094 decima-

427 4135 516 4181 tus
547 4136 649 4182 est.
684 4128 874 4184 Adhuc
912 4129 1057 4182 enim
1088 4129 1140 4183 in
1165 4128 1366 4184 lumbis
1390 4129 1562 4199 patris
1588 4138 1708 4183 erat
1734 4146 1752 4179 ι
1801 4127 2001 4199 (Abra-

426 4216 532 4288 hae)
578 4235 598 4269 ι
654 4233 776 4272 cum
823 4219 1064 4274 obviavit
1120 4218 1169 4274 ei
1224 4217 1624 4275 Melchisedech
1665 4232 1913 4288 regresso
1965 4234 1996 4272 a

425 4311 574 4365 caede
599 4327 804 4380 regum.
832 4331 852 4366 ο
880 4311 938 4367 Si
967 4327 1098 4383 ergo
1127 4310 1280 4379 Levi,
1310 4312 1402 4381 qui
1435 4312 1784 4382 generatione
1803 4321 2000 4382 quarta

425 4411 553 4472 post
585 4403 860 4459 Abraham
896 4405 1177 4472 nascitur,
1218 4405 1273 4459 in
1296 4404 1497 4459 lumbis
1546 4403 1779 4458 Abrahae
1826 4402 2000 4458 fuisse

2100 556 2275 614 mines
2298 571 2420 612 cum
2438 555 2554 625 ipso
2579 554 2664 610 vel
2695 554 2748 608 in
2776 553 2895 623 ipso
2919 553 3128 623 expulsi
3154 565 3280 610 sunt
3306 557 3373 612 de
3397 559 3674 628 paradiso,

2098 665 2219 705 cum
2266 642 2382 719 ipse
2423 648 2549 703 inde
2582 647 2841 716 depulsus
2892 656 3010 713 est;
3057 655 3113 700 et
3160 661 3255 716 per
3290 647 3468 717 ipsum
3504 665 3672 713 mors,

2099 760 2222 815 quae
2252 744 2301 799 ei
2333 759 2400 798 ex
2432 740 2880 812 praevaricatione
2913 749 3160 805 venerat,
3197 750 3593 811 consequenter
3619 752 3677 797 et

2098 836 2153 892 in
2186 851 2282 890 eos
2313 832 2631 904 pertransiit
2654 832 2746 902 qui
2791 832 2846 887 in
2888 831 3085 889 lumbis
3129 831 3247 901 ejus
3285 833 3671 900 habebantur;

2097 938 2154 984 et
2187 929 2308 983 ideo
2334 938 2478 982 reete
2505 924 2797 995 Apostolus
2825 924 2991 980 dicit:
3026 943 3046 977 ι
3076 925 3229 981 Sicut
3254 925 3399 981 enim
3426 926 3479 980 in
3501 925 3674 980 Adam

2097 1032 2289 1074 omnes
2318 1016 2648 1079 moriuntur,
2680 1014 2755 1068 ita
2784 1023 2841 1068 et
2870 1012 2925 1067 in
2954 1011 3174 1069 Christo
3206 1028 3397 1069 omnes
3429 1014 3677 1069 viviﬁca-

2098 1109 2301 1162 buntur
2327 1107 2396 1162 ³⁸.
2437 1126 2455 1158 ι
2489 1104 2674 1174 Neque
2693 1118 2824 1174 ergo
2868 1117 2934 1156 ex
2961 1111 3213 1173 serpente
3257 1103 3352 1173 qui
3393 1112 3522 1158 ante
3553 1119 3674 1158 mu-

2099 1200 2284 1254 lierem
2329 1205 2674 1268 peccaverat,
2708 1209 2886 1264 neque
2924 1209 2990 1249 ex
3028 1193 3258 1249 muliere
3286 1208 3408 1264 qua:
3437 1202 3567 1248 ante
3593 1193 3675 1246 vi-

2100 1305 2220 1344 rum
2258 1291 2310 1343 in
2341 1287 2793 1359 przevarieatione
2824 1285 2973 1340 facta
3023 1294 3108 1341 est
3140 1285 3207 1350 ³⁸,
3233 1285 3328 1340 sed
3362 1300 3461 1356 per
3497 1285 3672 1340 Adam

2099 1395 2167 1434 ex
2204 1396 2311 1450 quo
2359 1394 2548 1436 omnes
2583 1377 2842 1433 mortales
2880 1379 3149 1449 originem
3198 1378 3440 1444 ducunt,
3474 1378 3677 1432 dicitur

2099 1471 2355 1526 introisse
2389 1477 2691 1540 peccatum,
2723 1478 2779 1523 et
2809 1483 2907 1538 per
2940 1477 3220 1538 peccatum
3254 1483 3424 1524 mors.
3461 1468 3566 1524 Sed
3589 1469 3677 1525 hic

2102 1563 2359 1616 nimirum
2394 1571 2477 1616 est
2510 1573 2651 1614 unus
2674 1559 2838 1614 homo
2859 1572 2955 1627 per
2979 1574 3140 1628 quem
3168 1567 3449 1628 peccatum
3482 1560 3678 1615 introi-

2099 1653 2200 1718 vit,
2231 1663 2284 1708 et
2314 1666 2412 1721 per
2451 1659 2735 1721 peccatum
2771 1663 2920 1704 mors
2947 1648 3014 1714 ³⁷,
3067 1663 3228 1716 quem
3282 1657 3336 1703 et
3374 1649 3502 1704 alibi
3559 1651 3678 1718 ipse

2099 1740 2394 1810 Apostolus
2415 1739 2526 1813 (40)
2551 1739 2684 1795 dicit
2724 1739 2956 1808 primum
2983 1739 3256 1793 hominem
3285 1740 3350 1793 de
3387 1748 3529 1795 terra
3567 1749 3677 1794 ter-

2099 1847 2289 1887 renum
2313 1871 2328 1897 ,
2361 1831 2658 1886 secundum
2689 1845 2819 1887 vero
2868 1831 2934 1886 de
2979 1830 3122 1886 C(BIO
3167 1833 3451 1887 caelestem
3484 1872 3500 1900 ,
3548 1848 3674 1888 cum

2101 1919 2426 1977 exhortatur
2465 1936 2563 1975 nos
2595 1920 2806 1988 abiecta
2835 1920 3072 1990 imagine
3104 1922 3346 1987 terreni,
3381 1921 3674 1992 imaginem

2101 2021 2323 2084 portare
2382 2012 2630 2068 ccelestis
2655 2012 2734 2079 3°;
2786 2013 2840 2068 id
2873 2021 2961 2070 est
3012 2022 3072 2068 ut
3113 2013 3409 2069 secundum
3448 2015 3673 2069 verbum

2103 2103 2197 2158 Dei
2229 2105 2475 2159 viventes
2501 2119 2848 2172 renovemur,
2875 2115 2930 2160 et
2965 2105 3329 2160 reformemur
3371 2106 3673 2161 secundum

2102 2197 2417 2254 interiorem
2454 2200 2724 2255 hominem
2755 2203 2822 2256 ad
2857 2202 3146 2271 imaginem
3196 2202 3292 2258 Dei
3324 2203 3418 2273 qui
3463 2204 3678 2259 creavit

2101 2304 2226 2345 eum
2255 2291 2322 2344 ³⁸.
2363 2291 2466 2346 Hie
2498 2306 2631 2364 ergo
2659 2295 2819 2348 homo
2851 2295 2945 2364 qui
2987 2293 3101 2364 jam
3139 2296 3472 2350 reformatur
3498 2305 3556 2350 et
3583 2310 3672 2350 re-

2101 2391 2325 2452 paratur
2369 2385 2436 2437 ad
2467 2385 2762 2456 imaginem
2790 2387 2886 2440 Dei
2912 2428 2926 2454 ,
2956 2402 3135 2459 neque
3163 2399 3418 2444 terrenus
3443 2427 3458 2453 ,
3496 2403 3676 2459 neque

2103 2471 2156 2525 in
2195 2473 2296 2526 hoc
2343 2474 2544 2528 mundo
2574 2483 2693 2538 est,
2726 2477 2822 2531 sed
2857 2477 2912 2531 in
2945 2479 3100 2534 caelis
3145 2493 3264 2534 esse
3312 2479 3517 2534 dicitur
3543 2493 3677 2534 con—

2101 2563 2342 2620 versatio
2372 2564 2490 2634 ejus
2512 2565 2559 2598 δ⁰
2598 2583 2612 2620 :
2649 2577 2705 2622 et
2729 2568 2852 2624 ideo
2895 2571 3200 2626 secundum
3229 2586 3353 2626 eum
3388 2571 3483 2641 qui
3511 2571 3671 2638 dixit,

2106 2672 2126 2706 ι
2162 2654 2269 2711 Vos
2298 2666 2479 2712 autem
2523 2673 2633 2714 non
2684 2662 2822 2716 estis
2863 2663 2929 2717 de
2967 2663 3069 2718 hoc
3118 2664 3322 2719 mundo
3352 2663 3419 2730 δι,
3455 2682 3476 2717 ι
3525 2678 3678 2719 mors

2101 2749 2156 2802 in
2212 2761 2337 2803 eum
2370 2764 2477 2805 non
2505 2759 2685 2820 potest
2732 2756 3090 2822 pertransire.
3123 2754 3229 2822 Qui
3282 2765 3462 2811 autem
3501 2755 3679 2810 adhuc

2101 2841 2156 2895 in
2186 2842 2291 2898 hoc
2321 2847 2524 2901 mundo
2553 2856 2639 2902 est
2661 2884 2679 2913 ,
2706 2856 2762 2902 et
2795 2857 3047 2905 terrenus
3077 2859 3181 2915 est,
3215 2865 3280 2906 ac
3317 2850 3521 2905 terreni
3555 2849 3674 2919 (41)

2100 2935 2392 3007 imaginem
2423 2947 2646 3008 portat,
2700 2942 2769 2995 de
2815 2942 2932 3012 ipso
2971 2942 3192 3008 dicitur,
3241 2945 3384 3014 quod
3412 2957 3510 3015 per
3548 2958 3676 2996 eum

2101 3036 2382 3093 peccatum
2419 3028 2473 3082 in
2511 3029 2656 3084 hunc
2682 3033 2942 3087 mundum
2970 3033 3235 3100 introivit,
3270 3045 3326 3090 et
3349 3050 3446 3106 per
3475 3050 3670 3106 pecca—

2105 3125 2219 3171 tum
2251 3133 2402 3174 mors
2422 3118 2491 3173 δ’.
2525 3120 2680 3189 Quod
2729 3122 2775 3176 si
2823 3134 3105 3192 peccatum
3153 3135 3210 3181 et
3251 3141 3398 3182 mors
3435 3127 3488 3181 in
3533 3128 3680 3184 hunc

2101 3210 2363 3266 mundum
2415 3211 2528 3285 (42)
2561 3213 2848 3280 introivit,
2877 3226 2933 3270 et
2962 3216 3016 3270 in
3064 3216 3171 3272 hoc
3208 3217 3408 3274 mundo
3445 3218 3674 3286 habitat,

2101 3311 2312 3356 certum
2347 3311 2432 3358 est
2462 3305 2672 3360 alienos
2721 3321 2750 3359 a
2787 3317 2962 3361 morte
3010 3318 3068 3363 et
3113 3324 3143 3362 a
3172 3321 3398 3377 peccato
3428 3326 3552 3367 esse
3577 3328 3676 3368 eos

2101 3391 2192 3460 qui
2227 3407 2328 3462 per
2353 3393 2632 3450 Christum
2661 3397 2746 3452 vel
2777 3386 3146 3456 cum'Christo
3175 3403 3378 3457 mortui
3401 3414 3528 3457 sunt
3551 3403 3677 3459 huic

2101 3483 2328 3550 mundo,
2359 3495 2560 3540 etcum
2600 3487 2718 3556 ipso
2745 3491 3075 3558 resuscitati,
3109 3509 3232 3547 cum
3259 3494 3374 3564 ipso
3402 3495 3566 3548 etiam
3590 3510 3677 3550 se-

2100 3575 2229 3630 dere
2276 3576 2330 3630 in
2373 3577 2686 3635 coelestibus
2732 3591 3046 3637 meruerunt
3081 3583 3163 3650 ⁸³,
3198 3586 3670 3642 conversationem

2101 3682 2208 3722 non
2250 3668 2364 3736 jam
2401 3671 2516 3740 (45)
2548 3671 2602 3726 ἱιι
2635 3672 2735 3727 hoc
2766 3675 2968 3729 mundo
2993 3713 3010 3742 ,
3055 3675 3150 3732 sed
3179 3676 3232 3730 in
3264 3677 3419 3732 caelis
3471 3679 3679 3733 haben-

2103 3773 2187 3818 tes
2220 3761 2287 3816 “.
2321 3761 2476 3818 Unde
2499 3774 2556 3819 et
2584 3767 2704 3835 pari
2736 3769 3127 3838 consequentia
3158 3771 3486 3838 ostenditur,
3525 3772 3674 3841 quod

2099 3857 2278 3912 omnis
2303 3858 2468 3912 homo
2496 3861 2675 3928 primo
2717 3879 2737 3911 ι
2785 3862 2851 3915 de
2883 3871 3030 3916 terra
3058 3871 3310 3916 terrenus
3347 3880 3366 3914 ›
3399 3870 3502 3926 est,
3535 3864 3679 3917 sicut

2100 3947 2246 4002 idem
2274 3947 2568 4016 Apostolus
2600 3949 2728 4004 alibi
2759 3950 2804 3981 ⁸³
2842 3949 3016 4017 dicit;
3069 3965 3192 4006 cum
3241 3949 3532 4019 imaginem
3566 3959 3679 4005 ter-

2100 4037 2219 4092 reni
2267 4047 2487 4108 portat,
2533 4049 2589 4093 et
2619 4041 2918 4094 secundum
2965 4041 3254 4110 imaginem
3307 4041 3510 4094 terreni
3567 4055 3678 4093 am-

2100 4126 2252 4181 bulat
2301 4125 2438 4198 (44),
2493 4142 2714 4183 carnem
2753 4131 2994 4199 cogitat,
3049 4142 3106 4185 et
3155 4145 3277 4200 quae
3323 4131 3506 4185 carnis
3548 4140 3680 4186 sunt

2101 4219 2274 4286 sapit,
2328 4229 2384 4272 et
2444 4218 2535 4272 vix
2591 4219 2886 4289 aliquando
2937 4230 3023 4275 est
3084 4231 3143 4276 ut
3192 4231 3550 4278 convertatur
3604 4223 3678 4276 ad

2102 4307 2384 4364 Dominum
2419 4349 2435 4374 ,
2485 4320 2540 4365 et
2599 4312 2795 4379 spiritu
2857 4313 2952 4367 Dei
3017 4325 3248 4380 agatur,
3303 4323 3471 4383 atque
3530 4312 3678 4369 effe-

2101 4399 2225 4445 ctus
2279 4391 2531 4461 spiritalis
2586 4392 2677 4446 liat
2720 4412 2739 4445 ‹
2795 4394 3121 4450 novissimus
3175 4395 3346 4452 Adam
3405 4399 3461 4452 in
3517 4398 3679 4470 547

425 4494 763 4564 perhibetur,
791 4496 961 4551 multo
995 4496 1168 4566 magis
1185 4511 1374 4552 omnes
1408 4496 1658 4552 homines
1683 4497 1776 4565 qui
1805 4498 1858 4552 in
1895 4498 1998 4553 hoc
2029 4507 2075 4564 ι)
2103 4481 2362 4552 Spiritum
2411 4483 2775 4539 "iViﬁcamem
2826 4486 2872 4517 ⁴⁶
2925 4487 3086 4558 (45)-
3145 4508 3164 4542 ³
3224 4487 3460 4559 Bell“ire
3514 4505 3679 4556 sane.

427 4585 630 4640 mundo
683 4597 1000 4651 nascuntur,
1042 4597 1098 4642 et
1147 4587 1259 4642 nati
1305 4599 1478 4654 sunt,
1510 4589 1563 4642 in
1608 4588 1810 4644 lumbis
1838 4597 1998 4644 erant

2103 4573 2358 4644 quoniam
2388 4590 2487 4645 per
2514 4591 2685 4630 unum
2715 4577 2992 4633 hominem
3021 4579 3076 4633 in
3112 4580 3259 4634 hunc
3293 4583 3556 4636 mundum
3588 4583 3675 4636 di-

500 4747 545 4778 "
562 4744 720 4800 Rom.
741 4761 793 4807 v,
820 4747 906 4802 i2.
984 4748 1033 4779 "
1063 4747 1239 4802 lTim.
1270 4763 1332 4812 ιι,
1357 4749 1440 4802 14.
1521 4749 1566 4780 ’⁷
1597 4746 1733 4803 Gen.
1766 4762 1848 4813 ιιι,
1875 4748 1928 4801 1.
1986 4747 1999 4780 ¹

2100 4761 2194 4800 en.
2230 4761 2293 4808 ιι,
2327 4745 2416 4801 17.
2473 4743 2519 4776 ²⁹
2549 4744 2679 4801 ibid.
2708 4745 2761 4804 4.
2787 4745 2840 4800 5.
2905 4743 3154 4800 ³⁰ΙΤίιιι.
3189 4760 3249 4809 ιι,
3277 4743 3364 4797 ﬂ.
3438 4743 3481 4775 “
3514 4741 3674 4796 Joan.

431 4830 550 4877 vm,
572 4816 664 4869 44.
735 4816 779 4848 ³¹
812 4817 966 4871 Rom.
991 4834 1043 4880 v,
1076 4817 1161 4871 12.
1239 4819 1284 4850 ³³
1314 4819 1330 4872 1
1367 4820 1492 4873 Cor.
1518 4834 1598 4875 XI.
1629 4818 1682 4876 8.
1714 4818 1798 4871 12.
1863 4817 1910 4850 ³⁸
1938 4817 1999 4871 Hi

2100 4831 2228 4878 .VII,
2254 4817 2308 4879 1,
2341 4817 2515 4882 9,10.

2604 4816 2650 4847 ³⁸
2681 4815 2850 4870 lCor.
2881 4831 2970 4881 xv,
2997 4817 3088 4870 22.
3181 4816 3227 4847 ³⁸
3263 4816 3277 4866 l
3315 4814 3459 4868 Tim.
3492 4828 3554 4877 ιι,
3585 4813 3675 4866 id.

432 4885 473 4914 ³⁷
507 4885 660 4939 ltoin.
693 4901 743 4950 v,
771 4886 858 4940 12.
926 4887 970 4920 ³⁸
1001 4887 1160 4941 lCor.
1184 4904 1272 4952 xv,
1294 4889 1385 4954 Π,
1410 4891 1499 4943 49.
1567 4890 1610 4922 ³⁹
1638 4887 1847 4943 Coloss.
1871 4903 1955 4954 Ill,
1985 4890 1999 4942 1

2136 4886 2181 4918 ⁸ο
2203 4886 2403 4954 Philip.
2434 4902 2516 4944 ιιι,
2541 4885 2633 4940 ‘20.
2705 4885 2748 4917 ‘“
2774 4885 2931 4940 Joan.
2963 4901 3055 4950 xv,
3089 4886 3176 4942 19.
3247 4885 3291 4916 δ’
3321 4884 3480 4937 Rom.
3507 4899 3558 4947 ν,
3585 4885 3675 4938 12.

432 4954 479 4986 ⁸³
509 4955 704 5026 Ephes.
734 4972 795 5020 ιι,
830 4957 887 5021 5,
914 4956 970 5012 6.
1034 4957 1080 4990 “
1116 4957 1308 5028 Philip.
1341 4975 1422 5025 Ill,
1447 4959 1538 5017 20.
1609 4959 1655 4991 ⁸⁸
1686 4957 1702 5012 l
1731 4959 1856 5014 Cor.
1885 4975 1999 5025 xv,A

2109 4957 2200 5012 49.
2262 4957 2308 4988 “
2333 4957 2468 5012 ibid.
2492 4956 2586 5010 45.

503 5115 616 5189 (57)
645 5113 875 5189 Itamss.
905 5116 1076 5189 nostri
1115 5126 1170 5170 et
1199 5118 1472 5183 Rabanus,
1502 5119 1606 5173 nisi
1643 5120 1785 5189 quod
1818 5120 1994 5188 primo

432 5185 669 5240 habeant
695 5185 835 5240 alius
862 5203 881 5237 ι
918 5187 1074 5251 dixit,
1104 5205 1124 5238 ι
1155 5189 1292 5242 alius
1327 5207 1346 5240 ι
1382 5189 1630 5254 dixerat;
1661 5185 1685 5240 3
1730 5185 1988 5255 secundo,

432 5255 574 5308 alius
613 5257 807 5310 iterum
847 5275 867 5308 ι
917 5257 1092 5320 dixit,
1133 5277 1151 5310 ι
1203 5259 1341 5312 alius
1379 5275 1398 5308 ι
1435 5260 1685 5313 diceret:
1727 5278 1746 5310 ι
1781 5261 1875 5314 sed
1915 5275 1998 5314 re-

435 5327 578 5380 ctius
605 5340 743 5396 unus
774 5327 941 5380 codex
971 5327 1174 5396 Regius
1206 5344 1358 5382 num.
1407 5323 1543 5382 1659
1589 5330 1752 5384 habet
1780 5332 1993 5384 utrobi-

433 5409 541 5465 que
564 5436 580 5461 ,
605 5413 634 5467 _t
680 5395 896 5467 dixerit.
931 5415 949 5448 ›
981 5395 1121 5451 Editi
1172 5413 1298 5452 vero
1320 5438 1335 5462 ,
1371 5415 1390 5449 ι
1423 5408 1478 5452 et
1510 5398 1708 5452 iterum
1743 5401 1994 5467 peccavit

434 5481 558 5519 cum
585 5465 754 5538 dixit:
789 5467 903 5520 Scit
935 5467 1076 5520 enim
1127 5467 1267 5522 Deus
1294 5469 1418 5538 quia
1467 5465 1789 5538 quacunque
1839 5485 1992 5522 man-

435 5535 761 5590 ducaveritis
804 5551 870 5590 ex
899 5551 966 5592 en
991 5576 1006 5601 ,
1047 5535 1386 5606 aperientur,
1423 5555 1442 5589 ι
1480 5535 1612 5602 etc.,
1645 5535 1866 5593 omissis
1891 5555 1994 5594 eae-

440 5607 589 5658 teris.

511 5673 624 5744 (38)
646 5675 949 5742 Apostolus.
985 5675 1148 5732 Deest
1176 5677 1229 5730 in
1255 5676 1436 5732 editis.

503 5746 618 5817 {59)
653 5744 946 5817 Tanquam.
974 5747 1324 5804 Desideratur
1350 5747 1405 5803 in
1441 5748 1596 5806 libris
1625 5757 1783 5804 antea
1815 5747 1995 5805 editis.

2174 5116 2287 5190 (40)
2314 5115 2486 5190 Alias,
2512 5134 2532 5168 ι
2569 5116 2711 5190 idem
2745 5116 3056 5190 Apostolus.
3089 5136 3109 5170 ι

2173 5188 2286 5259 (41)
2316 5188 2485 5254 Alias,
2519 5205 2538 5238 ι
2572 5188 2626 5242 in
2653 5189 2855 5242 mundo
2882 5197 2966 5243 est
2988 5227 3006 5254 ,
3041 5197 3292 5244 terrenus
3323 5195 3431 5252 est,
3468 5203 3534 5244 ac
3562 5197 3676 5242 ter-

2101 5262 2238 5320 reni,
2279 5277 2298 5310 )
2331 5267 2439 5321 etc,

2169 5328 2286 5399 (.42)
2321 5327 2422 5382 Ms.
2460 5343 2626 5392 unus,
2667 5345 2686 5378 ι
2717 5325 2871 5394 Quod
2898 5328 2942 5383 si
2979 5338 3258 5397 peccatum
3292 5345 3461 5397 mors,
3487 5338 3542 5385 et
3576 5344 3677 5398 per

2101 5409 2384 5469 peceatum
2413 5413 2558 5469 mors
2585 5401 2636 5452 in
2669 5400 2814 5452 hunc
2845 5403 3128 5464 mundum,
3165 5418 3186 5452 ι
3225 5409 3338 5459 etc.

2172 5468 2285 5538 (15)
2315 5466 2460 5520 Jam.
2488 5467 2649 5521 Deest
2687 5469 2737 5520 in
2771 5469 2950 5523 editis.

2175 5540 2289 5608 (44)
2311 5538 2486 5601 Alias,
2523 5557 2540 5587 ι
2579 5554 2701 5591 eum
2734 5538 2785 5591 in
2821 5539 3054 5606 imagine
3089 5541 3289 5595 terreni
3325 5539 3597 5607 ambulat,
3622 5547 3680 5594 et

2105 5609 2405 5678 secundum
2432 5610 2724 5678 imaginem
2760 5613 2960 5661 terreni
2991 5610 3255 5664 ambulat.
3299 5630 3319 5663 ο

2179 5680 2293 5751 (45)
2319 5677 2487 5747 Editi,
2515 5697 2534 5730 ι
2555 5677 2860 5751 Ὶιιδρὶιιιιι
2890 5679 3222 5736 viviﬁcante.
3263 5699 3284 5733 ι
