4170 6378
529 298 661 353 1οη

2002 295 2254 353 ORIGEN
2263 294 2324 350 IS

3635 296 3772 352 me

528 415 609 466 cit
660 413 909 471 introisse
959 426 1265 486 peccatum,
1327 426 1382 474 et
1433 427 1641 474 eertum
1691 425 1782 470 est
1827 417 1953 486 quia
2001 415 2089 469 hic
2120 419 2165 474 Α
2193 413 2430 475 invocat,
2455 411 2548 465 sed
2579 409 2884 466 dissimulat
2905 417 2960 464 et
2997 409 3478 466 moratur?Etiam
3509 413 3556 468 si
3583 412 3766 469 Enocli

536 521 554 554 ι
587 507 840 561 mundum
871 526 891 559 ι
928 518 1202 564 terrenum
1237 511 1380 565 hunc
1420 509 1654 579 appellat
1696 509 1871 564 locum
1902 509 1954 562 in
1990 522 2098 577 quo

532 593 778 651 homines
834 599 1104 664 habitant,
1151 601 1196 654 si
1250 601 1304 654 in
1347 599 1494 654 nullo
1538 600 1644 654 alio
1681 598 1802 653 loco
1851 597 2098 652 introivit

529 697 832 753 peccatum,
865 704 1038 760 neque
1068 691 1119 745 in
1148 691 1255 747 illis
1291 691 1421 747 locis
1451 692 1747 757 invenitur,
1769 691 1857 744 ubi
1885 709 1905 741 ι
1931 689 2094 758 spiri-

533 778 657 830 talia
708 782 959 848 nequitiae
1004 783 1058 836 in
1093 784 1407 838 cmlestibus
1435 783 1481 815 δ’
1513 801 1532 836 ι
1568 783 1940 839 nominantur.
1989 781 2096 834 Sed

529 876 584 920 et
611 867 739 922 illud
767 872 906 940 apud
941 873 1283 942 temetipsum
1327 882 1623 944 pertracta,
1669 873 1812 926 unde
1857 871 1909 924 in
1953 872 2097 924 hunc

530 960 788 1014 mundum
834 963 1078 1018 introivit
1124 974 1426 1032 peccatum,
1476 973 1565 1016 aut
1621 963 1711 1017 ubi
1757 971 1876 1016 erat
1916 961 2095 1030 prius-

528 1066 689 1121 quam
721 1057 824 1109 huc
861 1055 1129 1122 introiret,
1167 1068 1259 1111 aut
1292 1057 1337 1110 si
1365 1057 1586 1110 omnino
1619 1064 1763 1116 erat,
1805 1053 1892 1107 vel
1919 1055 1964 1107 si
1994 1051 2097 1106 fuit

529 1152 654 1196 ante
689 1142 835 1196 illum
883 1144 950 1198 ad
999 1161 1159 1213 quem
1191 1145 1435 1201 dicitur:
1477 1162 1496 1195 ς
1531 1142 1822 1214 Usquequo
1866 1144 2096 1196 inventa:

528 1239 655 1283 sunt
698 1230 1012 1301 iniquitates
1040 1235 1095 1288 in
1135 1244 1206 1302 te,
1240 1244 1295 1289 et
1333 1243 1551 1304 propter
1582 1235 1683 1290 hoc
1713 1233 1918 1303 projeci
1963 1240 2015 1286 te
2038 1232 2093 1286 in

531 1329 731 1373 terram
760 1321 828 1373 ⁸³.
880 1340 899 1373 ι
951 1321 1116 1378 Nobis
1159 1333 1341 1379 autem
1389 1325 1457 1379 de
1501 1325 1586 1380 his
1629 1339 1736 1378 non
1780 1333 1868 1378 est
1917 1331 2092 1377 tutum

528 1409 682 1479 plura
708 1412 996 1481 disserere,
1023 1431 1147 1470 cum
1176 1416 1457 1471 videamus
1505 1416 1821 1485 Apostolnm
1856 1415 1945 1468 vix
1986 1415 2094 1468 sin-

527 1501 666 1569 gulis
726 1504 842 1559 haec
891 1507 1276 1574 perstrinxisse
1331 1507 1677 1562 sermonibus
1731 1505 1866 1578 (46).
1921 1523 1940 1555 α
1988 1504 2094 1560 Per

528 1607 693 1646 unum
731 1612 750 1645 ι
779 1609 907 1663 ergo
935 1613 955 1647 ‹
993 1597 1264 1652 hominem
1293 1607 1570 1668 peccatum
1601 1598 1845 1651 introivit
1873 1597 1926 1650 in
1949 1595 2092 1651 hunc

528 1685 786 1738 mundum
815 1685 884 1740 ⁸⁸.
917 1704 936 1737 i
968 1686 1195 1742 Mundus
1239 1696 1444 1751 autem,
1493 1695 1551 1741 ut
1594 1687 1853 1750 diximus,
1892 1685 2090 1740 intelli-

2201 502 2349 558 dicas
2376 517 2392 554 :
2424 516 2530 556 non
2571 501 2829 556 scribitur
2859 501 3145 570 placuisse,
3179 518 3462 572 usquequo
3486 516 3771 574 generaret

2203 591 2566 655 Mathusalam
2617 591 2686 647 ⁵⁸.
2733 591 3090 645 Mathusalam
3149 602 3330 648 autem
3381 594 3770 664 interpretatur

2199 683 2409 736 emissio
2475 682 2682 739 mortis.
2758 682 2834 736 Ex
2893 697 3002 752 quo
3067 685 3367 738 ostenditur
3431 685 3556 753 quia
3623 703 3767 740 mors

2200 776 2302 830 ista
2329 791 2450 846 quae
2497 777 2548 831 in
2580 791 2767 830 omnes
2814 776 3063 830 homines
3123 777 3461 846 pertransiit,
3501 779 3662 832 etiam
3713 780 3767 834 in

2200 864 2376 932 ipsum
2407 865 2688 920 transierit
2719 883 2732 918 :
2769 866 2863 919 sed
2896 865 2984 919 vix
3015 866 3303 934 aliquando
3335 868 3508 921 sensit
3529 883 3648 923 esse
3681 869 3764 923 in-

2200 963 2280 1007 tra
2311 969 2370 1010 se
2398 965 2624 1010 mortem
2647 955 2785 1026 (50),
2817 966 2871 1010 et
2895 971 3191 1012 conversus
3214 959 3282 1012 ad
3316 959 3602 1014 Dominum
3630 961 3768 1020 emi-

2196 1047 2267 1098 sit
2295 1060 2413 1100 eam
2440 1061 2470 1100 a
2515 1062 2595 1114 se,
2629 1057 2686 1102 et
2727 1047 2925 1118 abjecit
2956 1063 3052 1118 per
3087 1050 3463 1118 paenitentiam
3499 1067 3516 1104 :
3547 1060 3604 1105 et
3645 1051 3767 1108 ideo

2197 1133 2550 1189 Mathusalam
2586 1137 2785 1191 dicitur
2811 1139 3085 1207 genuisse,
3138 1139 3280 1206 quod
3333 1155 3363 1192 a
3419 1153 3480 1194 se
3530 1150 3761 1195 mortem

2195 1240 2314 1292 qua:
2336 1241 2458 1280 eum
2490 1229 2778 1282 obsederat
2802 1229 3106 1298 abjecisset.
3137 1228 3304 1284 Recte
3324 1245 3459 1301 ergo
3485 1234 3625 1301 quod
3649 1233 3763 1302 jam

2197 1317 2355 1370 morti
2388 1331 2496 1371 non
2525 1328 2671 1374 esset
2705 1320 2992 1384 obnoxius,
3027 1321 3121 1375 sed
3155 1320 3445 1387 abiecisset
3490 1337 3610 1376 eam
3639 1339 3669 1376 a
3701 1339 3763 1379 se

2193 1416 2247 1457 et
2273 1404 2586 1475 ell'ugasset,
2614 1407 2811 1460 dicitur
2847 1409 2990 1476 quod
3022 1408 3362 1463 transtulerit
3416 1411 3567 1465 illum
3596 1412 3760 1478 Deus,

2194 1497 2269 1547 uti
2304 1511 2370 1550 ne
2401 1496 2606 1551 videret
2632 1507 2862 1552 mortem
2887 1498 2955 1552 ".
2988 1496 3094 1553 Sed
3123 1509 3180 1554 et
3208 1500 3279 1554 de
3303 1499 3418 1556 Noe
3440 1503 3485 1555 si
3514 1505 3764 1572 requiras

2191 1588 2472 1652 attentius,
2540 1588 2782 1644 invenies
2834 1589 2977 1657 quod
3029 1591 3470 1660 quingentesimo
3537 1596 3754 1650 demum

2192 1695 2338 1735 anno
2361 1679 2474 1751 (51)
2505 1680 2764 1736 scribitur
2788 1681 2854 1735 de
2884 1696 2970 1746 eo,
3010 1683 3134 1751 quia
3170 1700 3189 1733 ι
3222 1682 3336 1739 Noe
3380 1684 3588 1739 invenit
3632 1703 3756 1757 gra-

525 1778 730 1842 gendus
759 1786 842 1830 esi
871 1777 982 1848 (ιι-ι)
1014 1778 1098 1831 νει
1122 1778 1272 1832 locus
1298 1779 1352 1833 in
1381 1793 1490 1848 quo
1529 1777 1783 1834 habitam
1819 1775 2084 1842 homines,
2117 1759 2162 1815 Β
2191 1772 2321 1825 tiam
2372 1770 2424 1825 in
2468 1780 2762 1840 conspectu
2813 1770 3028 1826 Domini
3077 1772 3194 1836 Dei,
3229 1792 3246 1825 ι
3282 1783 3340 1827 et
3369 1775 3495 1842 quia
3525 1792 3546 1827 ε
3578 1775 3760 1846 justus

523 1863 607 1918 vel
639 1873 851 1920 terrena
881 1877 936 1920 et
975 1868 1274 1937 corporalis
1311 1869 1448 1936 vita,
1499 1870 1552 1923 in
1594 1883 1702 1939 qua
1741 1881 1890 1923 mors
1924 1866 2089 1920 habet

522 1952 734 2021 locum;
781 1957 871 2011 cui
919 1959 1145 2026 mundo,
1187 1959 1292 2014 hoc
1338 1971 1424 2015 est
1471 1969 1700 2016 terrente
1729 1961 1874 2024 vitae,
1906 1960 2088 2016 cruci-

522 2041 661 2097 ﬁxos
684 2058 743 2098 se
773 2045 957 2099 dicunt
995 2047 1168 2102 sancti
1195 2047 1262 2111 '°,
1293 2057 1349 2103 et
1396 2058 1656 2104 mortuos.
1693 2067 1712 2101 ι
1745 2049 1815 2104 Ει
1845 2063 1942 2116 per
1968 2063 2090 2118 pec-

521 2143 727 2200 catum,
758 2153 779 2188 ι
809 2136 1008 2206 inquit,
1044 2153 1066 2189 r
1097 2152 1266 2199 mors.
1298 2157 1316 2190 ι
1351 2139 1440 2194 illa
1487 2140 1606 2195 sine
1641 2139 1808 2194 dubio
1839 2154 1985 2194 mors
2021 2141 2088 2194 de

519 2239 626 2293 qua
676 2235 732 2279 et
782 2227 1043 2294 propheta
1089 2228 1241 2296 dicit,
1287 2223 1414 2299 quia
1466 2248 1485 2280 ι
1527 2231 1705 2285 anima
1741 2243 1862 2299 qua:
1898 2238 2088 2297 peccat

520 2315 634 2384 ipsa
675 2319 941 2374 morietur
968 2321 1012 2352 ⁸⁸
1046 2338 1061 2376 :
1093 2339 1113 2374 ι
1138 2322 1300 2392 cujus
1340 2323 1528 2376 mortis
1581 2324 1721 2378 hanc
1749 2323 2083 2392 corporalem

519 2414 752 2458 mortem
801 2406 1049 2462 umbram
1086 2410 1282 2464 merito
1320 2410 1443 2480 quis
1485 2411 1706 2468 dixerit.
1753 2411 2086 2482 Quocunque

520 2494 668 2547 enim
707 2493 796 2548 illa
851 2496 1153 2563 incesserit,
1203 2499 1343 2554 hanc
1397 2514 1630 2554 necesse
1671 2511 1756 2556 est
1805 2502 2084 2570 subsequi,

521 2583 668 2638 velut
699 2586 948 2642 umbram
979 2605 1197 2660 corpus.
1253 2591 1406 2657 Quod
1435 2591 1480 2646 si
1530 2591 1752 2662 obiiciat
1792 2594 1915 2662 quis
1958 2593 2084 2662 quia

520 2677 772 2735 Salvator
796 2691 1078 2750 peccatum
1115 2698 1218 2738 non
1270 2685 1420 2750 fecit,
1466 2699 1570 2738 nec
1603 2701 1749 2740 mors
1775 2686 1828 2740 in
1863 2701 1929 2742 eo
1984 2686 2086 2740 fuit

517 2770 712 2825 animae
739 2787 836 2841 per
865 2786 1145 2844 peccatum
1179 2774 1249 2842 ⁸³,
1279 2783 1336 2829 et
1367 2784 1544 2829 tamen
1575 2784 1801 2830 mortem
1828 2776 2086 2830 sustinuit

517 2863 876 2929 corporalem.
911 2864 1361 2934 respondebimus
1387 2867 1436 2919 ei
1470 2865 1602 2936 quia
1643 2866 1896 2922 Salvator
1942 2868 2086 2922 sicut

519 2965 642 3006 cum
677 2953 792 3022 ipse
827 2964 1107 3023 peccatum
1137 2970 1242 3010 non
1275 2955 1487 3021 fecerit,
1528 2971 1628 3028 pro
1663 2967 1852 3013 nostra
1902 2966 2081 3013 tamen

515 3044 692 3100 salute
717 3061 813 3115 per
857 3047 1278 3116 assumptionem
1309 3049 1493 3103 carnis
1523 3048 1637 3118 ipse
1671 3048 1873 3103 dicitur
1902 3049 2083 3105 factus
2107 3087 2150 3147 α

512 3149 635 3190 esse
670 3145 947 3205 peccatum
971 3138 1018 3170 ⁸³
1045 3154 1060 3192 :
1090 3138 1162 3193 ita
1214 3148 1268 3194 et
1321 3155 1443 3194 cum
1493 3150 1722 3195 mortem
1756 3140 1912 3196 istam
1945 3141 2078 3198 nulli

512 3227 757 3294 deberet,
788 3244 887 3284 nec
927 3229 978 3284 ei
1021 3239 1167 3286 esset
1211 3231 1502 3296 obnoxius,
1559 3247 1656 3301 pro
1697 3231 1871 3288 salute
1899 3241 2079 3288 tamen

511 3328 696 3373 nostra
727 3319 871 3374 hanc
893 3320 1036 3375 velut
1065 3321 1310 3376 umbram
1341 3322 1483 3377 illius
1506 3331 1774 3392 susceptae
1797 3323 2080 3392 dispensa--

511 3412 698 3474 tionis,
728 3426 892 3482 quam
946 3428 1108 3480 supra
1160 3413 1415 3478 diximus,
1446 3424 1660 3485 sponte,
1698 3431 1806 3471 non
1841 3416 2082 3471 necessi-

474 3510 622 3557 ‘tate
651 3505 910 3573 suscepit,
949 3506 1090 3559 sicut
1128 3506 1242 3575 ipse
1269 3505 1448 3560 dixit:
1484 3523 1505 3558 σ
1549 3505 1878 3561 Potestatem
1903 3507 2078 3561 habeo

507 3599 741 3660 ponendi
765 3609 997 3648 animam
1023 3611 1221 3660 meam,
1247 3605 1302 3651 et
1325 3605 1645 3664 potestatem
1678 3596 1852 3654 habeo
1882 3598 2077 3652 iterum

506 3685 754 3739 sumendi
795 3700 916 3741 eam
960 3685 1028 3741 ”.
1084 3706 1105 3740 ι
1159 3688 1264 3744 Sed
1317 3688 1596 3745 videamus
1647 3692 1922 3761 quomodo
1965 3710 1985 3743 ι
2021 3692 2076 3746 in

505 3761 698 3829 omnes
731 3775 978 3832 homines
1013 3779 1332 3846 pertransiit
1371 3795 1540 3849 mors,
1579 3781 1634 3836 in
1663 3797 1772 3852 quo
1800 3797 2013 3847 omnes,
2051 3801 2070 3834 ι

507 3866 702 3935 inquit,
734 3882 755 3917 ι
785 3879 1165 3935 peccaverunt.
1199 3888 1219 3922 ι
1257 3872 1518 3927 Absoluta
1545 3875 1812 3928 sententia
1837 3890 2076 3944 pronun-

509 3957 664 4011 tiavit
711 3959 1003 4029 Apostolus
1041 3963 1093 4016 in
1142 3977 1331 4019 omnes
1377 3964 1630 4021 homines
1677 3975 1910 4022 mortem
1953 3983 2076 4036 per-

506 4050 766 4104 transisse
791 4052 1026 4120 peccati,
1057 4053 1110 4107 in
1137 4069 1203 4110 eo
1229 4055 1282 4109 in
1313 4069 1422 4124 quo
1447 4072 1640 4113 omnes
1685 4071 2072 4128 peccaverunt,

505 4142 646 4196 sicut
692 4151 748 4196 et
790 4142 938 4198 alibi;
973 4163 992 4196 ‹
1021 4146 1222 4202 Omnes
1250 4149 1414 4210 enim,
1454 4167 1476 4202 ι
1517 4150 1710 4218 inquit,
1761 4170 1781 4203 ε
1813 4167 2071 4220 peccave-

505 4242 652 4300 runt,
681 4245 737 4287 et
761 4245 920 4304 egent
948 4236 1119 4308 gloria
1155 4237 1266 4310 (48)
1300 4239 1392 4294 Dei
1420 4241 1489 4299 ”.
1523 4261 1542 4294 ι
1579 4242 1645 4296 Ει
1678 4243 1798 4298 ideo
1825 4244 1990 4298 etiam
2023 4247 2070 4300 si

502 4323 636 4378 Abel
684 4325 832 4379 illum
877 4327 1080 4396 justum
1130 4329 1352 4396 dixeris,
1403 4348 1509 4388 non
1567 4344 1748 4403 potest
1790 4337 2069 4391 excusari.

2187 1873 2307 1916 erat
2330 1863 2382 1916 in
2417 1862 2766 1930 generatione
2789 1877 2911 1926 sua,
2941 1881 2960 1914 ι
2989 1872 3046 1916 et
3074 1864 3199 1932 quia
3227 1882 3247 1915 ι
3279 1864 3482 1933 placuit
3505 1867 3610 1920 Deo
3629 1866 3704 1932 ὐς
3731 1886 3757 1920 ›

2187 1953 2328 2022 quod
2361 1952 2552 2021 utique
2581 1952 2626 2006 si
2665 1952 2815 2021 prius
2865 1953 3180 2019 meruisset,
3212 1969 3484 2024 nunquam
3529 1957 3603 2021 id,
3635 1958 3758 2026 opi-

2189 2058 2308 2109 nor,
2338 2043 2622 2112 Scriptura
2649 2043 2833 2098 divina
2864 2045 3122 2099 siluisset.
3181 2046 3288 2099 Sed
3323 2056 3377 2101 et
3404 2049 3447 2102 si
3472 2048 3594 2116 quis
3627 2049 3759 2104 velit

2187 2133 2329 2200 quod
2358 2133 2496 2188 bibit
2538 2133 2747 2198 vinum,
2787 2142 2843 2188 et
2882 2134 3178 2189 inebriatus
3222 2145 3309 2190 est
3346 2153 3408 2191 ae
3457 2140 3688 2194 nudatus
3707 2141 3753 2172 “

2188 2234 2460 2292 reputare,
2491 2225 2728 2281 inveniet
2754 2241 2820 2281 ex
2856 2227 2939 2281 his
2969 2229 3223 2283 omnibus
3255 2244 3360 2283 non
3393 2231 3665 2284 immerito
3687 2233 3758 2285 ab

2187 2314 2443 2384 Apostolo
2473 2318 2600 2383 dici,
2632 2337 2651 2370 ι
2684 2319 2737 2373 In
2763 2334 2872 2388 quo
2895 2335 3085 2374 omnes
3109 2332 3492 2390 peccaverunt,
3527 2341 3547 2375 ι
3567 2323 3760 2376 etiarn-

2185 2404 2231 2458 si
2265 2405 2538 2475 evigilavit
2572 2406 2684 2462 Noe
2714 2423 2744 2461 a
2772 2409 2900 2463 vino
2937 2424 3058 2465 suo.
3087 2410 3227 2475 Quid
3275 2420 3458 2465 autem
3494 2411 3670 2466 dicam
3699 2421 3757 2465 et

2184 2495 2252 2549 de
2281 2496 2551 2550 Abraham
2577 2498 2662 2552 cui
2690 2498 2925 2553 dicitur:
2967 2518 2986 2550 ι
3020 2500 3117 2554 Exi
3148 2502 3214 2555 de
3249 2511 3389 2556 terra
3435 2511 3551 2565 tua,
3579 2511 3634 2556 et
3686 2501 3756 2557 de

2186 2588 2509 2655 cognatione
2561 2597 2675 2655 tua,
2718 2599 2774 2644 et
2821 2594 2887 2646 de
2915 2591 3074 2645 domo
3107 2593 3279 2659 patris
3313 2592 3388 2646 tui
3424 2592 3508 2646 "?
3542 2611 3561 2644 ι
3597 2592 3752 2660 Quod

2185 2677 2370 2745 utique
2397 2693 2500 2732 non
2525 2679 2816 2746 diceretur,
2847 2681 2894 2734 si
2923 2681 2976 2734 in
3013 2681 3176 2736 domo
3201 2683 3369 2750 patris
3389 2681 3500 2736 Deo
3534 2682 3750 2752 placere

2184 2767 2468 2834 potuisset.
2511 2759 2616 2823 Sed
2669 2784 2773 2824 non
2805 2785 2939 2840 opus
2963 2781 3048 2824 est
3077 2785 3198 2825 cum
3253 2772 3455 2842 ingenti
3509 2773 3750 2841 periculo

2184 2857 2238 2911 in
2266 2858 2349 2913 his
2378 2859 2618 2928 singulos
2646 2876 2889 2931 quosque
2912 2877 3234 2918 enumerare
3259 2873 3595 2930 sanctorum,
3625 2880 3749 2919 cum

2183 2945 2412 3002 suﬂiciat
2437 2959 2494 3004 et
2521 2951 2760 3016 Apostoli
2808 2953 3074 3007 sententia
3109 2968 3228 3022 quas
3279 2962 3508 3010 mortem
3535 2957 3668 3010 dicit
3694 2957 3750 3009 in

2183 3051 2373 3093 omnes
2416 3041 2660 3096 homines
2702 3044 3082 3111 pertransisse,
3130 3054 3185 3098 et
3235 3045 3380 3100 illius
3427 3045 3519 3114 qui
3552 3045 3691 3098 dixit
3730 3061 3747 3100 :

2186 3149 2206 3183 ι
2247 3129 2414 3186 Nemo
2459 3132 2689 3190 mundus
2731 3149 2762 3189 a
2791 3135 2968 3201 sorde,
2998 3137 3206 3190 etiamsi
3263 3138 3422 3193 unius
3449 3137 3555 3192 diei
3586 3137 3749 3192 fuerit

2179 3222 2286 3276 vita
2317 3221 2431 3292 ejus
2459 3223 2525 3280 ⁸³.
2561 3243 2580 3276 ι
2618 3225 2724 3280 Sed
2777 3226 2880 3280 ista
2909 3242 3058 3283 mors
3085 3229 3290 3295 peccati
3321 3243 3440 3297 qua:
3472 3229 3526 3283 in
3557 3243 3748 3283 omnes

2181 3315 2512 3381 pertransiit,
2567 3331 2691 3370 cum
2735 3317 2976 3373 venisset
3016 3320 3082 3371 ad
3118 3317 3325 3386 Iesum,
3371 3330 3426 3374 et
3479 3329 3746 3375 tentasset

2178 3420 2302 3459 eum
2338 3406 2621 3476 perforare
2668 3409 2861 3463 aculeo
2900 3408 3035 3476 δυο(
3071 3410 3332 3465 «aculeus
3373 3411 3516 3465 enim
3553 3414 3746 3467 mortis

2177 3507 2456 3567 peccatum
2491 3498 2646 3553 est“
2677 3512 2695 3546 ι
2725 3495 2745 3564 )
2785 3500 2998 3569 repulsa
3047 3511 3129 3556 est
3183 3511 3239 3556 et
3290 3500 3573 3557 confracta
3606 3502 3744 3574 (52).

2184 3608 2203 3640 ι
2243 3590 2362 3645 Vita
2399 3609 2419 3644 ι
2452 3591 2595 3645 enim
2641 3607 2660 3642 ι
2696 3600 2812 3645 erat
2840 3591 2907 3656 “,
2939 3610 2959 3644 ›
2997 3600 3052 3646 et
3098 3608 3242 3648 mors
3285 3595 3593 3649 necessario
3642 3611 3744 3648 ex-

2179 3685 2577 3740 terminabatur
2603 3701 2633 3738 a
2665 3685 2813 3750 vita;
2846 3695 2901 3740 et
2929 3695 3054 3740 tunc
3087 3687 3154 3741 ad
3180 3703 3298 3742 eam
3328 3688 3564 3742 dicitur:
3596 3707 3615 3740 ι
3641 3686 3744 3743 Ubi

2175 3785 2285 3842 est,
2313 3789 2485 3842 mors,
2517 3776 2736 3833 aculeus
2786 3777 2948 3832 tuus?
3010 3779 3099 3833 ubi
3161 3788 3264 3846 est,
3304 3793 3474 3844 mors,
3515 3779 3741 3834 victoria

2176 3874 2267 3918 tua
2295 3867 2380 3920 “?
2419 3887 2438 3919 ι
2469 3869 2679 3925 Idcirco
2714 3870 2859 3923 enim
2884 3870 3010 3940 quia
3041 3885 3230 3925 omnes
3260 3871 3488 3936 vicerat,
3541 3871 3632 3924 hic
3655 3870 3738 3924 di-

2174 3957 2316 4010 citur
2341 3958 2405 4011 ad
2430 3974 2550 4012 eam
2580 3977 2594 4014 :
2629 3974 2653 4012 ι
2691 3959 2789 4016 Ubi
2819 3970 2923 4026 est,
2962 3976 3132 4027 mors,
3161 3961 3388 4016 victoria
3418 3961 3546 4015 tua?
3580 3980 3600 4014 ι
3635 3962 3742 4016 Sed

2173 4057 2229 4101 et
2266 4052 2408 4119 quod
2441 4061 2724 4119 peccatum
2762 4053 2983 4123 quidem
3020 4069 3124 4108 non
3157 4053 3294 4108 dixit
3330 4055 3381 4108 in
3420 4068 3609 4109 omnes
3638 4055 3737 4108 ho-

2176 4143 2370 4209 mines,
2393 4145 2486 4199 sed
2513 4162 2532 4196 ι
2568 4146 2622 4199 in
2659 4147 2915 4202 mundum
2948 4165 2967 4200 ι
3000 4147 3256 4203 introisse
3288 4163 3300 4199 :
3335 4155 3565 4201 mortem
3611 4159 3741 4200 vero

2173 4235 2362 4291 nonin
2393 4238 2674 4302 mundum,
2705 4239 2798 4292 sed
2835 4258 2854 4291 ι
2891 4239 2942 4292 ἰιι
2970 4254 3160 4294 omnes
3197 4237 3466 4302 homines,
3503 4257 3522 4291 ι
3555 4247 3607 4292 et
3630 4253 3737 4291 non

2173 4325 2450 4392 introisse,
2487 4329 2580 4381 sed
2620 4330 2980 4397 pertransisse
3009 4345 3024 4384 :
3057 4344 3162 4382 non
3207 4339 3336 4398 puto
3363 4327 3504 4396 quod
3537 4325 3737 4382 frustra

509 4433 529 4466 ε
579 4415 784 4472 Omnes
831 4419 978 4472 enim
1032 4432 1417 4488 peccaverunt.
1478 4443 1498 4477 ι
1541 4425 1652 4479 cur
1702 4426 1846 4480 enim
1889 4445 1909 4479 ι
1949 4438 2072 4497 post
2104 4432 2147 4486 ι)
2177 4415 2279 4468 hac
2323 4416 2639 4473 diversitate
2691 4434 2818 4474 usus
2867 4419 2939 4473 sit
2991 4418 3213 4474 Paulus.
3273 4418 3526 4472 Arbitror
3595 4416 3740 4486 quod

504 4509 618 4563 dies
651 4527 670 4559 ι
701 4509 918 4571 obtulit,
953 4520 1008 4565 et
1040 4521 1160 4581 post
1189 4511 1320 4568 Cain
1355 4514 1468 4585 (49)
1495 4517 1690 4571 obtulit
1734 4517 1970 4572 hostiam
2000 4533 2068 4576 ex

505 4601 878 4670 primogenitis
903 4601 968 4668 ⁵⁸,
992 4613 1048 4656 et
1071 4619 1175 4658 non
1215 4614 1340 4662 ante
1379 4607 1578 4676 ipsum,
1615 4616 1671 4661 et
1706 4623 1816 4662 non
1849 4608 2069 4663 statim?

505 4692 680 4746 Etiam
725 4693 770 4747 si
816 4693 962 4749 Enos
993 4694 1168 4764 dicas,
1203 4697 1294 4766 qui
1329 4715 1350 4750 ι
1385 4700 1628 4767 speravit
1661 4701 1916 4755 invocare
1966 4715 2066 4757 no-

504 4798 628 4836 men
679 4783 890 4838 Domini
915 4784 982 4839 ".
1022 4803 1043 4838 ι
1077 4785 1186 4841 Cur
1221 4789 1481 4856 speravit,
1529 4797 1585 4842 et
1611 4804 1710 4842 cur
1745 4803 1850 4842 non
1882 4789 2065 4844 statim

2182 4523 2201 4556 ι
2236 4509 2492 4561 mundum
2523 4527 2542 4562 ι
2582 4510 2670 4563 hic
2721 4522 2963 4563 terrenos
3003 4523 3271 4578 quosque,
3307 4519 3362 4563 et
3412 4509 3464 4562 in
3523 4518 3739 4562 terrena

2175 4599 2588 4654 conversatione
2631 4609 3010 4670 permanentes
3056 4601 3330 4670 designet;
3377 4599 3673 4652 «homines
3711 4616 3734 4649 ι

2175 4703 2304 4744 vero
2334 4705 2427 4746 eos
2454 4692 2603 4748 dicat
2643 4695 2734 4764 qui
2784 4693 2898 4761 jam
2934 4707 2994 4748 se
3052 4693 3314 4763 incipiant
3339 4707 3650 4762 agnoscere,
3683 4697 3739 4744 et

2173 4785 2314 4838 seire
2339 4787 2481 4855 quod
2503 4787 2570 4840 ad
2597 4786 2886 4856 imaginem
2917 4785 3009 4840 Dei
3034 4785 3160 4840 facti
3190 4794 3336 4839 sunt.
3367 4785 3422 4839 In
3460 4783 3579 4838 illos
3607 4795 3738 4851 ergo

573 4916 616 4948 ⁸⁷
649 4916 844 4986 Ephes.
871 4933 948 4982 γι,
983 4917 1070 4972 12.
1146 4919 1190 4950 ⁸⁸
1217 4919 1411 4974 Ezech.
1449 4935 1639 4982 xxvttt,
1672 4918 1758 4972 l7.
1833 4918 1884 4949 ⁸⁸
1909 4917 2064 4974 Rom.

2186 4921 2268 4974 12.
2343 4923 2391 4953 ⁵⁰
2435 4921 2609 4978 Gzilat.
2637 4938 2713 4987 Vl,
2769 4923 2850 4975 14.
2927 4923 2971 4954 ⁸¹
3019 4922 3216 4978 Ezech.
3246 4937 3397 4985 xvm,
3428 4923 3485 4976 4.
3561 4921 3732 4975 "lsa.

502 5001 622 5050 ιιιι,
650 4989 704 5040 9.
775 4988 822 5019 ⁸³
849 4989 884 5040 ll
912 4989 1037 5043 Cor.
1063 5005 1118 5053 v,
1143 4990 1234 5045 21.

503 5057 547 5088 ⁸ο
606 5056 734 5127 ibid.
795 5057 903 5118 9.4;
961 5057 1122 5112 Hebr.
1159 5075 1237 5123 ιι,
1261 5059 1315 5113 5.
1391 5059 1436 5091 ⁸⁸
1463 5058 1601 5114 Gen.
1628 5074 1702 5119 vr,
1733 5058 1785 5125 8,
1816 5058 1868 5114 9.
1947 5060 1988 5091 ⁶²
2015 5057 2152 5115 Gen.
2182 5077 2257 5127 rx,
2282 5063 2371 5116 21.

502 5142 594 5191 xv,
632 5126 722 5180 56.
797 5127 842 5158 ⁸³
885 5127 1040 5185 lnau.
1063 5143 1101 5194 ι,
1127 5129 1183 5182 4.
1257 5128 1302 5160 “
1325 5127 1348 5184 ι
1377 5128 1503 5184 Cor.
1531 5144 1620 5196 xv,
1645 5129 1735 5184 55.

572 5245 683 5368 (46)
718 5245 808 5301 Sic
859 5248 1094 5315 potiores
1138 5261 1266 5301 mss.
1315 5245 1568 5302 Rabanus
1608 5261 1760 5312 vero,
1801 5266 1820 5300 α
1855 5248 1943 5304 vix
1995 5251 2064 5303 de

572 5332 654 5368 nm
684 5318 726 5368 is
761 5318 873 5368 hazc
913 5318 1299 5368 perstrinxisse
1340 5317 1704 5368 sermonibus.
1758 5337 1777 5368 ι
1824 5319 1961 5368 ΕιΙίιί
2007 5330 2063 5368 et.

501 5315 726 5385 singulis
761 5318 873 5370 haec
913 5318 1299 5385 perstrinxisse
1340 5317 1704 5372 sermonibus.
1758 5337 1777 5370 ι
1824 5319 1961 5372 Editi
2007 5330 2063 5373 et

503 5401 603 5438 ms.
634 5401 792 5454 unus,
829 5405 848 5436 ι
887 5389 972 5438 vix
1001 5385 1232 5454 singulis
1261 5388 1376 5440 hinc
1401 5387 1758 5453 pertransisse
1801 5392 2062 5443 sermoni-

502 5454 621 5528 bus.
659 5453 761 5528 Per
790 5471 964 5528 unum
991 5453 1283 5515 hominem,
1325 5474 1344 5505 ι
1370 5466 1502 5518 etc.,
1548 5455 1750 5528 omisso
1785 5475 1805 5508 α
1852 5474 2002 5528 ergo.
2038 5475 2056 5508 ο

501 5527 591 5590 qui
626 5540 724 5580 nec
753 5527 804 5579 in
834 5524 1108 5595 plerisque
1137 5540 1237 5579 ms.
1288 5540 1387 5580 nec
1417 5527 1558 5594 apud
1593 5525 1874 5582 liabanum
1906 5524 2062 5596 r'cpe-

507 5596 658 5646 ritur.

573 5662 686 5730 (47)
769 5658 885 5717 Est.
941 5665 1001 5720 in
1067 5662 1231 5719 editis
1255 5662 1545 5718 omittitur.

574 5733 685 5792 (48)
715 5731 855 5787 Editi
887 5742 941 5788 et
968 5749 1098 5789 mss.
1133 5733 1394 5799 plerique,
1425 5751 1442 5786 α
1481 5734 1676 5801 gratia,
1711 5752 1732 5786 ι
1762 5733 1924 5791 male.

1313 4989 1360 5021 “
1379 4989 1536 5044 Joan.
1572 5005 1628 5053 ι,
1665 4989 1752 5042 l8.
1829 4989 1875 5020 ⁸⁵
1908 4989 2063 5058 Rom.

2210 4991 2300 5050 ‘23.
2375 4993 2422 5023 ⁵⁸
2445 4993 2578 5046 Gen.
2610 5008 2679 5052 tv,
2717 4993 2772 5058 5,
2796 4992 2850 5044 4.
2926 4993 2970 5023 ⁸⁷
2997 4995 3124 5046 ἰὺίιι.
3151 4995 3239 5047 26.
3316 4993 3360 5023 ⁵⁸
3391 4991 3525 5046 Gen.
3554 5007 3605 5055 v,
3641 4993 3734 5044 22.

2449 5064 2492 5093 ⁸³
2516 5062 2650 5117 Gen.
2684 5079 2779 5126 xit,
2814 5065 2864 5117 l.
2938 5064 2982 5094 ”
3007 5064 3109 5116 Job
3135 5079 3243 5127 xtv,
3269 5063 3324 5128 4,
3357 5061 3409 5116 5.
3487 5063 3533 5095 ⁸⁸
3558 5061 3575 5115 l
3605 5061 3729 5117 Cor.

2241 5247 2354 5326 (f9)
2385 5249 2550 5326 ﬁditi,
2586 5266 2606 5298 ι
2643 5258 2694 5302 et
2728 5249 2878 5326 prius
2905 5248 3112 5326 Quin.)
3339 5315 3352 5326 _
3558 5313 3592 5326 __
3644 5313 3656 5326 ο

2241 5315 2355 5387 (50)
2381 5320 2478 5372 Ms.
2507 5335 2666 5381 unus,
2709 5315 2854 5394 {sed
2885 5319 2985 5394 _vix
3019 5317 3200 5386 aliquo
3230 5315 3390 5369 modo
3424 5315 3616 5394 sensit
3643 5315 3730 5394 in-

2171 5399 2318 5443 trare
2367 5399 2617 5442 mortem.
2659 5406 2678 5440 ι
2705 5389 2898 5443 Caneri
2929 5402 3063 5442 vero
3112 5401 3247 5440 mss.
3288 5396 3344 5439 et
3385 5387 3514 5440 editi
3563 5392 3624 5436 ut
3677 5387 3731 5435 in

2170 5469 2360 5513 BOSU‘O
2391 5468 2565 5512 textu.

2240 5529 2352 5599 (51)
2370 5528 2469 5599 Ms.
2493 5542 2652 5592 unus,
2673 5527 3145 5599 {quingentesimo
3165 5523 3374 5578 decimo
3389 5537 3555 5585 anno,
3575 5539 3595 5574 ι
3620 5531 3727 5599 _etc._

2238 5592 2352 5668 (52)
2387 5598 2456 5650 ltn
2495 5615 2627 5651 mss.
2663 5592 3043 5668 rEiliti'vero.
3098 5609 3406 5662 perperam,
3436 5610 3454 5643 ι
3507 5592 3729 5647 aculeus

2171 5667 2282 5725 tum
2308 5668 2493 5723 mortis
2523 5667 2768 5737 repulsus
2796 5677 2879 5720 est
2904 5677 2956 5721 et
2987 5668 3320 5720 contractus.
3356 5682 3375 5717 ι
