4170 6426
471 325 609 381 1013

1421 321 1776 379 COMMENT.
1819 321 1885 378 ΙΝ
1926 323 2145 379 EPIST.
2181 323 2273 378 AD
2307 320 2478 380 ROM.
2522 321 2653 378 LIB.
2689 321 2754 378 γ.

3597 328 3734 382 lt)”

469 441 563 508 qui
587 438 824 494 mundus
855 436 1216 508 appellantur,
1248 437 1300 492 id
1325 436 1491 509 5&8
1511 447 1617 504 est,
1640 450 1881 494 terrenos
1905 439 2040 507 (53),
2071 446 2120 504 Α
2156 441 2282 495 terit
2307 453 2523 497 sensus.
2562 438 2668 493 Sed
2701 446 2757 492 et
2781 435 2910 492 illud
2943 452 3086 508 saepe
3102 436 3214 508 iam
3251 440 3512 510 diximus,
3544 443 3598 498 in
3630 447 3732 499 hac

471 534 705 587 intrasse
750 533 883 587 dicit
908 541 1214 601 peccatum,
1261 539 1317 585 et
1366 547 1635 600 nusquam
1688 531 1804 600 eius
1840 534 2042 589 exitum

466 626 646 694 ponit.
671 624 724 678 lu
757 640 852 679 eos
876 639 1006 679 vero
1033 639 1172 694 quos
1195 623 1306 691 iam
1351 624 1600 679 homines
1627 627 1742 680 vult
1788 625 2041 696 intelligi,

467 719 599 772 dicit
625 719 990 787 pertransisse
1024 726 1327 786 peccatum,
1368 718 1422 770 id
1457 726 1541 771 est
1586 715 1754 773 fuisse
1796 719 2041 787 quidem,

468 811 562 866 sed
598 825 696 879 per
741 810 1116 880 ptenitentiam
1167 810 1548 865 conversionis
1599 810 1714 880 (54)
1759 812 2042 880 depulsum

463 914 609 964 esse,
635 910 691 954 et
719 902 1104 970 pertransisse,
1138 915 1240 965 nec
1270 901 1412 955 ultra
1438 901 1491 954 in
1516 901 1596 957 eis
1626 902 1864 957 stetisse.
1890 901 2044 956 Unde

470 1001 714 1061 apparet,
761 993 812 1046 in
843 991 1069 1046 Litteris
1104 991 1255 1046 Pauli
1309 1006 1377 1048 ne
1410 1006 1572 1047 unam
1617 993 1833 1061 quidem
1876 993 2041 1064 sylla-

468 1083 592 1136 bam
625 1097 849 1136 vacuam
897 1083 1090 1138 sentiri
1145 1081 1348 1138 debere
1399 1084 1692 1154 mysteriis.
1753 1083 2043 1141 Videamus

466 1188 612 1228 nunc
635 1175 906 1243 quomodo
933 1175 1135 1230 dictum
1169 1185 1254 1230 est
1280 1192 1294 1228 :
1334 1195 1354 1228 ι
1389 1175 1574 1245 Usque
1597 1178 1664 1231 ad
1694 1177 1865 1246 legem
1894 1176 2041 1232 enim

461 1273 746 1335 peccatum
779 1266 833 1320 in
863 1268 964 1321 hoc
998 1267 1228 1338 mundo;
1259 1277 1547 1338 peccatum
1577 1278 1760 1322 autem
1791 1284 1898 1323 non
1935 1270 2040 1323 im-

465 1364 702 1425 putatur,
733 1372 853 1410 cum
879 1355 963 1411 lex
989 1372 1094 1411 non
1122 1367 1225 1412 est.
1263 1377 1282 1409 ι
1323 1357 1439 1413 Hoc
1482 1359 1535 1413 in
1581 1359 1701 1414 loco
1743 1360 2039 1413 secundum

459 1463 584 1502 cam
614 1447 1023 1504 similitudinem
1055 1465 1222 1520 quam
1273 1465 1437 1521 supra
1484 1451 1854 1520 exposuimus,
1893 1451 2042 1506 vide-

462 1551 552 1594 tur
583 1540 714 1593 mihi
762 1539 963 1594 Paulus
1005 1555 1100 1610 per
1132 1541 1298 1596 alium
1356 1541 1561 1596 aditum
1612 1542 1928 1611 ingressus,
1987 1552 2042 1596 et

459 1646 559 1700 per
585 1631 749 1684 alium
794 1645 1065 1701 egressus.
1122 1633 1253 1699 Quis
1311 1633 1457 1686 enim
1487 1647 1614 1688 eum
1664 1641 1844 1702 potest
1885 1634 2039 1703 sequi

458 1736 558 1789 per
597 1721 756 1776 istum
788 1723 994 1776 aditum
1041 1738 1149 1793 quo
1180 1723 1428 1793 pluribus
1460 1724 1678 1779 videtur
1731 1725 2036 1792 ingressus,

457 1824 514 1864 ut
543 1813 608 1866 de
651 1813 767 1884 lege
809 1813 979 1886 Moysi
1027 1817 1218 1872 dicere
1269 1815 1604 1885 intelligatur
1643 1817 1767 1886 quia
1803 1835 1822 1868 ι
1865 1832 2035 1888 usque
2064 1803 2109 1863 Β

352 1943 357 1950 .
457 1905 526 1955 ad
555 1903 727 1973 legem
756 1915 1036 1974 peccatum
1062 1908 1115 1961 in
1145 1907 1248 1962 hoc
1275 1909 1480 1962 mundo
1505 1925 1520 1963 :
1549 1919 1832 1977 peccatum
1851 1919 2030 1964 autem

457 2011 566 2048 non
595 1996 915 2066 imputatur,
942 2013 1066 2053 cum
1107 1999 1192 2054 lex
1239 2000 1494 2055 nonest?
1533 2021 1552 2052 ι
1583 2000 1737 2068 quasi
1779 2009 1909 2056 ante
1952 2001 2032 2056 le-

452 2102 575 2155 gem
605 2098 882 2156 peccatum
915 2106 1017 2146 non
1047 2090 1234 2156 luerit,
1263 2102 1317 2168 et
1350 2107 1509 2146 nemo
1553 2094 1881 2161 peccaverit,
1930 2107 2032 2147 nec

457 2187 762 2246 reputatum
802 2181 967 2236 fuerit
995 2183 1088 2237 ulli
1129 2194 1407 2252 peccatum
1449 2184 1563 2256 (55)
1612 2195 1903 2255 antequam
1943 2188 2032 2242 lex

454 2265 624 2339 Moysi
668 2272 906 2337 daretur,
942 2289 1066 2328 cum
1118 2263 1361 2344 legamus
1394 2284 1450 2331 et
1495 2276 1665 2342 Cain,
1701 2287 1754 2332 et
1787 2277 2028 2334 Lamech

455 2370 762 2427 reputatum
792 2379 913 2418 esse
943 2375 1244 2434 peccatum,
1273 2376 1329 2421 et
1364 2369 1454 2439 (ne
1487 2384 1586 2437 per
1635 2369 1878 2440 singulos
1923 2371 2029 2424 im-

452 2452 748 2523 moremur)
795 2457 847 2508 in
900 2464 1107 2511 tantum
1171 2475 1270 2529 pro
1327 2461 1565 2527 peccatis
1614 2460 1890 2516 hominum
1934 2477 2030 2518 ex-

453 2544 770 2600 acerbatum
798 2561 918 2600 esse
947 2548 1135 2610 Deum,
1166 2559 1230 2602 ut
1259 2549 1516 2604 diluvium
1544 2553 1746 2606 mundo
1779 2553 2027 2609 introdu-

451 2645 620 2700 ceret,
665 2645 720 2691 et
763 2637 1009 2693 diceret:
1062 2658 1082 2692 ι
1117 2639 1320 2697 Delebo
1373 2657 1590 2698 omnem
1635 2659 1853 2699 carnem
1907 2659 2028 2713 quae

446 2743 611 2796 super
643 2738 844 2784 terram
877 2742 964 2786 est
984 2732 1065 2799 ";
1105 2751 1124 2784 ι
1158 2744 1215 2787 et
1242 2749 1459 2788 rursum
1490 2735 1804 2793 Sodomitas
1835 2737 2025 2807 igneus

447 2821 622 2874 imber
644 2831 701 2875 et
728 2821 1020 2893 sulphurea
1050 2823 1266 2879 ﬂamma
1296 2827 1596 2881 vastaverit
1623 2826 1690 2881 ⁸⁸.
1743 2827 2025 2894 Quomodo

446 2927 577 2981 ergo
616 2915 670 2968 in
713 2915 819 2981 his,
848 2918 932 2971 vel
971 2918 1024 2972 in
1076 2919 1447 2988 hujuscemodi
1483 2922 1594 2994 (56)
1637 2925 1878 2992 peccatis
1917 2925 2022 2980 dici

446 3014 624 3072 potest
654 3022 760 3062 non
796 3007 966 3064 fuisse
995 3021 1300 3080 peccatum,
1334 3015 1420 3069 vel
1448 3016 1500 3068 in
1539 3015 1794 3070 vindictis
1825 3017 2022 3072 talibus

443 3101 731 3169 negabitur
784 3112 1092 3170 reputatum
1140 3118 1263 3158 esse
1306 3107 1625 3173 peccatum?
1690 3107 1754 3162 Et
1787 3108 1904 3162 ideo
1931 3123 2021 3162 oc-
2047 3142 2090 3198 ρ

445 3189 675 3246 cultiore
697 3191 846 3246 aditu
871 3193 1144 3264 digressus
1174 3195 1329 3249 nobis
1368 3196 1724 3264 requirendus
1753 3210 1837 3254 est
1863 3198 2018 3256 Pauli

444 3283 497 3337 in
528 3299 592 3339 eo
629 3286 774 3354 quod
802 3285 953 3351 dicit,
998 3304 1017 3337 ι
1058 3286 1241 3355 Usque
1264 3288 1332 3342 ad
1360 3288 1532 3359 legem
1563 3291 1706 3345 enim
1734 3304 2016 3361 peccatum

444 3376 501 3431 in
550 3377 650 3432 hoc
683 3381 931 3437 mundo:
973 3391 1252 3452 peccatum
1309 3393 1487 3437 autem
1545 3399 1650 3440 non
1699 3386 2014 3454 imputatur,

441 3486 566 3526 cum
590 3471 673 3526 lex
699 3488 804 3527 non
833 3483 936 3530 est.
972 3495 994 3528 ι
1022 3475 1331 3531 Invenimus
1360 3491 1484 3531 eum
1517 3487 1574 3533 et
1601 3479 1654 3532 in
1689 3478 1801 3550 (57)
1833 3491 2016 3550 poste-

445 3561 682 3618 rior-ibus
707 3563 868 3632 hujus
903 3565 1158 3634 Epistulae
1185 3567 1454 3622 dicentem
1491 3569 1595 3624 hoc
1623 3571 1816 3626 modo:
1842 3588 1860 3622 ι
1887 3571 2019 3628 Sine

441 3654 562 3722 lege
585 3655 730 3709 enim
767 3667 1046 3725 peccatum
1077 3669 1348 3713 mortuum
1380 3669 1503 3714 erat
1529 3677 1544 3714 :
1574 3677 1675 3732 ego
1710 3671 1891 3718 autem
1929 3664 2014 3717 vi-

443 3747 637 3800 vebam
662 3751 780 3803 sine
808 3749 926 3819 lege
962 3750 1254 3820 aliquando
1290 3752 1356 3808 ⁶⁹.
1398 3772 1417 3804 ι
1452 3752 1511 3807 ln
1555 3769 1664 3822 quo
1699 3771 1837 3812 unus
1879 3758 2016 3812 mihi

443 3848 606 3906 atque
632 3837 772 3893 idem
799 3854 992 3896 sensus
1022 3841 1238 3896 videtur
1268 3845 1552 3914 utriusque
1571 3846 1818 3916 capituli.
1858 3849 2014 3915 Quod

441 3930 584 3982 enim
618 3930 706 3985 hic
729 3931 917 3986 deerat
947 3933 1000 3986 in
1023 3948 1295 3999 sermone,
1324 3934 1395 3988 ibi
1423 3936 1757 4006 adimplevit.
1779 3951 1798 3985 ι
1831 3936 2016 4010 Usque

443 4020 511 4073 ad
559 4019 728 4088 legem
776 4021 920 4074 enim
970 4029 1249 4090 peccatum
1292 4022 1343 4075 in
1381 4023 1485 4077 hoc
1536 4025 1757 4090 mundo,
1804 4046 1824 4079 ι
1863 4028 2016 4082 deest

446 4131 467 4162 ι
515 4123 808 4178 mortuum,
856 4131 875 4163 ι
920 4113 1063 4181 quod
1126 4113 1200 4168 ibi
1244 4114 1550 4170 evidentius
1602 4119 1891 4186 expressit.
1955 4117 2012 4173 Si

440 4219 572 4274 ergo
607 4203 767 4257 etiam
799 4203 886 4257 hic
909 4203 1203 4273 iungamus
1235 4204 1402 4259 istum
1428 4221 1759 4270 sermonem,
1782 4216 1838 4262 et
1864 4207 2014 4262 dica-

440 4310 598 4350 mus:
633 4314 652 4347 ι
693 4294 876 4365 Usque
897 4294 962 4349 ad
995 4296 1167 4366 legem
1193 4297 1337 4352 enim
1367 4307 1650 4367 peccatum
1682 4301 1878 4356 eratin
1910 4301 2014 4358 hoc

442 4386 645 4440 mundo
677 4406 696 4438 ιι
734 4395 1002 4443 mortuum
1030 4404 1044 4441 :
1079 4406 1098 4439 ι
1126 4398 1405 4458 peccatum
1438 4398 1616 4445 autem
1640 4407 1747 4446 non
1777 4392 2013 4462 imputa-

2147 533 2390 603 Epistola
2418 531 2651 588 Paulum
2676 532 2745 585 de
2774 530 2955 586 multis
2996 533 3216 602 quidem
3263 533 3497 604 legibus,
3534 537 3626 591 sed
3665 542 3731 593 de

2145 624 2381 679 naturali
2409 625 2524 695 lege
2557 620 2902 692 frequentius
2946 622 3243 691 disputare,
3275 626 3420 692 quod
3461 633 3516 679 et
3543 626 3594 680 in
3628 628 3730 682 hoc

2146 717 2267 770 loco
2295 716 2566 786 praecipue
2598 713 3042 780 deprehenditur.
3071 714 3256 785 Usque
3281 716 3347 769 ad
3373 715 3544 785 legem
3581 718 3728 772 enim

2147 806 2449 861 naturalem
2474 816 2760 877 peccatum
2795 813 3070 860 mortuum
3101 816 3184 861 est
3213 807 3346 879 (58).
3393 808 3533 877 Ergo
3573 819 3729 863 certo

2143 897 2322 953 aetatis
2356 908 2598 967 tempore
2629 895 2722 954 ubi
2773 896 2999 952 rationis
3039 911 3210 967 capax
3239 913 3360 954 esse
3392 900 3516 970 quis
3544 915 3728 970 ctepe-

2145 989 2235 1054 rit,
2259 999 2316 1043 et
2341 988 2473 1057 iusti
2499 990 2820 1060 iniustique,
2852 987 2992 1056 aequi
3023 997 3078 1042 et
3102 988 3269 1058 iniqui
3308 989 3509 1046 habere
3533 991 3728 1046 discri-

2145 1094 2290 1146 men,
2324 1089 2451 1135 tunc
2507 1091 2814 1151 peccatum,
2853 1075 2998 1149 Quod
3048 1081 3198 1151 prius
3254 1083 3394 1136 intra
3450 1083 3726 1138 hominem

2131 1171 2292 1231 ,velut
2327 1183 2598 1227 mortuum
2632 1173 2961 1238 habebatur,
2998 1173 3326 1228 reviviscere
3360 1174 3579 1243 dicitur,
3621 1191 3725 1244 pro

2143 1278 2210 1317 eo
2242 1264 2390 1332 quod
2420 1274 2504 1320 est
2529 1264 2637 1332 iam
2679 1265 3018 1321 intrinsecus
3042 1265 3130 1320 lex
3161 1281 3284 1334 qua:
3310 1275 3474 1331 vetet,
3497 1278 3554 1320 et
3579 1269 3724 1324 ratio

2142 1370 2263 1425 qua:
2293 1359 2546 1412 ostendat
2572 1373 2678 1413 non
2704 1373 2825 1414 esse
2848 1357 3160 1414 faciendum
3189 1359 3322 1429 (59).
3356 1357 3462 1415 Sed
3487 1369 3546 1414 ut
3565 1373 3724 1430 aper-

2142 1449 2251 1504 tius
2303 1449 2638 1521 intelligatur
2680 1451 2825 1520 quod
2867 1451 3140 1514 dicimus,
3195 1449 3437 1505 evidenti
3500 1460 3722 1507 utamur

2140 1541 2412 1612 exemplo.
2444 1542 2715 1612 Scriptum
2743 1550 2870 1597 est:
2909 1562 2927 1595 ‹
2960 1542 3064 1610 Qui
3116 1542 3440 1606 percusserit
3485 1550 3716 1610 patrem,

2140 1633 2225 1688 vel
2253 1642 2506 1699 matrem,
2541 1642 2718 1690 morte
2745 1635 3015 1690 moriatur
3041 1635 3123 1702 "°;
3165 1651 3186 1685 ι
3219 1641 3312 1686 et:
3351 1653 3370 1685 ι
3405 1633 3507 1701 Qui
3545 1633 3716 1690 male-

2140 1725 2338 1781 dixerit
2365 1726 2528 1795 patri,
2554 1736 2647 1781 aut
2682 1728 2871 1792 matri,
2903 1736 3080 1782 morte
3116 1723 3387 1780 moriatur
3416 1726 3485 1780 '“.
3523 1744 3544 1778 ι
3574 1725 3719 1780 Puer

2131 1833 2265 1888 ergo
2293 1819 2548 1887 parvulus
2583 1829 2820 1889 quatuor
2851 1819 2968 1876 fere
3008 1830 3104 1874 aut
3154 1822 3400 1890 quinque
3441 1833 3712 1874 annorum

2135 1910 2203 1974 si,
2262 1920 2322 1964 ut
2354 1910 2471 1965 ﬁeri
2517 1910 2674 1975 solet,
2721 1912 3027 1980 indignatus
3089 1913 3240 1981 virga
3295 1911 3569 1981 percutiat
3598 1911 3713 1982 (60)

2134 2010 2344 2070 patrem
2364 2011 2460 2056 aut
2486 2013 2738 2068 matrem,
2768 2013 3033 2073 quantum
3086 2003 3152 2055 ad
3184 2008 3516 2071 praeceptum
3560 2015 3711 2056 man-

2133 2094 2245 2150 dati
2277 2104 2487 2164 spectat
2518 2103 2748 2149 mortem
2780 2095 2936 2150 debet
2962 2093 3098 2164 (6i).
3137 2093 3243 2148 Sed
3268 2094 3394 2163 quia
3420 2093 3508 2147 lex
3538 2092 3590 2145 in
3621 2091 3713 2146 illo

2133 2185 2372 2238 nondum
2397 2194 2482 2239 est
2514 2184 2802 2247 naturalis,
2837 2196 2958 2252 quae
2989 2198 3114 2238 eum
3144 2183 3340 2238 doceat
3375 2198 3482 2239 non
3509 2182 3710 2238 debere

2132 2272 2385 2343 iniuriam
2435 2274 2620 2330 facere
2673 2273 2816 2344 patri
2858 2283 2954 2328 aut
3002 2275 3188 2340 matri,
3216 2288 3323 2330 nec:
3357 2275 3462 2329 scit
3504 2276 3557 2330 in
3603 2274 3708 2329 hoc

2130 2366 2336 2421 crimen
2368 2367 2664 2436 impietatis
2693 2368 2907 2422 admitti
2933 2368 3046 2441 (62)
3085 2385 3098 2420 :
3131 2377 3215 2424 est
3243 2368 3461 2438 quidem
3492 2367 3708 2437 species

2130 2459 2342 2528 peccati,
2389 2460 2532 2528 quod
2580 2457 2740 2526 facit;
2790 2461 2916 2528 quia
2949 2462 3187 2530 percutit
3217 2469 3426 2529 patrem
3475 2460 3558 2513 vel
3590 2474 3705 2513 ma-

2131 2561 2293 2615 trem,
2330 2560 2424 2604 aut
2467 2548 2744 2605 maledicit
2784 2551 2931 2622 (65);
2981 2553 3073 2606 sed
3108 2560 3382 2607 mortuum
3437 2559 3521 2606 est
3559 2551 3610 2605 in
3638 2566 3704 2607 eo

2128 2651 2434 2709 peccatum,
2462 2643 2589 2712 quia
2616 2657 2716 2714 per
2741 2643 3045 2698 absentiam
3081 2643 3347 2697 naturalis
3373 2643 3533 2712 legis,
3581 2658 3706 2712 qua

2128 2733 2182 2787 in
2214 2749 2280 2788 eo
2305 2736 2544 2790 nondum
2584 2743 2696 2799 est,
2725 2745 3006 2804 peccatum
3037 2736 3088 2791 ei
3133 2751 3240 2792 non
3271 2745 3452 2806 potest
3480 2747 3702 2806 reputa-

2128 2827 2194 2881 ri.
2227 2825 2475 2882 Nondum
2514 2836 2600 2884 est
2638 2830 2784 2883 enim
2825 2829 2968 2883 intra
3010 2843 3136 2882 eum
3189 2829 3330 2884 ratio
3375 2837 3550 2892 tanta,
3580 2845 3703 2899 quae

2125 2935 2249 2974 eum
2297 2921 2491 2976 doceat
2525 2921 2629 2976 hoc
2661 2922 2806 2990 quod
2840 2920 2994 2987 facit,
3039 2921 3156 2975 ﬁeri
3202 2937 3308 2976 non
3357 2920 3600 2976 debere:
3645 2930 3702 2976 et

2125 3008 2248 3062 ideo
2273 3009 2438 3064 etiam
2466 3026 2494 3063 a
2530 3010 2848 3077 parentibus
2892 3026 3002 3065 non
3045 3010 3221 3065 solum
3277 3027 3382 3066 non
3417 3022 3701 3082 reputatur

2124 3102 2196 3156 ad
2227 3102 2464 3173 culpam,
2491 3103 2588 3157 sed
2625 3104 2694 3157 ad
2725 3102 2955 3174 gratiam
2986 3102 3495 3173 iucunditatemque
3521 3105 3701 3160 susci-

2125 3195 2288 3264 pitur.
2325 3194 2390 3248 Et
2428 3195 2531 3274 hoc
2559 3195 2718 3249 modo
2744 3203 3168 3264 consequenter,
3201 3205 3264 3249 ut
3303 3210 3406 3266 ego
3432 3196 3699 3264 arbitror,

2126 3284 2349 3354 intelligi
2397 3295 2576 3354 potest
2615 3288 2762 3355 quod
2802 3286 3096 3356 Apostolus
3128 3287 3307 3340 dicit:
3344 3305 3364 3338 ι
3406 3284 3588 3355 Usque
3629 3287 3701 3340 ad

2126 3378 2294 3447 legem
2328 3380 2472 3432 enim
2527 3389 2805 3448 peccatum
2847 3379 2902 3432 in
2944 3379 3048 3433 hoc
3091 3377 3316 3443 mundo,
3357 3397 3377 3430 ι
3409 3389 3467 3433 ιιι
3493 3381 3700 3434 subau-

2124 3469 2327 3534 diatur,
2372 3481 2666 3525 mortuum.
2707 3489 2726 3522 ι
2762 3469 3048 3526 Peccatum
3075 3479 3256 3524 autem
3296 3484 3404 3524 non
3463 3471 3702 3539 imputa-

2127 3567 2235 3626 tur,
2273 3577 2398 3616 cum
2447 3563 2533 3617 lex
2566 3578 2673 3617 non
2716 3571 2820 3617 est.
2857 3581 2876 3614 ι
2901 3560 3165 3616 Convenit
3205 3561 3350 3615 enim
3398 3562 3698 3616 secundum

2126 3651 2266 3707 hanc
2320 3653 2720 3722 expositionem
2761 3653 2924 3707 etiam
2968 3652 3098 3708 illud
3139 3652 3366 3718 intelligi
3418 3652 3529 3725 (64)
3553 3655 3697 3723 quod

2123 3744 2256 3798 dicit
2293 3743 2632 3813 Apostolus:
2681 3764 2700 3798 ‹
2731 3745 2845 3816 Ego
2882 3752 3062 3799 autem
3111 3746 3362 3800 vivebam
3410 3747 3530 3801 sine
3579 3747 3700 3815 lege

2124 3835 2414 3905 aliquando
2444 3839 2511 3892 τ’.
2551 3857 2572 3892 ι
2629 3837 2764 3892 Nam
2824 3837 3097 3908 quomodo
3152 3836 3352 3891 Paulus
3404 3837 3524 3892 sine
3575 3837 3698 3908 lege

2123 3925 2291 3995 Moysi
2317 3927 2593 3981 invenitur
2629 3926 2921 3996 aliquando
2960 3927 3186 3992 vixisse,
3227 3941 3352 3982 cum
3390 3929 3505 3998 ipse
3538 3929 3606 3984 de
3637 3942 3699 3983 se

2122 4019 2269 4074 dicat
2295 4019 2342 4051 ⁷³
2373 4019 2502 4090 quia
2555 4017 2817 4073 Hebraeus
2865 4033 2931 4073 ex
2977 4017 3222 4075 Hebraeis
3268 4020 3360 4084 sit,
3414 4028 3469 4073 et
3496 4029 3697 4074 octava

2119 4111 2210 4166 die
2258 4109 2621 4164 circumcisus
2673 4109 2858 4164 statim
2882 4125 2913 4162 a
2941 4108 3227 4163 nativitate
3261 4110 3314 4164 in
3349 4108 3516 4180 Moysi
3559 4111 3694 4180 legis

2119 4203 2463 4259 observantia
2516 4202 2710 4256 fuerit?
2778 4199 2886 4255 Sed
2942 4209 3158 4256 constat
3200 4214 3323 4255 eum
3378 4201 3693 4271 aliquando,

2119 4298 2225 4353 hoc
2252 4305 2335 4351 est
2370 4297 2423 4350 in
2452 4295 2645 4365 puerili
2693 4302 2867 4360 aetate,
2927 4302 3217 4361 antequam
3262 4293 3491 4349 rationis
3523 4310 3694 4363 capax

2121 4388 2297 4454 tieret,
2322 4387 2440 4442 sine
2469 4385 2704 4441 naturali
2727 4385 2844 4456 lege
2868 4385 3092 4440 vixisse.
3117 4383 3366 4440 Nondum
3393 4387 3538 4440 enim
3561 4388 3610 4440 ei
3641 4389 3694 4440 in

441 4487 552 4542 tur,
585 4494 706 4532 cum
740 4479 825 4533 lex
855 4494 959 4533 non
987 4489 1091 4542 est,
1134 4497 1153 4530 ι
1184 4480 1304 4533 vide
1328 4480 1456 4548 quia
1487 4481 1701 4550 integre
1735 4491 1883 4538 stare
1915 4499 2012 4554 po-
2041 4501 2088 4556 ι)
2121 4479 2205 4534 illa
2224 4487 2383 4534 aatate
2405 4478 2586 4534 inerat
2604 4477 2741 4546 justi
2771 4477 3070 4546 iniustique
3104 4476 3404 4542 distinctio,
3435 4491 3536 4531 nec
3557 4480 3694 4533 recti

510 4589 711 4661 ‘_"7(_}en.
740 4606 815 4655 vn,
848 4591 901 4661 Ἰ.
942 4592 1022 4661 ﬂ"
1049 4592 1186 4648 Gen.
1222 4608 1338 4658 ιιι,
1371 4593 1465 4648 24.

436 4658 483 4688 ⁷³
516 4659 711 4729 Philip.
747 4677 828 4726 l-ll,
851 4660 905 4716 5.

511 4777 626 4843 (55)
654 4778 824 4844 Alias,
857 4798 876 4830 ‹
922 4783 1145 4836 terreni.
1182 4801 1201 4834 ι

508 4849 624 4920 (54)
649 4850 816 4912 Alias,
855 4871 874 4905 ι
907 4852 1365 4916 conversationis,
1403 4871 1422 4904 ι
1460 4849 1622 4905 male.

510 4917 819 4994 (55)_E_diti,
863 4936 1020 4994 «nec
1066 4933 1375 4991 reputatum
1426 4921 1564 4994 [al.,
1598 4939 1618 4974 ι
1656 4935 1760 4977 nec
1818 4936 2010 4990 pecca-

441 4990 647 5063 tumt']
676 4991 844 5063 luerit
876 4991 951 5063 illi
987 4990 1292 5063 peccatum.
1325 5012 1345 5044 ι

511 5061 831 5135 (56)ξΑΙίειε,
860 5081 878 5115 ι
911 5061 1194 5135 Quomodo
1219 5076 1348 5134 ergo
1376 5063 1457 5118 vel
1477 5063 1531 5118 in
1555 5062 1952 5135 huiuscemodi,
1983 5081 2002 5116 ι

435 5131 808 5205 etc._,_ab§que
835 5151 852 5183 ‹
884 5133 964 5205 vel
995 5133 1047 5185 in
1075 5131 1181 5205 his.
1219 5149 1238 5182 ι

509 5201 622 5270 (5'7)
659 5201 822 5267 Editi,
859 5223 878 5255 ι
912 5201 1258 5256 Inveniemus
1286 5216 1410 5255 eum
1445 5203 1522 5270 in,
1564 5223 1583 5256 ι
1613 5213 1726 5259 etc.

511 5270 624 5342 (58)
655 5270 747 5326 Sic
777 5283 922 5327 recte
966 5288 1070 5325 ms.
1103 5286 1241 5325 unus
1274 5271 1476 5342 Regius
1516 5291 1664 5328 num.
1709 5273 1867 5329 1659.
1894 5273 2009 5328 Cze-

438 5343 539 5396 teri
573 5356 702 5396 vero
725 5357 854 5397 mss.
883 5353 940 5399 et
969 5343 1121 5408 editi,
1149 5357 1455 5411 perperam,
1487 5361 1506 5394 ι
1542 5358 1718 5413 usque
1742 5347 1810 5400 ad
1830 5344 2006 5413 legem

435 5413 588 5484 enim
604 5413 933 5484 naturalem,
959 5427 1079 5482 qua:
1109 5421 1261 5466 certo
1308 5414 1487 5484 atatis
1519 5424 1785 5484 tempore,
1844 5433 1864 5465 ι
1899 5424 2008 5468 etc.

511 5482 622 5555 (59)
648 5480 738 5537 Sic
770 5499 958 5538 omnes
973 5480 1115 5555 inss.
1147 5483 1342 5555 nostri.
1372 5481 1516 5536 Editi
1543 5480 1695 5547 vero,
1737 5503 1757 5536 ι
1794 5498 1894 5553 pro
1937 5499 2004 5537 eo

411 5551 578 5620 .quod
605 5551 692 5607 est
711 5568 832 5607 eum
857 5554 1187 5608 intrinsecus
1210 5551 1296 5608 lex
1319 5567 1439 5623 qua:
1462 5563 1627 5620 vetat,
1657 5551 2005 5610 ratio'osten-

435 5627 527 5676 dat
556 5638 664 5676 non
695 5639 815 5678 esse
843 5624 1105 5680 facienda.

511 5685 723 5763 (60)___Si
762 5695 851 5757 (ut
900 5691 1017 5758 ﬁeri
1068 5692 1233 5761 solet)
1271 5692 1577 5763 indignatus
1628 5695 1775 5763 virga
1819 5711 2005 5763 percu-

439 5757 562 5810 tiat.
618 5757 707 5812 Sic
761 5757 907 5816 recte
959 5777 1062 5818 ms.
1117 5757 1296 5832 unus;
1355 5757 1533 5820 caeteri
1591 5757 1751 5830 vero",
1799 5757 1829 5817 ‹’
1879 5765 2020 5822 sicut

1571 4594 1617 4625 ⁶⁹
1652 4595 1810 4655 Ιίυιη.
1841 4615 1936 4666 vu,
1968 4599 2023 4667 8,
2054 4599 2107 4656 9.
2180 4599 2226 4630 "°
2251 4598 2419 4653 Exod.
2461 4613 2576 4661 xxn,
2603 4594 2689 4650 15.

2797 4596 2840 4625 ⁷³
2870 4594 3000 4650 ibid.
3046 4591 3134 4649 Π.
3241 4593 3287 4624 ⁷³
3309 4592 3466 4649 Rom.
3501 4608 3597 4652 vn.
3636 4593 3690 4651 9.

2112 4777 2230 4831 ﬁeri
2263 4780 2403 4831 solet
2431 4774 2740 4845 indignatus
2768 4774 2919 4846 virga
2943 4782 3234 4847 percutiat.
3273 4797 3294 4832 ι
3329 4780 3474 4836 Editi
3529 4783 3694 4838 omit~

2114 4858 2234 4900 tum.
2260 4866 2278 4897 ‹
2317 4848 2488 4916 virga.
2529 4864 2548 4896 ι

2112 4989 2144 5044 d
2181 4918 2294 5044 (’61)
2324 4917 2399 4971 lta
2432 4931 2622 4973 omnes
2669 4931 2799 4972 mss.
2846 4924 3040 4978 nostri.
3094 4919 3236 4975 Editi
3287 4936 3452 4987 vero,
3488 4940 3507 4973 ι
3546 4924 3688 4981 mori

2149 5005 2177 5043 e
2217 5004 2248 5042 e
2276 5024 2291 5040 .
2333 5007 2353 5038 ο

2149 4991 2291 5044 ebet.
2333 5007 2353 5038 ο

2183 5057 2297 5130 (62)
2328 5058 2406 5130 Ita
2436 5065 2586 5112 recte
2610 5071 2881 5130 ms._unus
2909 5059 3111 5130 Regius
3158 5077 3310 5115 num.
3343 5061 3502 5117 1659.
3531 5064 3689 5118 Alter

2111 5126 2241 5184 vero
2266 5126 2466 5198 Regius
2496 5141 2648 5181 num.
2681 5126 2813 5184 1641
2845 5126 3031 5194 habet,
3067 5152 3084 5183 ι
3121 5147 3228 5186 non
3257 5143 3340 5186 est
3365 5134 3418 5186 in
3448 5133 3552 5187 hoc
3575 5137 3690 5188 cri-

2113 5215 2233 5253 men
2267 5199 2568 5273 impietatis
2590 5198 2848 5273 :_eminet
2877 5202 3002 5270 quia
3034 5211 3089 5255 et
3128 5212 3211 5256 est
3231 5203 3448 5271 quidem
3478 5204 3689 5273 species

2111 5266 2394 5340 peccati.)
2435 5277 2539 5340 etc.
2597 5266 2792 5323 Caeteri
2825 5266 2955 5325 vero
3001 5287 3134 5327 mss.
3187 5266 3263 5327 et'
3291 5273 3423 5327 editi
3463 5266 3685 5340 habent,

2117 5361 2135 5392 ι
2174 5339 2255 5412 vel
2281 5339 2419 5394 sciat
2445 5340 2498 5412 in
2529 5339 2633 5392 hoc
2671 5340 2875 5412 crimen
2905 5343 3203 5412 impietatis
3234 5344 3448 5398 admitti
3485 5353 3582 5398 :et
3602 5356 3688 5400 est

2110 5410 2330 5480 quidem
2354 5410 2564 5476 species
2584 5409 2814 5480 peccati,
2851 5429 2870 5462 ι
2905 5409 3008 5466 etc‘.

2182 5481 2294 5547 (65)
2327 5482 2417 5534 Sic
2447 5495 2548 5534 ms.
2583 5494 2720 5532 unus
2740 5479 2937 5549 Regius
2963 5498 3115 5536 num.
3141 5483 3304 5538 1641.
3331 5484 3523 5540 Cmteri
3555 5502 3686 5541 vero

2110 5565 2244 5624 mss.
2293 5560 2349 5604 et
2395 5551 2548 5614 editi,
2587 5567 2606 5601 ι
2645 5560 2875 5606 matrem
2919 5552 3064 5607 enim
3105 5558 3360 5624 percutit,
3395 5557 3478 5610 vel
3511 5559 3684 5613 male-

2107 5622 2259 5676 dicit.
2304 5638 2323 5672 ι

2187 5692 2300 5764 (66)
2342 5691 2599 5766 Intelligi.
2639 5693 2800 5750 Deest
2838 5695 2892 5748 in
2933 5691 3111 5749 editis.
