4170 6412
381 303 384 308 ’
485 301 626 359 11115

1963 292 2286 352 ORIGENIS

3587 299 3725 358 1016

482 419 750 493 pravique
798 417 1024 490 patebat
1053 428 1308 471 examen.
1369 412 1523 481 Quod
1572 414 1641 470 de
1673 411 1906 469 naturali
1945 411 2063 482 lege
2089 412 2140 469 A
2168 420 2407 492 putatur.
2445 410 2511 466 Et
2539 411 2812 482 quomodo
2841 419 2967 468 ante
2991 411 3164 483 legem
3193 410 3362 485 Moysi
3387 411 3474 470 vel
3505 429 3729 483 serpens

483 516 593 570 dici
653 513 708 568 iu
755 508 1110 580 sequentibus
1156 507 1448 563 evidenter
1494 505 1756 570 ostendit,
1795 520 1918 561 cum
1973 505 2055 560 di-

482 607 558 662 cit
577 605 662 656 ”:
696 621 716 656 ι
745 603 848 658 Sed
872 602 961 657 ubi
982 601 1132 656 venit
1151 600 1489 664 mandatum,
1513 606 1792 669 peccatum
1816 596 2014 652 revixit
2039 614 2055 650 :

483 696 649 770 55.9
677 710 776 766 ego
799 705 978 750 autem
1003 704 1252 752 mortuus
1279 709 1420 747 sum.
1459 711 1479 745 ι
1536 691 1640 746 Per
1691 690 1834 760 quod
1867 690 2056 745 decla-

483 799 572 846 rat
601 790 746 845 illius
771 789 954 844 aetatis
987 795 1213 858 peccata
1243 785 1413 840 fuisse
1441 784 1685 854 quidem,
1711 783 1803 838 sed
1840 792 2056 838 mortua

483 882 697 945 ltabita,
718 881 844 950 quia
877 896 984 936 non
1014 880 1406 950 reputabantur
1435 877 1502 932 ad
1534 877 1765 946 culpam.
1799 876 1900 932 Ubi
1926 890 2058 931 vero

481 972 650 1040 ccepi,
688 972 882 1040 inquit,
936 971 1077 1025 scire
1125 969 1254 1038 quid
1281 967 1546 1038 agendum
1579 967 1674 1034 sit,
1703 966 1831 1035 quid
1861 981 2060 1022 caven-

484 1065 612 1116 dum
643 1072 699 1116 et
726 1061 1006 1116 vitandum
1039 1059 1174 1131 (65),
1207 1068 1264 1114 et
1291 1059 1602 1113 mandatum
1638 1057 1771 1128 legis
1802 1057 1940 1111 intra
1970 1072 2058 1112 me

481 1155 717 1225 vigentis
754 1155 1036 1222 accipere;
1078 1162 1206 1207 tunc
1253 1153 1307 1205 in
1361 1164 1449 1205 me
1502 1149 1704 1227 revixit
1748 1160 2054 1220 peccatum,

481 1247 627 1317 quod
653 1246 806 1316 prius
837 1261 934 1315 per
961 1245 1261 1301 absentiam
1291 1244 1427 1314 legis
1453 1254 1726 1299 mortuum
1746 1242 2052 1308 videbatur,

481 1349 537 1393 et
579 1357 601 1392 ε
623 1352 744 1409 ego,
764 1357 783 1392 ι
830 1337 1022 1408 inquit,
1051 1354 1070 1388 ε
1105 1347 1353 1392 mortuus
1374 1351 1496 1390 sum
1521 1336 1642 1390 “‘:
1673 1355 1692 1388 ι
1726 1333 2054 1402 οωρίιθηίηι

479 1433 590 1504 iam
614 1432 746 1488 mihi
779 1432 1020 1501 reputari
1053 1439 1357 1500 peccatum.
1381 1429 1488 1484 Sed
1519 1430 1637 1484 haec
1667 1425 1925 1483 Basilides
1947 1441 2053 1481 non

479 1525 770 1579 advertens
805 1522 874 1578 de
899 1521 1017 1592 lege
1046 1520 1277 1577 naturali
1310 1519 1508 1576 debere
1543 1518 1796 1590 intelligi,
1821 1519 1889 1574 ad
1936 1518 2055 1572 ine-

483 1625 606 1686 ptas
633 1625 689 1671 et
717 1615 910 1685 impias
929 1613 1138 1669 rabulas
1153 1628 1463 1669 sermonem
1487 1611 1840 1682 apostolicum
1864 1609 2052 1675 traxit,

2161 505 2550 561 condemnatus
2577 514 2684 572 est,
2719 504 2805 559 vel
2839 505 3040 561 invidia
3075 505 3272 575 diaboli
3304 521 3455 561 mors
3477 505 3726 560 introivit

2161 597 2215 652 in
2263 596 2451 650 orbem
2498 598 2816 653 terrarum?
2858 595 3144 664 Quomodo
3183 598 3348 652 etiam
3380 597 3527 666 quod
3559 595 3729 655 ludas

2163 690 2442 757 apostolus
2471 690 2522 744 in
2552 690 2791 760 Epistula
2830 689 3097 744 catholica
3124 689 3276 753 dicit,
3313 688 3515 758 poterit
3537 690 3726 758 expla-

2161 782 2278 835 nari
2299 781 2322 832 7
2347 782 2440 836 Ait
2463 782 2607 836 enim
2633 783 2745 836 ita:
2787 798 2806 832 ι
2837 780 3072 850 Angelos
3103 795 3319 850 quoque
3347 781 3440 849 qui
3479 797 3582 835 non
3605 798 3724 838 ser-

2159 881 2425 927 vaveruut
2449 872 2813 941 principatum
2844 886 3025 937 suum,
3059 872 3156 926 sed
3181 871 3598 940 dereliqueruut
3631 878 3728 929 do-

2161 965 2424 1020 micilium
2446 965 2702 1028 suum,in
2721 963 2986 1033 judicium
3023 963 3207 1035 magni
3228 963 3335 1018 diei
3362 964 3582 1019 aeternis
3609 966 3729 1019 vin-

2159 1056 2296 1111 culis
2347 1054 2673 1110 constrictos
2717 1057 2819 1109 sub
2867 1054 3100 1122 caligine
3153 1055 3448 1109 reservavit
3478 1056 3546 1110 ⁷⁸.
3576 1074 3594 1107 ι
3647 1056 3728 1111 Ex

2159 1151 2358 1221 quibus
2401 1149 2653 1206 omnibus
2683 1150 2856 1218 magis
2883 1164 2949 1206 ac
2977 1151 3150 1220 magis
3180 1159 3397 1205 constat
3428 1150 3496 1206 de
3518 1165 3580 1206 ea
3613 1151 3731 1220 lege

2158 1242 2273 1298 bac
2294 1241 2618 1313 Apostolum
2643 1243 2849 1308 dicere,
2879 1257 3043 1312 quam
3073 1243 3448 1313 unusquisque
3467 1245 3584 1300 sive
3615 1245 3732 1316 (7|)

2158 1333 2470 1400 hominum,
2511 1334 2627 1388 sive
2673 1333 2838 1388 etiam
2884 1333 3227 1405 angelorum,
3267 1334 3448 1388 divina
3488 1335 3730 1404 quadam

2158 1426 2564 1492 dispensatione
2586 1425 2670 1481 vel
2703 1441 2930 1482 munere
2960 1427 3100 1481 intra
3126 1441 3185 1482 se
3214 1427 3537 1483 naturaliter
3553 1429 3691 1498 gerit
3710 1445 3732 1484 :

2157 1517 2314 1586 cujus
2345 1526 2490 1572 tanta
2525 1519 2607 1573 vis
2631 1529 2739 1585 est,
2773 1529 2825 1573 et
2851 1528 2999 1572 tanta
3053 1521 3314 1588 potentia,
3341 1528 3400 1574 ut
3429 1521 3594 1575 etiam
3625 1535 3728 1574 au-

2155 1609 2303 1681 gelos
2329 1619 2544 1681 arguat,
2589 1627 2691 1668 nec
2733 1625 3024 1682 personam
3069 1613 3236 1668 ullius
3265 1613 3550 1684 dignitatis
3583 1615 3732 1667 exci-

479 1717 537 1762 et
571 1705 623 1762 in
660 1703 1204 1778 μετενσωματώσεως
1247 1705 1441 1776 dogma
1475 1704 1616 1777 (66),
1667 1704 1718 1760 id
1751 1712 1856 1770 est,
1908 1703 2052 1773 quod
2084 1767 2125 1778 _
2157 1704 2290 1772 piat.
2324 1713 2382 1759 et
2429 1703 2543 1774 ipsa
2593 1703 2785 1760 fecerit
2828 1705 2932 1759 ltoc
2969 1704 3115 1774 quod
3171 1704 3424 1774 superius
3455 1705 3733 1774 apostolus

481 1767 681 1854 anima;
728 1799 779 1854 in
828 1767 934 1855 alia
989 1807 1152 1868 atque
1185 1767 1348 1852 alia-
1375 1767 1612 1867 corpora
1667 1767 2054 1852 transfundam
2084 1767 2128 1823 Β
2153 1767 2322 1851 πόλις
2343 1767 2496 1861 dicit,
2530 1806 2590 1850 ut
2610 1796 2787 1866 angeli
2813 1796 2905 1864 qui
2929 1767 3037 1851 non
3065 1767 3427 1851 servaverunt
3455 1767 3733 1866 principa-

481 1900 593 1955 tur,
622 1907 690 1947 ex
730 1892 832 1947 ltoc
858 1893 1100 1962 Apostoll
1131 1893 1280 1950 dicto
1303 1900 1534 1947 conatur
1563 1899 1832 1946 astruere.
1861 1907 1880 1941 ι
1912 1888 2049 1944 Dixit

479 1985 648 2051 enim,
687 1984 885 2055 inquit,
946 1985 1258 2055 Apostolus,
1288 1985 1419 2056 quia
1456 1985 1618 2058 «Ego
1646 1981 1898 2039 vivebam
1938 1981 2056 2036 sine

487 2094 508 2128 ο
543 2077 660 2145 lege
701 2076 993 2147 aliquando
1029 2077 1112 2132 7':
1143 2095 1165 2131 ι
1192 2076 1296 2133 hoc
1327 2081 1434 2143 est,
1471 2083 1765 2145 antequam
1809 2074 1864 2127 in
1913 2072 2055 2128 istud

479 2180 680 2236 corpus
731 2166 1017 2237 venirem,
1064 2167 1118 2222 in
1162 2180 1227 2221 ea
1276 2165 1461 2237 specie
1494 2166 1610 2238 (67)
1634 2164 1884 2235 corporis
1921 2163 2054 2228 vixi,

477 2268 600 2324 quae
624 2254 724 2310 sub
751 2254 872 2324 lege
902 2271 1009 2310 non
1037 2265 1222 2321 esset;
1255 2256 1480 2326 pecudis
1501 2257 1729 2318 scilicet,
1763 2255 1846 2310 vel
1877 2256 2049 2309 avis.»

479 2346 587 2402 Sed
619 2363 726 2404 non
758 2349 1001 2418 respexit
1032 2347 1098 2402 ad
1129 2347 1182 2404 id
1210 2349 1355 2419 quod
1376 2350 1643 2418 sequitur,
1673 2347 1725 2403 id
1748 2358 1870 2404 est:
1901 2365 1922 2398 ι
1950 2346 2054 2402 Sed

479 2437 572 2494 ubi
603 2440 751 2494 venit
787 2442 1124 2504 mandatum,
1153 2451 1435 2512 peccatum
1467 2440 1682 2494 revixit.
1720 2458 1739 2492 ι
1771 2438 1886 2494 Νοη
1909 2439 2052 2494 enim

477 2530 618 2584 dixit
660 2546 722 2586 se
748 2532 964 2588 venisse
987 2531 1104 2606 (68)
1133 2533 1203 2588 ad
1239 2531 1579 2598 mandatum,
1609 2531 1705 2586 sed
1739 2531 1807 2585 ad
1860 2545 1920 2585 se
1966 2545 2056 2584 ve-

479 2624 628 2676 nisse
657 2622 970 2677 mandatum
998 2639 1016 2686 ;
1047 2635 1102 2678 et
1128 2614 1412 2692 peccatum
1439 2636 1544 2675 non
1577 2622 1716 2677 dixit
1751 2637 1858 2676 non
1886 2620 2053 2676 fuisse

480 2710 535 2764 in
564 2726 645 2779 se,
671 2711 766 2767 sed
795 2720 1066 2769 mortuum
1093 2712 1288 2780 fuisse,
1315 2725 1370 2768 et
1394 2714 1680 2769 revixisse.
1713 2713 1770 2768 In
1808 2728 1918 2782 quo
1944 2714 2052 2768 uti-

478 2819 588 2873 que
608 2805 847 2860 ostendit
868 2809 1012 2874 quod
1041 2807 1111 2862 de
1135 2823 1242 2862 una
1264 2791 1573 2876 eademque
1591 2806 1699 2862 vita
1727 2821 1825 2861 sua
1853 2815 2056 2860 utrum-

480 2910 588 2964 que
617 2895 956 2965 loqueretur.
990 2896 1193 2953 Verum
1233 2897 1538 2964 Basilides,
1585 2906 1640 2952 et
1686 2897 1732 2952 si
1785 2897 1878 2966 qui
1930 2911 2052 2951 cum

483 2987 602 3056 ipso
634 2987 749 3058 (69)
787 2990 892 3042 hoc
918 2988 1182 3054 sentiunt,
1221 2989 1276 3043 in
1307 3003 1403 3044 sua
1435 2988 1720 3059 impietate
1747 2987 2056 3056 relinquan-

2158 1896 2272 1940 tum
2307 1902 2489 1954 suum,
2522 1886 2618 1941 sed
2647 1886 3064 1957 dereliqueruut
3084 1886 3422 1942 domicilium
3453 1902 3634 1952 suum,
3663 1889 3735 1944 ad

2151 1979 2415 2046 judicium
2446 1978 2626 2047 magni
2660 1978 2769 2034 diei
2801 1979 3028 2034 aeternis
3049 1981 3259 2036 astricti
3279 1980 3511 2036 vinculis
3539 1997 3732 2036 serva-

2155 2087 2366 2128 rentur.
2398 2071 2514 2143 lpsa
2544 2083 2631 2130 est
2657 2073 2764 2136 lex.
2793 2089 2912 2142 quae
2943 2075 3106 2128 etiam
3135 2075 3410 2130 diabolum
3437 2085 3490 2131 et
3513 2076 3734 2146 angelos

2153 2164 2272 2234 ejus
2301 2164 2354 2218 in
2389 2164 2570 2234 ignem
2605 2175 2897 2229 aeternum,
2927 2165 3019 2235 qui
3060 2166 3140 2221 eis
3179 2177 3517 2236 praeparatus
3555 2176 3640 2222 est
3659 2169 3731 2237 ",

2153 2256 2448 2326 pertrahit.
2481 2257 2549 2310 Et
2574 2257 2716 2312 sicut
2739 2267 2947 2312 certum
2983 2267 3065 2312 est
3092 2258 3219 2328 quia
3249 2274 3425 2330 neque
3454 2260 3527 2315 illi
3553 2261 3736 2332 angeli

2154 2349 2378 2405 aeternis
2406 2349 2620 2405 astricti
2666 2350 2904 2404 vinculis
2950 2352 3016 2405 ad
3045 2351 3308 2418 judicium
3358 2363 3735 2420 servarentur,

2155 2456 2334 2510 neque
2356 2441 2443 2496 isti
2469 2442 2521 2495 in
2549 2442 2728 2512 ignem
2757 2452 3020 2497 aeternum
3055 2442 3148 2512 qui
3171 2443 3252 2498 eis
3279 2455 3616 2514 [imparatus
3649 2454 3732 2501 est

2155 2529 2525 2594 mitterentur,
2548 2528 2650 2583 nisi
2675 2530 2802 2599 quia
2829 2529 3060 2598 positam
3091 2529 3199 2585 sibi
3227 2544 3258 2584 a
3287 2530 3398 2585 Deo
3421 2531 3591 2602 legem
3622 2547 3735 2586 non

2154 2631 2530 2687 servaverunt,
2557 2636 2732 2692 neque
2754 2621 2819 2675 ad
2834 2621 3096 2690 judicium
3119 2622 3390 2685 venirent,
3413 2623 3515 2678 nisi
3535 2633 3732 2678 contra

2154 2713 2327 2783 legem
2383 2695 2588 2783 aliquid
2641 2712 3078 2777 commisissent,
3128 2711 3202 2765 ita
3259 2721 3472 2768 certum
3519 2713 3732 2768 videtur

2155 2805 2282 2875 quia
2317 2805 2361 2860 si
2395 2803 2767 2860 custodissent
2800 2803 3028 2872 positam
3057 2802 3160 2858 sibi
3189 2801 3384 2874 legem,
3431 2817 3608 2872 neque
3640 2801 3733 2860 isti

2155 2895 2208 2949 in
2252 2895 2430 2962 ignem
2465 2903 2754 2958 aeternum,
2801 2907 2977 2964 neque
3006 2890 3084 2947 illi
3110 2894 3213 2948 sub
3241 2901 3444 2948 aeterna
3480 2892 3733 2964 caliginis

2155 2988 2372 3043 vincula
2403 2988 2753 3043 decidissent.
2785 2986 3046 3056 Superest
3080 2993 3140 3038 ut
3167 2985 3332 3040 etiam
3359 2985 3490 3040 illud
3523 2999 3625 3055 pro
3649 2985 3733 3040 vi-

482 3087 590 3134 tur.
619 3078 729 3135 Nos
761 3091 942 3136 autem
985 3081 1232 3150 Apostoli
1279 3095 1502 3136 sensum
1552 3080 1848 3137 secundum
1880 3081 2055 3150 pieta-
2077 3102 2127 3168 α
2160 3080 2310 3135 ribus
2333 3080 2693 3135 discutiamus
2722 3078 2997 3148 quomodo
3029 3077 3230 3132 dictum
3265 3077 3336 3132 sit
3364 3094 3378 3131 :
3434 3094 3454 3130 t
3485 3076 3592 3133 Sed
3637 3091 3729 3131 re-

484 3177 595 3224 tem
627 3170 987 3226 ecclesiastici
1015 3171 1286 3242 dogmatis
1321 3171 1688 3226 advertamns.
1733 3172 1838 3226 Sed
1871 3181 1925 3225 et
1953 3172 2057 3228 hoc

481 3259 659 3328 ipsum
707 3263 850 3330 quod
898 3263 1064 3324 dicit,
1106 3282 1125 3314 ι
1155 3260 1448 3318 Peccatum
1481 3269 1601 3317 erat
1641 3262 1696 3316 in
1725 3261 1830 3317 hoc
1857 3263 2056 3317 mundo

480 3351 549 3416 ",
579 3371 600 3406 ι
630 3361 687 3407 et
721 3368 830 3408 non
858 3353 1014 3420 dixit,
1040 3354 1092 3409 in
1125 3354 1464 3418 hominibus.
1492 3367 1619 3410 cum
1652 3355 1840 3424 utique
1866 3356 1975 3410 sint
1999 3354 2054 3410 in

483 3443 686 3501 mundo
709 3454 765 3500 et
793 3446 1047 3514 pecudes,
1083 3454 1142 3503 et
1176 3459 1378 3501 caetera
1403 3445 1682 3508 animalia,
1713 3456 1772 3500 et
1804 3447 2053 3510 arbores,

481 3535 565 3590 vel
599 3552 668 3592 ex
699 3537 1116 3607 quibuscuaque
1155 3539 1248 3594 hic
1279 3538 1512 3594 mundus
1555 3547 1793 3603 constat,
1833 3553 1935 3593 nec
1971 3547 2055 3592 ta-

481 3643 606 3708 men
645 3628 702 3682 in
735 3629 824 3684 bis
860 3630 1107 3684 creditur
1135 3645 1261 3686 esse
1289 3640 1600 3700 peccatum,
1649 3629 1814 3700 quale
1854 3631 1926 3684 sit
1961 3645 2054 3684 re-

481 3720 780 3786 quiramus.
814 3719 1039 3778 Videtur
1069 3723 1200 3776 mihi
1224 3723 1367 3791 quod
1394 3723 1482 3779 hic
1506 3721 1800 3792 Apostolus
1823 3721 1936 3793 (70)
1959 3723 2058 3778 lto-

483 3811 660 3866 mines
700 3811 822 3866 illos
847 3813 1051 3867 sentiat
1095 3814 1189 3883 qui
1225 3813 1343 3884 jam
1378 3815 1608 3869 rationis
1645 3829 1876 3880 capaces
1905 3823 2054 3880 sunt,

481 3914 539 3960 et
565 3905 907 3962 naturalibus
938 3906 1150 3979 legibus
1176 3917 1376 3975 parent
1409 3925 1426 3964 :
1471 3909 1620 3964 illam
1661 3923 1793 3965 vero
1841 3919 2051 3963 astatem

483 4014 606 4066 qua:
632 3999 870 4054 nondum
901 4000 968 4054 ad
997 4001 1355 4071 capacitatem
1388 4001 1625 4058 rationis
1662 4001 1919 4064 accessit,
1947 4015 2054 4055 non

485 4101 598 4146 tam
646 4091 897 4148 homines
925 4107 1088 4163 quam
1131 4093 1394 4148 mundum
1441 4094 1820 4164 appellaverit,
1858 4109 1958 4164 pro
1987 4109 2056 4149 eo

485 4184 628 4252 quod
658 4194 844 4254 partes
866 4185 1084 4255 quidem
1108 4186 1296 4240 mundi
1325 4187 1456 4249 sint,
1495 4186 1732 4241 nondum
1765 4196 1946 4242 tamen
1996 4186 2052 4241 in

485 4274 590 4329 hoc
623 4275 870 4330 venerint
899 4285 964 4331 ut
989 4277 1280 4348 imaginem
1311 4278 1365 4333 in
1397 4293 1458 4334 se
1487 4277 1606 4345 Dei,
1639 4279 1705 4333 ad
1748 4295 1909 4350 quam
1951 4279 2052 4334 bo-

483 4383 575 4422 mo
610 4366 786 4424 factus
826 4384 949 4425 esse
988 4371 1194 4426 dicitur
1219 4371 1287 4437 ⁷⁷,
1322 4372 1626 4441 capacitate
1670 4372 1905 4429 rationis
1957 4388 2054 4428 ex-

2157 3173 2345 3243 gnavit
2370 3187 2519 3226 mors
2545 3171 2613 3226 ab
2636 3171 2808 3226 Adam
2836 3186 3011 3241 usque
3049 3173 3118 3226 ad
3159 3169 3378 3242 Moysen
3409 3169 3463 3224 in
3499 3182 3598 3224 eos
3634 3169 3732 3238 qui

2157 3275 2523 3334 peccaverunt
2562 3263 2617 3318 in
2650 3263 3058 3318 similitudinem
3086 3262 3550 3333 praevaricationis
3577 3262 3734 3327 Adae,

2156 3359 2248 3428 qui
2281 3366 2367 3413 est
2394 3356 2571 3412 forma
2596 3353 2772 3411 futuri
2798 3355 2866 3410 ⁸⁸.
2901 3374 2922 3409 ι
2955 3355 3142 3410 Tertio
3173 3370 3317 3411 nunc
3348 3354 3640 3424 Apostolus
3665 3355 3734 3409 de

2159 3459 2334 3506 morte
2363 3457 2782 3504 commemorat.
2823 3447 3011 3502 Primo
3037 3448 3114 3502 ait
3139 3447 3284 3518 quod
3342 3465 3364 3498 ι
3395 3461 3492 3516 per
3535 3461 3734 3517 pecca-

2159 3553 2270 3596 tum
2321 3557 2470 3596 mors
2512 3540 2760 3596 introivit
2787 3539 2843 3596 in
2887 3541 3033 3596 hunc
3062 3540 3360 3605 mundum;
3396 3558 3418 3593 ›
3466 3540 3732 3606 secundo,

2161 3654 2181 3687 ι
2210 3635 2265 3689 In
2294 3649 2484 3690 omnes
2500 3633 2802 3701 homines,»
2834 3633 3028 3703 inquit,
3065 3651 3085 3685 ι
3113 3647 3260 3688 mors
3285 3632 3604 3704 pertransiit
3621 3632 3728 3686 “.r

2155 3725 2310 3782 Nunc
2341 3742 2495 3790 vero,
2532 3746 2551 3778 ι
2579 3724 2868 3796 Regnavit,
2905 3745 2924 3777 ι
2962 3725 3160 3796 inquit,
3201 3744 3222 3777 ς
3257 3741 3403 3781 mors
3448 3725 3518 3781 ab
3559 3727 3731 3781 Adam

2155 3837 2330 3889 usque
2357 3823 2423 3876 ad
2453 3821 2672 3892 Moysen
2705 3820 2772 3874 ⁸³.
2807 3840 2827 3874 ι
2864 3820 2932 3876 Et
2965 3821 3147 3877 sciens
3175 3835 3297 3876 esse
3321 3835 3417 3888 per
3459 3821 3575 3874 lucc
3620 3820 3733 3873 siu-

2110 3947 2128 3968 ι
2154 3914 2279 3987 gula
2325 3915 2541 3982 aliquas
2583 3913 2939 3978 diﬂerentias,
2981 3915 3202 3984 quando
3236 3913 3349 3985 (72)
3385 3913 3603 3984 quidem
3647 3913 3733 3967 in-

2156 4008 2394 4071 truierit,
2424 4017 2480 4061 et
2505 4008 2729 4075 quando
2762 4007 3099 4076 regnaverit,
3136 4007 3412 4062 iudicavit.
3443 4006 3617 4070 Tunc,
3648 4007 3736 4059 in-

2153 4101 2293 4170 quit,
2330 4100 2596 4163 introivit,
2624 4113 2744 4154 cum
2772 4100 2984 4168 primus
3013 4101 3174 4155 homo
3203 4099 3452 4168 deliquit.
3501 4098 3569 4152 Et
3596 4113 3734 4167 quo-

2154 4191 2318 4246 modo
2346 4190 2616 4246 introierit
2651 4190 2809 4244 dixit.
2843 4209 2862 4242 s
2893 4189 2996 4245 Per
3018 4199 3300 4259 peccatum
3325 4189 3460 4260 (73),
3488 4208 3507 4242 ι
3531 4191 3730 4258 inquit.

2153 4281 2220 4338 Et
2247 4299 2390 4336 nunc
2422 4287 2576 4350 regni
2591 4283 2712 4353 ejus
2727 4293 2972 4354 tempust
2995 4283 3064 4338 ab
3087 4282 3260 4337 Adam
3287 4297 3459 4352 usque
3485 4283 3551 4335 ad
3593 4281 3735 4352 Moy-

2154 4375 2573 4444 setndesignat:
2598 4375 2870 4444 quomodo
2902 4382 3084 4428 autem
3124 4372 3239 4446 (74)
3289 4374 3341 4428 in
3385 4388 3579 4428 omnes
3635 4374 3741 4427 ltu-

483 4463 802 4530 presserint.
827 4462 936 4520 Sed
963 4474 1019 4520 et
1044 4465 1174 4521 illud
1200 4465 1356 4521 velim
1387 4467 1517 4536 (nisi
1563 4467 1684 4538 plus
1705 4467 1850 4537 iusto
1876 4469 2055 4524 curio-
2085 4445 2130 4501 Ῑ)
2159 4468 2334 4521 mines
2367 4467 2745 4536 pertransierit
2773 4482 2880 4521 non
2911 4445 3168 4520 ostendit.
3204 4463 3432 4522 Videtur
3463 4481 3592 4534 ergo
3632 4466 3736 4520 mi-

483 4570 605 4610 sum
645 4556 886 4628 videtur)
927 4557 1228 4629 inquirere,
1274 4575 1344 4615 ne
1395 4560 1574 4627 forte,
1615 4561 1912 4616 secundum
1960 4577 2056 4617 eos
2163 4561 2219 4614 hi
2254 4559 2308 4613 in
2345 4559 2428 4613 his
2459 4559 2772 4615 describere
2805 4560 3100 4629 Apostolus
3127 4559 3276 4615 velut
3313 4560 3528 4631 tyranni
3561 4559 3736 4613 alicu-

484 4647 576 4716 qui
615 4646 784 4718 Moysi
824 4648 998 4718 legem
1045 4650 1098 4704 in
1151 4651 1240 4707 bis
1279 4651 1507 4723 intelligi
1555 4652 1762 4718 volunt,
1809 4667 1904 4721 per
1949 4654 2055 4708 hoc
2155 4652 2242 4724 jus
2269 4656 2595 4720 ingressum,
2633 4653 2727 4721 qui
2773 4651 3010 4707 voluerit
3050 4667 3276 4722 regnum
3321 4651 3543 4723 legitimi
3589 4652 3735 4720 regis

485 4739 628 4808 quod
660 4741 812 4804 dicit,
843 4759 865 4794 ι
898 4741 1187 4798 Peccatum
1213 4755 1393 4798 autem
1429 4759 1535 4798 non
1573 4745 1888 4813 imputatur,
1931 4761 2052 4801 cum
2165 4745 2437 4804 invadere.
2466 4755 2520 4798 et
2568 4745 2748 4813 primo
2795 4745 3016 4814 quidem
3069 4743 3255 4800 fauces
3292 4745 3434 4813 ipsas
3467 4754 3522 4799 et
3555 4746 3735 4800 aditus

488 4831 574 4885 lex
607 4848 712 4888 non
756 4843 866 4894 est.
894 4852 920 4887 ι
966 4835 1217 4890 videatur
1265 4838 1428 4893 etiam
1473 4839 1725 4894 diabolus
1772 4848 1830 4894 et
1877 4841 2056 4911 angeli
2163 4835 2313 4904 regni
2347 4833 2511 4904 550
2553 4837 2905 4905 occupaverit
2952 4836 3404 4904 praevaricatione
3453 4836 3733 4891 custodis:

485 4931 605 4998 ejus
643 4928 880 4997 absolvi,
907 4928 956 4985 si
985 4929 1076 4984 ubi
1109 4930 1196 4986 lex
1225 4946 1330 4986 non
1363 4939 1467 4996 est,
1501 4943 1786 5002 peccatum
1820 4948 1927 4988 non
1967 4947 2056 4987 re-
2165 4937 2298 4981 tunc
2320 4926 2516 4982 deinde
2543 4939 2867 4982 cunctorum
2895 4930 3108 4982 animos
3133 4927 3199 4981 ad
3231 4943 3290 4983 se
3320 4927 3586 4982 inclinare
3610 4937 3735 4982 ten-

554 5082 602 5114 "
624 5081 781 5137 Rom.
829 5097 927 5145 vn,
957 5083 1011 5139 9.
1084 5083 1158 5116 ’δ’
1202 5082 1335 5140 ibid.
1400 5082 1486 5137 l0.
1559 5082 1767 5138 "ibid.
1837 5084 1892 5140 9.
1969 5085 2014 5117 ⁷⁸
2043 5087 2199 5144 Rom.
2258 5103 2315 5153 v,
2371 5089 2456 5143 l3.
2530 5088 2573 5119 "
2608 5085 2813 5154 Gen.t,
2859 5086 2950 5142 27.
3022 5086 3070 5120 ’⁸
3097 5084 3222 5141 Jud.
3268 5102 3305 5143 ι.
3340 5085 3394 5143 6.
3469 5085 3731 5141 "Matth.

483 5168 611 5217 xxv,
640 5154 732 5207 at.
805 5154 859 5187 ⁸⁸
895 5155 1050 5209 Rom.
1084 5169 1134 5216 v,
1173 5154 1261 5208 Η.
1334 5154 1379 5185 ⁸⁸
1414 5154 1542 5208 ibid.
1574 5153 1662 5208 12.
1737 5155 1784 5186 ⁸⁹
1813 5154 1942 5211 ibid.
1975 5156 2063 5212 14.

557 5249 671 5320 (65)
703 5247 771 5320 Et
802 5251 1097 5304 vitandum.
1127 5246 1185 5304 ln
1223 5250 1384 5320 editis
1418 5250 1711 5305 omittitur.
1744 5319 1747 5320 ν
2239 5247 2352 5320 (70)
2385 5245 2689 5320 Apostolus.
2722 5244 3072 5320 Desideratur
3099 5243 3152 5297 in
3177 5241 3330 5296 libris
3364 5251 3522 5294 antea
3550 5239 3732 5295 editis.

559 5314 680 5401 (66)
797 5322 851 5372 in
881 5319 1426 5401 gestavgwgaztbosm;
1444 5321 1655 5401 dogma.
1697 5319 1788 5374 Sic
1811 5335 2054 5401 mss._n0.

2381 5319 2528 5401 §iue.
2569 5317 2808 5401 Deestjp
2842 5314 3022 5401 editis.
3279 5390 3292 5401 Ι
3334 5381 3346 5393 _
3453 5382 3506 5401 In
3568 5379 3622 5401 υ

559 5337 672 5401 (υο)
703 5337 769 5399 ω
797 5337 851 5372 tu
881 5337 1426 5444 μετενσωϊζᾳτωσεως
1444 5337 1655 5388 aogma.
1697 5337 1788 5374 mc
1811 5337 1946 5376 mss.
1965 5337 2054 5378 n0-

486 5401 610 5443 strt.
639 5390 780 5462 l‘Jdtti
813 5405 969 5453 vero,
1005 5410 1023 5442 ι
1057 5392 1107 5442 in
1172 5392 1546 5462 ytltagorictttn
1573 5390 1787 5458 dogma,
1818 5393 2054 5446 remisso

2241 5337 2357 5391 (ΙΙ)
2388 5337 2528 5372 owe.
2569 5337 2728 5370 DCCSI.
2758 5337 2808 5369 111
2842 5337 3022 5367 curus.

2236 5390 2353 5462 (72)
2381 5387 2455 5440 lta
2491 5398 2637 5462 recte
2664 5384 2978 5462 editi._ll_lss.
3013 5398 3146 5437 vero
3175 5381 3386 5462 nostri:
3417 5382 3530 5447 alii,
3567 5379 3656 5436 hic
3679 5389 3738 5436 et

496 5458 845 5534 tetnllodices
864 5462 1082 5530 quidam
1102 5455 1385 5530 perperam
1417 5455 1676 5524 habentﬁ
1699 5462 1820 5516 etin
1841 5462 2062 5532 αξητέυς
2165 5455 2344 5534 inii-1.:
2364 5476 2382 5508 ι
2401 5458 2675 5534 Δ(ιιιοῐιὶληι
2703 5474 2715 5518 ς
2747 5475 2767 5507 ι
2797 5455 2969 5534 Μελ(
3003 5455 3290 5534 (Ιυοέηοδος
3323 5469 3344 5503 ³
3627 5520 3640 5534 ,

485 5527 782 5593 αἱατοσέως
811 5521 1024 5600 dogma.
1053 5549 1072 5581 ι
1102 5521 1118 5530 ’
1201 5521 1215 5530 ’
1621 5521 1629 5524 ’
1921 5521 1933 5532 ’
2041 5521 2054 5525 ’

2238 5531 2353 5598 (73)
2387 5521 2493 5582 Per
2530 5537 2821 5596 peccatum.
2874 5524 2983 5591 AL,
3033 5543 3050 5574 σ
3096 5521 3422 5590 Peccatum,
3462 5539 3481 5574 ι
3531 5521 3737 5576 omisso

560 5600 672 5670 (6?)
707 5600 868 5670 l_§diti,
902 5620 920 5651 ι
958 5602 1008 5652 in
1049 5615 1168 5652 eam
1206 5600 1462 5668 speciem.
1500 5619 1520 5652 ι
2169 5620 2188 5653 ι
2227 5617 2343 5670 per.
2378 5616 2396 5650 ι

562 5662 670 5735 (68)
704 5662 896 5740 Εςιὶιῖι
931 5670 1024 5724 sed
1065 5662 1370 5740 advenisse.
1403 5689 1424 5721 ι
2229 5662 2355 5740 ’(74)
2395 5667 2567 5731 Alias,
2604 5687 2623 5718 ι
2652 5666 2870 5740 quando
2905 5675 3160 5740 aut_em.__r
3185 5663 3435 5740 Deinde,
3474 5680 3493 5714 ι
3531 5662 3586 5715 in
3615 5675 3735 5715 om-

563 5740 675 5809 (69)
705 5739 911 5812 Alias,s
947 5749 1000 5796 et
1022 5739 1115 5810 qui
1146 5755 1268 5796 cum
1301 5742 1438 5810 ipso,
1468 5761 1490 5795 ι
1525 5751 1639 5798 etc.
2173 5735 2272 5797 nes
2304 5735 2552 5796 homines
2584 5757 2606 5792 ι
2638 5735 2964 5793 omittuntur
2993 5737 3046 5790 in
3071 5735 3251 5791 editis.
