4170 6424
437 322 566 378 101]

1377 324 1734 380 COMEMNT.
1775 321 1839 376 ΙΝ
1880 320 2097 375 El‘IST.
2142 321 2232 375 AD
2271 323 2436 378 RUM.
2477 326 2604 380 LIB.
2640 325 2700 379 V.

3534 334 3669 393 1018

433 440 652 500 laverit.
699 448 751 494 et
798 442 1037 497 maxima
1069 459 1134 498 ex
1167 455 1328 513 parte
1359 448 1620 514 potuerit,
1650 456 1704 500 et
1738 447 1809 499 ita
1852 447 2004 498 inde-
2035 443 2081 501 Α
2108 444 2268 498 batur
2293 461 2389 514 per
2413 462 2660 511 carnem,
2692 447 2832 501 Deus
2866 447 3058 502 Filium
3087 463 3244 503 suum
3274 450 3492 506 mittens
3519 453 3571 506 in
3599 455 3672 508 si-

435 533 604 586 bitnm
652 532 753 587 sibi
799 536 1160 591 vindicaverit
1191 551 1436 606 regnum.
1492 537 1603 593 Hoc
1631 553 1763 608 ergo
1797 553 1894 606 per
1924 549 2004 609 ty-

434 623 721 678 rannidem
760 637 1048 696 regnante,
1080 629 1316 682 mittitur
1347 629 1454 683 dux
1487 630 1691 684 electus
1717 647 1744 682 a
1780 645 1904 699 rege
1928 631 2004 684 le-

434 714 624 782 gitimo
647 715 878 787 Moyses,
903 720 993 788 qui
1029 728 1321 788 occupatos
1361 720 1430 774 ab
1461 736 1528 775 eo
1560 721 1789 790 populos
1831 723 1896 774 ad
1927 722 2004 776 ci-

436 804 560 859 vilis
591 808 799 877 imperii
822 807 942 876 jura
979 823 1280 874 revocaret,
1312 820 1367 864 et
1385 812 1496 865 veri
1528 812 1669 880 regis
1697 813 1772 866 uti
1799 811 2005 880 legibus

437 897 712 954 edoceret.
759 892 857 954 llle'
885 911 1010 956 tunc
1048 911 1333 971 tyrannus,
1369 903 1418 956 id
1451 912 1534 957 est
1577 917 1722 957 mors
1769 902 2002 971 peccati,

437 991 527 1056 qui
563 1006 661 1058 per
699 995 1199 1060 pmvaricationem
1230 996 1388 1063 primi
1415 998 1656 1050 custodis
1689 996 1999 1064 irrepserat,

437 1082 702 1150 regnabat
750 1099 916 1151 super
966 1099 1157 1139 omnes
1187 1085 1305 1139 illos
1326 1088 1417 1154 qui
1451 1086 1518 1138 ad
1549 1101 1671 1139 eum
1721 1087 1907 1145 simili,
1948 1095 2004 1139 ut

441 1173 530 1228 ille
563 1177 788 1242 primus,
820 1177 1274 1245 prmvaricatione
1299 1176 1729 1231 decliuaverant.
1761 1176 1866 1231 Sed
1903 1177 2004 1230 iste

438 1263 666 1332 legitimi
698 1265 963 1334 principis
994 1267 1100 1320 dux
1133 1267 1248 1336 agit
1281 1268 1464 1320 omnia
1500 1277 1765 1337 quatenus
1791 1267 2004 1336 aliquos

440 1368 509 1406 ex
534 1353 740 1421 peccati
764 1363 821 1408 et
848 1355 1039 1409 mortis
1071 1370 1237 1425 regno
1257 1356 1478 1426 diripiat
1504 1373 1518 1424 ;
1554 1367 1610 1409 et
1637 1357 1871 1411 obtinuit
1895 1367 2006 1410 tan-

437 1444 560 1497 dem
596 1453 654 1498 ut
682 1459 848 1499 unam
881 1455 1119 1512 gentem,
1153 1456 1203 1502 et
1229 1447 1276 1502 si
1303 1448 1424 1516 quis
1448 1461 1508 1502 se
1550 1447 1678 1502 huic
1722 1449 1887 1503 voluit
1917 1463 2006 1501 so-

439 1535 609 1598 ciare,
635 1547 977 1590 converteret
1000 1553 1014 1589 :
1037 1552 1091 1591 et
1106 1552 1173 1591 ex
1197 1547 1466 1608 praecepto
1493 1539 1635 1607 regis
1655 1538 1861 1606 primus
1889 1538 2001 1607 (75)

436 1624 707 1680 sacrificia
738 1625 994 1693 instituit,
1019 1628 1219 1696 quibus
1247 1637 1402 1682 certa
1428 1627 1774 1683 solemnitate
1803 1629 2002 1684 oblatis

435 1719 581 1772 sicut
609 1703 844 1784 deceret,
875 1721 1243 1775 remitteretur
1271 1722 1353 1775 eis
1374 1733 1652 1791 peccatum
1680 1721 1812 1792 (76).
1843 1721 1907 1774 Et
1931 1722 2000 1774 ita

436 1810 650 1863 demum
677 1825 739 1864 ex
768 1821 923 1880 parte
944 1812 1126 1881 aliqua
1151 1813 1398 1870 homines
1422 1823 1707 1883 coeperunt
1729 1814 1797 1869 de
1834 1829 2002 1884 regno

435 1901 647 1970 peccati
675 1905 973 1973 mortisque
1003 1904 1243 1960 liberari.
1289 1904 1424 1960 Nam
1465 1915 1726 1976 tyrannus
1775 1906 1865 1959 ille
1910 1906 2000 1974 qui

440 1993 644 2048 dicitur
670 2010 839 2061 mors,
867 1997 935 2050 ab
959 1996 1134 2051 Adam
1183 1998 1273 2067 qui
1306 1998 1516 2066 primus
1551 1997 2002 2066 pravaricatione

437 2085 523 2140 sui
558 2084 862 2153 ingressum
893 2088 943 2142 ei
974 2089 1197 2144 dederat
1222 2099 1280 2143 ut
1310 2090 1364 2142 in
1392 2105 1581 2144 omnes
1607 2090 1858 2144 homines
1888 2104 2002 2158 pcr-

431 2182 712 2247 transiret,
739 2185 998 2252 regnabat
1019 2197 1188 2252 usque
1203 2185 1270 2238 ad
1290 2183 1504 2255 Moysen
1524 2184 1685 2238 istum
1707 2182 1817 2255 (77)
1840 2200 2000 2254 quem

432 2272 670 2330 diximus
719 2276 935 2342 ducem,
985 2275 1077 2346 qui
1133 2276 1333 2332 missus
1384 2293 1415 2332 a
1460 2279 1572 2334 Deo
1605 2279 1845 2332 omnimn
1875 2294 2000 2349 rege

432 2377 660 2435 regnum
686 2368 803 2436 ejus
830 2370 993 2440 cmpit
1020 2369 1336 2438 infringere,
1368 2382 1423 2426 et
1444 2372 1544 2428 sub
1578 2371 1695 2444 lege
1720 2371 1831 2444 (78)
1863 2372 1996 2440 justi

433 2457 696 2527 principis
746 2475 1029 2518 revocare.
1072 2481 1095 2516 ι
1144 2461 1414 2531 Regnavit
1446 2483 1466 2515 ι
1513 2478 1646 2534 ergo
1676 2481 1696 2515 ε
1747 2478 1896 2519 mors
1929 2465 1997 2531 ab

430 2545 602 2601 Adam
629 2563 798 2619 usque
825 2554 891 2605 ad
917 2551 1134 2622 Moysen
1151 2553 1218 2614 ⁸³,
1245 2571 1264 2604 ι
1288 2552 1582 2608 secundum
1609 2567 1729 2607 eam
1761 2553 1996 2622 speciem

430 2651 592 2706 quam
620 2653 782 2707 supra
816 2643 1117 2709 posuimus,
1150 2659 1256 2698 non
1293 2659 1456 2713 super
1487 2659 1695 2706 omnes,
1739 2645 1837 2698 sed
1888 2663 1906 2694 ι
1945 2644 1997 2697 in

428 2741 524 2782 eos
571 2729 664 2798 qui
707 2743 1069 2800 peccaverunt
1112 2735 1168 2790 in
1211 2735 1627 2791 similitudinem
1676 2737 1999 2804 praevarica-

433 2818 598 2874 tionis
628 2821 778 2876 Δότε.
815 2839 834 2873 ι
868 2821 1001 2876 Nam
1037 2824 1288 2879 introivit
1315 2824 1534 2894 quidem
1567 2839 1713 2879 mors
1741 2825 1790 2878 in
1842 2840 2000 2878 mun-

431 2909 584 2977 dum,
612 2913 754 2966 etin
779 2926 970 2969 omnes
998 2915 1336 2983 pertransiit,
1371 2931 1476 2969 non
1516 2925 1694 2970 tamen
1731 2915 1784 2970 in
1805 2932 1998 2971 omnes

432 3002 697 3074 regnavit.
731 3003 889 3060 Aliud
918 3016 1002 3062 est
1029 3008 1176 3062 enim
1224 3008 1581 3078 pertransire,
1615 3017 1672 3063 et
1716 3009 1862 3063 aliud
1913 3025 1998 3064 re-

429 3110 599 3163 gnare
644 3095 778 3167 (79).
832 3096 1120 3152 Peccatum
1168 3100 1314 3153 enim
1367 3101 1687 3170 pertransiit
1725 3101 1891 3155 etiam
1939 3101 1992 3154 in

2105 533 2465 591 militudinem
2516 537 2697 591 carnis
2739 541 2972 606 peccati,
3014 540 3081 594 de
3125 549 3348 608 peccato
3392 542 3673 597 damnavit

2105 636 2384 694 peccatum
2422 628 2475 682 in
2503 643 2674 684 carne
2696 630 2766 694 ⁸⁷,
2795 649 2813 682 ι
2849 642 2904 685 et
2935 633 3194 685 mundum
3228 633 3443 700 quidem
3475 649 3670 688 recon-

2105 718 2312 774 ciliavit
2344 720 2454 775 Deo
2477 722 2557 774 ⁸⁸ε
2586 724 2736 777 exuit
2769 733 2948 777 autem
2982 723 3315 792 principatus
3349 733 3403 777 et
3429 734 3672 792 potesta-

2106 819 2188 863 tes
2229 815 2448 880 tyranni
2475 814 2815 883 triumphans
2847 829 2937 869 eas
2972 815 3024 868 in
3059 816 3350 884 semetipso
3373 815 3442 868 ⁸³.
3470 815 3670 870 Verum

2106 900 2160 954 in
2201 901 2318 957 haec
2366 918 2463 972 per
2493 918 2776 958 excessum
2809 904 3100 974 quemdam
3135 904 3372 974 prolapsi
3401 905 3667 974 videmur,

2104 995 2198 1048 sed
2245 995 2311 1047 ad
2345 997 2675 1063 propositum
2711 998 3014 1050 redeamus.
3064 995 3229 1065 Igitur
3264 1010 3412 1048 mors
3456 996 3666 1065 peccati

2106 1086 2354 1154 regnavit
2388 1086 2458 1140 ab
2493 1088 2663 1139 Adam
2696 1102 2873 1155 usque
2903 1088 2972 1140 ad
3011 1086 3254 1156 Moysen,
3289 1085 3340 1140 id
3373 1095 3456 1141 est
3498 1103 3668 1156 usque

2102 1179 2170 1230 ad
2206 1178 2499 1231 adventum
2521 1178 2748 1231 Christi.
2775 1177 2986 1248 Moyses
3026 1179 3168 1231 enim
3221 1177 3310 1232 lex
3347 1178 3668 1247 appellatur,

2101 1277 2156 1321 et
2181 1267 2287 1335 lex,
2323 1269 2468 1323 sicut
2495 1269 2762 1339 scriptum
2790 1280 2898 1334 est,
2936 1284 3113 1340 usque
3159 1270 3226 1324 ad
3245 1268 3469 1325 Joannis
3497 1271 3672 1340 bapti-

2104 1372 2278 1412 smum
2307 1358 2498 1413 habuit
2523 1358 2700 1414 locum
2724 1359 2790 1428 9°,
2829 1375 2898 1415 ex
2927 1375 3034 1429 quo
3056 1361 3221 1429 coepit
3263 1359 3420 1414 Jesus
3441 1375 3667 1429 regnum

2107 1450 2197 1502 Dei
2227 1449 2539 1518 prtedicare.
2570 1451 2725 1516 Quod
2755 1461 2936 1506 autem
2964 1452 3178 1521 excepit
3220 1461 3396 1506 certos
3428 1467 3671 1520 quosque

2103 1541 2155 1594 in
2191 1542 2392 1610 quibus
2417 1554 2567 1595 mors
2594 1544 2925 1610 regnaverit,
2956 1557 3078 1597 cum
3119 1542 3254 1597 dicit
3284 1559 3298 1597 :
3339 1561 3358 1593 ι
3404 1541 3672 1610 Regnavit

2103 1644 2250 1683 mors
2277 1629 2329 1682 in
2368 1645 2463 1684 eos
2487 1631 2578 1699 qui
2617 1640 2986 1703 peccaverunt
3020 1631 3135 1701 (82)
3171 1633 3222 1686 in
3262 1632 3670 1686 similitudinem

2103 1721 2560 1790 praevaricationis
2584 1723 2732 1788 Adae,
2762 1740 2782 1774 ι
2813 1737 2917 1776 non
2944 1723 3074 1776 mihi
3096 1724 3315 1777 videtur
3337 1723 3440 1776 dici
3465 1723 3671 1790 absque

2103 1813 2347 1882 mysterii
2383 1813 2611 1882 alicujus
2633 1813 2833 1868 indicio
2857 1811 2993 1883 (85).
3025 1812 3102 1868 Ne
3132 1813 3274 1868 forte
3304 1827 3432 1882 ergo
3468 1813 3672 1866 fuerint

2102 1903 2268 1974 aliqui
2296 1919 2469 1972 usque
2502 1905 2568 1958 ad
2602 1905 2737 1958 illud
2784 1913 3014 1973 tempus,
3062 1919 3171 1973 quo
3223 1904 3324 1960 sub
3367 1905 3485 1973 lege
3524 1903 3669 1957 velut

2101 1998 2201 2050 sub
2232 1997 2525 2067 paedagogo
2557 1998 2808 2052 homines
2861 1998 3220 2062 habebantur,
3270 1998 3365 2067 qui
3418 1996 3526 2052 tale
3568 1996 3669 2050 ali-

2100 2089 2228 2157 quid
2264 2090 2476 2156 egerint
2503 2088 2664 2157 quale
2711 2089 2880 2142 Adam
2929 2089 3042 2160 (8i)
3096 2091 3149 2144 in
3197 2090 3448 2160 paradiso
3492 2088 3670 2158 egisse

2100 2181 2447 2244 describitur,
2487 2191 2542 2234 ct
2571 2181 2864 2250 contigisse
2913 2197 2981 2235 ex
3014 2183 3160 2251 ligno
3209 2181 3416 2236 sciendi
3468 2182 3668 2237 bonum

2099 2281 2153 2326 et
2184 2271 2410 2335 malum,
2445 2279 2500 2325 et
2525 2272 2812 2326 erubuisse
2835 2273 3142 2326 nuditatem
3173 2286 3349 2337 suam,
3399 2281 3563 2340 atque
3595 2272 3691 2326 ab'

2103 2361 2435 2417 habitatione
2481 2363 2720 2432 paradisi
2768 2363 3035 2417 decidisse
3055 2363 3120 2415 ⁹¹.
3172 2363 3277 2415 Aut
3329 2363 3500 2431 magis
3537 2363 3671 2416 sim-

2099 2453 2314 2522 pliciter
2339 2455 2715 2522 accipieudum
2751 2451 2992 2517 videtur,
3027 2461 3082 2506 et
3120 2451 3422 2506 similitudo
3456 2466 3668 2521 praeva-

2100 2544 2380 2599 ricationis
2413 2545 2543 2599 Adae
2572 2545 2776 2614 absque
2805 2544 2988 2613 aliqua
3025 2544 3370 2598 discussione
3398 2543 3670 2610 recipien-

2099 2634 2190 2698 da,
2217 2643 2276 2688 ut
2317 2636 2420 2689 hoc
2453 2649 2706 2690 sermone
2737 2649 2928 2689 omnes
2961 2635 3054 2704 qui
3105 2649 3172 2688 ex
3215 2635 3384 2687 Adam
3417 2635 3669 2702 praevari-

2098 2733 2282 2779 calore
2315 2725 2429 2778 nati
2463 2733 2590 2780 sunt
2636 2725 2863 2780 iudicari
2909 2725 3212 2791 videantur,
3265 2733 3321 2779 et
3365 2725 3569 2779 habere
3614 2725 3669 2778 in

2098 2816 2407 2886 semetipsis
2435 2815 2844 2872 similitudinem
2893 2814 3359 2887 praavaricationis
3395 2814 3512 2882 ejus
3562 2830 3668 2868 non

2097 2907 2274 2963 solum
2301 2923 2370 2963 ea
2398 2908 2624 2973 semine,
2647 2910 2741 2963 sed
2759 2924 2828 2963 ex
2847 2909 3188 2964 institutione
3205 2915 3512 2977 susceptam
3532 2904 3668 2977 (85).

2097 2998 2298 3055 Omnes
2319 2999 2464 3054 enim
2493 3001 2585 3068 qui
2626 3002 2678 3055 in
2708 3001 2810 3054 hoc
2836 3002 3036 3054 mundo
3067 3009 3396 3064 nascuntur,
3430 3012 3537 3052 non
3574 3013 3670 3054 so-

2099 3092 2208 3146 lum
2241 3092 2556 3146 nutriuntur
2600 3108 2630 3146 a
2667 3093 3009 3161 parentibus,
3036 3093 3130 3147 sed
3159 3102 3216 3146 et
3238 3091 3575 3156 imbuuntur,
3612 3099 3670 3145 et

423 3153 604 3255 j’ustos
634 3153 770 3259 (80),,
805 3200 860 3244 et
892 3188 994 3244 levi
1023 3190 1256 3259 quadam
1278 3153 1712 3262 eos'contagione
1729 3153 1994 3260 perstrin—

2101 3194 2206 3234 non
2241 3177 2412 3234 solum
2465 3187 2591 3234 sunt
2636 3153 2726 3232 filii
2771 3153 3139 3249 peccatorum,
3178 3181 3278 3234 sed
3313 3189 3368 3234 et
3393 3153 3668 3248 discipuli.

429 3277 532 3331 xit.
566 3276 622 3332 In
657 3279 1174 3348 pravaricatoribus
1201 3295 1350 3347 vero,
1385 3282 1438 3335 id
1463 3290 1548 3336 est
1599 3282 1685 3336 his
1712 3283 1807 3352 qui
1849 3299 1909 3340 se
1949 3285 1998 3341 ei

431 3375 541 3421 tota
575 3379 758 3422 mente
785 3382 852 3423 ac
877 3370 1166 3426 devotione
1191 3367 1509 3438 snbjiciunt,
1563 3387 1787 3442 regnum
1825 3383 1998 3440 tenet,

429 3467 491 3511 et
537 3457 687 3512 omni
746 3468 1016 3528 potestate
1064 3460 1392 3515 dominatur.
1431 3480 1450 3513 ι
1486 3459 1757 3531 Regnavit
1793 3481 1812 3514 ι
1868 3476 1998 3533 ergo

433 3567 453 3601 ε
485 3563 630 3614 mors
663 3550 731 3605 ab
766 3552 962 3616 Adam,
996 3571 1016 3605 ι
1053 3553 1144 3622 qui
1178 3554 1386 3622 primus
1429 3554 1721 3608 transitum
1771 3563 1999 3623 peccato

429 3643 484 3698 in
508 3643 651 3700 hunc
678 3645 936 3699 mundum
958 3647 1362 3716 pravaricando
1386 3645 1660 3716 patefecit,
1689 3663 1709 3697 ι
1734 3662 1904 3716 usque
1927 3647 1996 3702 ad

429 3733 708 3805 Moysen,»
746 3736 800 3792 id
832 3746 918 3792 est
973 3753 1144 3808 usque
1171 3739 1237 3793 ad
1264 3738 1458 3808 legem.
1498 3737 1609 3794 Per
1635 3737 1806 3809 legem
1844 3739 1990 3793 enim

429 3825 738 3894 purificatio
773 3838 1120 3896 peccatorum
1144 3831 1310 3900 cos-pit
1338 3831 1563 3899 aperiri,
1612 3841 1668 3886 et
1719 3846 1785 3887 ex
1837 3842 1992 3902 parte

429 3916 608 3986 aliqua
641 3919 911 3988 tyrannidi
958 3921 1076 3990 ejus
1123 3911 1314 3976 obsisti
1355 3939 1451 3992 per
1490 3924 1718 3991 hostias,
1757 3939 1854 3994 per
1899 3941 1994 3979 ex-

430 4010 699 4078 piationes
725 4011 928 4076 varias,
960 4028 1056 4082 per
1085 4014 1377 4081 sacrificia,
1416 4029 1514 4084 per
1539 4026 1833 4085 pracepta.
1886 4015 1992 4071 Sed

429 4102 686 4172 quoniam
719 4113 861 4158 tanta
891 4105 1012 4174 ejus
1040 4115 1161 4162 erat
1196 4106 1514 4173 dominatio,
1542 4123 1662 4177 qua:
1693 4112 1839 4165 vires
1863 4111 1992 4179 legis

429 4194 1044 4262 excederet,mittuntur
1061 4198 1112 4251 iu
1133 4198 1392 4251 auxilium
1411 4199 1544 4268 legis
1560 4201 1832 4269 propheta:
1853 4201 1989 4273 (8|).

431 4286 537 4342 Sed
573 4298 629 4342 et
661 4289 758 4358 ipsi
791 4291 1141 4358 pervidentes
1190 4307 1353 4360 supra
1409 4293 1553 4346 vires
1601 4308 1730 4349 suas
1755 4308 1877 4349 esse
1911 4305 1991 4364 ty-

430 4381 586 4435 ranni
641 4383 958 4450 potentiam,
1000 4383 1290 4437 adventum
1325 4385 1779 4455 praesentiamque
1820 4386 1990 4456 ipsius

2104 3273 2204 3330 Ubi
2231 3288 2359 3330 vero
2381 3283 2514 3330 aetas
2531 3274 2849 3338 adoleverit,
2880 3283 2937 3329 et
2967 3276 3153 3342 agendi
3179 3289 3298 3343 qua:
3319 3274 3484 3328 sentit
3503 3274 3670 3328 liber-

2101 3375 2187 3422 tas
2223 3370 2536 3432 accesserit,
2573 3367 2648 3422 ibi
2691 3367 2804 3436 jam
2831 3376 2924 3420 aut
2951 3367 3128 3436 pergit
3153 3367 3274 3434 quis
3303 3367 3358 3420 iu
3394 3367 3534 3418 viam
3570 3381 3669 3433 pa-

2101 3468 2242 3513 trum
2276 3473 2522 3526 suorum,
2546 3459 2691 3514 sicut
2704 3461 2772 3513 de
2796 3457 3070 3513 nonnullis
3088 3459 3306 3528 regibus
3323 3456 3582 3512 scribitur
3597 3457 3667 3523 θ’,

2099 3558 2193 3604 aut
2218 3560 2370 3606 certe
2399 3549 2604 3605 incedit
2639 3551 2692 3604 in
2732 3551 2874 3603 viam
2906 3548 3115 3603 Domini
3154 3549 3245 3603 Dei
3280 3549 3384 3604 sui.
3425 3548 3668 3616 Denique
3749 3565 3753 3568 '

2098 3644 2165 3700 de
2212 3643 2350 3699 Abel
2393 3643 2504 3699 tale
2556 3643 2764 3713 aliquid
2808 3641 2942 3695 mihi
2988 3641 3216 3696 indicari
3261 3642 3477 3695 videtur
3519 3641 3572 3694 in
3602 3655 3669 3695 eo

2097 3737 2241 3808 quod
2272 3738 2536 3806 scriptum
2563 3745 2648 3792 est
2689 3753 2751 3789 ει
2780 3735 2984 3792 Obtulit
3009 3741 3187 3788 autem
3223 3741 3342 3803 post
3375 3732 3491 3787 dies
3530 3732 3668 3786 Abel

2096 3830 2329 3886 hostiam
2369 3829 2479 3884 Deo
2505 3844 2574 3884 ex
2615 3827 2991 3898 primogenitis
3009 3826 3214 3890 ovium,
3241 3835 3297 3880 et
3324 3840 3391 3880 ex
3419 3824 3670 3892 adipibus

2095 3937 2283 3977 earum
2311 3921 2380 3974 ”.
2411 3940 2431 3974 ι
2466 3919 2621 3987 Quod
2645 3933 2775 3989 ergo
2801 3918 2961 3983 dixit,
2989 3933 3010 3968 ι
3039 3924 3162 3986 post
3189 3916 3328 3981 dies,
3360 3934 3380 3967 ι
3437 3917 3539 3970 hoc
3580 3929 3671 3970 os-

2096 4013 2290 4078 tendit,
2329 4013 2454 4082 quia
2509 4013 2701 4081 primis
2746 4011 2967 4082 quidem
3017 4011 3142 4064 vitae
3175 4023 3287 4064 suae
3333 4006 3526 4060 diebus
3573 4021 3672 4074 pa-

2093 4114 2265 4162 ternae
2319 4103 2783 4174 praevaricationis
2839 4100 3272 4158 institutionibus
3339 4100 3666 4161 tenebatur;

2093 4206 2214 4268 post
2254 4195 2378 4251 illos
2436 4209 2562 4250 vero
2613 4194 2728 4250 dies
2778 4193 2866 4248 ubi
2920 4191 3169 4261 resipuit,
3213 4189 3303 4244 ubi
3342 4188 3670 4258 respexitad

2093 4291 2259 4345 Deum
2315 4298 2522 4344 natura:
2553 4287 2673 4357 lege
2713 4286 3107 4350 commonitus,
3165 4283 3366 4338 dicitur
3400 4292 3530 4336 tunc
3571 4281 3671 4333 ob-

2095 4383 2284 4438 tulisse
2339 4380 2574 4437 hostiam
2626 4380 2759 4435 Deo.
2821 4377 3005 4433 Potest
3042 4390 3176 4446 ergo
3229 4374 3313 4428 vel
3365 4374 3469 4428 hoc
3511 4372 3670 4427 modo

429 4473 572 4540 regis
600 4482 850 4537 exorant.
879 4474 1181 4530 clamantes
1210 4478 1276 4530 ad
1306 4475 1471 4531 Deum
1498 4475 1577 4532 t3":
1616 4495 1636 4530 ι
1667 4478 1870 4534 Emitte
1911 4480 1994 4533 lu-
2026 4488 2070 4544 ι)
2099 4474 2250 4529 locus
2315 4475 2418 4528 iste
2473 4472 2796 4541 simpliciter
2850 4469 3084 4538 exponi,
3149 4465 3233 4521 vel
3295 4465 3668 4528 occultatum,

429 4575 547 4614 cem
580 4572 751 4627 tuam,
781 4573 833 4617 et
859 4564 1141 4620 veritatem
1176 4574 1356 4629 tuam;
1386 4585 1404 4620 ι
1439 4577 1495 4622 et
1525 4568 1719 4623 iterum
1745 4569 1830 4624 3':
1873 4589 1891 4622 ι
1912 4571 1996 4625 lu-

430 4656 570 4709 clina
603 4659 770 4712 caelos
799 4668 935 4721 tuos,
959 4668 1014 4715 et
1040 4662 1336 4728 descende;
1370 4681 1389 4716 ι
1421 4672 1470 4717 et
1507 4679 1719 4718 rursum
1741 4664 1820 4716 ⁸ος
1848 4683 1866 4716 ι
1891 4665 1996 4720 Ex-

432 4762 615 4816 surge,
650 4749 901 4814 Domine,
931 4749 1012 4805 fer
1043 4767 1199 4822 opem
1234 4753 1413 4809 nobis.
1450 4773 1470 4808 ι
1513 4754 1700 4810 Adfuit
1726 4771 1860 4828 ergo
1903 4757 1997 4815 Je-

431 4853 524 4894 sus
546 4838 795 4897 Christus
823 4841 996 4900 Filius
1025 4843 1222 4910 Dei,.et
1249 4863 1268 4898 t
1300 4846 1356 4901 in
1382 4860 1493 4916 quo
1523 4865 1543 4899 ι
1577 4846 1663 4902 lex
1697 4865 1718 4900 ‹
1756 4850 1998 4908 inﬁrma-

501 4957 549 5034 εξ
577 4931 731 5034 Rom.
763 4973 818 5023 v,
840 4960 922 5034 l_i__.
996 4957 1054 5034 °f_
1075 4957 1214 5034 Psai.
1237 4975 1370 5028 xm,
1395 4962 1463 5034 5.
1527 4961 1575 4994 ⁸⁵
1603 4964 1738 5019 Psal.
1766 4971 2024 5034 chut,5.

2104 4564 2344 4636 551m
2374 4579 2441 4620 eo
2493 4566 2637 4633 quod
2688 4564 2837 4626 dicit,
2897 4579 2916 4613 ι
2974 4561 3026 4614 in
3076 4557 3485 4614 similitudinem
3524 4569 3668 4623 prte-

2103 4659 2454 4717 varicationis
2483 4659 2636 4724 Adae,
2660 4675 2680 4709 ι
2719 4662 3142 4717 sacramentum,
3189 4659 3243 4704 et
3289 4663 3454 4720 prope
3482 4644 3675 4701 ineﬁ‘a-

2102 4754 2289 4810 biliter
2324 4752 2673 4809 reconditum
2708 4748 2894 4805 subtili
2939 4746 3172 4816 quadam
3197 4741 3567 4812 intelligentiae
3603 4739 3673 4792 li-

2100 4866 2203 4907 nea
2231 4849 2412 4918 colligi
2444 4867 2460 4902 :
2493 4853 2553 4899 ut
2582 4844 2628 4899 si
2659 4843 2782 4912 quis
2813 4849 2979 4910 ponat
3004 4845 3232 4893 mortem
3255 4834 3344 4889 hic
3379 4832 3514 4903 (86),
3545 4847 3671 4902 quae

2098 4971 2144 5002 ⁸ο
2167 4967 2309 5022 Psal.
2333 4977 2462 5017 mu
2479 5001 2494 5025 ,
2519 4957 2612 5013 26.
2686 4957 2732 4989 ⁸⁷
2765 4956 2920 5009 Rom.
2940 4969 3058 5014 vui,
3081 4952 3136 5008 3.
3207 4950 3259 4982 ⁸⁸·
3277 4949 3325 5025 ll_
3342 4948 3468 5004 Cor.
3490 4963 3544 5011 v,
3577 4949 3664 5008 19.

430 5027 474 5061 ⁸³
511 5029 718 5082 Coloss.
753 5019 817 5092 1|,
847 5029 934 5083 15.
1010 5029 1057 5061 ⁹⁰
1089 5029 1219 5085 Luc.
1257 5019 1370 5098 va,
1401 5032 1490 5087 16.
1563 5035 1608 5066 ⁹¹
1635 5019 1999 5106 Gemini—'6,"

2100 5019 2186 5095 15.-
2209 5019 2285 5070 _"
2309 5037 2378 5092 Ill
2403 5019 2536 5105 Reg.
2562 5048 2655 5104 xv,
2685 5031 2756 5087 26
2784 5040 2902 5096 seq.
2979 5025 3176 5078 "Gen.
3205 5032 3279 5081 tv,
3299 5019 3352 5074 4.

501 5123 614 5194 (τε)
645 5123 743 5194 Ms.
775 5137 932 5182 unus.
972 5139 992 5174 ι
1036 5122 1257 5194 primis,
1293 5143 1312 5176 ι
1348 5125 1500 5186 editi,
1535 5145 1554 5177 ι
1586 5127 1767 5194 primi.
1803 5147 1822 5180 ι

502 5190 613 5264 (76)
655 5192 747 5246 Sic
779 5207 880 5249 ms.
899 5190 1048 5264 funus
1071 5190 1270 5260 Regius
1297 5209 1444 5247 num.
1472 5190 1629 5250 1641.
1654 5196 1846 5252 Caneri
1871 5214 2002 5254 vero

433 5263 560 5319 mss.
596 5263 670 5317 et
723 5264 851 5316 editi
897 5263 1130 5325 habent,
1184 5279 1204 5314 ι
1245 5264 1441 5326 quibus
1479 5277 1624 5320 certa
1654 5268 1998 5326 solemnitate

431 5334 920 5405 ohlatisLdiceret:
963 5332 1026 5385 Et
1057 5334 1362 5387 remittetur
1394 5335 1445 5389 ei
1476 5345 1778 5405 peccatum.
1819 5355 1839 5389 ι

503 5405 614 5472 (77)
638 5403 801 5466 Etlili,
831 5421 849 5454 r
874 5401 1105 5472 justum.
1138 5420 1156 5453 ι

503 5473 615 5541 (78)
657 5473 817 5537 Editi,
857 5489 876 5524 ι
911 5482 965 5526 et
997 5473 1098 5526 sub
1123 5472 1318 5540 legem.
1348 5491 1368 5525 ι

505 5541 616 5615 (79)
642 5543 741 5615 Ms.
775 5557 936 5615 unus,
962 5560 1005 5615 ⁸ι
1040 5541 1186 5595 aliud
1235 5550 1319 5615 est
1355 5543 1499 5615 enim
1543 5543 1799 5609 transire,
1849 5546 1995 5603 aliud

434 5611 802 5684 pisi-transire:
833 5611 995 5684 aliud
1012 5611 1362 5684 pertransire,
1403 5614 1548 5667 aliud
1581 5629 1830 5682 regnare.
1862 5635 1883 5668 ι

505 5683 619 5753 (80)
649 5683 714 5736 In
729 5683 925 5753 justas.
961 5681 1123 5745 Editi,
1159 5698 1177 5731 ι
1201 5681 1398 5748 justos,
1437 5701 1462 5753 ξ
1487 5681 1691 5738 omisso
1724 5701 1742 5734 ι
1773 5689 1848 5740 in.
1880 5703 1900 5735 ι

512 5752 623 5826 (81)
649 5752 816 5822 Editi,
848 5770 866 5805 ι
909 5753 1051 5825 regis
1081 5753 1378 5822 prophetae.
1433 5752 1538 5811 Sed
1583 5764 1638 5809 et
1670 5754 1770 5824 ipsi
1803 5754 1992 5826 prmvi~

2105 5131 2506 5198 de||j9§,_)__elc.
2578 5185 2589 5197 ο
2729 5197 2739 5198 7
2787 5184 2869 5198 νηί
2920 5197 2929 5198 7
2973 5195 2995 5198 ῃ
3025 5180 3055 5198 ν,

2173 5189 2489 5266 (82)Alias,
2523 5204 2541 5239 ι
2576 5189 2629 5238 in
2653 5197 2748 5239 eos
2775 5189 2939 5238 etiam
2965 5189 3058 5249 qui
3086 5195 3190 5235 non
3223 5189 3606 5248 peccaverunt,
3641 5195 3660 5227 ι

2101 5267 2284 5406 ωἷξέ)
2303 5330 2430 5406 Mss.
2450 5325 2641 5406 nostri,
2675 5341 2694 5373 ι
2719 5321 2937 5406 indicio.
2968 5320 3180 5406 )“E'dili,
3213 5335 3232 5368 ι
3268 5315 3664 5377 indicatione,»

2104 5391 2198 5468 al.‘,
2241 5391 2278 5456 ι’
2296 5399 2629 5458 indictione,
2662 5410 2684 5444 ι
2712 5393 2864 5468 al_.,_r
2899 5391 3192 5444 iudicione.
3222 5405 3242 5440 ι

2173 5463 2288 5542 (δῇ)
2327 5470 2492 5542 Editi,
2531 5482 2550 5516 ι
2583 5464 2725 5532 quod
2750 5463 2940 5542 Adam.
2973 5480 2992 5512 ι
3221 5541 3224 5542 ν
3363 5540 3375 5542 ξ
3397 5540 3406 5542 _
3431 5523 3452 5542 ³
3549 5523 3560 5542 Δ

2172 5523 2288 5614 ξέεῆ
2330 5523 2516 5602 θΑΙίοέ,
2564 5523 2727 5586 ιίιοιι
2776 5530 2949 5586 solum
2989 5543 3056 5584 ex
3099 5541 3321 5598 genere,
3356 5523 3522 5581 sed...
3546 5523 3669 5577 sus-

2099 5625 2408 5755 ωιίὲῗίῖδὶο
2435 5693 2566 5736 mss.
2594 5674 2724 5733 editi
2747 5685 2898 5741 vero,
2931 5686 2952 5721 ι
2987 5675 3219 5726 mortem
3250 5667 3412 5724 hanc.
3442 5680 3469 5719 ι
