4170 6416
487 332 628 393 1019

1956 323 2280 383 ORIGENIS

3594 322 3732 380 ιθΞο

487 459 743 515 regnasse
771 445 972 500 dicitur
1001 445 1068 500 ab
1097 445 1268 500 Adam
1295 459 1466 513 usque
1495 444 1561 498 ad
1582 443 1823 514 Moysen,
1869 441 1921 495 id
1975 449 2059 494 est
2087 445 2134 500 Α
2164 440 2243 490 nit
2268 435 2522 492 Christus
2562 435 2629 489 ad
2670 435 2966 491 Ecclesiam
3015 434 3118 491 sibi
3167 437 3505 492 sociandam.
3541 435 3733 492 Nescio

487 553 657 608 usque
690 539 755 591 ad
788 538 920 608 legis
949 538 1110 592 linem
1147 548 1203 591 et
1244 538 1571 606 principium
1601 533 1805 588 Christi
1833 575 1850 598 ,
1911 532 2056 585 illam

487 629 595 683 dici
616 628 730 700 (87)
767 630 836 683 de
876 644 983 698 qua
1013 631 1064 682 in
1097 631 1361 698 propheta
1395 628 1658 682 scribitur
1702 637 1957 692 tanquam
1991 639 2057 676 ex

486 736 717 789 persona
747 722 958 776 Domini
1001 722 1274 776 dicentis:
1310 741 1328 772 ι
1372 721 1447 774 De
1479 734 1660 789 (manu
1691 717 1888 772 inl’erni
1945 717 2054 770 eri-

485 812 629 878 piam
659 825 772 878 eos,
801 820 854 865 et
885 814 950 867 de
980 823 1154 865 morte
1189 812 1430 865 liberabo
1455 787 1566 864 (eos
1593 810 1639 841 °‘
1675 824 1690 863 :
1728 828 1745 860 ι
1773 817 1867 862 aut
1913 818 2061 862 certe

486 901 632 978 quod
661 903 768 956 sint
797 904 1011 972 excepti
1053 902 1243 970 aliqui,
1279 911 1335 956 et
1355 902 1655 956 occultiore
1682 900 1939 971 mysterio
1967 899 2061 952 de-

489 993 820 1062 signati,qui
849 995 916 1046 ad
959 993 1374 1046 similitudinem
1425 992 1892 1058 praevaricationis
1933 990 2060 1042 Adae

489 1098 742 1151 peccasse
760 1095 1153 1145 memorantur,
1175 1085 1227 1137 in
1246 1098 1382 1152 quos
1405 1083 1549 1136 solos
1566 1081 1874 1147 regnaverit
1893 1095 2058 1133 mors.

489 1175 546 1227 Si
583 1188 711 1228 vero
735 1213 749 1234 .
787 1184 845 1227 ut
895 1174 946 1228 in
1005 1175 1284 1228 nonnullis
1337 1174 1744 1242 exemplaribus
1774 1172 2009 1226 habetur
2039 1213 2055 1236 ,

494 1280 514 1312 σ
543 1263 702 1316 etiam
730 1263 780 1315 in
809 1277 903 1318 eos
925 1263 1016 1333 qui
1045 1279 1149 1316 non
1177 1271 1535 1332 peccaverunt
1564 1264 1615 1316 in
1648 1262 2060 1316 similitudinem

491 1356 958 1424 praevaricationis
1005 1357 1155 1423 Adae,
1195 1377 1214 1410 ι
1249 1371 1398 1411 mors
1447 1357 1572 1418 ista.
1612 1357 1663 1410 id
1714 1365 1820 1417 est,
1858 1370 1977 1423 qua:
2009 1355 2060 1408 in

492 1447 705 1501 inferno
736 1449 946 1503 animas
977 1449 1281 1512 detinebat,
1331 1463 1592 1519 regnasse
1625 1447 1863 1512 dicatur,
1901 1447 2063 1500 intel-

491 1535 711 1605 ligimus
726 1545 782 1590 et
809 1547 1026 1590 sanctos
1059 1551 1303 1606 quosque
1329 1538 1428 1590 sub
1464 1537 1565 1590 ista
1601 1543 1795 1598 morte,
1829 1533 1992 1586 etiam
2015 1531 2062 1585 si

491 1642 598 1682 non
649 1629 930 1698 peccandi,
964 1637 1021 1680 at
1075 1639 1224 1683 certe
1273 1628 1540 1682 moriendi
1578 1627 1693 1696 lege
1740 1625 2060 1681 decidisse:

491 1721 767 1774 Chrismm
797 1735 925 1774 vero
954 1720 1156 1774 ideirco
1181 1721 1232 1774 iu
1255 1720 1524 1774 infernum
1550 1719 1918 1782 descendisse,
1956 1732 2060 1770 non

489 1811 745 1864 solumut
777 1812 891 1879 ipse
931 1826 1036 1864 non
1075 1821 1353 1866 teneretur
1385 1829 1413 1864 a
1447 1821 1646 1874 morte,
1673 1811 1766 1865 sed
1793 1819 1852 1864 ut
1879 1817 1935 1863 et
1967 1823 2062 1862 eos
2098 1785 2138 1840 Β

491 1903 582 1970 qui
620 1903 749 1955 inibi
781 1912 1018 1956 nontam
1048 1903 1532 1973 praevaricationis,
1574 1914 1635 1957 ut
1664 1904 1922 1964 diximus,
1955 1900 2064 1956 cri-

493 1989 658 2052 mine,
691 2004 854 2058 quam
902 1990 1171 2044 moriendi
1216 1989 1908 2054 conditiouehabebantur,
1933 1992 2060 2046 abs-

493 2080 736 2133 traheret
788 2079 902 2148 (88)
940 2099 953 2134 :
993 2081 1133 2134 sicut
1181 2080 1444 2149 scriptum
1498 2089 1628 2134 est:
1667 2079 1792 2148 quia
1837 2097 1855 2130 ι
1898 2081 2061 2133 umlta

493 2184 722 2238 corpora
757 2183 1068 2225 sanctorum
1098 2173 1481 2226 dormientium
1532 2181 1894 2225 surrexerunt
1942 2186 2062 2224 cum

491 2261 604 2328 illo,
635 2273 684 2316 et
728 2263 961 2332 ingressi
994 2275 1121 2318 sunt
1169 2264 1220 2316 in
1254 2273 1500 2317 sanctam
1541 2263 1818 2318 civitatem
1848 2264 1916 2315 ⁸³.
1951 2282 1969 2311 ι
2006 2263 2062 2317 In

489 2371 599 2422 quo
625 2366 680 2410 et
710 2347 992 2426 PrOphetaa
1013 2358 1155 2411 dicta
1180 2356 1525 2424 complentur
1545 2357 1743 2426 quibus
1764 2356 1839 2409 ait
1865 2353 1974 2423 (89)
1996 2353 2063 2408 de

491 2447 751 2502 Christo:
786 2467 805 2499 ‹
843 2448 1156 2503 Ascendens
1213 2449 1265 2502 in
1318 2447 1488 2500 altum
1524 2488 1539 2512 ,
1603 2447 1873 2515 captivam
1911 2447 2067 2500 duxit

492 2540 860 2609 captivitatem
883 2542 951 2592 9‘.
994 2559 1012 2592 ι
1046 2541 1110 2594 Et
1144 2541 1246 2594 hoc
1280 2541 1440 2594 modo
1474 2555 1569 2608 per
1605 2541 2063 2594 resurrectionem

493 2647 648 2686 suam
680 2632 870 2686 mortis
915 2632 1270 2702 quidem'jam
1309 2647 1470 2700 regna
1518 2631 1809 2696 destruxit,
1843 2632 1985 2685 unde
2010 2641 2066 2685 et

492 2722 866 2790 captivitatem
891 2723 1148 2776 scribitur
1173 2723 1459 2775 liberasse.
1494 2720 1674 2790 lpsunt
1707 2736 1839 2775 vero
1878 2721 2065 2775 inimi-

493 2829 614 2866 cum
645 2825 700 2868 et
734 2824 1051 2884 tyrannum,
1079 2813 1234 2884 cujus
1282 2828 1445 2882 regna
1475 2812 1722 2866 dissolvit
1755 2810 1891 2884 (90),
1937 2813 2063 2866 audi

494 2907 762 2974 quomodo
790 2907 936 2961 dicat
963 2906 1254 2975 Apostolus
1295 2905 1681 2960 destruendum
1710 2923 1725 2958 :
1763 2922 1783 2954 ι
1816 2897 2093 2958 Νονίεεί-’

495 3015 637 3063 mus,
678 3018 697 3050 ι
742 3001 933 3068 inquit,
978 3019 997 3052 ‹
1030 2999 1280 3053 inimicus
1305 2999 1616 3052 destruetur
1634 3012 1781 3051 mors
1805 2997 1872 3052 ’7.
1909 3016 1927 3048 ›
1958 2998 2063 3051 Βε-

494 3105 660 3159 gnutn
690 3107 819 3146 vero
843 3092 953 3160 jam
981 3092 1170 3145 mortis
1195 3091 1529 3146 destructum
1569 3100 1673 3151 est,
1702 3101 1757 3144 et
1781 3090 2065 3159 captivitas

495 3196 617 3250 qua:
655 3183 756 3235 sub
779 3197 841 3236 ea
886 3184 1171 3237 tenebatur
1218 3183 1447 3238 abducta
1481 3191 1583 3236 est.
1638 3181 1744 3236 Sed
1779 3181 1904 3252 quia
1956 3183 2069 3250 ipse

497 3275 748 3328 inimicus
773 3285 827 3329 et
857 3287 1119 3346 tyrannus
1160 3277 1340 3330 adhuc
1381 3276 1434 3329 in
1460 3275 1758 3330 novissiqu
1793 3287 1848 3330 et
1877 3277 1930 3330 in
1963 3276 2070 3331 line

497 3365 682 3420 saeculi
712 3366 1074 3422 destruendus
1099 3379 1184 3422 est
1207 3366 1345 3438 (9i),
1383 3367 1590 3422 idcirco
1619 3369 1786 3422 etiam
1814 3384 1957 3423 nunc
1992 3368 2072 3424 vi-

498 3463 687 3513 demus
706 3477 827 3516 eum
867 3478 971 3516 non
999 3471 1106 3516 tam
1135 3477 1387 3532 regnare,
1419 3478 1580 3530 quam
1613 3462 1925 3518 latrocinari
1955 3481 1970 3528 ;
2017 3473 2074 3518 et

498 3552 783 3619 depulsum
813 3568 1000 3619 regno,
1027 3569 1125 3622 per
1147 3554 1362 3608 deserta
1394 3565 1448 3607 et
1479 3555 1601 3607 avia
1639 3555 2070 3609 circumeuntem

498 3657 744 3709 qumrere
772 3644 876 3698 sibi
907 3644 1203 3698 infidelium
1237 3660 1457 3698 manum
1489 3664 1504 3712 ;
1549 3658 1599 3699 et
1633 3647 1757 3701 ideo
1803 3646 2073 3701 clamabat

499 3735 831 3802 Apostolus:
864 3754 882 3786 ι
913 3735 1030 3790 Non
1061 3751 1192 3807 ergo
1244 3749 1435 3808 regnet
1479 3749 1764 3808 peccatum
1799 3740 1852 3794 in
1886 3750 2073 3794 vestro

501 3826 716 3880 mortali
739 3842 966 3898 corpore
992 3830 1057 3882 ad
1085 3831 1454 3885 obedieudum
1487 3831 1780 3886 desideriis
1809 3831 1926 3900 ejus
1949 3831 2016 3884 ³⁸.
2045 3849 2064 3882 ο

501 3914 704 3968 Verum
741 3931 841 3973 nos
897 3921 1144 3974 contenti
1197 3923 1586 3990 perstrinxisse
1618 3925 1808 3991 paucis
1853 3938 1916 3977 ea
1949 3938 2071 3992 quae

499 4003 792 4071 Apostolus
823 4009 1034 4062 obtecta
1063 4009 1175 4080 (92)
1207 4026 1328 4065 esse
1359 4011 1545 4077 voluit,
1572 4013 1852 4080 sequentia
1889 4013 2074 4081 requic

501 4110 708 4150 ramus.
742 4096 966 4152 Addidit
997 4111 1117 4169 post
1155 4101 1310 4156 haec:
1349 4121 1366 4154 ι
1405 4102 1506 4168 Qui
1537 4114 1621 4158 est
1650 4104 1822 4158 forma
1845 4103 2069 4162 futuri.»

501 4188 655 4249 Quod
683 4190 896 4258 quidem
925 4194 1240 4262 ambiguum
1273 4196 1403 4250 mihi
1430 4197 1664 4261 videtur,
1699 4208 1881 4251 utrum
1910 4213 1976 4252 ex
2007 4214 2076 4253 eo

505 4289 744 4348 tempore
767 4297 872 4350 quo
905 4284 1019 4340 Ilth
1044 4287 1321 4342 scribebat
1351 4288 1660 4356 Apostolus,
1701 4287 1870 4342 Adam
1908 4289 2074 4346 futuri

505 4371 675 4426 forma
704 4375 924 4440 dicitur,
955 4379 1099 4446 quod
1129 4387 1212 4432 est
1263 4379 1444 4433 saeculi
1492 4379 1749 4445 venturi;
1787 4396 1855 4433 an
1906 4396 1937 4434 a
1991 4395 2079 4436 se-

2159 541 2290 582 saue
2321 527 2590 595 quomodo
2619 528 2742 596 quis
2769 528 2942 597 possit
2977 537 3032 582 et
3057 529 3565 596 praevaricationem
3591 529 3732 596 ejus,

2159 628 2216 672 et
2243 627 2546 688 peccatmn,
2576 627 2629 673 et
2661 620 2762 674 hoc
2792 620 2932 690 quod
2959 634 3110 673 mors
3141 619 3432 689 peripsum
3457 621 3512 674 in
3541 635 3733 676 omnes

2161 710 2412 764 homines
2449 712 2787 778 pertransiit,
2825 712 2877 764 in
2922 709 3151 764 formam
3185 709 3385 766 Christi
3425 720 3683 779 coaptare
3709 750 3731 777 ,

2161 805 2264 858 nisi
2294 803 2434 858 forte
2461 818 2527 857 ex
2553 803 2871 867 contrariis,
2903 813 2961 856 ut
2988 802 3131 855 idem
3163 804 3457 871 Apostolus
3485 804 3538 857 in
3573 818 3734 872 supe-

2162 898 2398 952 rioribus
2425 897 2668 967 exponit,
2693 912 2813 950 eum
2845 895 3005 950 dicit:
3038 913 3058 946 ι
3093 893 3244 948 Sicut
3273 896 3416 950 enim
3443 910 3540 964 per
3569 911 3733 950 unum

2163 991 2435 1045 hominem
2472 1005 2640 1055 mors,
2675 990 2746 1042 ita
2795 997 2852 1042 et
2881 1003 2976 1057 per
2997 1005 3170 1044 unum
3205 989 3538 1042 resurrectio
3583 1002 3736 1042 mor-

2165 1091 2378 1136 tuorum
2407 1082 2467 1147 ¹;
2515 1099 2534 1132 ι
2577 1093 2631 1136 et
2657 1082 2851 1135 iterum
2884 1099 2899 1135 :
2953 1098 2974 1132 α
3010 1081 3164 1135 Sicut
3213 1081 3361 1134 enim
3410 1095 3508 1149 per
3545 1081 3736 1136 inobe-

2164 1175 2423 1230 dientiam
2452 1173 2610 1228 unius
2646 1172 2884 1227 hominis
2929 1180 3247 1242 peccatores
3281 1171 3564 1226 constituti
3608 1177 3736 1225 sunt

2165 1265 2344 1329 multi,
2373 1267 2445 1320 ita
2471 1275 2524 1320 et
2552 1281 2649 1336 per
2683 1264 2840 1320 unius
2861 1265 3224 1319 obedientiam
3243 1264 3376 1332 justi
3402 1263 3737 1318 constituen-

2167 1367 2255 1410 tur
2277 1358 2428 1412 multi
2455 1359 2496 1410 ί.
2537 1378 2556 1409 ι
2591 1357 2644 1411 Si
2670 1371 2802 1411 vero
2833 1355 3199 1425 intelligamus
3221 1353 3536 1424 Apostolum
3564 1369 3593 1408 a
3620 1355 3737 1408 suis

2167 1449 2504 1518 temporibus
2537 1447 2736 1517 quibus
2805 1448 2923 1502 haec
2984 1446 3279 1508 scribebat,
3330 1445 3533 1500 dixisse
3561 1444 3733 1497 Adam

2166 1539 2332 1593 futuri
2361 1554 2483 1594 esse
2516 1537 2769 1603 formam,
2794 1537 2867 1591 ita
2895 1537 3068 1607 magis
3088 1536 3428 1605 intelligitur,
3454 1536 3597 1604 quod
3623 1536 3739 1590 sic-

2165 1642 2221 1686 ut
2294 1633 2345 1687 in
2398 1633 2500 1686 hoc
2536 1630 2732 1685 saeculo
2770 1645 2920 1684 mors
2947 1630 3194 1698 regnavit
3218 1644 3310 1698 per
3343 1645 3509 1684 umtm
3539 1627 3737 1696 Adam,

2166 1733 2219 1779 et
2269 1724 2503 1779 mortale
2541 1721 2794 1776 elTectum
2824 1730 2909 1775 est
2931 1722 3091 1774 oume
3114 1720 3394 1774 hominum
3429 1733 3619 1790 genus,
3661 1721 3736 1775 ita

2170 1827 2226 1871 et
2247 1819 2302 1872 in
2336 1816 2519 1870 futuro
2565 1812 2764 1869 saeculo
2806 1812 2917 1865 vita
2949 1812 3199 1880 regnabit
3229 1826 3323 1879 per
3352 1809 3646 1874 Christum,
3685 1819 3742 1866 et

2169 1908 2576 1963 immortalitate
2634 1905 2922 1962 donabitur
2991 1918 3154 1958 omne
3225 1904 3502 1957 hominum
3543 1919 3737 1972 genus.

2169 2000 2437 2056 Similiter
2468 2011 2646 2054 autetn
2679 2008 2739 2052 ut
2781 1998 2834 2052 in
2873 1997 2976 2050 hoc
3006 1994 3322 2063 ambiguum
3359 1994 3594 2047 diximus
3619 2007 3742 2048 esse

2168 2107 2471 2148 sermonem
2502 2108 2610 2162 quo
2661 2093 2756 2153 ait,
2789 2109 2808 2142 ‹
2845 2089 2946 2156 Qui
2979 2096 3063 2142 est
3112 2086 3282 2141 forma
3317 2084 3485 2138 fut-uri
3513 2085 3552 2149 ³,
3599 2104 3616 2132 ι
3652 2085 3739 2138 ἰη-

2168 2184 2414 2237 venimus
2439 2192 2496 2235 et
2540 2183 2605 2235 ad
2647 2182 3000 2236 Colossenses
3058 2176 3310 2246 ambigue
3335 2175 3617 2244 scriptum,
3650 2175 3741 2228 ubi

2168 2273 2303 2328 dicit
2335 2289 2348 2325 :
2397 2291 2416 2324 t
2449 2271 2564 2326 Non
2590 2286 2722 2339 ergo
2770 2284 2870 2326 vos
2910 2268 3118 2337 judicet
3169 2267 3455 2335 quisquam
3485 2266 3537 2318 in
3571 2263 3697 2318 cibo
3723 2300 3742 2329 ,

2171 2375 2263 2419 aut
2292 2367 2343 2420 in
2379 2375 2528 2434 potu,
2563 2373 2656 2418 aut
2684 2365 2736 2419 in
2766 2373 2922 2434 parte
2959 2361 3062 2418 diei
3090 2360 3236 2422 festi.
3271 2367 3365 2414 aut
3395 2356 3694 2412 neomeniis
3721 2393 3741 2420 ,

2171 2457 2532 2512 autSabbatis
2557 2497 2573 2522 ,
2621 2471 2741 2527 qua:
2774 2464 2906 2511 sunt
2961 2457 3150 2511 umbra
3201 2455 3506 2508 futurorum
3530 2452 3574 2509 ‘.
3615 2469 3634 2503 ι
3673 2451 3741 2504 Et

2171 2548 2299 2601 item
2326 2549 2452 2602 alibi
2485 2547 2624 2603 idem
2668 2549 2961 2618 Apostolus
2995 2548 3128 2603 dicit
3165 2567 3179 2601 :
3231 2565 3250 2598 ε
3311 2544 3564 2600 Umbram
3593 2543 3744 2598 enim

2172 2639 2332 2694 habet
2361 2641 2442 2693 lex
2480 2641 2742 2695 bonorum
2771 2639 3077 2695 futurorum
3102 2639 3146 2694 '.
3187 2658 3206 2690 ι
3243 2639 3300 2692 ln
3325 2637 3522 2706 quibus
3550 2636 3741 2704 utique

2171 2732 2363 2787 similis
2400 2730 2667 2786 dubitatio
2689 2732 2801 2801 (93)
2835 2741 2943 2796 est,
2966 2740 3145 2784 utrum
3177 2731 3354 2795 cibus,
3386 2736 3440 2782 et
3467 2735 3652 2794 potus,
3685 2735 3742 2780 et

2171 2825 2286 2878 dies
2316 2824 2459 2892 festi,
2481 2833 2536 2878 et
2559 2825 2878 2888 neomeniaa,
2905 2832 2960 2877 et
2976 2823 3236 2884 Sabbata,
3257 2821 3330 2874 ita
3360 2819 3598 2875 habeant
3624 2834 3743 2872 um-

2171 2917 2325 2970 bram
2351 2917 2677 2978 l‘nturorum,
2711 2927 2768 2969 ut
2794 2916 2848 2970 iu
2887 2917 3122 2970 adventu
3150 2915 3353 2969 Christi
3387 2914 3589 2968 veritas
3620 2927 3742 2966 um-

2174 3007 2282 3060 brae
2305 3006 2472 3075 ipsius
2503 3005 2795 3074 adimpleta
2841 3004 2943 3071 sit;
2985 3019 3053 3057 an
3102 3003 3157 3057 in
3207 3001 3389 3056 futuro
3419 2999 3620 3055 saeculo
3672 2999 3745 3050 sit

2170 3094 2461 3165 implenda.
2490 3094 2596 3149 Sed
2625 3104 2678 3148 et
2706 3094 2848 3163 quod
2872 3093 3002 3147 dicit
3029 3090 3341 3162 Apostolus,
3365 3097 3534 3143 totam
3564 3087 3740 3158 legem

2174 3186 2419 3240 umbram
2456 3185 2659 3240 habere
2691 3185 2997 3239 futurorum
3031 3183 3322 3244 bonorum,
3352 3191 3535 3234 utrum
3561 3179 3614 3232 itt
3645 3178 3745 3232 ad-

2172 3286 2334 3331 ventu
2369 3277 2592 3344 Christi,
2623 3292 2690 3330 an
2721 3277 2774 3330 in
2811 3274 2993 3329 futuro
3017 3272 3214 3329 saeculo
3239 3272 3447 3327 umbra:
3475 3271 3630 3324 istius
3648 3284 3747 3323 ex-

2172 3369 2366 3440 plenda
2405 3370 2477 3422 sit
2509 3369 2735 3432 veritas,
2798 3369 3068 3422 incertum
3125 3373 3208 3420 est
3248 3381 3264 3431 ;
3317 3363 3444 3432 quia
3468 3371 3524 3417 et
3553 3361 3607 3414 in
3636 3359 3744 3414 alio

2175 3459 2292 3515 loco
2316 3460 2578 3516 scribitur
2610 3461 2778 3530 etiam
2804 3459 2871 3513 de
2905 3457 2992 3511 his
3019 3469 3139 3523 qua:
3162 3455 3262 3510 sub
3283 3453 3399 3524 lege
3425 3463 3574 3517 sunt,
3602 3450 3748 3520 quod

2173 3551 2364 3608 formae
2397 3562 2453 3607 et
2483 3553 2690 3607 umbrae
2723 3551 3040 3606 deserviant
3060 3547 3361 3603 otelestium
3399 3546 3441 3600 ⁸.
3485 3543 3588 3610 Qui
3617 3560 3748 3615 ergo

2175 3644 2290 3698 vult
2343 3653 2588 3698 astruere
2655 3644 2799 3712 quod
2834 3643 2887 3696 in
2941 3639 3178 3695 adventu
3223 3640 3428 3695 Christi
3459 3640 3560 3693 ista
3595 3653 3748 3692 com-

2175 3737 2316 3806 pleta
2349 3737 2479 3800 sint,
2511 3737 2616 3791 cibi
2641 3747 2695 3789 et
2715 3744 2874 3805 potus
2912 3734 3152 3788 rationes
3181 3732 3530 3788 conllrmabit
3555 3730 3748 3799 exple-

2180 3839 2262 3884 tas
2294 3829 2346 3882 in
2375 3842 2442 3883 eo
2477 3827 2568 3881 ubi
2629 3825 2826 3881 Petrus
2859 3839 2954 3894 per
3010 3823 3278 3879 visionem
3307 3823 3442 3876 vidit
3474 3823 3525 3876 iu
3582 3822 3750 3878 linteo

2175 3936 2337 3976 omne
2375 3935 2546 3989 genus
2578 3919 2891 3974 animalium
2945 3919 3162 3987 deponi,
3194 3925 3248 3972 et
3277 3917 3483 3970 audivit
3514 3932 3701 3970 vocem
3731 3934 3747 3971 :

2183 4033 2202 4066 ‹
2227 4011 2382 4079 Quod
2418 4016 2556 4070 Dens
2577 4012 2880 4079 mundavit,
2911 4021 2966 4066 tu
2995 4026 3283 4066 commune
3313 4025 3381 4065 ne
3412 4011 3621 4065 dixeris
3641 4011 3661 4042 '
3694 4027 3743 4066 ε»

2176 4114 2322 4180 quod
2353 4111 2419 4164 ad
2444 4107 2688 4161 diversos
2727 4105 2915 4174 utique
2950 4105 3225 4158 hominum
3250 4101 3412 4172 552
3440 4117 3620 4157 mores
3644 4118 3747 4171 _re-

2179 4203 2352 4257 fertur
2381 4218 2394 4254 :
2421 4209 2475 4254 et
2505 4196 2755 4268 poculum
2777 4197 2922 4250 dicet
2962 4210 3085 4251 esse
3138 4194 3364 4249 calicem
3395 4195 3527 4248 Novi
3555 4193 3751 4248 Testa-

2178 4294 2343 4348 menti
2373 4309 2387 4348 :
2416 4292 2557 4346 diem
2591 4303 2808 4360 quoque
2835 4285 3034 4341 festum
3053 4286 3328 4357 probabit,
3356 4285 3448 4340 ubi
3489 4301 3510 4336 ι
3548 4285 3750 4354 pascha

2177 4393 2421 4438 nostrum
2453 4381 2764 4436 immolatus
2789 4387 2874 4434 est
2901 4377 3159 4433 Christus
3181 4377 3225 4443 ⁸,
3257 4394 3276 4428 ι
3312 4385 3369 4430 et
3398 4376 3538 4430 diem
3555 4373 3751 4429 festum

507 4462 759 4531 tuetipso,
786 4466 838 4520 id
863 4475 966 4532 est,
1005 4469 1071 4523 ab
1103 4469 1274 4523 Adam
1297 4467 1488 4536 futuri,
1525 4481 1584 4526 ut
1628 4475 1682 4526 in
1711 4472 1932 4527 Christo
1982 4487 2073 4527 ac—
2101 4477 2151 4536 D
2176 4475 2514 4531 celebramus
2538 4492 2556 4525 ι
2585 4488 2692 4528 non
2721 4473 2773 4526 in
2805 4470 3069 4526 fermento
3097 4468 3292 4533 veteri,
3319 4470 3414 4524 sed
3445 4468 3500 4521 in
3541 4469 3749 4538 azymis

501 4557 740 4624 cipiatur
773 4580 784 4613 :
815 4561 959 4626 quod
987 4568 1198 4630 tempus
1236 4564 1498 4632 Apostolo
1551 4563 1667 4619 haec
1703 4564 1962 4618 scribenti
1994 4563 2077 4617 [ιι-

508 4657 683 4701 turum
711 4664 818 4704 non
851 4661 990 4716 erat,
1018 4655 1110 4708 sed
1144 4656 1479 4722 praeteritum
1505 4657 1790 4725 :quamvis
1817 4656 1954 4725 etin
1972 4654 2077 4708 alio

505 4739 622 4795 loco
642 4757 766 4796 cum
799 4744 866 4798 de
899 4745 1065 4798 Adam
1098 4757 1154 4801 et
1177 4749 1288 4802 Eva
1330 4748 1646 4818 loqueretur
1677 4751 1818 4803 idem
1841 4734 2077 4816 'Aposto-

506 4829 607 4895 lus,
639 4833 835 4889 dixerit
862 4853 878 4890 :
910 4853 928 4886 ι
963 4837 1274 4908 Mysterium
1308 4841 1408 4895 hoc
1434 4857 1686 4912 magnum
1709 4849 1792 4896 est
1819 4859 1833 4895 :
1865 4855 1962 4910 ego
1983 4854 2080 4894 au-

508 4935 612 4978 tem
645 4928 764 4981 dico
795 4929 847 4981 in
885 4929 1107 4986 Christo
1129 4941 1185 4986 et
1219 4932 1271 4986 iu
1301 4932 1541 4988 Ecclesia
1571 4934 1657 4998 ὀς
1691 4952 1710 4986 ι
1750 4935 1801 4988 in
1853 4948 1962 5002 quo
1997 4933 2078 4986 vi-

505 5014 662 5068 detur
688 5017 789 5072 hoc
839 5022 1012 5091 magis
1069 5024 1228 5078 nobis
1261 5023 1327 5078 ad
1380 5023 1787 5094 intelligendum
1821 5023 2033 5078 dedisse
2057 5061 2075 5087 ,

506 5110 650 5173 quod
683 5109 854 5165 forma
886 5112 1052 5169 futuri
1104 5116 1320 5170 dicatur
1349 5117 1523 5171 Adam
1555 5119 1606 5170 in
1637 5131 1703 5172 eo
1726 5117 1872 5186 quod
1905 5116 2076 5170 adve-

579 5248 626 5281 9⁵
651 5247 790 5301 Osee
821 5264 916 5302 xttt
941 5288 958 5313 ,
997 5250 1083 5303 M.

507 5319 553 5351 "
581 5319 774 5386 Ephes.
809 5336 861 5381 v,
898 5321 984 5373 δὲ.
1068 5323 1083 5351 ¹
1116 5319 1136 5374 1
1166 5321 1291 5376 Cor.
1325 5337 1412 5384 xv,
1438 5323 1528 5377 2i.

509 5406 642 5453 vut,
685 5390 739 5443 5.
815 5391 834 5420 ⁷
879 5391 1002 5445 Act.
1033 5407 1107 5454 x,
1143 5390 1230 5446 15.
1306 5390 1328 5421 ⁸
1372 5393 1388 5444 I
1435 5392 1560 5445 Cor.
1598 5391 1728 5453 v.7.
1803 5393 1822 5423 ’
1862 5392 1992 5446 ibid.
2025 5390 2080 5444 8.

581 5485 694 5553 (87)
726 5485 864 5538 Dici.
898 5485 952 5538 In
980 5497 1135 5540 antea
1169 5485 1330 5541 editis
1350 5486 1642 5539 omittitur.

583 5556 693 5624 (88)
726 5557 1082 5610 Abstraherel.
1116 5555 1208 5610 Sic
1237 5558 1444 5610 rectius
1475 5555 1753 5611 Rabauus.
1784 5555 1924 5610 Editi
1952 5570 2079 5610 vero

508 5638 566 5679 et
592 5641 720 5678 mss.
761 5625 955 5689 ucstri,
997 5645 1014 5676 ι
1051 5625 1376 5682 absolveret.
1411 5645 1430 5678 ι

584 5693 696 5764 (89)
731 5695 894 5760 Editi,
927 5713 944 5746 t
981 5697 1071 5765 qui
1108 5698 1204 5749 ait.
1241 5715 1260 5748 ι

582 5765 695 5831 (90)
732 5766 893 5832 Editi,
932 5785 950 5815 ‹
993 5767 1380 5824 dissolvuntur.
1422 5786 1440 5820 ι
1475 5765 1679 5823 Deinde
1734 5783 1835 5824 ms.
1885 5783 2024 5823 unus
2057 5804 2071 5828 .

2179 4565 2514 4620 sinceritatis
2539 4573 2595 4619 et
2629 4563 2877 4617 veritatis
2897 4561 2941 4615 ’.
2987 4577 3006 4611 ι
3036 4559 3300 4615 Similiter
3323 4569 3380 4614 et
3407 4559 3750 4622 neomenias,

2183 4659 2286 4712 hoc
2311 4665 2394 4711 est
2428 4671 2600 4710 novos
2646 4669 2858 4708 menses
2882 4652 2996 4706 ﬁeri
3031 4653 3281 4705 ostendet
3333 4666 3430 4720 per
3473 4650 3750 4706 Christum

2185 4749 2362 4803 Solem
2385 4747 2612 4818 justitice
2637 4746 2702 4812 ¹⁰,
2733 4756 2787 4798 et
2811 4746 3084 4813 apostolos
3099 4743 3265 4814 jejus.
3296 4742 3403 4798 Sed
3436 4751 3490 4797 et
3508 4742 3752 4798 Sabbata

2183 4841 2460 4894 observari
2485 4838 2720 4905 docebit,
2749 4854 2853 4892 non
2881 4840 3147 4906 portando
3172 4851 3340 4891 onera
3378 4836 3614 4904 peccati,
3661 4836 3758 4890 sed

2183 4935 2376 4987 stando
2403 4945 2840 5000 unumquemque
2866 4931 3135 4986 stabiliter
3164 4933 3215 4983 in
3243 4930 3362 4984 loco
3390 4944 3510 4994 suo,
3529 4945 3635 4982 non
3663 4942 3755 4981 ac-

2183 5021 2501 5075 cendentem
2533 5020 2712 5088 ignem
2743 5019 2806 5084 “,
2838 5020 2906 5072 de
2937 5033 3044 5086 quo
3066 5031 3158 5084 per
3181 5017 3497 5085 prophetam
3529 5015 3750 5069 dicitur:

2189 5131 2207 5164 ι
2244 5112 2319 5166 lte
2353 5112 2405 5165 in
2434 5111 2637 5166 lumine
2684 5111 2825 5181 ignis
2871 5111 3070 5173 vestri,
3113 5118 3168 5162 et
3209 5106 3441 5163 (lamnae
3469 5121 3633 5176 quam
3665 5121 3756 5160 ac-

1188 5251 1234 5282 ”
1281 5250 1468 5304 Matth.
1503 5267 1651 5304 xxvtt
1678 5293 1693 5314 ,
1735 5250 1806 5304 52
1835 5289 1850 5308 .
1909 5249 1998 5304 55.

2171 5245 2298 5301 ?sal.
2333 5259 2505 5314 vatt,
2531 5242 2620 5314 19.
2696 5242 2740 5274 ³⁷
2773 5241 2794 5294 1
2827 5241 2953 5314 cor.
2988 5239 3192 5314 xv#,_2_6.
3265 5238 3313 5271 ⁸⁸
3345 5238 3502 5314 Rom.
3545 5253 3631 5314 ‘vt,
3669 5237 3754 5314 l2.

1603 5322 1622 5351 ²
1654 5310 1808 5374 [ξοιη.
1843 5337 1896 5384 v,
1937 5323 2024 5374 lt).
2101 5319 2122 5351 ³
2155 5317 2284 5372 ibid.
2337 5315 2417 5370 14.
2493 5313 2515 5344 ⁴
2539 5313 2748 5368 Coloss.
2783 5328 2846 5377 ll,
2883 5311 2968 5365 l6.
3044 5312 3066 5342 ⁸
3092 5311 3256 5364 Hebr.
3299 5325 3332 5362 x
3358 5349 3372 5373 ,
3413 5310 3464 5361 l.

1603 5408 1649 5440 ν.
1676 5391 1728 5440 7.
1803 5393 1822 5423 ³
1862 5392 1992 5440 ibid.
2025 5390 2080 5440 8.
2159 5391 2200 5421 ¹⁰
2235 5387 2462 5440 Malach.
2520 5401 2573 5439 tv
2597 5424 2615 5440 .
2669 5383 2724 5437 ‘2.
2805 5385 2844 5414 “
2877 5381 3049 5438 Exod.
3082 5396 3167 5434 xvt
3192 5421 3207 5440 ,
3233 5379 3340 5440 29;
3371 5394 3464 5434 xx:

2288 5401 2462 5440 atacn.
2520 5401 2615 5450 tv,
2669 5401 2724 5437 κ.

3541 5309 3562 5340 ⁸
3591 5308 3757 5363 Hebr.

2805 5385 2844 5414 “
2877 5381 3049 5438 Exod.
3082 5396 3167 5434 xvt
3192 5421 3207 5447 ,
3233 5379 3340 5446 29;
3371 5394 3536 5446 xxxv,
3562 5377 3619 5434 '5.

2192 5503 2212 5536 ί
2247 5483 2370 5538 audi
2399 5483 2618 5549 quando
2646 5482 2790 5534 dicat
2821 5478 3136 5548 Apostolus,
3171 5497 3189 5530 ι
3225 5489 3332 5534 etc.

2261 5552 2372 5624 (9!)
2407 5552 2543 5624 Est,
2568 5551 2726 5624 Deest
2742 5551 2806 5624 _iu
2839 5550 3021 5602 editis.

2260 5617 2372 5694 (92)
2407 5623 2572 5688 ΕιΙῘιῘ,
2616 5641 2635 5673 t
2666 5619 2911 5694 objecta,
2945 5637 2962 5668 ι
2998 5617 3153 5674 male.

2260 5691 2368 5767 (95)
2396 5695 2555 5761 Editi,
2596 5711 2613 5745 ι
2653 5691 2972 5761 disputatio.
3006 5706 3026 5742 ι
