  <div class='ocr_page' id='page_1' title='image "/cluster/home/n/w/nwhite01/storage/ocr_20150623/14:no.4/coo.31924054872928/522.png"; bbox 0 0 4170 6398; ppageno 0'>
   <div class='ocr_carea' id='block_1_1' title="bbox 424 331 555 387">
    <p class='ocr_par' dir='ltr' id='par_1_1' title="bbox 424 331 555 387">
     <span class='ocr_line' id='line_1_1' title="bbox 424 331 555 387; baseline -0.023 0"><span class='ocrx_word' id='word_1_1' title='bbox 424 331 555 387; x_wconf 63' lang='grc'><strong>1091</strong></span> 
     </span>
    </p>
   </div>
   <div class='ocr_carea' id='block_1_2' title="bbox 1426 329 2717 397">
    <p class='ocr_par' dir='ltr' id='par_1_2' title="bbox 1426 329 2717 397">
     <span class='ocr_line' id='line_1_2' title="bbox 1426 329 2717 397; baseline 0.006 -11"><span class='ocrx_word' id='word_1_2' title='bbox 1426 329 1738 386; x_wconf 71' lang='grc' dir='ltr'><strong>ΟΜΜΕΝΤ.</strong></span> <span class='ocrx_word' id='word_1_3' title='bbox 1784 330 1851 387; x_wconf 86' lang='grc' dir='ltr'><strong>ΙΝ</strong></span> <span class='ocrx_word' id='word_1_4' title='bbox 1891 330 2111 389; x_wconf 79' lang='lat' dir='ltr'><strong>EPIST.</strong></span> <span class='ocrx_word' id='word_1_5' title='bbox 2151 339 2245 393; x_wconf 86' lang='lat' dir='ltr'><strong>AD</strong></span> <span class='ocrx_word' id='word_1_6' title='bbox 2280 339 2450 397; x_wconf 81' lang='lat' dir='ltr'><strong>ROM.</strong></span> <span class='ocrx_word' id='word_1_7' title='bbox 2485 339 2611 396; x_wconf 66' lang='grc' dir='ltr'><strong>ΠΒ.</strong></span> <span class='ocrx_word' id='word_1_8' title='bbox 2649 337 2717 394; x_wconf 68' lang='grc' dir='ltr'><strong>Υ.</strong></span> 
     </span>
    </p>
   </div>
   <div class='ocr_carea' id='block_1_3' title="bbox 3538 336 3680 390">
    <p class='ocr_par' dir='ltr' id='par_1_3' title="bbox 3538 336 3680 390">
     <span class='ocr_line' id='line_1_3' title="bbox 3538 336 3680 390; baseline 0 0"><span class='ocrx_word' id='word_1_9' title='bbox 3538 337 3560 390; x_wconf 76' lang='grc'><strong>1</strong></span> <span class='ocrx_word' id='word_1_10' title='bbox 3573 336 3680 390; x_wconf 71' lang='lat'><strong>0‘22</strong></span> 
     </span>
    </p>
   </div>
   <div class='ocr_carea' id='block_1_4' title="bbox 419 442 3680 525">
    <p class='ocr_par' dir='ltr' id='par_1_4' title="bbox 419 442 3680 525">
     <span class='ocr_line' id='line_1_4' title="bbox 419 442 3680 525; baseline 0.003 -25"><span class='ocrx_word' id='word_1_11' title='bbox 419 443 688 500; x_wconf 87' lang='lat' dir='ltr'><strong>cendistis</strong></span> <span class='ocrx_word' id='word_1_12' title='bbox 712 442 868 499; x_wconf 85' lang='lat' dir='ltr'><strong>vobis</strong></span> <span class='ocrx_word' id='word_1_13' title='bbox 899 444 964 498; x_wconf 80' lang='lat'><strong>&quot;.</strong></span> <span class='ocrx_word' id='word_1_14' title='bbox 1004 461 1024 496; x_wconf 71' lang='grc' dir='ltr'><strong>ι</strong></span> <span class='ocrx_word' id='word_1_15' title='bbox 1061 442 1213 498; x_wconf 83' lang='lat' dir='ltr'><strong>Alius</strong></span> <span class='ocrx_word' id='word_1_16' title='bbox 1238 458 1368 499; x_wconf 88' lang='lat' dir='ltr'><strong>vero</strong></span> <span class='ocrx_word' id='word_1_17' title='bbox 1407 446 1502 514; x_wconf 89' lang='lat' dir='ltr'><strong>qui</strong></span> <span class='ocrx_word' id='word_1_18' title='bbox 1553 445 1759 504; x_wconf 79' lang='lat' dir='ltr'><strong>formas</strong></span> <span class='ocrx_word' id='word_1_19' title='bbox 1789 449 1924 504; x_wconf 81' lang='lat' dir='ltr'><strong>istas</strong></span> <span class='ocrx_word' id='word_1_20' title='bbox 1947 459 2002 504; x_wconf 91' lang='lat' dir='ltr'><strong>et</strong></span> <span class='ocrx_word' id='word_1_21' title='bbox 2027 453 2077 508; x_wconf 84' lang='lat' dir='ltr'><strong>A</strong></span> <span class='ocrx_word' id='word_1_22' title='bbox 2101 470 2292 511; x_wconf 82' lang='lat' dir='ltr'><strong>omnes</strong></span> <span class='ocrx_word' id='word_1_23' title='bbox 2321 474 2333 509; x_wconf 93' lang='lat'><strong>:</strong></span> <span class='ocrx_word' id='word_1_24' title='bbox 2365 464 2423 511; x_wconf 92' lang='lat' dir='ltr'><strong>ut</strong></span> <span class='ocrx_word' id='word_1_25' title='bbox 2452 457 2596 512; x_wconf 89' lang='lat' dir='ltr'><strong>sicut</strong></span> <span class='ocrx_word' id='word_1_26' title='bbox 2638 469 2786 510; x_wconf 90' lang='lat' dir='ltr'><strong>mors</strong></span> <span class='ocrx_word' id='word_1_27' title='bbox 2812 469 2912 525; x_wconf 88' lang='lat' dir='ltr'><strong>per</strong></span> <span class='ocrx_word' id='word_1_28' title='bbox 2942 469 3110 510; x_wconf 86' lang='lat' dir='ltr'><strong>unum</strong></span> <span class='ocrx_word' id='word_1_29' title='bbox 3143 465 3469 525; x_wconf 84' lang='lat' dir='ltr'><strong>regnaverat</strong></span> <span class='ocrx_word' id='word_1_30' title='bbox 3495 455 3548 508; x_wconf 90' lang='lat' dir='ltr'><strong>in</strong></span> <span class='ocrx_word' id='word_1_31' title='bbox 3584 456 3680 510; x_wconf 85' lang='lat' dir='ltr'><strong>dc-</strong></span> 
     </span>
    </p>
   </div>
   <div class='ocr_carea' id='block_1_5' title="bbox 422 532 2003 605">
    <p class='ocr_par' dir='ltr' id='par_1_5' title="bbox 422 532 2003 605">
     <span class='ocr_line' id='line_1_5' title="bbox 422 532 2003 605; baseline 0.004 -18"><span class='ocrx_word' id='word_1_32' title='bbox 422 535 669 588; x_wconf 85' lang='lat' dir='ltr'><strong>umbram</strong></span> <span class='ocrx_word' id='word_1_33' title='bbox 696 532 832 604; x_wconf 80' lang='lat' dir='ltr'><strong>legis</strong></span> <span class='ocrx_word' id='word_1_34' title='bbox 854 534 920 587; x_wconf 92' lang='lat' dir='ltr'><strong>ad</strong></span> <span class='ocrx_word' id='word_1_35' title='bbox 947 532 1187 587; x_wconf 86' lang='lat' dir='ltr'><strong>lnturum</strong></span> <span class='ocrx_word' id='word_1_36' title='bbox 1215 533 1474 589; x_wconf 63' lang='lat' dir='ltr'><strong>saxulum</strong></span> <span class='ocrx_word' id='word_1_37' title='bbox 1506 537 1789 605; x_wconf 87' lang='lat' dir='ltr'><strong>transfert,</strong></span> <span class='ocrx_word' id='word_1_38' title='bbox 1816 548 1870 594; x_wconf 90' lang='lat' dir='ltr'><strong>et</strong></span> <span class='ocrx_word' id='word_1_39' title='bbox 1899 541 2003 594; x_wconf 54' lang='lat' dir='ltr'><strong>mi.-</strong></span> 
     </span>
    </p>
   </div>
   <div class='ocr_carea' id='block_1_6' title="bbox 423 625 2000 702">
    <p class='ocr_par' dir='ltr' id='par_1_6' title="bbox 423 625 2000 702">
     <span class='ocr_line' id='line_1_6' title="bbox 423 625 2000 702; baseline 0.004 -23"><span class='ocrx_word' id='word_1_40' title='bbox 423 627 774 680; x_wconf 90' lang='lat' dir='ltr'><strong>nisteriorum</strong></span> <span class='ocrx_word' id='word_1_41' title='bbox 800 625 1102 680; x_wconf 77' lang='lat' dir='ltr'><strong>ccelestium</strong></span> <span class='ocrx_word' id='word_1_42' title='bbox 1130 626 1230 680; x_wconf 88' lang='lat' dir='ltr'><strong>has</strong></span> <span class='ocrx_word' id='word_1_43' title='bbox 1267 639 1388 681; x_wconf 84' lang='lat' dir='ltr'><strong>esse</strong></span> <span class='ocrx_word' id='word_1_44' title='bbox 1409 629 1559 683; x_wconf 88' lang='lat' dir='ltr'><strong>ducit</strong></span> <span class='ocrx_word' id='word_1_45' title='bbox 1580 629 1696 702; x_wconf 79' lang='grc'><strong>(94)</strong></span> <span class='ocrx_word' id='word_1_46' title='bbox 1732 631 2000 702; x_wconf 78' lang='lat' dir='ltr'><strong>imagines</strong></span> 
     </span>
    </p>
   </div>
   <div class='ocr_carea' id='block_1_7' title="bbox 423 716 2000 788">
    <p class='ocr_par' dir='ltr' id='par_1_7' title="bbox 423 716 2000 788">
     <span class='ocr_line' id='line_1_7' title="bbox 423 716 2000 788; baseline 0.004 -16"><span class='ocrx_word' id='word_1_47' title='bbox 423 719 477 772; x_wconf 91' lang='lat' dir='ltr'><strong>in</strong></span> <span class='ocrx_word' id='word_1_48' title='bbox 530 717 618 771; x_wconf 90' lang='lat' dir='ltr'><strong>illa</strong></span> <span class='ocrx_word' id='word_1_49' title='bbox 679 717 887 773; x_wconf 71' lang='lat' dir='ltr'><strong>caelesti</strong></span> <span class='ocrx_word' id='word_1_50' title='bbox 932 716 1232 773; x_wconf 83' lang='lat' dir='ltr'><strong>Jerusalem</strong></span> <span class='ocrx_word' id='word_1_51' title='bbox 1279 719 1651 788; x_wconf 84' lang='lat' dir='ltr'><strong>complendas,</strong></span> <span class='ocrx_word' id='word_1_52' title='bbox 1688 722 1758 777; x_wconf 94' lang='lat' dir='ltr'><strong>de</strong></span> <span class='ocrx_word' id='word_1_53' title='bbox 1787 723 1914 778; x_wconf 93' lang='lat' dir='ltr'><strong>cibo</strong></span> <span class='ocrx_word' id='word_1_54' title='bbox 1945 731 2000 780; x_wconf 90' lang='lat' dir='ltr'><strong>et</strong></span> 
     </span>
    </p>
   </div>
   <div class='ocr_carea' id='block_1_8' title="bbox 420 809 2002 884">
    <p class='ocr_par' dir='ltr' id='par_1_8' title="bbox 420 809 2002 884">
     <span class='ocr_line' id='line_1_8' title="bbox 420 809 2002 884; baseline 0.006 -22"><span class='ocrx_word' id='word_1_55' title='bbox 420 817 549 879; x_wconf 86' lang='lat' dir='ltr'><strong>potu</strong></span> <span class='ocrx_word' id='word_1_56' title='bbox 579 809 866 863; x_wconf 86' lang='lat' dir='ltr'><strong>conabitur</strong></span> <span class='ocrx_word' id='word_1_57' title='bbox 902 811 1186 880; x_wconf 89' lang='lat' dir='ltr'><strong>assignare</strong></span> <span class='ocrx_word' id='word_1_58' title='bbox 1229 815 1528 866; x_wconf 89' lang='lat' dir='ltr'><strong>secundum</strong></span> <span class='ocrx_word' id='word_1_59' title='bbox 1560 829 1623 868; x_wconf 88' lang='lat' dir='ltr'><strong>ea</strong></span> <span class='ocrx_word' id='word_1_60' title='bbox 1659 829 1782 884; x_wconf 69' lang='lat' dir='ltr'><strong>quae</strong></span> <span class='ocrx_word' id='word_1_61' title='bbox 1813 816 2002 870; x_wconf 83' lang='lat' dir='ltr'><strong>Domi-</strong></span> 
     </span>
    </p>
   </div>
   <div class='ocr_carea' id='block_1_9' title="bbox 423 899 1997 962">
    <p class='ocr_par' dir='ltr' id='par_1_9' title="bbox 423 899 1997 962">
     <span class='ocr_line' id='line_1_9' title="bbox 423 899 1997 962; baseline 0.006 -10"><span class='ocrx_word' id='word_1_62' title='bbox 423 915 526 954; x_wconf 89' lang='lat' dir='ltr'><strong>nus</strong></span> <span class='ocrx_word' id='word_1_63' title='bbox 558 899 690 954; x_wconf 90' lang='lat' dir='ltr'><strong>dicit</strong></span> <span class='ocrx_word' id='word_1_64' title='bbox 715 900 799 954; x_wconf 77' lang='lat' dir='ltr'><strong>&quot;z</strong></span> <span class='ocrx_word' id='word_1_65' title='bbox 842 918 861 951; x_wconf 76' lang='grc' dir='ltr'><strong>ι</strong></span> <span class='ocrx_word' id='word_1_66' title='bbox 898 902 1080 956; x_wconf 85' lang='lat' dir='ltr'><strong>Donec</strong></span> <span class='ocrx_word' id='word_1_67' title='bbox 1113 900 1294 957; x_wconf 86' lang='lat' dir='ltr'><strong>bibam</strong></span> <span class='ocrx_word' id='word_1_68' title='bbox 1325 903 1455 956; x_wconf 90' lang='lat' dir='ltr'><strong>illud</strong></span> <span class='ocrx_word' id='word_1_69' title='bbox 1487 920 1685 959; x_wconf 87' lang='lat' dir='ltr'><strong>novum</strong></span> <span class='ocrx_word' id='word_1_70' title='bbox 1721 907 1997 962; x_wconf 84' lang='lat' dir='ltr'><strong>vobiscum</strong></span> 
     </span>
    </p>
   </div>
   <div class='ocr_carea' id='block_1_10' title="bbox 423 989 1998 1059">
    <p class='ocr_par' dir='ltr' id='par_1_10' title="bbox 423 989 1998 1059">
     <span class='ocr_line' id='line_1_10' title="bbox 423 989 1998 1059; baseline 0.005 -16"><span class='ocrx_word' id='word_1_71' title='bbox 423 991 478 1044; x_wconf 92' lang='lat' dir='ltr'><strong>in</strong></span> <span class='ocrx_word' id='word_1_72' title='bbox 511 1005 678 1059; x_wconf 83' lang='lat' dir='ltr'><strong>regno</strong></span> <span class='ocrx_word' id='word_1_73' title='bbox 702 990 880 1045; x_wconf 90' lang='lat' dir='ltr'><strong>Patris</strong></span> <span class='ocrx_word' id='word_1_74' title='bbox 910 991 1040 1046; x_wconf 91' lang='lat' dir='ltr'><strong>mei.</strong></span> <span class='ocrx_word' id='word_1_75' title='bbox 1074 1010 1093 1043; x_wconf 74' lang='grc' dir='ltr'><strong>ι</strong></span> <span class='ocrx_word' id='word_1_76' title='bbox 1127 989 1230 1045; x_wconf 86' lang='lat' dir='ltr'><strong>Sed</strong></span> <span class='ocrx_word' id='word_1_77' title='bbox 1255 1000 1309 1046; x_wconf 91' lang='lat' dir='ltr'><strong>et</strong></span> <span class='ocrx_word' id='word_1_78' title='bbox 1339 993 1479 1046; x_wconf 90' lang='lat' dir='ltr'><strong>diem</strong></span> <span class='ocrx_word' id='word_1_79' title='bbox 1509 993 1703 1049; x_wconf 87' lang='lat' dir='ltr'><strong>festum</strong></span> <span class='ocrx_word' id='word_1_80' title='bbox 1733 997 1879 1052; x_wconf 87' lang='lat' dir='ltr'><strong>dicet</strong></span> <span class='ocrx_word' id='word_1_81' title='bbox 1909 1013 1998 1053; x_wconf 87' lang='lat' dir='ltr'><strong>se-</strong></span> 
     </span>
    </p>
   </div>
   <div class='ocr_carea' id='block_1_11' title="bbox 425 1083 2002 1154">
    <p class='ocr_par' dir='ltr' id='par_1_11' title="bbox 425 1083 2002 1154">
     <span class='ocr_line' id='line_1_11' title="bbox 425 1083 2002 1154; baseline 0.006 -18"><span class='ocrx_word' id='word_1_82' title='bbox 425 1085 663 1136; x_wconf 86' lang='lat' dir='ltr'><strong>cundum</strong></span> <span class='ocrx_word' id='word_1_83' title='bbox 711 1085 994 1153; x_wconf 74' lang='lat' dir='ltr'><strong>propinata:</strong></span> <span class='ocrx_word' id='word_1_84' title='bbox 1022 1083 1268 1141; x_wconf 90' lang='lat' dir='ltr'><strong>dictum:</strong></span> <span class='ocrx_word' id='word_1_85' title='bbox 1321 1104 1342 1137; x_wconf 73' lang='grc' dir='ltr'><strong>ι</strong></span> <span class='ocrx_word' id='word_1_86' title='bbox 1379 1086 1516 1154; x_wconf 84' lang='lat' dir='ltr'><strong>Quid</strong></span> <span class='ocrx_word' id='word_1_87' title='bbox 1550 1087 1766 1144; x_wconf 79' lang='lat' dir='ltr'><strong>facietis</strong></span> <span class='ocrx_word' id='word_1_88' title='bbox 1819 1090 1872 1144; x_wconf 90' lang='lat' dir='ltr'><strong>in</strong></span> <span class='ocrx_word' id='word_1_89' title='bbox 1913 1092 2002 1146; x_wconf 92' lang='lat' dir='ltr'><strong>die</strong></span> 
     </span>
    </p>
   </div>
   <div class='ocr_carea' id='block_1_12' title="bbox 424 1175 2002 1240">
    <p class='ocr_par' dir='ltr' id='par_1_12' title="bbox 424 1175 2002 1240">
     <span class='ocr_line' id='line_1_12' title="bbox 424 1175 2002 1240; baseline 0.007 -13"><span class='ocrx_word' id='word_1_90' title='bbox 424 1175 807 1240; x_wconf 88' lang='lat' dir='ltr'><strong>solemnitatis,</strong></span> <span class='ocrx_word' id='word_1_91' title='bbox 835 1186 892 1230; x_wconf 92' lang='lat' dir='ltr'><strong>et</strong></span> <span class='ocrx_word' id='word_1_92' title='bbox 923 1177 975 1230; x_wconf 92' lang='lat' dir='ltr'><strong>in</strong></span> <span class='ocrx_word' id='word_1_93' title='bbox 1009 1176 1096 1232; x_wconf 90' lang='lat' dir='ltr'><strong>die</strong></span> <span class='ocrx_word' id='word_1_94' title='bbox 1136 1176 1280 1232; x_wconf 86' lang='lat' dir='ltr'><strong>festo</strong></span> <span class='ocrx_word' id='word_1_95' title='bbox 1332 1177 1546 1232; x_wconf 89' lang='lat' dir='ltr'><strong>Domini</strong></span> <span class='ocrx_word' id='word_1_96' title='bbox 1573 1179 1655 1234; x_wconf 75' lang='lat'><strong>“?</strong></span> <span class='ocrx_word' id='word_1_97' title='bbox 1688 1200 1709 1233; x_wconf 74' lang='grc' dir='ltr'><strong>ι</strong></span> <span class='ocrx_word' id='word_1_98' title='bbox 1763 1181 2002 1238; x_wconf 84' lang='lat' dir='ltr'><strong>Neome-</strong></span> 
     </span>
    </p>
   </div>
   <div class='ocr_carea' id='block_1_13' title="bbox 426 1266 2008 1336">
    <p class='ocr_par' dir='ltr' id='par_1_13' title="bbox 426 1266 2008 1336">
     <span class='ocr_line' id='line_1_13' title="bbox 426 1266 2008 1336; baseline 0.005 -16"><span class='ocrx_word' id='word_1_99' title='bbox 426 1266 547 1320; x_wconf 91' lang='lat' dir='ltr'><strong>nias</strong></span> <span class='ocrx_word' id='word_1_100' title='bbox 586 1281 738 1333; x_wconf 91' lang='lat' dir='ltr'><strong>vero,</strong></span> <span class='ocrx_word' id='word_1_101' title='bbox 776 1267 829 1321; x_wconf 92' lang='lat' dir='ltr'><strong>id</strong></span> <span class='ocrx_word' id='word_1_102' title='bbox 860 1276 945 1323; x_wconf 88' lang='lat' dir='ltr'><strong>est</strong></span> <span class='ocrx_word' id='word_1_103' title='bbox 967 1282 1142 1324; x_wconf 88' lang='lat' dir='ltr'><strong>novos</strong></span> <span class='ocrx_word' id='word_1_104' title='bbox 1178 1285 1411 1336; x_wconf 85' lang='lat' dir='ltr'><strong>menses,</strong></span> <span class='ocrx_word' id='word_1_105' title='bbox 1447 1272 1498 1325; x_wconf 92' lang='lat' dir='ltr'><strong>in</strong></span> <span class='ocrx_word' id='word_1_106' title='bbox 1526 1271 1635 1326; x_wconf 87' lang='lat' dir='ltr'><strong>illis</strong></span> <span class='ocrx_word' id='word_1_107' title='bbox 1657 1274 1876 1328; x_wconf 69' lang='lat' dir='ltr'><strong>aeternis</strong></span> <span class='ocrx_word' id='word_1_108' title='bbox 1905 1271 2008 1328; x_wconf 69' lang='lat' dir='ltr'><strong>art-5</strong></span> 
     </span>
    </p>
   </div>
   <div class='ocr_carea' id='block_1_14' title="bbox 427 1359 2005 1434">
    <p class='ocr_par' dir='ltr' id='par_1_14' title="bbox 427 1359 2005 1434">
     <span class='ocr_line' id='line_1_14' title="bbox 427 1359 2005 1434; baseline 0.005 -21"><span class='ocrx_word' id='word_1_109' title='bbox 427 1361 516 1415; x_wconf 89' lang='lat' dir='ltr'><strong>nis</strong></span> <span class='ocrx_word' id='word_1_110' title='bbox 555 1359 796 1428; x_wconf 86' lang='lat' dir='ltr'><strong>requiret</strong></span> <span class='ocrx_word' id='word_1_111' title='bbox 840 1361 908 1416; x_wconf 90' lang='lat' dir='ltr'><strong>de</strong></span> <span class='ocrx_word' id='word_1_112' title='bbox 953 1361 1148 1427; x_wconf 86' lang='lat' dir='ltr'><strong>quibus</strong></span> <span class='ocrx_word' id='word_1_113' title='bbox 1184 1363 1316 1418; x_wconf 89' lang='lat' dir='ltr'><strong>dicit</strong></span> <span class='ocrx_word' id='word_1_114' title='bbox 1342 1362 1610 1434; x_wconf 86' lang='lat' dir='ltr'><strong>Propheta</strong></span> <span class='ocrx_word' id='word_1_115' title='bbox 1636 1384 1650 1420; x_wconf 89' lang='lat'><strong>:</strong></span> <span class='ocrx_word' id='word_1_116' title='bbox 1681 1383 1700 1417; x_wconf 84' lang='grc'><em>‹</em></span> <span class='ocrx_word' id='word_1_117' title='bbox 1737 1365 2005 1421; x_wconf 83' lang='lat' dir='ltr'><strong>Memora-</strong></span> 
     </span>
    </p>
   </div>
   <div class='ocr_carea' id='block_1_15' title="bbox 428 1455 2005 1524">
    <p class='ocr_par' dir='ltr' id='par_1_15' title="bbox 428 1455 2005 1524">
     <span class='ocr_line' id='line_1_15' title="bbox 428 1455 2005 1524; baseline 0.006 -18"><span class='ocrx_word' id='word_1_118' title='bbox 428 1461 517 1507; x_wconf 90' lang='lat' dir='ltr'><strong>tus</strong></span> <span class='ocrx_word' id='word_1_119' title='bbox 542 1467 662 1507; x_wconf 90' lang='lat' dir='ltr'><strong>sum</strong></span> <span class='ocrx_word' id='word_1_120' title='bbox 715 1467 887 1508; x_wconf 89' lang='lat' dir='ltr'><strong>annos</strong></span> <span class='ocrx_word' id='word_1_121' title='bbox 926 1464 1179 1522; x_wconf 68' lang='lat' dir='ltr'><strong>aeternos,</strong></span> <span class='ocrx_word' id='word_1_122' title='bbox 1217 1465 1274 1510; x_wconf 90' lang='lat' dir='ltr'><strong>et</strong></span> <span class='ocrx_word' id='word_1_123' title='bbox 1300 1455 1592 1513; x_wconf 90' lang='lat' dir='ltr'><strong>meditatus</strong></span> <span class='ocrx_word' id='word_1_124' title='bbox 1625 1474 1745 1514; x_wconf 87' lang='lat' dir='ltr'><strong>sum</strong></span> <span class='ocrx_word' id='word_1_125' title='bbox 1770 1461 1853 1524; x_wconf 80' lang='grc'><strong>¹³;</strong></span> <span class='ocrx_word' id='word_1_126' title='bbox 1885 1479 1904 1512; x_wconf 72' lang='grc' dir='ltr'><strong>ι</strong></span> <span class='ocrx_word' id='word_1_127' title='bbox 1949 1469 2005 1515; x_wconf 91' lang='lat' dir='ltr'><strong>et</strong></span> 
     </span>
    </p>
   </div>
   <div class='ocr_carea' id='block_1_16' title="bbox 429 1543 2003 1608">
    <p class='ocr_par' dir='ltr' id='par_1_16' title="bbox 429 1543 2003 1608">
     <span class='ocr_line' id='line_1_16' title="bbox 429 1543 2003 1608; baseline 0.006 -10"><span class='ocrx_word' id='word_1_128' title='bbox 429 1543 628 1598; x_wconf 87' lang='lat' dir='ltr'><strong>iterum</strong></span> <span class='ocrx_word' id='word_1_129' title='bbox 680 1544 733 1599; x_wconf 92' lang='lat' dir='ltr'><strong>in</strong></span> <span class='ocrx_word' id='word_1_130' title='bbox 768 1547 984 1603; x_wconf 91' lang='lat' dir='ltr'><strong>cantico</strong></span> <span class='ocrx_word' id='word_1_131' title='bbox 1035 1547 1488 1606; x_wconf 91' lang='lat' dir='ltr'><strong>Deuteronomii:</strong></span> <span class='ocrx_word' id='word_1_132' title='bbox 1545 1568 1564 1602; x_wconf 74' lang='grc' dir='ltr'><strong>ι</strong></span> <span class='ocrx_word' id='word_1_133' title='bbox 1622 1550 2003 1608; x_wconf 80' lang='lat' dir='ltr'><strong>Recordamiui</strong></span> 
     </span>
    </p>
   </div>
   <div class='ocr_carea' id='block_1_17' title="bbox 429 1634 2004 1704">
    <p class='ocr_par' dir='ltr' id='par_1_17' title="bbox 429 1634 2004 1704">
     <span class='ocr_line' id='line_1_17' title="bbox 429 1634 2004 1704; baseline 0.004 -16"><span class='ocrx_word' id='word_1_134' title='bbox 429 1634 544 1688; x_wconf 88' lang='lat' dir='ltr'><strong>dies</strong></span> <span class='ocrx_word' id='word_1_135' title='bbox 594 1645 828 1692; x_wconf 66' lang='lat' dir='ltr'><strong>aeternos</strong></span> <span class='ocrx_word' id='word_1_136' title='bbox 859 1637 942 1704; x_wconf 79' lang='lat'><strong>“;</strong></span> <span class='ocrx_word' id='word_1_137' title='bbox 976 1657 996 1692; x_wconf 73' lang='grc' dir='ltr'><strong>ι</strong></span> <span class='ocrx_word' id='word_1_138' title='bbox 1033 1648 1083 1694; x_wconf 91' lang='lat' dir='ltr'><strong>et</strong></span> <span class='ocrx_word' id='word_1_139' title='bbox 1114 1639 1182 1695; x_wconf 90' lang='lat' dir='ltr'><strong>de</strong></span> <span class='ocrx_word' id='word_1_140' title='bbox 1214 1639 1455 1695; x_wconf 91' lang='lat' dir='ltr'><strong>Sabbato</strong></span> <span class='ocrx_word' id='word_1_141' title='bbox 1481 1641 1683 1697; x_wconf 91' lang='lat' dir='ltr'><strong>dicitur</strong></span> <span class='ocrx_word' id='word_1_142' title='bbox 1715 1659 1729 1695; x_wconf 92' lang='lat'><strong>:</strong></span> <span class='ocrx_word' id='word_1_143' title='bbox 1767 1659 1784 1693; x_wconf 83' lang='grc'><strong><em>‹</em></strong></span> <span class='ocrx_word' id='word_1_144' title='bbox 1820 1641 2004 1696; x_wconf 73' lang='lat' dir='ltr'><strong>Relin-</strong></span> 
     </span>
    </p>
   </div>
   <div class='ocr_carea' id='block_1_18' title="bbox 428 1727 2000 1800">
    <p class='ocr_par' dir='ltr' id='par_1_18' title="bbox 428 1727 2000 1800">
     <span class='ocr_line' id='line_1_18' title="bbox 428 1727 2000 1800; baseline 0.006 -21"><span class='ocrx_word' id='word_1_145' title='bbox 428 1727 616 1796; x_wconf 87' lang='lat' dir='ltr'><strong>quitur</strong></span> <span class='ocrx_word' id='word_1_146' title='bbox 643 1742 772 1798; x_wconf 89' lang='lat' dir='ltr'><strong>ergo</strong></span> <span class='ocrx_word' id='word_1_147' title='bbox 801 1727 1167 1785; x_wconf 89' lang='lat' dir='ltr'><strong>sabbatismus</strong></span> <span class='ocrx_word' id='word_1_148' title='bbox 1195 1733 1394 1800; x_wconf 93' lang='lat' dir='ltr'><strong>popqu</strong></span> <span class='ocrx_word' id='word_1_149' title='bbox 1414 1731 1510 1788; x_wconf 90' lang='lat' dir='ltr'><strong>Dei</strong></span> <span class='ocrx_word' id='word_1_150' title='bbox 1535 1733 1598 1791; x_wconf 82' lang='lat'><strong>&quot;.</strong></span> <span class='ocrx_word' id='word_1_151' title='bbox 1637 1753 1657 1786; x_wconf 76' lang='grc' dir='ltr'><strong>ι</strong></span> <span class='ocrx_word' id='word_1_152' title='bbox 1684 1733 1748 1788; x_wconf 84' lang='grc' dir='ltr'>Ει</span> <span class='ocrx_word' id='word_1_153' title='bbox 1770 1743 2000 1800; x_wconf 91' lang='lat' dir='ltr'><strong>astruet,</strong></span> 
     </span>
    </p>
   </div>
   <div class='ocr_carea' id='block_1_19' title="bbox 428 1819 2001 1893">
    <p class='ocr_par' dir='ltr' id='par_1_19' title="bbox 428 1819 2001 1893">
     <span class='ocr_line' id='line_1_19' title="bbox 428 1819 2001 1893; baseline 0.004 -21"><span class='ocrx_word' id='word_1_154' title='bbox 428 1819 557 1889; x_wconf 88' lang='lat' dir='ltr'><strong>quia</strong></span> <span class='ocrx_word' id='word_1_155' title='bbox 591 1821 733 1875; x_wconf 87' lang='lat' dir='ltr'><strong>sicut</strong></span> <span class='ocrx_word' id='word_1_156' title='bbox 760 1821 877 1875; x_wconf 64' lang='lat' dir='ltr'><strong>haec</strong></span> <span class='ocrx_word' id='word_1_157' title='bbox 902 1822 1113 1891; x_wconf 85' lang='lat' dir='ltr'><strong>singula</strong></span> <span class='ocrx_word' id='word_1_158' title='bbox 1146 1823 1375 1877; x_wconf 88' lang='lat' dir='ltr'><strong>formam</strong></span> <span class='ocrx_word' id='word_1_159' title='bbox 1397 1822 1561 1878; x_wconf 90' lang='lat' dir='ltr'><strong>futuri</strong></span> <span class='ocrx_word' id='word_1_160' title='bbox 1588 1824 1770 1880; x_wconf 68' lang='lat' dir='ltr'><strong>saeculi</strong></span> <span class='ocrx_word' id='word_1_161' title='bbox 1796 1834 2001 1893; x_wconf 89' lang='lat' dir='ltr'><strong>tenent,</strong></span> 
     </span>
    </p>
   </div>
   <div class='ocr_carea' id='block_1_20' title="bbox 431 1910 2008 1984">
    <p class='ocr_par' dir='ltr' id='par_1_20' title="bbox 431 1910 2008 1984">
     <span class='ocr_line' id='line_1_20' title="bbox 431 1910 2008 1984; baseline 0.005 -20"><span class='ocrx_word' id='word_1_162' title='bbox 431 1910 505 1966; x_wconf 91' lang='lat' dir='ltr'><strong>ita</strong></span> <span class='ocrx_word' id='word_1_163' title='bbox 534 1921 713 1981; x_wconf 89' lang='lat' dir='ltr'><strong>potest</strong></span> <span class='ocrx_word' id='word_1_164' title='bbox 745 1912 908 1967; x_wconf 90' lang='lat' dir='ltr'><strong>etiam</strong></span> <span class='ocrx_word' id='word_1_165' title='bbox 941 1913 1113 1969; x_wconf 83' lang='lat' dir='ltr'><strong>Adam</strong></span> <span class='ocrx_word' id='word_1_166' title='bbox 1157 1915 1224 1969; x_wconf 86' lang='lat' dir='ltr'><strong>de</strong></span> <span class='ocrx_word' id='word_1_167' title='bbox 1281 1931 1390 1984; x_wconf 89' lang='lat' dir='ltr'><strong>quo</strong></span> <span class='ocrx_word' id='word_1_168' title='bbox 1443 1916 1666 1983; x_wconf 90' lang='lat' dir='ltr'><strong>dicitur,</strong></span> <span class='ocrx_word' id='word_1_169' title='bbox 1700 1932 1720 1967; x_wconf 72' lang='grc' dir='ltr'><strong>ι</strong></span> <span class='ocrx_word' id='word_1_170' title='bbox 1768 1915 1874 1983; x_wconf 85' lang='lat' dir='ltr'><strong>Qui</strong></span> <span class='ocrx_word' id='word_1_171' title='bbox 1923 1925 2008 1972; x_wconf 88' lang='lat' dir='ltr'><strong>est</strong></span> 
     </span>
    </p>
   </div>
   <div class='ocr_carea' id='block_1_21' title="bbox 427 2003 2007 2071">
    <p class='ocr_par' dir='ltr' id='par_1_21' title="bbox 427 2003 2007 2071">
     <span class='ocr_line' id='line_1_21' title="bbox 427 2003 2007 2071; baseline 0.004 -14"><span class='ocrx_word' id='word_1_172' title='bbox 427 2003 606 2058; x_wconf 88' lang='lat' dir='ltr'><strong>forma</strong></span> <span class='ocrx_word' id='word_1_173' title='bbox 634 2003 802 2059; x_wconf 89' lang='lat' dir='ltr'><strong>futuri</strong></span> <span class='ocrx_word' id='word_1_174' title='bbox 831 2005 873 2036; x_wconf 74' lang='grc' dir='ltr'>ιδ</span> <span class='ocrx_word' id='word_1_175' title='bbox 895 2045 911 2071; x_wconf 88' lang='grc'><strong><em>,</em></strong></span> <span class='ocrx_word' id='word_1_176' title='bbox 954 2025 974 2058; x_wconf 75' lang='grc' dir='ltr'><strong>ι</strong></span> <span class='ocrx_word' id='word_1_177' title='bbox 1015 2005 1254 2061; x_wconf 85' lang='lat' dir='ltr'><strong>conferri</strong></span> <span class='ocrx_word' id='word_1_178' title='bbox 1288 2008 1356 2060; x_wconf 88' lang='lat' dir='ltr'><strong>ad</strong></span> <span class='ocrx_word' id='word_1_179' title='bbox 1410 2007 1578 2063; x_wconf 90' lang='lat' dir='ltr'><strong>futuri</strong></span> <span class='ocrx_word' id='word_1_180' title='bbox 1611 2007 1794 2062; x_wconf 66' lang='lat' dir='ltr'><strong>saeculi</strong></span> <span class='ocrx_word' id='word_1_181' title='bbox 1833 2010 2007 2064; x_wconf 90' lang='lat' dir='ltr'><strong>ratio-</strong></span> 
     </span>
    </p>
   </div>
   <div class='ocr_carea' id='block_1_22' title="bbox 429 2100 2006 2171">
    <p class='ocr_par' dir='ltr' id='par_1_22' title="bbox 429 2100 2006 2171">
     <span class='ocr_line' id='line_1_22' title="bbox 429 2100 2006 2171; baseline 0.005 -23"><span class='ocrx_word' id='word_1_182' title='bbox 429 2110 555 2150; x_wconf 89' lang='lat' dir='ltr'><strong>nem</strong></span> <span class='ocrx_word' id='word_1_183' title='bbox 583 2109 672 2151; x_wconf 88' lang='lat' dir='ltr'><strong>:et</strong></span> <span class='ocrx_word' id='word_1_184' title='bbox 698 2106 987 2166; x_wconf 88' lang='lat' dir='ltr'><strong>propterea</strong></span> <span class='ocrx_word' id='word_1_185' title='bbox 1014 2113 1133 2152; x_wconf 90' lang='lat' dir='ltr'><strong>cum</strong></span> <span class='ocrx_word' id='word_1_186' title='bbox 1155 2101 1494 2168; x_wconf 67' lang='lat' dir='ltr'><strong>praemissum</strong></span> <span class='ocrx_word' id='word_1_187' title='bbox 1509 2111 1654 2156; x_wconf 87' lang='lat' dir='ltr'><strong>esset</strong></span> <span class='ocrx_word' id='word_1_188' title='bbox 1671 2100 1738 2156; x_wconf 85' lang='lat' dir='ltr'><strong>de</strong></span> <span class='ocrx_word' id='word_1_189' title='bbox 1761 2101 1845 2155; x_wconf 87' lang='lat' dir='ltr'><strong>his</strong></span> <span class='ocrx_word' id='word_1_190' title='bbox 1871 2119 1891 2152; x_wconf 71' lang='grc' dir='ltr'>α</span> <span class='ocrx_word' id='word_1_191' title='bbox 1913 2102 2006 2171; x_wconf 93' lang='lat' dir='ltr'><strong>qui</strong></span> 
     </span>
    </p>
   </div>
   <div class='ocr_carea' id='block_1_23' title="bbox 429 2190 2002 2263">
    <p class='ocr_par' dir='ltr' id='par_1_23' title="bbox 429 2190 2002 2263">
     <span class='ocr_line' id='line_1_23' title="bbox 429 2190 2002 2263; baseline 0.003 -22"><span class='ocrx_word' id='word_1_192' title='bbox 429 2200 794 2257; x_wconf 88' lang='lat' dir='ltr'><strong>peccaverunt</strong></span> <span class='ocrx_word' id='word_1_193' title='bbox 814 2191 865 2244; x_wconf 92' lang='lat' dir='ltr'><strong>in</strong></span> <span class='ocrx_word' id='word_1_194' title='bbox 884 2190 1294 2245; x_wconf 88' lang='lat' dir='ltr'><strong>similitudinem</strong></span> <span class='ocrx_word' id='word_1_195' title='bbox 1332 2194 1793 2263; x_wconf 72' lang='lat' dir='ltr'><strong>prtevaricationis</strong></span> <span class='ocrx_word' id='word_1_196' title='bbox 1819 2194 2002 2261; x_wconf 66' lang='lat' dir='ltr'><strong>Adaa,»</strong></span> 
     </span>
    </p>
   </div>
   <div class='ocr_carea' id='block_1_24' title="bbox 430 2279 1646 2349">
    <p class='ocr_par' dir='ltr' id='par_1_24' title="bbox 430 2279 1646 2349">
     <span class='ocr_line' id='line_1_24' title="bbox 430 2279 1646 2349; baseline 0.004 -17"><span class='ocrx_word' id='word_1_197' title='bbox 430 2279 673 2334; x_wconf 89' lang='lat' dir='ltr'><strong>additum</strong></span> <span class='ocrx_word' id='word_1_198' title='bbox 702 2291 825 2336; x_wconf 89' lang='lat' dir='ltr'><strong>est:</strong></span> <span class='ocrx_word' id='word_1_199' title='bbox 867 2301 886 2335; x_wconf 75' lang='grc' dir='ltr'><strong>ι</strong></span> <span class='ocrx_word' id='word_1_200' title='bbox 934 2281 1034 2349; x_wconf 89' lang='lat' dir='ltr'><strong>Qui</strong></span> <span class='ocrx_word' id='word_1_201' title='bbox 1074 2295 1157 2338; x_wconf 90' lang='lat' dir='ltr'><strong>est</strong></span> <span class='ocrx_word' id='word_1_202' title='bbox 1187 2284 1362 2337; x_wconf 86' lang='lat' dir='ltr'><strong>i&#39;orma</strong></span> <span class='ocrx_word' id='word_1_203' title='bbox 1399 2283 1586 2338; x_wconf 89' lang='lat' dir='ltr'><strong>futuri.</strong></span> <span class='ocrx_word' id='word_1_204' title='bbox 1627 2303 1646 2337; x_wconf 77' lang='grc' dir='ltr'><strong>ι</strong></span> 
     </span>
    </p>
   </div>
   <div class='ocr_carea' id='block_1_25' title="bbox 499 2373 2007 2442">
    <p class='ocr_par' dir='ltr' id='par_1_25' title="bbox 499 2373 2007 2442">
     <span class='ocr_line' id='line_1_25' title="bbox 499 2373 2007 2442; baseline 0.003 -16"><span class='ocrx_word' id='word_1_205' title='bbox 499 2373 553 2427; x_wconf 76' lang='grc'><strong>2.</strong></span> <span class='ocrx_word' id='word_1_206' title='bbox 587 2393 606 2426; x_wconf 87' lang='grc'>‹</span> <span class='ocrx_word' id='word_1_207' title='bbox 645 2373 750 2430; x_wconf 92' lang='lat' dir='ltr'><strong>Sed</strong></span> <span class='ocrx_word' id='word_1_208' title='bbox 779 2390 884 2429; x_wconf 91' lang='lat' dir='ltr'><strong>non</strong></span> <span class='ocrx_word' id='word_1_209' title='bbox 908 2375 1337 2442; x_wconf 89' lang='lat' dir='ltr'><strong>sicutdelictum,</strong></span> <span class='ocrx_word' id='word_1_210' title='bbox 1362 2377 1434 2430; x_wconf 85' lang='lat' dir='ltr'><strong>ita</strong></span> <span class='ocrx_word' id='word_1_211' title='bbox 1452 2387 1505 2431; x_wconf 92' lang='lat' dir='ltr'><strong>et</strong></span> <span class='ocrx_word' id='word_1_212' title='bbox 1532 2378 1753 2432; x_wconf 89' lang='lat' dir='ltr'><strong>donum.</strong></span> <span class='ocrx_word' id='word_1_213' title='bbox 1783 2376 1840 2432; x_wconf 88' lang='lat' dir='ltr'><strong>Si</strong></span> <span class='ocrx_word' id='word_1_214' title='bbox 1862 2377 2007 2432; x_wconf 90' lang='lat' dir='ltr'><strong>enim</strong></span> 
     </span>
    </p>
   </div>
   <div class='ocr_carea' id='block_1_26' title="bbox 430 2467 2006 2539">
    <p class='ocr_par' dir='ltr' id='par_1_26' title="bbox 430 2467 2006 2539">
     <span class='ocr_line' id='line_1_26' title="bbox 430 2467 2006 2539; baseline 0.003 -20"><span class='ocrx_word' id='word_1_215' title='bbox 430 2467 592 2520; x_wconf 91' lang='lat' dir='ltr'><strong>unius</strong></span> <span class='ocrx_word' id='word_1_216' title='bbox 624 2467 823 2522; x_wconf 89' lang='lat' dir='ltr'><strong>delicto</strong></span> <span class='ocrx_word' id='word_1_217' title='bbox 855 2468 1010 2523; x_wconf 92' lang='lat' dir='ltr'><strong>multi</strong></span> <span class='ocrx_word' id='word_1_218' title='bbox 1055 2471 1259 2524; x_wconf 90' lang='lat' dir='ltr'><strong>mortui</strong></span> <span class='ocrx_word' id='word_1_219' title='bbox 1297 2479 1446 2536; x_wconf 89' lang='lat' dir='ltr'><strong>sunt,</strong></span> <span class='ocrx_word' id='word_1_220' title='bbox 1477 2470 1646 2524; x_wconf 91' lang='lat' dir='ltr'><strong>multo</strong></span> <span class='ocrx_word' id='word_1_221' title='bbox 1677 2472 1849 2539; x_wconf 83' lang='lat' dir='ltr'><strong>magis</strong></span> <span class='ocrx_word' id='word_1_222' title='bbox 1877 2486 2006 2539; x_wconf 86' lang='lat' dir='ltr'><strong>gra-</strong></span> 
     </span>
    </p>
   </div>
   <div class='ocr_carea' id='block_1_27' title="bbox 430 2557 2009 2626">
    <p class='ocr_par' dir='ltr' id='par_1_27' title="bbox 430 2557 2009 2626">
     <span class='ocr_line' id='line_1_27' title="bbox 430 2557 2009 2626; baseline 0.003 -16"><span class='ocrx_word' id='word_1_223' title='bbox 430 2557 504 2612; x_wconf 89' lang='lat' dir='ltr'><strong>tia</strong></span> <span class='ocrx_word' id='word_1_224' title='bbox 538 2558 632 2612; x_wconf 90' lang='lat' dir='ltr'><strong>Dei</strong></span> <span class='ocrx_word' id='word_1_225' title='bbox 662 2568 717 2612; x_wconf 93' lang='lat' dir='ltr'><strong>et</strong></span> <span class='ocrx_word' id='word_1_226' title='bbox 737 2559 938 2612; x_wconf 91' lang='lat' dir='ltr'><strong>donum</strong></span> <span class='ocrx_word' id='word_1_227' title='bbox 973 2559 1025 2613; x_wconf 91' lang='lat' dir='ltr'><strong>in</strong></span> <span class='ocrx_word' id='word_1_228' title='bbox 1049 2560 1224 2626; x_wconf 81' lang='lat' dir='ltr'><strong>gratia</strong></span> <span class='ocrx_word' id='word_1_229' title='bbox 1250 2561 1410 2613; x_wconf 88' lang='lat' dir='ltr'><strong>unius</strong></span> <span class='ocrx_word' id='word_1_230' title='bbox 1437 2560 1672 2613; x_wconf 87' lang='lat' dir='ltr'><strong>hominis</strong></span> <span class='ocrx_word' id='word_1_231' title='bbox 1696 2558 1824 2613; x_wconf 77' lang='lat' dir='ltr'><strong>Jesu</strong></span> <span class='ocrx_word' id='word_1_232' title='bbox 1852 2559 2009 2615; x_wconf 90' lang='lat' dir='ltr'><strong>Chri-</strong></span> 
     </span>
    </p>
   </div>
   <div class='ocr_carea' id='block_1_28' title="bbox 429 2648 2006 2722">
    <p class='ocr_par' dir='ltr' id='par_1_28' title="bbox 429 2648 2006 2722">
     <span class='ocr_line' id='line_1_28' title="bbox 429 2648 2006 2722; baseline 0.002 -18"><span class='ocrx_word' id='word_1_233' title='bbox 429 2648 499 2704; x_wconf 78' lang='lat' dir='ltr'><strong>sti</strong></span> <span class='ocrx_word' id='word_1_234' title='bbox 525 2649 576 2702; x_wconf 92' lang='lat' dir='ltr'><strong>in</strong></span> <span class='ocrx_word' id='word_1_235' title='bbox 604 2648 790 2718; x_wconf 88' lang='lat' dir='ltr'><strong>plures</strong></span> <span class='ocrx_word' id='word_1_236' title='bbox 820 2648 1130 2704; x_wconf 86' lang='lat' dir='ltr'><strong>abundavit.</strong></span> <span class='ocrx_word' id='word_1_237' title='bbox 1158 2650 1224 2704; x_wconf 86' lang='lat' dir='ltr'><strong>Et</strong></span> <span class='ocrx_word' id='word_1_238' title='bbox 1247 2666 1355 2705; x_wconf 89' lang='lat' dir='ltr'><strong>non</strong></span> <span class='ocrx_word' id='word_1_239' title='bbox 1391 2651 1535 2706; x_wconf 88' lang='lat' dir='ltr'><strong>sicut</strong></span> <span class='ocrx_word' id='word_1_240' title='bbox 1559 2665 1655 2720; x_wconf 88' lang='lat' dir='ltr'><strong>per</strong></span> <span class='ocrx_word' id='word_1_241' title='bbox 1685 2667 1848 2704; x_wconf 88' lang='lat' dir='ltr'><strong>unum</strong></span> <span class='ocrx_word' id='word_1_242' title='bbox 1875 2666 2006 2722; x_wconf 88' lang='lat' dir='ltr'><strong>pec-</strong></span> 
     </span>
    </p>
   </div>
   <div class='ocr_carea' id='block_1_29' title="bbox 428 2739 2008 2811">
    <p class='ocr_par' dir='ltr' id='par_1_29' title="bbox 428 2739 2008 2811">
     <span class='ocr_line' id='line_1_29' title="bbox 428 2739 2008 2811; baseline 0.001 -17"><span class='ocrx_word' id='word_1_243' title='bbox 428 2753 608 2794; x_wconf 87' lang='lat' dir='ltr'><strong>eatum</strong></span> <span class='ocrx_word' id='word_1_244' title='bbox 639 2739 773 2808; x_wconf 81' lang='grc'><strong>(95),</strong></span> <span class='ocrx_word' id='word_1_245' title='bbox 810 2741 884 2794; x_wconf 89' lang='lat' dir='ltr'><strong>ita</strong></span> <span class='ocrx_word' id='word_1_246' title='bbox 916 2750 971 2794; x_wconf 91' lang='lat' dir='ltr'><strong>et</strong></span> <span class='ocrx_word' id='word_1_247' title='bbox 989 2742 1209 2796; x_wconf 92' lang='lat' dir='ltr'><strong>donum.</strong></span> <span class='ocrx_word' id='word_1_248' title='bbox 1241 2740 1374 2796; x_wconf 85' lang='lat' dir='ltr'><strong>Nam</strong></span> <span class='ocrx_word' id='word_1_249' title='bbox 1398 2741 1661 2811; x_wconf 85' lang='lat' dir='ltr'><strong>judicium</strong></span> <span class='ocrx_word' id='word_1_250' title='bbox 1692 2740 1914 2810; x_wconf 88' lang='lat' dir='ltr'><strong>quidem</strong></span> <span class='ocrx_word' id='word_1_251' title='bbox 1939 2755 2008 2796; x_wconf 88' lang='lat' dir='ltr'><strong>ex</strong></span> 
     </span>
    </p>
   </div>
   <div class='ocr_carea' id='block_1_30' title="bbox 431 2832 2008 2905">
    <p class='ocr_par' dir='ltr' id='par_1_30' title="bbox 431 2832 2008 2905">
     <span class='ocr_line' id='line_1_30' title="bbox 431 2832 2008 2905; baseline 0.004 -20"><span class='ocrx_word' id='word_1_252' title='bbox 431 2848 538 2887; x_wconf 89' lang='lat' dir='ltr'><strong>uno</strong></span> <span class='ocrx_word' id='word_1_253' title='bbox 569 2832 623 2886; x_wconf 93' lang='lat' dir='ltr'><strong>in</strong></span> <span class='ocrx_word' id='word_1_254' title='bbox 658 2835 1170 2890; x_wconf 89' lang='lat' dir='ltr'><strong>condemnationem</strong></span> <span class='ocrx_word' id='word_1_255' title='bbox 1202 2853 1215 2890; x_wconf 93' lang='lat'>:</span> <span class='ocrx_word' id='word_1_256' title='bbox 1252 2837 1428 2905; x_wconf 85' lang='lat' dir='ltr'><strong>gratia</strong></span> <span class='ocrx_word' id='word_1_257' title='bbox 1483 2847 1665 2892; x_wconf 88' lang='lat' dir='ltr'><strong>autem</strong></span> <span class='ocrx_word' id='word_1_258' title='bbox 1699 2853 1766 2892; x_wconf 85' lang='lat' dir='ltr'><strong>ex</strong></span> <span class='ocrx_word' id='word_1_259' title='bbox 1822 2837 2008 2892; x_wconf 90' lang='lat' dir='ltr'><strong>multis</strong></span> 
     </span>
    </p>
   </div>
   <div class='ocr_carea' id='block_1_31' title="bbox 429 2925 2008 2999">
    <p class='ocr_par' dir='ltr' id='par_1_31' title="bbox 429 2925 2008 2999">
     <span class='ocr_line' id='line_1_31' title="bbox 429 2925 2008 2999; baseline 0.004 -19"><span class='ocrx_word' id='word_1_260' title='bbox 429 2925 644 2980; x_wconf 88' lang='lat' dir='ltr'><strong>delictis</strong></span> <span class='ocrx_word' id='word_1_261' title='bbox 673 2925 725 2979; x_wconf 93' lang='lat' dir='ltr'><strong>in</strong></span> <span class='ocrx_word' id='word_1_262' title='bbox 753 2925 1202 2996; x_wconf 86' lang='lat' dir='ltr'><strong>justilicationem</strong></span> <span class='ocrx_word' id='word_1_263' title='bbox 1239 2929 1306 2981; x_wconf 82' lang='lat'><strong>&quot;.</strong></span> <span class='ocrx_word' id='word_1_264' title='bbox 1339 2945 1360 2981; x_wconf 68' lang='grc' dir='ltr'><strong>ι</strong></span> <span class='ocrx_word' id='word_1_265' title='bbox 1392 2928 1528 2984; x_wconf 90' lang='lat' dir='ltr'><strong>Cum</strong></span> <span class='ocrx_word' id='word_1_266' title='bbox 1556 2930 1609 2982; x_wconf 94' lang='lat' dir='ltr'><strong>in</strong></span> <span class='ocrx_word' id='word_1_267' title='bbox 1636 2929 2008 2999; x_wconf 88' lang='lat' dir='ltr'><strong>superioribus</strong></span> 
     </span>
    </p>
   </div>
   <div class='ocr_carea' id='block_1_32' title="bbox 433 3018 2009 3087">
    <p class='ocr_par' dir='ltr' id='par_1_32' title="bbox 433 3018 2009 3087">
     <span class='ocr_line' id='line_1_32' title="bbox 433 3018 2009 3087; baseline 0.003 -16"><span class='ocrx_word' id='word_1_268' title='bbox 433 3020 660 3073; x_wconf 82' lang='lat' dir='ltr'><strong>dixisset</strong></span> <span class='ocrx_word' id='word_1_269' title='bbox 694 3018 984 3086; x_wconf 84' lang='lat' dir='ltr'><strong>Apostolus</strong></span> <span class='ocrx_word' id='word_1_270' title='bbox 1016 3019 1084 3074; x_wconf 91' lang='lat' dir='ltr'><strong>de</strong></span> <span class='ocrx_word' id='word_1_271' title='bbox 1114 3020 1327 3075; x_wconf 86' lang='lat' dir='ltr'><strong>Adam:</strong></span> <span class='ocrx_word' id='word_1_272' title='bbox 1369 3038 1388 3072; x_wconf 86' lang='grc'><strong>(</strong></span> <span class='ocrx_word' id='word_1_273' title='bbox 1431 3021 1531 3087; x_wconf 87' lang='lat' dir='ltr'><strong>Qui</strong></span> <span class='ocrx_word' id='word_1_274' title='bbox 1582 3029 1667 3076; x_wconf 91' lang='lat' dir='ltr'><strong>est</strong></span> <span class='ocrx_word' id='word_1_275' title='bbox 1714 3021 1888 3076; x_wconf 83' lang='lat' dir='ltr'><strong>forma</strong></span> <span class='ocrx_word' id='word_1_276' title='bbox 1923 3021 2009 3076; x_wconf 90' lang='lat' dir='ltr'><strong>fu-</strong></span> 
     </span>
    </p>
   </div>
   <div class='ocr_carea' id='block_1_33' title="bbox 2101 547 3681 619">
    <p class='ocr_par' dir='ltr' id='par_1_33' title="bbox 2101 547 3681 619">
     <span class='ocr_line' id='line_1_33' title="bbox 2101 547 3681 619; baseline -0.001 -17"><span class='ocrx_word' id='word_1_277' title='bbox 2101 547 2265 612; x_wconf 88' lang='lat' dir='ltr'><strong>lictis,</strong></span> <span class='ocrx_word' id='word_1_278' title='bbox 2322 549 2399 604; x_wconf 87' lang='lat' dir='ltr'><strong>ita</strong></span> <span class='ocrx_word' id='word_1_279' title='bbox 2429 561 2486 604; x_wconf 90' lang='lat' dir='ltr'><strong>et</strong></span> <span class='ocrx_word' id='word_1_280' title='bbox 2536 563 2632 619; x_wconf 91' lang='lat' dir='ltr'><strong>per</strong></span> <span class='ocrx_word' id='word_1_281' title='bbox 2662 548 2822 603; x_wconf 90' lang='lat' dir='ltr'><strong>unius</strong></span> <span class='ocrx_word' id='word_1_282' title='bbox 2875 548 3241 603; x_wconf 88' lang='lat' dir='ltr'><strong>obedientiam</strong></span> <span class='ocrx_word' id='word_1_283' title='bbox 3273 549 3384 602; x_wconf 90' lang='lat' dir='ltr'><strong>vita</strong></span> <span class='ocrx_word' id='word_1_284' title='bbox 3427 557 3681 618; x_wconf 80' lang='lat' dir='ltr'><strong>regnaret</strong></span> 
     </span>
    </p>
   </div>
   <div class='ocr_carea' id='block_1_34' title="bbox 2102 639 3678 711">
    <p class='ocr_par' dir='ltr' id='par_1_34' title="bbox 2102 639 3678 711">
     <span class='ocr_line' id='line_1_34' title="bbox 2102 639 3678 711; baseline -0.001 -18"><span class='ocrx_word' id='word_1_285' title='bbox 2102 654 2199 708; x_wconf 86' lang='lat' dir='ltr'><strong>per</strong></span> <span class='ocrx_word' id='word_1_286' title='bbox 2228 641 2521 710; x_wconf 87' lang='lat' dir='ltr'><strong>justitiam.</strong></span> <span class='ocrx_word' id='word_1_287' title='bbox 2549 639 2718 711; x_wconf 86' lang='lat' dir='ltr'><strong>Igitur</strong></span> <span class='ocrx_word' id='word_1_288' title='bbox 2747 656 2853 694; x_wconf 92' lang='lat' dir='ltr'><strong>non</strong></span> <span class='ocrx_word' id='word_1_289' title='bbox 2889 640 3008 695; x_wconf 90' lang='lat' dir='ltr'><strong>sine</strong></span> <span class='ocrx_word' id='word_1_290' title='bbox 3037 639 3303 708; x_wconf 88' lang='lat' dir='ltr'><strong>profunda</strong></span> <span class='ocrx_word' id='word_1_291' title='bbox 3319 647 3436 692; x_wconf 90' lang='lat' dir='ltr'><strong>arte</strong></span> <span class='ocrx_word' id='word_1_292' title='bbox 3463 639 3678 694; x_wconf 84' lang='lat' dir='ltr'><strong>dicendi</strong></span> 
     </span>
    </p>
   </div>
   <div class='ocr_carea' id='block_1_35' title="bbox 2103 732 3682 803">
    <p class='ocr_par' dir='ltr' id='par_1_35' title="bbox 2103 732 3682 803">
     <span class='ocr_line' id='line_1_35' title="bbox 2103 732 3682 803; baseline 0 -17"><span class='ocrx_word' id='word_1_293' title='bbox 2103 733 2394 802; x_wconf 79' lang='lat' dir='ltr'><strong>Apostolus</strong></span> <span class='ocrx_word' id='word_1_294' title='bbox 2427 733 2656 788; x_wconf 90' lang='lat' dir='ltr'><strong>formam</strong></span> <span class='ocrx_word' id='word_1_295' title='bbox 2710 733 2914 789; x_wconf 90' lang='lat' dir='ltr'><strong>Christi</strong></span> <span class='ocrx_word' id='word_1_296' title='bbox 2966 748 3090 789; x_wconf 89' lang='lat' dir='ltr'><strong>esse</strong></span> <span class='ocrx_word' id='word_1_297' title='bbox 3120 732 3294 788; x_wconf 87' lang='lat' dir='ltr'><strong>Adam</strong></span> <span class='ocrx_word' id='word_1_298' title='bbox 3328 732 3530 803; x_wconf 79' lang='lat' dir='ltr'><strong>posuit,</strong></span> <span class='ocrx_word' id='word_1_299' title='bbox 3560 747 3682 800; x_wconf 69' lang='lat' dir='ltr'><strong>qua:</strong></span> 
     </span>
    </p>
   </div>
   <div class='ocr_carea' id='block_1_36' title="bbox 2100 822 3685 893">
    <p class='ocr_par' dir='ltr' id='par_1_36' title="bbox 2100 822 3685 893">
     <span class='ocr_line' id='line_1_36' title="bbox 2100 822 3685 893; baseline -0.002 -14"><span class='ocrx_word' id='word_1_300' title='bbox 2100 825 2173 879; x_wconf 90' lang='lat' dir='ltr'><strong>sit</strong></span> <span class='ocrx_word' id='word_1_301' title='bbox 2205 840 2301 892; x_wconf 87' lang='lat' dir='ltr'><strong>per</strong></span> <span class='ocrx_word' id='word_1_302' title='bbox 2325 841 2496 893; x_wconf 87' lang='lat' dir='ltr'><strong>genus</strong></span> <span class='ocrx_word' id='word_1_303' title='bbox 2543 825 2770 891; x_wconf 90' lang='lat' dir='ltr'><strong>similis,</strong></span> <span class='ocrx_word' id='word_1_304' title='bbox 2799 839 2896 893; x_wconf 91' lang='lat' dir='ltr'><strong>per</strong></span> <span class='ocrx_word' id='word_1_305' title='bbox 2934 825 3177 893; x_wconf 87' lang='lat' dir='ltr'><strong>speciem</strong></span> <span class='ocrx_word' id='word_1_306' title='bbox 3223 824 3525 879; x_wconf 89' lang='lat' dir='ltr'><strong>contraria.</strong></span> <span class='ocrx_word' id='word_1_307' title='bbox 3579 822 3685 876; x_wconf 81' lang='lat' dir='ltr'><strong>Per</strong></span> 
     </span>
    </p>
   </div>
   <div class='ocr_carea' id='block_1_37' title="bbox 2105 912 3681 990">
    <p class='ocr_par' dir='ltr' id='par_1_37' title="bbox 2105 912 3681 990">
     <span class='ocr_line' id='line_1_37' title="bbox 2105 912 3681 990; baseline 0.011 -29"><span class='ocrx_word' id='word_1_308' title='bbox 2105 923 2279 978; x_wconf 87' lang='lat' dir='ltr'><strong>genus</strong></span> <span class='ocrx_word' id='word_1_309' title='bbox 2310 925 2542 981; x_wconf 91' lang='lat' dir='ltr'><strong>namque</strong></span> <span class='ocrx_word' id='word_1_310' title='bbox 2571 912 2761 968; x_wconf 87' lang='lat' dir='ltr'><strong>similis</strong></span> <span class='ocrx_word' id='word_1_311' title='bbox 2789 923 2873 968; x_wconf 91' lang='lat' dir='ltr'><strong>est</strong></span> <span class='ocrx_word' id='word_1_312' title='bbox 2895 914 3066 970; x_wconf 87' lang='lat' dir='ltr'><strong>forma</strong></span> <span class='ocrx_word' id='word_1_313' title='bbox 3097 917 3151 971; x_wconf 92' lang='lat' dir='ltr'><strong>in</strong></span> <span class='ocrx_word' id='word_1_314' title='bbox 3178 935 3242 974; x_wconf 93' lang='lat' dir='ltr'><strong>eo</strong></span> <span class='ocrx_word' id='word_1_315' title='bbox 3267 921 3412 990; x_wconf 90' lang='lat' dir='ltr'><strong>quod</strong></span> <span class='ocrx_word' id='word_1_316' title='bbox 3444 923 3586 978; x_wconf 87' lang='lat' dir='ltr'><strong>sicut</strong></span> <span class='ocrx_word' id='word_1_317' title='bbox 3611 923 3681 979; x_wconf 92' lang='lat' dir='ltr'><strong>ab</strong></span> 
     </span>
    </p>
   </div>
   <div class='ocr_carea' id='block_1_38' title="bbox 2107 997 3681 1074">
    <p class='ocr_par' dir='ltr' id='par_1_38' title="bbox 2107 997 3681 1074">
     <span class='ocr_line' id='line_1_38' title="bbox 2107 997 3681 1074; baseline 0.011 -25"><span class='ocrx_word' id='word_1_318' title='bbox 2107 1010 2218 1050; x_wconf 92' lang='lat' dir='ltr'><strong>uno</strong></span> <span class='ocrx_word' id='word_1_319' title='bbox 2240 997 2409 1052; x_wconf 88' lang='lat' dir='ltr'><strong>Adam</strong></span> <span class='ocrx_word' id='word_1_320' title='bbox 2439 998 2495 1052; x_wconf 93' lang='lat' dir='ltr'><strong>in</strong></span> <span class='ocrx_word' id='word_1_321' title='bbox 2529 1000 2715 1070; x_wconf 89' lang='lat' dir='ltr'><strong>plures</strong></span> <span class='ocrx_word' id='word_1_322' title='bbox 2755 1001 3003 1058; x_wconf 90' lang='lat' dir='ltr'><strong>homines</strong></span> <span class='ocrx_word' id='word_1_323' title='bbox 3042 1004 3385 1074; x_wconf 73' lang='lat' dir='ltr'><strong>diffunditur,</strong></span> <span class='ocrx_word' id='word_1_324' title='bbox 3423 1009 3496 1063; x_wconf 87' lang='lat' dir='ltr'><strong>ita</strong></span> <span class='ocrx_word' id='word_1_325' title='bbox 3530 1012 3681 1065; x_wconf 90' lang='lat' dir='ltr'><strong>etab</strong></span> 
     </span>
    </p>
   </div>
   <div class='ocr_carea' id='block_1_39' title="bbox 2106 1087 3681 1172">
    <p class='ocr_par' dir='ltr' id='par_1_39' title="bbox 2106 1087 3681 1172">
     <span class='ocr_line' id='line_1_39' title="bbox 2106 1087 3681 1172; baseline 0.01 -32"><span class='ocrx_word' id='word_1_326' title='bbox 2106 1101 2216 1140; x_wconf 92' lang='lat' dir='ltr'><strong>uno</strong></span> <span class='ocrx_word' id='word_1_327' title='bbox 2240 1087 2456 1144; x_wconf 85' lang='lat' dir='ltr'><strong>Christo</strong></span> <span class='ocrx_word' id='word_1_328' title='bbox 2477 1089 2530 1143; x_wconf 92' lang='lat' dir='ltr'><strong>in</strong></span> <span class='ocrx_word' id='word_1_329' title='bbox 2565 1092 2748 1160; x_wconf 90' lang='lat' dir='ltr'><strong>plures</strong></span> <span class='ocrx_word' id='word_1_330' title='bbox 2771 1092 3017 1149; x_wconf 89' lang='lat' dir='ltr'><strong>homines</strong></span> <span class='ocrx_word' id='word_1_331' title='bbox 3042 1096 3390 1152; x_wconf 71' lang='lat' dir='ltr'><strong>diffundatur.</strong></span> <span class='ocrx_word' id='word_1_332' title='bbox 3423 1101 3526 1154; x_wconf 87' lang='lat' dir='ltr'><strong>Per</strong></span> <span class='ocrx_word' id='word_1_333' title='bbox 3553 1116 3681 1172; x_wconf 89' lang='lat' dir='ltr'><strong>spe-</strong></span> 
     </span>
    </p>
   </div>
   <div class='ocr_carea' id='block_1_40' title="bbox 2107 1174 3682 1255">
    <p class='ocr_par' dir='ltr' id='par_1_40' title="bbox 2107 1174 3682 1255">
     <span class='ocr_line' id='line_1_40' title="bbox 2107 1174 3682 1255; baseline 0.009 -25"><span class='ocrx_word' id='word_1_334' title='bbox 2107 1174 2244 1230; x_wconf 89' lang='lat' dir='ltr'><strong>ciem</strong></span> <span class='ocrx_word' id='word_1_335' title='bbox 2269 1190 2397 1230; x_wconf 90' lang='lat' dir='ltr'><strong>vero</strong></span> <span class='ocrx_word' id='word_1_336' title='bbox 2440 1179 2738 1243; x_wconf 89' lang='lat' dir='ltr'><strong>contraria,</strong></span> <span class='ocrx_word' id='word_1_337' title='bbox 2766 1182 2908 1248; x_wconf 93' lang='lat' dir='ltr'><strong>quod</strong></span> <span class='ocrx_word' id='word_1_338' title='bbox 2935 1197 2998 1236; x_wconf 85' lang='lat' dir='ltr'><strong>ex</strong></span> <span class='ocrx_word' id='word_1_339' title='bbox 3040 1183 3211 1239; x_wconf 88' lang='lat' dir='ltr'><strong>Adam</strong></span> <span class='ocrx_word' id='word_1_340' title='bbox 3239 1187 3682 1255; x_wconf 59' lang='lat' dir='ltr'><strong>praevaricatione</strong></span> 
     </span>
    </p>
   </div>
   <div class='ocr_carea' id='block_1_41' title="bbox 2106 1270 3682 1341">
    <p class='ocr_par' dir='ltr' id='par_1_41' title="bbox 2106 1270 3682 1341">
     <span class='ocr_line' id='line_1_41' title="bbox 2106 1270 3682 1341; baseline 0.009 -24"><span class='ocrx_word' id='word_1_341' title='bbox 2106 1273 2278 1332; x_wconf 78' lang='lat' dir='ltr'><strong>coepta</strong></span> <span class='ocrx_word' id='word_1_342' title='bbox 2301 1303 2316 1328; x_wconf 89' lang='lat'><strong>,</strong></span> <span class='ocrx_word' id='word_1_343' title='bbox 2349 1283 2368 1316; x_wconf 83' lang='grc'><em>‹</em></span> <span class='ocrx_word' id='word_1_344' title='bbox 2413 1276 2725 1334; x_wconf 84' lang='lat' dir='ltr'><strong>peccatores</strong></span> <span class='ocrx_word' id='word_1_345' title='bbox 2765 1270 3044 1325; x_wconf 89' lang='lat' dir='ltr'><strong>constituti</strong></span> <span class='ocrx_word' id='word_1_346' title='bbox 3083 1282 3212 1327; x_wconf 89' lang='lat' dir='ltr'><strong>sunt</strong></span> <span class='ocrx_word' id='word_1_347' title='bbox 3254 1274 3441 1341; x_wconf 92' lang='lat' dir='ltr'><strong>multi;</strong></span> <span class='ocrx_word' id='word_1_348' title='bbox 3475 1295 3493 1326; x_wconf 73' lang='grc' dir='ltr'><strong>ι</strong></span> <span class='ocrx_word' id='word_1_349' title='bbox 3519 1275 3682 1331; x_wconf 90' lang='lat' dir='ltr'><strong>Chri-</strong></span> 
     </span>
    </p>
   </div>
   <div class='ocr_carea' id='block_1_42' title="bbox 2106 1348 3677 1429">
    <p class='ocr_par' dir='ltr' id='par_1_42' title="bbox 2106 1348 3677 1429">
     <span class='ocr_line' id='line_1_42' title="bbox 2106 1348 3677 1429; baseline 0.008 -29"><span class='ocrx_word' id='word_1_350' title='bbox 2106 1348 2174 1400; x_wconf 89' lang='lat' dir='ltr'><strong>sti</strong></span> <span class='ocrx_word' id='word_1_351' title='bbox 2204 1364 2334 1404; x_wconf 86' lang='lat' dir='ltr'><strong>vero</strong></span> <span class='ocrx_word' id='word_1_352' title='bbox 2369 1367 2387 1400; x_wconf 76' lang='grc' dir='ltr'><strong>ι</strong></span> <span class='ocrx_word' id='word_1_353' title='bbox 2422 1350 2728 1406; x_wconf 89' lang='lat' dir='ltr'><strong>obedientia</strong></span> <span class='ocrx_word' id='word_1_354' title='bbox 2754 1353 2888 1422; x_wconf 87' lang='lat' dir='ltr'><strong>justi</strong></span> <span class='ocrx_word' id='word_1_355' title='bbox 2925 1357 3327 1411; x_wconf 86' lang='lat' dir='ltr'><strong>constituentur</strong></span> <span class='ocrx_word' id='word_1_356' title='bbox 3368 1358 3523 1429; x_wconf 82' lang='lat' dir='ltr'><strong>multi</strong></span> <span class='ocrx_word' id='word_1_357' title='bbox 3552 1360 3618 1413; x_wconf 65' lang='grc' dir='ltr'><strong>π.</strong></span> <span class='ocrx_word' id='word_1_358' title='bbox 3655 1379 3677 1412; x_wconf 75' lang='grc' dir='ltr'><strong>ι</strong></span> 
     </span>
    </p>
   </div>
   <div class='ocr_carea' id='block_1_43' title="bbox 2107 1434 3682 1510">
    <p class='ocr_par' dir='ltr' id='par_1_43' title="bbox 2107 1434 3682 1510">
     <span class='ocr_line' id='line_1_43' title="bbox 2107 1434 3682 1510; baseline 0.008 -21"><span class='ocrx_word' id='word_1_359' title='bbox 2107 1434 2242 1501; x_wconf 84' lang='lat' dir='ltr'><strong>Quia</strong></span> <span class='ocrx_word' id='word_1_360' title='bbox 2271 1452 2400 1508; x_wconf 86' lang='lat' dir='ltr'><strong>ergo</strong></span> <span class='ocrx_word' id='word_1_361' title='bbox 2426 1449 2694 1508; x_wconf 87' lang='lat' dir='ltr'><strong>quatenus</strong></span> <span class='ocrx_word' id='word_1_362' title='bbox 2721 1440 2892 1496; x_wconf 87' lang='lat' dir='ltr'><strong>forma</strong></span> <span class='ocrx_word' id='word_1_363' title='bbox 2916 1441 3117 1498; x_wconf 90' lang='lat' dir='ltr'><strong>Christi</strong></span> <span class='ocrx_word' id='word_1_364' title='bbox 3158 1444 3320 1500; x_wconf 85' lang='lat' dir='ltr'><strong>fuerit</strong></span> <span class='ocrx_word' id='word_1_365' title='bbox 3342 1447 3531 1510; x_wconf 80' lang='lat' dir='ltr'><strong>Adam,</strong></span> <span class='ocrx_word' id='word_1_366' title='bbox 3566 1449 3682 1502; x_wconf 83' lang='lat' dir='ltr'><strong>sive</strong></span> 
     </span>
    </p>
   </div>
   <div class='ocr_carea' id='block_1_44' title="bbox 2107 1524 3682 1595">
    <p class='ocr_par' dir='ltr' id='par_1_44' title="bbox 2107 1524 3682 1595">
     <span class='ocr_line' id='line_1_44' title="bbox 2107 1524 3682 1595; baseline 0.008 -18"><span class='ocrx_word' id='word_1_367' title='bbox 2107 1524 2162 1577; x_wconf 92' lang='lat' dir='ltr'><strong>in</strong></span> <span class='ocrx_word' id='word_1_368' title='bbox 2191 1525 2475 1588; x_wconf 85' lang='lat' dir='ltr'><strong>similibus,</strong></span> <span class='ocrx_word' id='word_1_369' title='bbox 2504 1527 2618 1582; x_wconf 87' lang='lat' dir='ltr'><strong>sive</strong></span> <span class='ocrx_word' id='word_1_370' title='bbox 2655 1527 2709 1581; x_wconf 90' lang='lat' dir='ltr'><strong>in</strong></span> <span class='ocrx_word' id='word_1_371' title='bbox 2741 1530 3054 1595; x_wconf 87' lang='lat' dir='ltr'><strong>contrariis,</strong></span> <span class='ocrx_word' id='word_1_372' title='bbox 3087 1532 3384 1586; x_wconf 89' lang='lat' dir='ltr'><strong>secundum</strong></span> <span class='ocrx_word' id='word_1_373' title='bbox 3415 1534 3682 1589; x_wconf 89' lang='lat' dir='ltr'><strong>rationem</strong></span> 
     </span>
    </p>
   </div>
   <div class='ocr_carea' id='block_1_45' title="bbox 2107 1610 3685 1687">
    <p class='ocr_par' dir='ltr' id='par_1_45' title="bbox 2107 1610 3685 1687">
     <span class='ocr_line' id='line_1_45' title="bbox 2107 1610 3685 1687; baseline 0.006 -23"><span class='ocrx_word' id='word_1_374' title='bbox 2107 1610 2306 1680; x_wconf 90' lang='lat' dir='ltr'><strong>eloquii</strong></span> <span class='ocrx_word' id='word_1_375' title='bbox 2333 1611 2504 1681; x_wconf 90' lang='lat' dir='ltr'><strong>ipsius</strong></span> <span class='ocrx_word' id='word_1_376' title='bbox 2532 1613 2876 1682; x_wconf 83' lang='lat' dir='ltr'><strong>explanatum</strong></span> <span class='ocrx_word' id='word_1_377' title='bbox 2920 1625 3022 1680; x_wconf 89' lang='lat' dir='ltr'><strong>est,</strong></span> <span class='ocrx_word' id='word_1_378' title='bbox 3063 1632 3209 1670; x_wconf 90' lang='lat' dir='ltr'><strong>nunc</strong></span> <span class='ocrx_word' id='word_1_379' title='bbox 3237 1617 3398 1670; x_wconf 90' lang='lat' dir='ltr'><strong>etiam</strong></span> <span class='ocrx_word' id='word_1_380' title='bbox 3441 1619 3568 1687; x_wconf 91' lang='lat' dir='ltr'><strong>quid</strong></span> <span class='ocrx_word' id='word_1_381' title='bbox 3599 1619 3685 1672; x_wconf 90' lang='lat' dir='ltr'><strong>in-</strong></span> 
     </span>
    </p>
   </div>
   <div class='ocr_carea' id='block_1_46' title="bbox 2110 1699 3684 1777">
    <p class='ocr_par' dir='ltr' id='par_1_46' title="bbox 2110 1699 3684 1777">
     <span class='ocr_line' id='line_1_46' title="bbox 2110 1699 3684 1777; baseline 0.004 -23"><span class='ocrx_word' id='word_1_382' title='bbox 2110 1699 2325 1754; x_wconf 83' lang='lat' dir='ltr'><strong>terioris</strong></span> <span class='ocrx_word' id='word_1_383' title='bbox 2352 1715 2547 1755; x_wconf 89' lang='lat' dir='ltr'><strong>sensus</strong></span> <span class='ocrx_word' id='word_1_384' title='bbox 2567 1700 2856 1770; x_wconf 81' lang='lat' dir='ltr'><strong>Apostolus</strong></span> <span class='ocrx_word' id='word_1_385' title='bbox 2884 1703 3086 1757; x_wconf 82' lang='lat' dir='ltr'><strong>indicet</strong></span> <span class='ocrx_word' id='word_1_386' title='bbox 3115 1705 3169 1758; x_wconf 90' lang='lat' dir='ltr'><strong>in</strong></span> <span class='ocrx_word' id='word_1_387' title='bbox 3201 1705 3286 1759; x_wconf 90' lang='lat' dir='ltr'><strong>his</strong></span> <span class='ocrx_word' id='word_1_388' title='bbox 3313 1705 3448 1777; x_wconf 83' lang='lat'><strong>(99),</strong></span> <span class='ocrx_word' id='word_1_389' title='bbox 3481 1707 3566 1760; x_wconf 89' lang='lat' dir='ltr'><strong>vel</strong></span> <span class='ocrx_word' id='word_1_390' title='bbox 3591 1723 3684 1777; x_wconf 92' lang='lat' dir='ltr'><strong>po-</strong></span> 
     </span>
    </p>
   </div>
   <div class='ocr_carea' id='block_1_47' title="bbox 2035 1787 3682 1862">
    <p class='ocr_par' dir='ltr' id='par_1_47' title="bbox 2035 1787 3682 1862">
     <span class='ocr_line' id='line_1_47' title="bbox 2035 1787 3682 1862; baseline 0.002 -17"><span class='ocrx_word' id='word_1_391' title='bbox 2035 1792 2076 1845; x_wconf 79' lang='lat' dir='ltr'><strong>B</strong></span> <span class='ocrx_word' id='word_1_392' title='bbox 2108 1787 2215 1841; x_wconf 89' lang='lat' dir='ltr'><strong>tius</strong></span> <span class='ocrx_word' id='word_1_393' title='bbox 2267 1798 2545 1860; x_wconf 82' lang='lat' dir='ltr'><strong>contegat,</strong></span> <span class='ocrx_word' id='word_1_394' title='bbox 2585 1791 2881 1845; x_wconf 84' lang='lat' dir='ltr'><strong>videamus.</strong></span> <span class='ocrx_word' id='word_1_395' title='bbox 2929 1791 2995 1845; x_wconf 89' lang='lat' dir='ltr'><strong>Et</strong></span> <span class='ocrx_word' id='word_1_396' title='bbox 3038 1793 3282 1861; x_wconf 86' lang='lat' dir='ltr'><strong>quamvis</strong></span> <span class='ocrx_word' id='word_1_397' title='bbox 3313 1795 3682 1862; x_wconf 90' lang='lat' dir='ltr'><strong>periculosum</strong></span> 
     </span>
    </p>
   </div>
   <div class='ocr_carea' id='block_1_48' title="bbox 2105 1872 3685 1952">
    <p class='ocr_par' dir='ltr' id='par_1_48' title="bbox 2105 1872 3685 1952">
     <span class='ocr_line' id='line_1_48' title="bbox 2105 1872 3685 1952; baseline 0.006 -24"><span class='ocrx_word' id='word_1_398' title='bbox 2105 1872 2354 1928; x_wconf 87' lang='lat' dir='ltr'><strong>videatur</strong></span> <span class='ocrx_word' id='word_1_399' title='bbox 2381 1890 2442 1928; x_wconf 91' lang='lat' dir='ltr'><strong>ea</strong></span> <span class='ocrx_word' id='word_1_400' title='bbox 2475 1891 2594 1945; x_wconf 72' lang='lat' dir='ltr'><strong>qua:</strong></span> <span class='ocrx_word' id='word_1_401' title='bbox 2639 1878 2904 1932; x_wconf 87' lang='lat' dir='ltr'><strong>occultius</strong></span> <span class='ocrx_word' id='word_1_402' title='bbox 2941 1877 2995 1931; x_wconf 91' lang='lat' dir='ltr'><strong>in</strong></span> <span class='ocrx_word' id='word_1_403' title='bbox 3041 1878 3284 1948; x_wconf 83' lang='lat' dir='ltr'><strong>Apostoli</strong></span> <span class='ocrx_word' id='word_1_404' title='bbox 3331 1881 3550 1950; x_wconf 89' lang='lat' dir='ltr'><strong>scriptis</strong></span> <span class='ocrx_word' id='word_1_405' title='bbox 3581 1898 3685 1952; x_wconf 85' lang='lat' dir='ltr'><strong>po-</strong></span> 
     </span>
    </p>
   </div>
   <div class='ocr_carea' id='block_1_49' title="bbox 2106 1962 3685 2038">
    <p class='ocr_par' dir='ltr' id='par_1_49' title="bbox 2106 1962 3685 2038">
     <span class='ocr_line' id='line_1_49' title="bbox 2106 1962 3685 2038; baseline 0.006 -23"><span class='ocrx_word' id='word_1_406' title='bbox 2106 1962 2210 2017; x_wconf 86' lang='lat' dir='ltr'><strong>sita</strong></span> <span class='ocrx_word' id='word_1_407' title='bbox 2239 1973 2368 2018; x_wconf 88' lang='lat' dir='ltr'><strong>sunt</strong></span> <span class='ocrx_word' id='word_1_408' title='bbox 2399 1966 2724 2034; x_wconf 86' lang='lat' dir='ltr'><strong>patefacere,</strong></span> <span class='ocrx_word' id='word_1_409' title='bbox 2751 1976 2952 2032; x_wconf 88' lang='lat' dir='ltr'><strong>tamen,</strong></span> <span class='ocrx_word' id='word_1_410' title='bbox 2991 1983 3096 2037; x_wconf 91' lang='lat' dir='ltr'><strong>qua</strong></span> <span class='ocrx_word' id='word_1_411' title='bbox 3133 1983 3198 2022; x_wconf 91' lang='lat' dir='ltr'><strong>ex</strong></span> <span class='ocrx_word' id='word_1_412' title='bbox 3231 1978 3382 2038; x_wconf 89' lang='lat' dir='ltr'><strong>parte</strong></span> <span class='ocrx_word' id='word_1_413' title='bbox 3426 1970 3685 2038; x_wconf 89' lang='lat' dir='ltr'><strong>possibile</strong></span> 
     </span>
    </p>
   </div>
   <div class='ocr_carea' id='block_1_50' title="bbox 2033 2053 3686 2123">
    <p class='ocr_par' dir='ltr' id='par_1_50' title="bbox 2033 2053 3686 2123">
     <span class='ocr_line' id='line_1_50' title="bbox 2033 2053 3686 2123; baseline -0.001 -15"><span class='ocrx_word' id='word_1_414' title='bbox 2033 2071 2040 2078; x_wconf 87' lang='lat'>&#39;</span> <span class='ocrx_word' id='word_1_415' title='bbox 2105 2061 2209 2116; x_wconf 90' lang='lat' dir='ltr'><strong>est,</strong></span> <span class='ocrx_word' id='word_1_416' title='bbox 2252 2053 2448 2108; x_wconf 91' lang='lat' dir='ltr'><strong>indicia</strong></span> <span class='ocrx_word' id='word_1_417' title='bbox 2479 2055 2723 2123; x_wconf 64' lang='lat' dir='ltr'><strong>quaedam</strong></span> <span class='ocrx_word' id='word_1_418' title='bbox 2766 2069 2833 2108; x_wconf 91' lang='lat' dir='ltr'><strong>ex</strong></span> <span class='ocrx_word' id='word_1_419' title='bbox 2874 2055 2960 2108; x_wconf 89' lang='lat' dir='ltr'><strong>bis</strong></span> <span class='ocrx_word' id='word_1_420' title='bbox 3006 2054 3200 2109; x_wconf 72' lang='lat' dir='ltr'><strong>divinae</strong></span> <span class='ocrx_word' id='word_1_421' title='bbox 3242 2055 3497 2110; x_wconf 88' lang='lat' dir='ltr'><strong>bonitatis</strong></span> <span class='ocrx_word' id='word_1_422' title='bbox 3531 2056 3686 2110; x_wconf 90' lang='lat' dir='ltr'><strong>colli-</strong></span> 
     </span>
    </p>
   </div>
   <div class='ocr_carea' id='block_1_51' title="bbox 2105 2139 3683 2210">
    <p class='ocr_par' dir='ltr' id='par_1_51' title="bbox 2105 2139 3683 2210">
     <span class='ocr_line' id='line_1_51' title="bbox 2105 2139 3683 2210; baseline 0.001 -18"><span class='ocrx_word' id='word_1_423' title='bbox 2105 2154 2232 2208; x_wconf 85' lang='lat' dir='ltr'><strong>gere</strong></span> <span class='ocrx_word' id='word_1_424' title='bbox 2269 2155 2379 2193; x_wconf 93' lang='lat' dir='ltr'><strong>non</strong></span> <span class='ocrx_word' id='word_1_425' title='bbox 2413 2150 2545 2209; x_wconf 89' lang='lat' dir='ltr'><strong>puto</strong></span> <span class='ocrx_word' id='word_1_426' title='bbox 2571 2141 2864 2194; x_wconf 91' lang='lat' dir='ltr'><strong>absurdum</strong></span> <span class='ocrx_word' id='word_1_427' title='bbox 2905 2139 3094 2196; x_wconf 90' lang='lat' dir='ltr'><strong>videri.</strong></span> <span class='ocrx_word' id='word_1_428' title='bbox 3127 2141 3413 2210; x_wconf 81' lang='lat' dir='ltr'><strong>PrOposuit</strong></span> <span class='ocrx_word' id='word_1_429' title='bbox 3447 2139 3683 2210; x_wconf 86' lang='lat' dir='ltr'><strong>Aposto-</strong></span> 
     </span>
    </p>
   </div>
   <div class='ocr_carea' id='block_1_52' title="bbox 2103 2225 3687 2298">
    <p class='ocr_par' dir='ltr' id='par_1_52' title="bbox 2103 2225 3687 2298">
     <span class='ocr_line' id='line_1_52' title="bbox 2103 2225 3687 2298; baseline 0.002 -18"><span class='ocrx_word' id='word_1_430' title='bbox 2103 2225 2189 2280; x_wconf 90' lang='lat' dir='ltr'><strong>lus</strong></span> <span class='ocrx_word' id='word_1_431' title='bbox 2215 2226 2503 2281; x_wconf 88' lang='lat' dir='ltr'><strong>ostendere</strong></span> <span class='ocrx_word' id='word_1_432' title='bbox 2531 2227 2658 2296; x_wconf 91' lang='lat' dir='ltr'><strong>quid</strong></span> <span class='ocrx_word' id='word_1_433' title='bbox 2685 2228 2921 2281; x_wconf 89' lang='lat' dir='ltr'><strong>humano</strong></span> <span class='ocrx_word' id='word_1_434' title='bbox 2945 2228 3128 2298; x_wconf 82' lang='lat' dir='ltr'><strong>generi</strong></span> <span class='ocrx_word' id='word_1_435' title='bbox 3150 2228 3391 2282; x_wconf 90' lang='lat' dir='ltr'><strong>intulerit</strong></span> <span class='ocrx_word' id='word_1_436' title='bbox 3423 2248 3441 2279; x_wconf 75' lang='grc' dir='ltr'><strong>ι</strong></span> <span class='ocrx_word' id='word_1_437' title='bbox 3478 2229 3687 2298; x_wconf 83' lang='lat' dir='ltr'><strong>primus</strong></span> 
     </span>
    </p>
   </div>
   <div class='ocr_carea' id='block_1_53' title="bbox 2106 2311 3686 2384">
    <p class='ocr_par' dir='ltr' id='par_1_53' title="bbox 2106 2311 3686 2384">
     <span class='ocr_line' id='line_1_53' title="bbox 2106 2311 3686 2384; baseline 0.002 -18"><span class='ocrx_word' id='word_1_438' title='bbox 2106 2311 2298 2378; x_wconf 79' lang='lat' dir='ltr'><strong>Adam,</strong></span> <span class='ocrx_word' id='word_1_439' title='bbox 2335 2331 2353 2362; x_wconf 78' lang='grc' dir='ltr'><strong>ι</strong></span> <span class='ocrx_word' id='word_1_440' title='bbox 2383 2313 2473 2382; x_wconf 87' lang='lat' dir='ltr'><strong>qui</strong></span> <span class='ocrx_word' id='word_1_441' title='bbox 2504 2331 2521 2363; x_wconf 72' lang='grc' dir='ltr'><strong>ε</strong></span> <span class='ocrx_word' id='word_1_442' title='bbox 2561 2312 2735 2367; x_wconf 87' lang='lat' dir='ltr'><strong>factus</strong></span> <span class='ocrx_word' id='word_1_443' title='bbox 2775 2323 2858 2368; x_wconf 89' lang='lat' dir='ltr'><strong>est</strong></span> <span class='ocrx_word' id='word_1_444' title='bbox 2902 2314 2956 2367; x_wconf 90' lang='lat' dir='ltr'><strong>in</strong></span> <span class='ocrx_word' id='word_1_445' title='bbox 2985 2315 3218 2369; x_wconf 89' lang='lat' dir='ltr'><strong>animam</strong></span> <span class='ocrx_word' id='word_1_446' title='bbox 3249 2316 3461 2380; x_wconf 90' lang='lat' dir='ltr'><strong>vivam;</strong></span> <span class='ocrx_word' id='word_1_447' title='bbox 3500 2335 3517 2366; x_wconf 73' lang='grc' dir='ltr'><strong>ι</strong></span> <span class='ocrx_word' id='word_1_448' title='bbox 3551 2315 3686 2384; x_wconf 86' lang='lat' dir='ltr'><strong>quid</strong></span> 
     </span>
    </p>
   </div>
   <div class='ocr_carea' id='block_1_54' title="bbox 2105 2395 3684 2468">
    <p class='ocr_par' dir='ltr' id='par_1_54' title="bbox 2105 2395 3684 2468">
     <span class='ocr_line' id='line_1_54' title="bbox 2105 2395 3684 2468; baseline -0.001 -17"><span class='ocrx_word' id='word_1_449' title='bbox 2105 2397 2269 2451; x_wconf 87' lang='lat' dir='ltr'><strong>etiam</strong></span> <span class='ocrx_word' id='word_1_450' title='bbox 2302 2417 2320 2447; x_wconf 75' lang='grc' dir='ltr'><strong>ε</strong></span> <span class='ocrx_word' id='word_1_451' title='bbox 2359 2397 2633 2451; x_wconf 88' lang='lat' dir='ltr'><strong>secundus</strong></span> <span class='ocrx_word' id='word_1_452' title='bbox 2675 2395 2873 2461; x_wconf 83' lang='lat' dir='ltr'><strong>Adam,</strong></span> <span class='ocrx_word' id='word_1_453' title='bbox 2915 2416 2934 2448; x_wconf 68' lang='grc' dir='ltr'><strong>ι</strong></span> <span class='ocrx_word' id='word_1_454' title='bbox 2962 2398 3052 2466; x_wconf 90' lang='lat' dir='ltr'><strong>qui</strong></span> <span class='ocrx_word' id='word_1_455' title='bbox 3084 2407 3166 2453; x_wconf 89' lang='lat' dir='ltr'><strong>est</strong></span> <span class='ocrx_word' id='word_1_456' title='bbox 3199 2418 3216 2450; x_wconf 74' lang='grc' dir='ltr'><strong>ι</strong></span> <span class='ocrx_word' id='word_1_457' title='bbox 3248 2399 3302 2451; x_wconf 91' lang='lat' dir='ltr'><strong>in</strong></span> <span class='ocrx_word' id='word_1_458' title='bbox 3329 2399 3576 2468; x_wconf 89' lang='lat' dir='ltr'><strong>spiritum</strong></span> <span class='ocrx_word' id='word_1_459' title='bbox 3600 2397 3684 2451; x_wconf 91' lang='lat' dir='ltr'><strong>vi-</strong></span> 
     </span>
    </p>
   </div>
   <div class='ocr_carea' id='block_1_55' title="bbox 2104 2483 3690 2554">
    <p class='ocr_par' dir='ltr' id='par_1_55' title="bbox 2104 2483 3690 2554">
     <span class='ocr_line' id='line_1_55' title="bbox 2104 2483 3690 2554; baseline -0.002 -15"><span class='ocrx_word' id='word_1_460' title='bbox 2104 2483 2417 2539; x_wconf 78' lang='lat' dir='ltr'><strong>viﬁcantem</strong></span> <span class='ocrx_word' id='word_1_461' title='bbox 2444 2484 2510 2537; x_wconf 85' lang='grc'><strong>²¹.</strong></span> <span class='ocrx_word' id='word_1_462' title='bbox 2541 2503 2560 2534; x_wconf 85' lang='grc'><strong><em>›</em></strong></span> <span class='ocrx_word' id='word_1_463' title='bbox 2593 2483 2669 2536; x_wconf 83' lang='lat' dir='ltr'><strong>Ex</strong></span> <span class='ocrx_word' id='word_1_464' title='bbox 2694 2484 2861 2548; x_wconf 83' lang='lat' dir='ltr'><strong>illius,</strong></span> <span class='ocrx_word' id='word_1_465' title='bbox 2888 2484 3082 2553; x_wconf 89' lang='lat' dir='ltr'><strong>inquit,</strong></span> <span class='ocrx_word' id='word_1_466' title='bbox 3107 2484 3547 2554; x_wconf 66' lang='lat' dir='ltr'><strong>praevaricatione</strong></span> <span class='ocrx_word' id='word_1_467' title='bbox 3570 2499 3690 2553; x_wconf 55' lang='lat' dir='ltr'><strong>pec-</strong></span> 
     </span>
    </p>
   </div>
   <div class='ocr_carea' id='block_1_56' title="bbox 2107 2572 3690 2642">
    <p class='ocr_par' dir='ltr' id='par_1_56' title="bbox 2107 2572 3690 2642">
     <span class='ocr_line' id='line_1_56' title="bbox 2107 2572 3690 2642; baseline -0.001 -16"><span class='ocrx_word' id='word_1_468' title='bbox 2107 2582 2287 2632; x_wconf 87' lang='lat' dir='ltr'><strong>catum</strong></span> <span class='ocrx_word' id='word_1_469' title='bbox 2317 2572 2600 2642; x_wconf 91' lang='lat' dir='ltr'><strong>apparuit,</strong></span> <span class='ocrx_word' id='word_1_470' title='bbox 2628 2581 2684 2625; x_wconf 91' lang='lat' dir='ltr'><strong>et</strong></span> <span class='ocrx_word' id='word_1_471' title='bbox 2711 2587 2810 2640; x_wconf 89' lang='lat' dir='ltr'><strong>per</strong></span> <span class='ocrx_word' id='word_1_472' title='bbox 2842 2583 3123 2642; x_wconf 90' lang='lat' dir='ltr'><strong>peccatum</strong></span> <span class='ocrx_word' id='word_1_473' title='bbox 3153 2589 3301 2627; x_wconf 89' lang='lat' dir='ltr'><strong>mors</strong></span> <span class='ocrx_word' id='word_1_474' title='bbox 3329 2574 3571 2642; x_wconf 74' lang='lat' dir='ltr'><strong>ingressa</strong></span> <span class='ocrx_word' id='word_1_475' title='bbox 3605 2579 3690 2626; x_wconf 89' lang='lat' dir='ltr'><strong>est</strong></span> 
     </span>
    </p>
   </div>
   <div class='ocr_carea' id='block_1_57' title="bbox 2108 2655 3688 2721">
    <p class='ocr_par' dir='ltr' id='par_1_57' title="bbox 2108 2655 3688 2721">
     <span class='ocr_line' id='line_1_57' title="bbox 2108 2655 3688 2721; baseline -0.001 -7"><span class='ocrx_word' id='word_1_476' title='bbox 2108 2655 2164 2714; x_wconf 88' lang='lat' dir='ltr'><strong>i&#39;n</strong></span> <span class='ocrx_word' id='word_1_477' title='bbox 2197 2677 2387 2716; x_wconf 86' lang='lat' dir='ltr'><strong>omnes</strong></span> <span class='ocrx_word' id='word_1_478' title='bbox 2417 2661 2668 2714; x_wconf 90' lang='lat' dir='ltr'><strong>homines</strong></span> <span class='ocrx_word' id='word_1_479' title='bbox 2694 2661 2739 2690; x_wconf 81' lang='lat'>“</span> <span class='ocrx_word' id='word_1_480' title='bbox 2766 2678 2779 2713; x_wconf 91' lang='lat'><strong>:</strong></span> <span class='ocrx_word' id='word_1_481' title='bbox 2803 2661 2930 2721; x_wconf 79' lang='lat' dir='ltr'><strong>imo,</strong></span> <span class='ocrx_word' id='word_1_482' title='bbox 2961 2671 3020 2714; x_wconf 88' lang='lat' dir='ltr'><strong>ut</strong></span> <span class='ocrx_word' id='word_1_483' title='bbox 3040 2675 3316 2715; x_wconf 84' lang='lat' dir='ltr'><strong>servemus</strong></span> <span class='ocrx_word' id='word_1_484' title='bbox 3337 2661 3488 2714; x_wconf 87' lang='lat' dir='ltr'><strong>Pauli</strong></span> <span class='ocrx_word' id='word_1_485' title='bbox 3519 2660 3688 2712; x_wconf 85' lang='lat' dir='ltr'><strong>Litte-</strong></span> 
     </span>
    </p>
   </div>
   <div class='ocr_carea' id='block_1_58' title="bbox 2105 2741 3694 2814">
    <p class='ocr_par' dir='ltr' id='par_1_58' title="bbox 2105 2741 3694 2814">
     <span class='ocr_line' id='line_1_58' title="bbox 2105 2741 3694 2814; baseline 0.003 -16"><span class='ocrx_word' id='word_1_486' title='bbox 2105 2743 2183 2798; x_wconf 89' lang='lat' dir='ltr'><strong>ris</strong></span> <span class='ocrx_word' id='word_1_487' title='bbox 2225 2741 2654 2797; x_wconf 89' lang='lat' dir='ltr'><strong>moderationem</strong></span> <span class='ocrx_word' id='word_1_488' title='bbox 2712 2756 2870 2798; x_wconf 87' lang='lat' dir='ltr'><strong>suam</strong></span> <span class='ocrx_word' id='word_1_489' title='bbox 2896 2757 3058 2812; x_wconf 91' lang='lat' dir='ltr'><strong>quam</strong></span> <span class='ocrx_word' id='word_1_490' title='bbox 3091 2743 3145 2798; x_wconf 94' lang='lat' dir='ltr'><strong>in</strong></span> <span class='ocrx_word' id='word_1_491' title='bbox 3174 2745 3429 2814; x_wconf 69' lang='lat' dir='ltr'><strong>praasenti</strong></span> <span class='ocrx_word' id='word_1_492' title='bbox 3465 2745 3694 2802; x_wconf 16' lang='lat' dir='ltr'><strong>locoatc-</strong></span> 
     </span>
    </p>
   </div>
   <div class='ocr_carea' id='block_1_59' title="bbox 2107 2834 3693 2907">
    <p class='ocr_par' dir='ltr' id='par_1_59' title="bbox 2107 2834 3693 2907">
     <span class='ocr_line' id='line_1_59' title="bbox 2107 2834 3693 2907; baseline 0.004 -19"><span class='ocrx_word' id='word_1_493' title='bbox 2107 2835 2246 2898; x_wconf 90' lang='lat' dir='ltr'><strong>nuit,</strong></span> <span class='ocrx_word' id='word_1_494' title='bbox 2284 2836 2337 2889; x_wconf 92' lang='lat' dir='ltr'><strong>in</strong></span> <span class='ocrx_word' id='word_1_495' title='bbox 2385 2834 2586 2890; x_wconf 92' lang='lat' dir='ltr'><strong>multos</strong></span> <span class='ocrx_word' id='word_1_496' title='bbox 2628 2835 2877 2891; x_wconf 89' lang='lat' dir='ltr'><strong>homines</strong></span> <span class='ocrx_word' id='word_1_497' title='bbox 2934 2852 3081 2891; x_wconf 91' lang='lat' dir='ltr'><strong>mors</strong></span> <span class='ocrx_word' id='word_1_498' title='bbox 3137 2839 3457 2907; x_wconf 90' lang='lat' dir='ltr'><strong>pertransiit</strong></span> <span class='ocrx_word' id='word_1_499' title='bbox 3485 2838 3555 2893; x_wconf 80' lang='lat'><strong>&quot;.</strong></span> <span class='ocrx_word' id='word_1_500' title='bbox 3585 2839 3693 2894; x_wconf 86' lang='lat' dir='ltr'><strong>Per</strong></span> 
     </span>
    </p>
   </div>
   <div class='ocr_carea' id='block_1_60' title="bbox 2104 2925 3691 3000">
    <p class='ocr_par' dir='ltr' id='par_1_60' title="bbox 2104 2925 3691 3000">
     <span class='ocr_line' id='line_1_60' title="bbox 2104 2925 3691 3000; baseline 0.001 -19"><span class='ocrx_word' id='word_1_501' title='bbox 2104 2925 2467 2982; x_wconf 83' lang='lat' dir='ltr'><strong>obedientiam</strong></span> <span class='ocrx_word' id='word_1_502' title='bbox 2503 2942 2633 2981; x_wconf 89' lang='lat' dir='ltr'><strong>vero</strong></span> <span class='ocrx_word' id='word_1_503' title='bbox 2663 2926 2867 2983; x_wconf 89' lang='lat' dir='ltr'><strong>Christi</strong></span> <span class='ocrx_word' id='word_1_504' title='bbox 2901 2927 3252 2997; x_wconf 83' lang='lat' dir='ltr'><strong>justilicatio,</strong></span> <span class='ocrx_word' id='word_1_505' title='bbox 3289 2940 3345 2984; x_wconf 92' lang='lat' dir='ltr'><strong>et</strong></span> <span class='ocrx_word' id='word_1_506' title='bbox 3375 2929 3691 3000; x_wconf 82' lang='lat' dir='ltr'><strong>perjustifi-</strong></span> 
     </span>
    </p>
   </div>
   <div class='ocr_carea' id='block_1_61' title="bbox 2107 3015 3688 3087">
    <p class='ocr_par' dir='ltr' id='par_1_61' title="bbox 2107 3015 3688 3087">
     <span class='ocr_line' id='line_1_61' title="bbox 2107 3015 3688 3087; baseline 0.004 -19"><span class='ocrx_word' id='word_1_507' title='bbox 2107 3015 2378 3072; x_wconf 91' lang='lat' dir='ltr'><strong>cationem</strong></span> <span class='ocrx_word' id='word_1_508' title='bbox 2421 3017 2534 3071; x_wconf 90' lang='lat' dir='ltr'><strong>vita</strong></span> <span class='ocrx_word' id='word_1_509' title='bbox 2579 3016 2750 3072; x_wconf 91' lang='lat' dir='ltr'><strong>multo</strong></span> <span class='ocrx_word' id='word_1_510' title='bbox 2776 3017 2952 3087; x_wconf 84' lang='lat' dir='ltr'><strong>magis</strong></span> <span class='ocrx_word' id='word_1_511' title='bbox 2983 3019 3034 3070; x_wconf 94' lang='lat' dir='ltr'><strong>in</strong></span> <span class='ocrx_word' id='word_1_512' title='bbox 3068 3018 3249 3085; x_wconf 62' lang='lat' dir='ltr'><strong>plures</strong></span> <span class='ocrx_word' id='word_1_513' title='bbox 3282 3019 3578 3074; x_wconf 87' lang='lat' dir='ltr'><strong>abundavit</strong></span> <span class='ocrx_word' id='word_1_514' title='bbox 3618 3021 3688 3076; x_wconf 76' lang='lat'><strong>“.</strong></span> 
     </span>
    </p>
   </div>
   <div class='ocr_carea' id='block_1_62' title="bbox 433 3105 3691 3190">
    <p class='ocr_par' dir='ltr' id='par_1_62' title="bbox 433 3105 3691 3190">
     <span class='ocr_line' id='line_1_62' title="bbox 433 3105 3691 3190; baseline 0.002 -30"><span class='ocrx_word' id='word_1_515' title='bbox 433 3111 538 3163; x_wconf 89' lang='lat' dir='ltr'><strong>tnri</strong></span> <span class='ocrx_word' id='word_1_516' title='bbox 567 3151 582 3176; x_wconf 87' lang='lat'><strong>,</strong></span> <span class='ocrx_word' id='word_1_517' title='bbox 618 3130 636 3162; x_wconf 73' lang='grc' dir='ltr'><strong>ι</strong></span> <span class='ocrx_word' id='word_1_518' title='bbox 678 3111 869 3166; x_wconf 84' lang='lat' dir='ltr'><strong>videns</strong></span> <span class='ocrx_word' id='word_1_519' title='bbox 904 3112 1106 3181; x_wconf 84' lang='lat' dir='ltr'><strong>requiri</strong></span> <span class='ocrx_word' id='word_1_520' title='bbox 1158 3126 1318 3180; x_wconf 89' lang='lat' dir='ltr'><strong>posse</strong></span> <span class='ocrx_word' id='word_1_521' title='bbox 1362 3111 1476 3182; x_wconf 85' lang='lat'><strong>(96)</strong></span> <span class='ocrx_word' id='word_1_522' title='bbox 1508 3153 1524 3178; x_wconf 83' lang='lat'><strong>,</strong></span> <span class='ocrx_word' id='word_1_523' title='bbox 1579 3113 1704 3181; x_wconf 83' lang='lat' dir='ltr'><strong>quia</strong></span> <span class='ocrx_word' id='word_1_524' title='bbox 1753 3113 1799 3167; x_wconf 87' lang='lat' dir='ltr'><strong>si</strong></span> <span class='ocrx_word' id='word_1_525' title='bbox 1833 3115 2002 3168; x_wconf 80' lang='lat' dir='ltr'><strong>Adam</strong></span> <span class='ocrx_word' id='word_1_526' title='bbox 2032 3133 2076 3190; x_wconf 65' lang='grc' dir='ltr'>ρ</span> <span class='ocrx_word' id='word_1_527' title='bbox 2110 3105 2174 3161; x_wconf 87' lang='lat' dir='ltr'><strong>Et</strong></span> <span class='ocrx_word' id='word_1_528' title='bbox 2193 3107 2485 3161; x_wconf 86' lang='lat' dir='ltr'><strong>ostendere</strong></span> <span class='ocrx_word' id='word_1_529' title='bbox 2516 3107 2632 3161; x_wconf 87' lang='lat' dir='ltr'><strong>vult</strong></span> <span class='ocrx_word' id='word_1_530' title='bbox 2658 3108 2800 3177; x_wconf 91' lang='lat' dir='ltr'><strong>quod</strong></span> <span class='ocrx_word' id='word_1_531' title='bbox 2846 3107 3018 3163; x_wconf 91' lang='lat' dir='ltr'><strong>multo</strong></span> <span class='ocrx_word' id='word_1_532' title='bbox 3053 3109 3126 3163; x_wconf 86' lang='lat' dir='ltr'><strong>sit</strong></span> <span class='ocrx_word' id='word_1_533' title='bbox 3151 3107 3346 3164; x_wconf 71' lang='lat' dir='ltr'><strong>{crtior</strong></span> <span class='ocrx_word' id='word_1_534' title='bbox 3373 3111 3483 3165; x_wconf 85' lang='lat' dir='ltr'><strong>vita</strong></span> <span class='ocrx_word' id='word_1_535' title='bbox 3527 3127 3691 3181; x_wconf 83' lang='lat' dir='ltr'><strong>quant</strong></span> 
     </span>
    </p>
   </div>
   <div class='ocr_carea' id='block_1_63' title="bbox 430 3199 2008 3272">
    <p class='ocr_par' dir='ltr' id='par_1_63' title="bbox 430 3199 2008 3272">
     <span class='ocr_line' id='line_1_63' title="bbox 430 3199 2008 3272; baseline 0.002 -16"><span class='ocrx_word' id='word_1_536' title='bbox 430 3201 604 3256; x_wconf 89' lang='lat' dir='ltr'><strong>forma</strong></span> <span class='ocrx_word' id='word_1_537' title='bbox 664 3199 868 3257; x_wconf 89' lang='lat' dir='ltr'><strong>Christi</strong></span> <span class='ocrx_word' id='word_1_538' title='bbox 909 3212 1013 3269; x_wconf 87' lang='lat' dir='ltr'><strong>est,</strong></span> <span class='ocrx_word' id='word_1_539' title='bbox 1070 3217 1203 3270; x_wconf 86' lang='lat' dir='ltr'><strong>ergo</strong></span> <span class='ocrx_word' id='word_1_540' title='bbox 1234 3210 1290 3256; x_wconf 89' lang='lat' dir='ltr'><strong>et</strong></span> <span class='ocrx_word' id='word_1_541' title='bbox 1319 3201 1464 3256; x_wconf 85' lang='lat' dir='ltr'><strong>ineo</strong></span> <span class='ocrx_word' id='word_1_542' title='bbox 1498 3216 1609 3272; x_wconf 90' lang='lat' dir='ltr'><strong>quo</strong></span> <span class='ocrx_word' id='word_1_543' title='bbox 1635 3203 1882 3271; x_wconf 88' lang='lat' dir='ltr'><strong>peccavit</strong></span> <span class='ocrx_word' id='word_1_544' title='bbox 1909 3218 2008 3259; x_wconf 87' lang='lat' dir='ltr'><strong>ne-</strong></span> 
     </span>
    </p>
   </div>
   <div class='ocr_carea' id='block_1_64' title="bbox 433 3294 2010 3366">
    <p class='ocr_par' dir='ltr' id='par_1_64' title="bbox 433 3294 2010 3366">
     <span class='ocr_line' id='line_1_64' title="bbox 433 3294 2010 3366; baseline 0.003 -17"><span class='ocrx_word' id='word_1_545' title='bbox 433 3309 588 3350; x_wconf 89' lang='lat' dir='ltr'><strong>cesse</strong></span> <span class='ocrx_word' id='word_1_546' title='bbox 613 3305 697 3351; x_wconf 91' lang='lat' dir='ltr'><strong>est</strong></span> <span class='ocrx_word' id='word_1_547' title='bbox 727 3304 785 3350; x_wconf 94' lang='lat' dir='ltr'><strong>ut</strong></span> <span class='ocrx_word' id='word_1_548' title='bbox 807 3294 1034 3349; x_wconf 81' lang='lat' dir='ltr'><strong>formam</strong></span> <span class='ocrx_word' id='word_1_549' title='bbox 1067 3294 1272 3350; x_wconf 90' lang='lat' dir='ltr'><strong>Christi</strong></span> <span class='ocrx_word' id='word_1_550' title='bbox 1307 3295 1582 3362; x_wconf 89' lang='lat' dir='ltr'><strong>habuerit,</strong></span> <span class='ocrx_word' id='word_1_551' title='bbox 1613 3305 1670 3350; x_wconf 89' lang='lat' dir='ltr'><strong>et</strong></span> <span class='ocrx_word' id='word_1_552' title='bbox 1720 3295 1776 3351; x_wconf 92' lang='lat' dir='ltr'><strong>in</strong></span> <span class='ocrx_word' id='word_1_553' title='bbox 1806 3311 1874 3352; x_wconf 90' lang='lat' dir='ltr'><strong>eo</strong></span> <span class='ocrx_word' id='word_1_554' title='bbox 1901 3311 2010 3366; x_wconf 93' lang='lat' dir='ltr'><strong>quo</strong></span> 
     </span>
    </p>
   </div>
   <div class='ocr_carea' id='block_1_65' title="bbox 431 3385 2011 3458">
    <p class='ocr_par' dir='ltr' id='par_1_65' title="bbox 431 3385 2011 3458">
     <span class='ocr_line' id='line_1_65' title="bbox 431 3385 2011 3458; baseline 0.001 -16"><span class='ocrx_word' id='word_1_555' title='bbox 431 3388 678 3457; x_wconf 84' lang='lat' dir='ltr'><strong>regnavit</strong></span> <span class='ocrx_word' id='word_1_556' title='bbox 706 3402 853 3442; x_wconf 92' lang='lat' dir='ltr'><strong>mors</strong></span> <span class='ocrx_word' id='word_1_557' title='bbox 881 3387 949 3442; x_wconf 93' lang='lat' dir='ltr'><strong>ab</strong></span> <span class='ocrx_word' id='word_1_558' title='bbox 974 3387 1146 3440; x_wconf 87' lang='lat' dir='ltr'><strong>Adam</strong></span> <span class='ocrx_word' id='word_1_559' title='bbox 1175 3401 1346 3454; x_wconf 90' lang='lat' dir='ltr'><strong>usque</strong></span> <span class='ocrx_word' id='word_1_560' title='bbox 1375 3387 1442 3440; x_wconf 89' lang='lat' dir='ltr'><strong>ad</strong></span> <span class='ocrx_word' id='word_1_561' title='bbox 1465 3385 1690 3458; x_wconf 81' lang='lat' dir='ltr'><strong>Moysen</strong></span> <span class='ocrx_word' id='word_1_562' title='bbox 1719 3405 1734 3444; x_wconf 87' lang='lat'><strong>:</strong></span> <span class='ocrx_word' id='word_1_563' title='bbox 1770 3389 1877 3445; x_wconf 90' lang='lat' dir='ltr'><strong>hoc</strong></span> <span class='ocrx_word' id='word_1_564' title='bbox 1900 3393 2011 3444; x_wconf 87' lang='lat' dir='ltr'><strong>&#39;au-</strong></span> 
     </span>
    </p>
   </div>
   <div class='ocr_carea' id='block_1_66' title="bbox 435 3476 2008 3544">
    <p class='ocr_par' dir='ltr' id='par_1_66' title="bbox 435 3476 2008 3544">
     <span class='ocr_line' id='line_1_66' title="bbox 435 3476 2008 3544; baseline 0.002 -12"><span class='ocrx_word' id='word_1_565' title='bbox 435 3488 540 3534; x_wconf 91' lang='lat' dir='ltr'><strong>tem</strong></span> <span class='ocrx_word' id='word_1_566' title='bbox 573 3479 641 3534; x_wconf 92' lang='lat' dir='ltr'><strong>de</strong></span> <span class='ocrx_word' id='word_1_567' title='bbox 681 3478 904 3534; x_wconf 83' lang='lat' dir='ltr'><strong>Christo</strong></span> <span class='ocrx_word' id='word_1_568' title='bbox 944 3478 1152 3532; x_wconf 83' lang='lat' dir='ltr'><strong>sentire</strong></span> <span class='ocrx_word' id='word_1_569' title='bbox 1175 3476 1462 3532; x_wconf 78' lang='lat' dir='ltr'><strong>videbatur</strong></span> <span class='ocrx_word' id='word_1_570' title='bbox 1487 3476 1806 3544; x_wconf 90' lang='lat' dir='ltr'><strong>absurdum,</strong></span> <span class='ocrx_word' id='word_1_571' title='bbox 1830 3481 2008 3536; x_wconf 88' lang='lat' dir='ltr'><strong>conti-</strong></span> 
     </span>
    </p>
   </div>
   <div class='ocr_carea' id='block_1_67' title="bbox 433 3570 2012 3641">
    <p class='ocr_par' dir='ltr' id='par_1_67' title="bbox 433 3570 2012 3641">
     <span class='ocr_line' id='line_1_67' title="bbox 433 3570 2012 3641; baseline 0.001 -14"><span class='ocrx_word' id='word_1_572' title='bbox 433 3585 544 3627; x_wconf 92' lang='lat' dir='ltr'><strong>nuo</strong></span> <span class='ocrx_word' id='word_1_573' title='bbox 576 3571 854 3641; x_wconf 89' lang='lat' dir='ltr'><strong>subjungit</strong></span> <span class='ocrx_word' id='word_1_574' title='bbox 888 3588 904 3625; x_wconf 90' lang='lat'><strong>:</strong></span> <span class='ocrx_word' id='word_1_575' title='bbox 937 3588 956 3621; x_wconf 77' lang='grc' dir='ltr'><strong>σ</strong></span> <span class='ocrx_word' id='word_1_576' title='bbox 994 3570 1101 3626; x_wconf 89' lang='lat' dir='ltr'><strong>Sed</strong></span> <span class='ocrx_word' id='word_1_577' title='bbox 1130 3584 1238 3625; x_wconf 92' lang='lat' dir='ltr'><strong>non</strong></span> <span class='ocrx_word' id='word_1_578' title='bbox 1269 3571 1412 3625; x_wconf 90' lang='lat' dir='ltr'><strong>sicut</strong></span> <span class='ocrx_word' id='word_1_579' title='bbox 1434 3570 1715 3637; x_wconf 91' lang='lat' dir='ltr'><strong>delictum,</strong></span> <span class='ocrx_word' id='word_1_580' title='bbox 1738 3572 1811 3628; x_wconf 89' lang='lat' dir='ltr'><strong>ita</strong></span> <span class='ocrx_word' id='word_1_581' title='bbox 1836 3581 1892 3628; x_wconf 92' lang='lat' dir='ltr'><strong>et</strong></span> <span class='ocrx_word' id='word_1_582' title='bbox 1915 3573 2012 3629; x_wconf 88' lang='lat' dir='ltr'><strong>do-</strong></span> 
     </span>
    </p>
   </div>
   <div class='ocr_carea' id='block_1_68' title="bbox 432 3662 2010 3733">
    <p class='ocr_par' dir='ltr' id='par_1_68' title="bbox 432 3662 2010 3733">
     <span class='ocr_line' id='line_1_68' title="bbox 432 3662 2010 3733; baseline 0.002 -15"><span class='ocrx_word' id='word_1_583' title='bbox 432 3680 606 3719; x_wconf 90' lang='lat' dir='ltr'><strong>num:</strong></span> <span class='ocrx_word' id='word_1_584' title='bbox 649 3683 669 3716; x_wconf 75' lang='grc' dir='ltr'><strong>ι</strong></span> <span class='ocrx_word' id='word_1_585' title='bbox 697 3675 752 3719; x_wconf 91' lang='lat' dir='ltr'><strong>et</strong></span> <span class='ocrx_word' id='word_1_586' title='bbox 797 3663 987 3733; x_wconf 92' lang='lat' dir='ltr'><strong>incipit</strong></span> <span class='ocrx_word' id='word_1_587' title='bbox 1014 3677 1082 3717; x_wconf 89' lang='lat' dir='ltr'><strong>ex</strong></span> <span class='ocrx_word' id='word_1_588' title='bbox 1128 3662 1232 3717; x_wconf 89' lang='lat' dir='ltr'><strong>hoc</strong></span> <span class='ocrx_word' id='word_1_589' title='bbox 1279 3677 1533 3718; x_wconf 87' lang='lat' dir='ltr'><strong>sermone</strong></span> <span class='ocrx_word' id='word_1_590' title='bbox 1584 3663 1750 3719; x_wconf 90' lang='lat' dir='ltr'><strong>veluti</strong></span> <span class='ocrx_word' id='word_1_591' title='bbox 1805 3673 2010 3720; x_wconf 84' lang='lat' dir='ltr'><strong>semet-</strong></span> 
     </span>
    </p>
   </div>
   <div class='ocr_carea' id='block_1_69' title="bbox 447 3753 2014 3824">
    <p class='ocr_par' dir='ltr' id='par_1_69' title="bbox 447 3753 2014 3824">
     <span class='ocr_line' id='line_1_69' title="bbox 447 3753 2014 3824; baseline 0.002 -17"><span class='ocrx_word' id='word_1_592' title='bbox 447 3754 623 3821; x_wconf 80' lang='lat' dir='ltr'><strong>ipsum</strong></span> <span class='ocrx_word' id='word_1_593' title='bbox 651 3753 946 3824; x_wconf 84' lang='lat' dir='ltr'><strong>explanare</strong></span> <span class='ocrx_word' id='word_1_594' title='bbox 991 3753 1262 3823; x_wconf 90' lang='lat' dir='ltr'><strong>quomodo</strong></span> <span class='ocrx_word' id='word_1_595' title='bbox 1289 3753 1519 3808; x_wconf 87' lang='lat' dir='ltr'><strong>formam</strong></span> <span class='ocrx_word' id='word_1_596' title='bbox 1551 3753 1756 3810; x_wconf 89' lang='lat' dir='ltr'><strong>Christi</strong></span> <span class='ocrx_word' id='word_1_597' title='bbox 1810 3756 2014 3812; x_wconf 83' lang='lat' dir='ltr'><strong>dixerit</strong></span> 
     </span>
    </p>
   </div>
   <div class='ocr_carea' id='block_1_70' title="bbox 433 3846 2010 3918">
    <p class='ocr_par' dir='ltr' id='par_1_70' title="bbox 433 3846 2010 3918">
     <span class='ocr_line' id='line_1_70' title="bbox 433 3846 2010 3918; baseline 0.003 -18"><span class='ocrx_word' id='word_1_598' title='bbox 433 3859 557 3900; x_wconf 90' lang='lat' dir='ltr'><strong>esse</strong></span> <span class='ocrx_word' id='word_1_599' title='bbox 579 3846 773 3900; x_wconf 82' lang='lat' dir='ltr'><strong>Adam.</strong></span> <span class='ocrx_word' id='word_1_600' title='bbox 805 3864 825 3897; x_wconf 73' lang='grc' dir='ltr'><strong>ι</strong></span> <span class='ocrx_word' id='word_1_601' title='bbox 861 3846 917 3900; x_wconf 91' lang='lat' dir='ltr'><strong>Si</strong></span> <span class='ocrx_word' id='word_1_602' title='bbox 935 3848 1102 3913; x_wconf 90' lang='lat' dir='ltr'><strong>enim,</strong></span> <span class='ocrx_word' id='word_1_603' title='bbox 1135 3867 1155 3901; x_wconf 72' lang='grc' dir='ltr'><strong>ι</strong></span> <span class='ocrx_word' id='word_1_604' title='bbox 1185 3847 1383 3918; x_wconf 86' lang='lat' dir='ltr'><strong>inquit,</strong></span> <span class='ocrx_word' id='word_1_605' title='bbox 1412 3864 1432 3898; x_wconf 72' lang='grc' dir='ltr'><strong>ι</strong></span> <span class='ocrx_word' id='word_1_606' title='bbox 1459 3847 1621 3901; x_wconf 89' lang='lat' dir='ltr'><strong>unius</strong></span> <span class='ocrx_word' id='word_1_607' title='bbox 1638 3846 1836 3902; x_wconf 90' lang='lat' dir='ltr'><strong>delicto</strong></span> <span class='ocrx_word' id='word_1_608' title='bbox 1857 3849 2010 3904; x_wconf 90' lang='lat' dir='ltr'><strong>multi</strong></span> 
     </span>
    </p>
   </div>
   <div class='ocr_carea' id='block_1_71' title="bbox 433 3939 2013 4012">
    <p class='ocr_par' dir='ltr' id='par_1_71' title="bbox 433 3939 2013 4012">
     <span class='ocr_line' id='line_1_71' title="bbox 433 3939 2013 4012; baseline 0.003 -20"><span class='ocrx_word' id='word_1_609' title='bbox 433 3939 634 3992; x_wconf 90' lang='lat' dir='ltr'><strong>mortui</strong></span> <span class='ocrx_word' id='word_1_610' title='bbox 668 3949 816 4006; x_wconf 87' lang='lat' dir='ltr'><strong>sunt,</strong></span> <span class='ocrx_word' id='word_1_611' title='bbox 853 3957 873 3991; x_wconf 78' lang='grc' dir='ltr'><strong>ι</strong></span> <span class='ocrx_word' id='word_1_612' title='bbox 931 3939 984 3994; x_wconf 92' lang='lat' dir='ltr'><strong>in</strong></span> <span class='ocrx_word' id='word_1_613' title='bbox 1034 3939 1208 3994; x_wconf 87' lang='lat' dir='ltr'><strong>Adam</strong></span> <span class='ocrx_word' id='word_1_614' title='bbox 1267 3940 1538 4003; x_wconf 88' lang='lat' dir='ltr'><strong>videlicet,</strong></span> <span class='ocrx_word' id='word_1_615' title='bbox 1581 3957 1602 3990; x_wconf 72' lang='grc' dir='ltr'>ί</span> <span class='ocrx_word' id='word_1_616' title='bbox 1636 3940 1805 3994; x_wconf 88' lang='lat' dir='ltr'><strong>multo</strong></span> <span class='ocrx_word' id='word_1_617' title='bbox 1842 3942 2013 4012; x_wconf 81' lang='lat' dir='ltr'><strong>magis</strong></span> 
     </span>
    </p>
   </div>
   <div class='ocr_carea' id='block_1_72' title="bbox 434 4031 2011 4103">
    <p class='ocr_par' dir='ltr' id='par_1_72' title="bbox 434 4031 2011 4103">
     <span class='ocr_line' id='line_1_72' title="bbox 434 4031 2011 4103; baseline 0.003 -20"><span class='ocrx_word' id='word_1_618' title='bbox 434 4031 613 4102; x_wconf 86' lang='lat' dir='ltr'><strong>gratia</strong></span> <span class='ocrx_word' id='word_1_619' title='bbox 653 4031 743 4085; x_wconf 91' lang='lat' dir='ltr'><strong>Dei</strong></span> <span class='ocrx_word' id='word_1_620' title='bbox 779 4040 834 4085; x_wconf 91' lang='lat' dir='ltr'><strong>et</strong></span> <span class='ocrx_word' id='word_1_621' title='bbox 861 4031 1061 4085; x_wconf 91' lang='lat' dir='ltr'><strong>donum</strong></span> <span class='ocrx_word' id='word_1_622' title='bbox 1098 4032 1150 4085; x_wconf 95' lang='lat' dir='ltr'><strong>in</strong></span> <span class='ocrx_word' id='word_1_623' title='bbox 1187 4033 1360 4103; x_wconf 83' lang='lat' dir='ltr'><strong>gratia</strong></span> <span class='ocrx_word' id='word_1_624' title='bbox 1409 4035 1567 4088; x_wconf 91' lang='lat' dir='ltr'><strong>unius</strong></span> <span class='ocrx_word' id='word_1_625' title='bbox 1615 4035 1850 4088; x_wconf 89' lang='lat' dir='ltr'><strong>hominis</strong></span> <span class='ocrx_word' id='word_1_626' title='bbox 1880 4033 2011 4088; x_wconf 82' lang='lat' dir='ltr'><strong>Jesu</strong></span> 
     </span>
    </p>
   </div>
   <div class='ocr_carea' id='block_1_73' title="bbox 434 4124 2013 4196">
    <p class='ocr_par' dir='ltr' id='par_1_73' title="bbox 434 4124 2013 4196">
     <span class='ocr_line' id='line_1_73' title="bbox 434 4124 2013 4196; baseline 0.001 -18"><span class='ocrx_word' id='word_1_627' title='bbox 434 4124 635 4178; x_wconf 83' lang='lat' dir='ltr'><strong>Christi</strong></span> <span class='ocrx_word' id='word_1_628' title='bbox 659 4126 710 4176; x_wconf 89' lang='lat' dir='ltr'><strong>in</strong></span> <span class='ocrx_word' id='word_1_629' title='bbox 741 4124 922 4193; x_wconf 86' lang='lat' dir='ltr'><strong>plures</strong></span> <span class='ocrx_word' id='word_1_630' title='bbox 947 4124 1278 4178; x_wconf 89' lang='lat' dir='ltr'><strong>abundavit:</strong></span> <span class='ocrx_word' id='word_1_631' title='bbox 1307 4143 1326 4177; x_wconf 70' lang='grc' dir='ltr'><strong>ι</strong></span> <span class='ocrx_word' id='word_1_632' title='bbox 1363 4125 1415 4179; x_wconf 90' lang='lat' dir='ltr'><strong>id</strong></span> <span class='ocrx_word' id='word_1_633' title='bbox 1440 4135 1544 4189; x_wconf 89' lang='lat' dir='ltr'><strong>est,</strong></span> <span class='ocrx_word' id='word_1_634' title='bbox 1580 4125 1625 4181; x_wconf 93' lang='lat' dir='ltr'><strong>si</strong></span> <span class='ocrx_word' id='word_1_635' title='bbox 1665 4125 1716 4179; x_wconf 94' lang='lat' dir='ltr'><strong>in</strong></span> <span class='ocrx_word' id='word_1_636' title='bbox 1751 4141 1860 4180; x_wconf 88' lang='lat' dir='ltr'><strong>uno</strong></span> <span class='ocrx_word' id='word_1_637' title='bbox 1887 4141 2013 4196; x_wconf 79' lang='lat' dir='ltr'><strong>pec-</strong></span> 
     </span>
    </p>
   </div>
   <div class='ocr_carea' id='block_1_74' title="bbox 433 4215 2012 4286">
    <p class='ocr_par' dir='ltr' id='par_1_74' title="bbox 433 4215 2012 4286">
     <span class='ocr_line' id='line_1_74' title="bbox 433 4215 2012 4286; baseline 0.001 -15"><span class='ocrx_word' id='word_1_638' title='bbox 433 4230 592 4272; x_wconf 85' lang='lat' dir='ltr'><strong>caute</strong></span> <span class='ocrx_word' id='word_1_639' title='bbox 620 4217 798 4270; x_wconf 89' lang='lat' dir='ltr'><strong>locum</strong></span> <span class='ocrx_word' id='word_1_640' title='bbox 857 4230 1004 4271; x_wconf 89' lang='lat' dir='ltr'><strong>mors</strong></span> <span class='ocrx_word' id='word_1_641' title='bbox 1042 4217 1324 4271; x_wconf 90' lang='lat' dir='ltr'><strong>inveniens</strong></span> <span class='ocrx_word' id='word_1_642' title='bbox 1380 4218 1432 4271; x_wconf 92' lang='lat' dir='ltr'><strong>in</strong></span> <span class='ocrx_word' id='word_1_643' title='bbox 1485 4216 1671 4286; x_wconf 90' lang='lat' dir='ltr'><strong>plures</strong></span> <span class='ocrx_word' id='word_1_644' title='bbox 1700 4219 1875 4285; x_wconf 91' lang='lat' dir='ltr'><strong>potuit</strong></span> <span class='ocrx_word' id='word_1_645' title='bbox 1905 4215 2012 4272; x_wconf 87' lang='lat' dir='ltr'><strong>dif-</strong></span> 
     </span>
    </p>
   </div>
   <div class='ocr_carea' id='block_1_75' title="bbox 433 4307 2012 4380">
    <p class='ocr_par' dir='ltr' id='par_1_75' title="bbox 433 4307 2012 4380">
     <span class='ocr_line' id='line_1_75' title="bbox 433 4307 2012 4380; baseline 0.001 -17"><span class='ocrx_word' id='word_1_646' title='bbox 433 4307 585 4363; x_wconf 89' lang='lat' dir='ltr'><strong>fundi</strong></span> <span class='ocrx_word' id='word_1_647' title='bbox 621 4308 756 4380; x_wconf 84' lang='lat'><strong>(97),</strong></span> <span class='ocrx_word' id='word_1_648' title='bbox 794 4308 961 4363; x_wconf 91' lang='lat' dir='ltr'><strong>multo</strong></span> <span class='ocrx_word' id='word_1_649' title='bbox 991 4309 1165 4378; x_wconf 88' lang='lat' dir='ltr'><strong>magis</strong></span> <span class='ocrx_word' id='word_1_650' title='bbox 1200 4309 1377 4379; x_wconf 90' lang='lat' dir='ltr'><strong>gratia</strong></span> <span class='ocrx_word' id='word_1_651' title='bbox 1414 4309 1529 4374; x_wconf 91' lang='lat' dir='ltr'><strong>Dei,</strong></span> <span class='ocrx_word' id='word_1_652' title='bbox 1561 4323 1684 4378; x_wconf 69' lang='lat' dir='ltr'><strong>quae</strong></span> <span class='ocrx_word' id='word_1_653' title='bbox 1716 4310 1768 4363; x_wconf 90' lang='lat' dir='ltr'><strong>in</strong></span> <span class='ocrx_word' id='word_1_654' title='bbox 1793 4309 2012 4365; x_wconf 92' lang='lat' dir='ltr'><strong>Christo</strong></span> 
     </span>
    </p>
   </div>
   <div class='ocr_carea' id='block_1_76' title="bbox 435 4397 2001 4472">
    <p class='ocr_par' dir='ltr' id='par_1_76' title="bbox 435 4397 2001 4472">
     <span class='ocr_line' id='line_1_76' title="bbox 435 4397 2001 4472; baseline -0.002 -15"><span class='ocrx_word' id='word_1_655' title='bbox 435 4402 711 4472; x_wconf 84' lang='lat' dir='ltr'><strong>cepiosius</strong></span> <span class='ocrx_word' id='word_1_656' title='bbox 743 4411 798 4455; x_wconf 92' lang='lat' dir='ltr'><strong>et</strong></span> <span class='ocrx_word' id='word_1_657' title='bbox 827 4400 987 4455; x_wconf 87' lang='lat' dir='ltr'><strong>latius</strong></span> <span class='ocrx_word' id='word_1_658' title='bbox 1014 4400 1312 4455; x_wconf 88' lang='lat' dir='ltr'><strong>abundavit</strong></span> <span class='ocrx_word' id='word_1_659' title='bbox 1345 4413 1504 4467; x_wconf 84' lang='lat' dir='ltr'><strong>quant</strong></span> <span class='ocrx_word' id='word_1_660' title='bbox 1533 4411 1682 4452; x_wconf 88' lang='lat' dir='ltr'><strong>mors</strong></span> <span class='ocrx_word' id='word_1_661' title='bbox 1708 4397 1763 4452; x_wconf 93' lang='lat' dir='ltr'><strong>in</strong></span> <span class='ocrx_word' id='word_1_662' title='bbox 1789 4399 1960 4454; x_wconf 85' lang='lat' dir='ltr'><strong>Adam</strong></span> <span class='ocrx_word' id='word_1_663' title='bbox 1983 4439 2001 4465; x_wconf 95' lang='lat'><strong>,</strong></span> 
     </span>
    </p>
   </div>
   <div class='ocr_carea' id='block_1_77' title="bbox 2114 3199 3692 3273">
    <p class='ocr_par' dir='ltr' id='par_1_77' title="bbox 2114 3199 3692 3273">
     <span class='ocr_line' id='line_1_77' title="bbox 2114 3199 3692 3273; baseline 0.007 -23"><span class='ocrx_word' id='word_1_664' title='bbox 2114 3215 2280 3266; x_wconf 89' lang='lat' dir='ltr'><strong>mors,</strong></span> <span class='ocrx_word' id='word_1_665' title='bbox 2310 3209 2364 3255; x_wconf 91' lang='lat' dir='ltr'><strong>et</strong></span> <span class='ocrx_word' id='word_1_666' title='bbox 2386 3199 2594 3268; x_wconf 88' lang='lat' dir='ltr'><strong>justitia</strong></span> <span class='ocrx_word' id='word_1_667' title='bbox 2630 3216 2795 3271; x_wconf 88' lang='lat' dir='ltr'><strong>quam</strong></span> <span class='ocrx_word' id='word_1_668' title='bbox 2830 3211 3112 3269; x_wconf 88' lang='lat' dir='ltr'><strong>peccatum</strong></span> <span class='ocrx_word' id='word_1_669' title='bbox 3148 3221 3162 3256; x_wconf 92' lang='lat'>:</span> <span class='ocrx_word' id='word_1_670' title='bbox 3193 3212 3250 3257; x_wconf 87' lang='lat' dir='ltr'><strong>et</strong></span> <span class='ocrx_word' id='word_1_671' title='bbox 3300 3218 3396 3273; x_wconf 91' lang='lat' dir='ltr'><strong>per</strong></span> <span class='ocrx_word' id='word_1_672' title='bbox 3417 3205 3521 3260; x_wconf 89' lang='lat' dir='ltr'><strong>hoc</strong></span> <span class='ocrx_word' id='word_1_673' title='bbox 3568 3209 3692 3260; x_wconf 88' lang='lat' dir='ltr'><strong>edo-</strong></span> 
     </span>
    </p>
   </div>
   <div class='ocr_carea' id='block_1_78' title="bbox 2110 3276 3690 3366">
    <p class='ocr_par' dir='ltr' id='par_1_78' title="bbox 2110 3276 3690 3366">
     <span class='ocr_line' id='line_1_78' title="bbox 2110 3276 3690 3366; baseline 0.004 -21"><span class='ocrx_word' id='word_1_674' title='bbox 2110 3276 2237 3346; x_wconf 55' lang='lat' dir='ltr'><strong>ee&#39;re</strong></span> <span class='ocrx_word' id='word_1_675' title='bbox 2258 3292 2382 3361; x_wconf 88' lang='lat' dir='ltr'><strong>quia</strong></span> <span class='ocrx_word' id='word_1_676' title='bbox 2417 3291 2462 3346; x_wconf 90' lang='lat' dir='ltr'><strong>si</strong></span> <span class='ocrx_word' id='word_1_677' title='bbox 2507 3293 2580 3346; x_wconf 89' lang='lat' dir='ltr'><strong>ita</strong></span> <span class='ocrx_word' id='word_1_678' title='bbox 2629 3301 2910 3361; x_wconf 89' lang='lat' dir='ltr'><strong>peccatum</strong></span> <span class='ocrx_word' id='word_1_679' title='bbox 2948 3301 3004 3347; x_wconf 90' lang='lat' dir='ltr'><strong>et</strong></span> <span class='ocrx_word' id='word_1_680' title='bbox 3061 3308 3209 3348; x_wconf 90' lang='lat' dir='ltr'><strong>mors</strong></span> <span class='ocrx_word' id='word_1_681' title='bbox 3240 3293 3318 3366; x_wconf 86' lang='lat' dir='ltr'><strong>(l)</strong></span> <span class='ocrx_word' id='word_1_682' title='bbox 3353 3310 3580 3364; x_wconf 88' lang='lat' dir='ltr'><strong>regnare</strong></span> <span class='ocrx_word' id='word_1_683' title='bbox 3631 3298 3690 3351; x_wconf 92' lang='lat' dir='ltr'><strong>in</strong></span> 
     </span>
    </p>
   </div>
   <div class='ocr_carea' id='block_1_79' title="bbox 2111 3382 3693 3453">
    <p class='ocr_par' dir='ltr' id='par_1_79' title="bbox 2111 3382 3693 3453">
     <span class='ocr_line' id='line_1_79' title="bbox 2111 3382 3693 3453; baseline 0.003 -16"><span class='ocrx_word' id='word_1_684' title='bbox 2111 3384 2359 3439; x_wconf 90' lang='lat' dir='ltr'><strong>omnibus</strong></span> <span class='ocrx_word' id='word_1_685' title='bbox 2384 3385 2577 3453; x_wconf 83' lang='lat' dir='ltr'><strong>potuit,</strong></span> <span class='ocrx_word' id='word_1_686' title='bbox 2619 3384 2891 3453; x_wconf 90' lang='lat' dir='ltr'><strong>accipiens</strong></span> <span class='ocrx_word' id='word_1_687' title='bbox 2920 3398 2986 3438; x_wconf 91' lang='lat' dir='ltr'><strong>ex</strong></span> <span class='ocrx_word' id='word_1_688' title='bbox 3027 3382 3189 3438; x_wconf 86' lang='lat' dir='ltr'><strong>unius</strong></span> <span class='ocrx_word' id='word_1_689' title='bbox 3216 3385 3458 3440; x_wconf 91' lang='lat' dir='ltr'><strong>hominis</strong></span> <span class='ocrx_word' id='word_1_690' title='bbox 3500 3387 3693 3443; x_wconf 91' lang='lat' dir='ltr'><strong>inobe-</strong></span> 
     </span>
    </p>
   </div>
   <div class='ocr_carea' id='block_1_80' title="bbox 2111 3475 3737 3549">
    <p class='ocr_par' dir='ltr' id='par_1_80' title="bbox 2111 3475 3737 3549">
     <span class='ocr_line' id='line_1_80' title="bbox 2111 3475 3737 3549; baseline 0.002 -20"><span class='ocrx_word' id='word_1_691' title='bbox 2111 3475 2318 3529; x_wconf 87' lang='lat' dir='ltr'><strong>dientia</strong></span> <span class='ocrx_word' id='word_1_692' title='bbox 2355 3475 2818 3544; x_wconf 89' lang='lat' dir='ltr'><strong>initium,quanto</strong></span> <span class='ocrx_word' id='word_1_693' title='bbox 2847 3477 3122 3545; x_wconf 89' lang='lat' dir='ltr'><strong>potentius</strong></span> <span class='ocrx_word' id='word_1_694' title='bbox 3150 3486 3204 3530; x_wconf 92' lang='lat' dir='ltr'><strong>et</strong></span> <span class='ocrx_word' id='word_1_695' title='bbox 3236 3477 3455 3546; x_wconf 89' lang='lat' dir='ltr'><strong>dignius</strong></span> <span class='ocrx_word' id='word_1_696' title='bbox 3489 3492 3584 3547; x_wconf 91' lang='lat' dir='ltr'><strong>per</strong></span> <span class='ocrx_word' id='word_1_697' title='bbox 3609 3478 3694 3549; x_wconf 89' lang='lat' dir='ltr'><strong>ju-</strong></span> <span class='ocrx_word' id='word_1_698' title='bbox 3734 3504 3737 3507; x_wconf 86' lang='lat'><strong><em>-</em></strong></span> 
     </span>
    </p>
   </div>
   <div class='ocr_carea' id='block_1_81' title="bbox 2111 3569 3690 3640">
    <p class='ocr_par' dir='ltr' id='par_1_81' title="bbox 2111 3569 3690 3640">
     <span class='ocr_line' id='line_1_81' title="bbox 2111 3569 3690 3640; baseline 0.003 -17"><span class='ocrx_word' id='word_1_699' title='bbox 2111 3569 2314 3623; x_wconf 86' lang='lat' dir='ltr'><strong>stitiam</strong></span> <span class='ocrx_word' id='word_1_700' title='bbox 2345 3569 2454 3622; x_wconf 88' lang='lat' dir='ltr'><strong>vita</strong></span> <span class='ocrx_word' id='word_1_701' title='bbox 2493 3569 2776 3638; x_wconf 90' lang='lat' dir='ltr'><strong>regnabit,</strong></span> <span class='ocrx_word' id='word_1_702' title='bbox 2827 3569 3040 3622; x_wconf 92' lang='lat' dir='ltr'><strong>initium</strong></span> <span class='ocrx_word' id='word_1_703' title='bbox 3085 3569 3366 3637; x_wconf 88' lang='lat' dir='ltr'><strong>accipiens</strong></span> <span class='ocrx_word' id='word_1_704' title='bbox 3397 3585 3492 3640; x_wconf 89' lang='lat' dir='ltr'><strong>per</strong></span> <span class='ocrx_word' id='word_1_705' title='bbox 3523 3571 3690 3627; x_wconf 89' lang='lat' dir='ltr'><strong>unius</strong></span> 
     </span>
    </p>
   </div>
   <div class='ocr_carea' id='block_1_82' title="bbox 2113 3659 3693 3732">
    <p class='ocr_par' dir='ltr' id='par_1_82' title="bbox 2113 3659 3693 3732">
     <span class='ocr_line' id='line_1_82' title="bbox 2113 3659 3693 3732; baseline 0.001 -16"><span class='ocrx_word' id='word_1_706' title='bbox 2113 3660 2272 3732; x_wconf 81' lang='lat'><strong>553</strong></span> <span class='ocrx_word' id='word_1_707' title='bbox 2305 3661 2666 3716; x_wconf 89' lang='lat' dir='ltr'><strong>obedientiam</strong></span> <span class='ocrx_word' id='word_1_708' title='bbox 2697 3659 2776 3732; x_wconf 76' lang='lat'><strong>(2)</strong></span> <span class='ocrx_word' id='word_1_709' title='bbox 2804 3661 3043 3726; x_wconf 88' lang='lat' dir='ltr'><strong>Christi;</strong></span> <span class='ocrx_word' id='word_1_710' title='bbox 3071 3660 3296 3728; x_wconf 88' lang='lat' dir='ltr'><strong>Christi,</strong></span> <span class='ocrx_word' id='word_1_711' title='bbox 3325 3662 3572 3730; x_wconf 86' lang='lat' dir='ltr'><strong>inquam,</strong></span> <span class='ocrx_word' id='word_1_712' title='bbox 3595 3663 3693 3732; x_wconf 87' lang='lat' dir='ltr'><strong>qui</strong></span> 
     </span>
    </p>
   </div>
   <div class='ocr_carea' id='block_1_83' title="bbox 2112 3753 3694 3822">
    <p class='ocr_par' dir='ltr' id='par_1_83' title="bbox 2112 3753 3694 3822">
     <span class='ocr_line' id='line_1_83' title="bbox 2112 3753 3694 3822; baseline 0.002 -14"><span class='ocrx_word' id='word_1_713' title='bbox 2112 3755 2179 3808; x_wconf 91' lang='lat' dir='ltr'><strong>ad</strong></span> <span class='ocrx_word' id='word_1_714' title='bbox 2209 3753 2313 3808; x_wconf 91' lang='lat' dir='ltr'><strong>hoc</strong></span> <span class='ocrx_word' id='word_1_715' title='bbox 2347 3767 2483 3822; x_wconf 82' lang='lat' dir='ltr'><strong>Opus</strong></span> <span class='ocrx_word' id='word_1_716' title='bbox 2522 3769 2627 3808; x_wconf 91' lang='lat' dir='ltr'><strong>non</strong></span> <span class='ocrx_word' id='word_1_717' title='bbox 2661 3753 2989 3809; x_wconf 89' lang='lat' dir='ltr'><strong>conditionis</strong></span> <span class='ocrx_word' id='word_1_718' title='bbox 3032 3756 3360 3810; x_wconf 86' lang='lat' dir='ltr'><strong>necessitate</strong></span> <span class='ocrx_word' id='word_1_719' title='bbox 3381 3795 3396 3821; x_wconf 94' lang='lat'><strong>,</strong></span> <span class='ocrx_word' id='word_1_720' title='bbox 3447 3756 3542 3810; x_wconf 90' lang='lat' dir='ltr'><strong>sed</strong></span> <span class='ocrx_word' id='word_1_721' title='bbox 3574 3755 3694 3811; x_wconf 85' lang='lat' dir='ltr'><strong>sola</strong></span> 
     </span>
    </p>
   </div>
   <div class='ocr_carea' id='block_1_84' title="bbox 2113 3843 3692 3914">
    <p class='ocr_par' dir='ltr' id='par_1_84' title="bbox 2113 3843 3692 3914">
     <span class='ocr_line' id='line_1_84' title="bbox 2113 3843 3692 3914; baseline 0.002 -16"><span class='ocrx_word' id='word_1_722' title='bbox 2113 3843 2465 3899; x_wconf 86' lang='lat' dir='ltr'><strong>miseratione</strong></span> <span class='ocrx_word' id='word_1_723' title='bbox 2496 3853 2773 3914; x_wconf 88' lang='lat' dir='ltr'><strong>permotus</strong></span> <span class='ocrx_word' id='word_1_724' title='bbox 2825 3846 3080 3903; x_wconf 88' lang='lat' dir='ltr'><strong>accessit.</strong></span> <span class='ocrx_word' id='word_1_725' title='bbox 3126 3864 3147 3898; x_wconf 69' lang='grc' dir='ltr'><em>α</em></span> <span class='ocrx_word' id='word_1_726' title='bbox 3187 3845 3242 3900; x_wconf 91' lang='lat' dir='ltr'><strong>ln</strong></span> <span class='ocrx_word' id='word_1_727' title='bbox 3278 3847 3451 3900; x_wconf 88' lang='lat' dir='ltr'><strong>forma</strong></span> <span class='ocrx_word' id='word_1_728' title='bbox 3485 3866 3506 3899; x_wconf 73' lang='grc' dir='ltr'><strong>ι</strong></span> <span class='ocrx_word' id='word_1_729' title='bbox 3543 3847 3692 3902; x_wconf 88' lang='lat' dir='ltr'><strong>enim</strong></span> 
     </span>
    </p>
   </div>
   <div class='ocr_carea' id='block_1_85' title="bbox 2119 3938 3692 4004">
    <p class='ocr_par' dir='ltr' id='par_1_85' title="bbox 2119 3938 3692 4004">
     <span class='ocr_line' id='line_1_85' title="bbox 2119 3938 3692 4004; baseline 0.001 -14"><span class='ocrx_word' id='word_1_730' title='bbox 2119 3958 2138 3990; x_wconf 73' lang='grc' dir='ltr'><strong>ι</strong></span> <span class='ocrx_word' id='word_1_731' title='bbox 2172 3939 2264 3994; x_wconf 89' lang='lat' dir='ltr'><strong>Dei</strong></span> <span class='ocrx_word' id='word_1_732' title='bbox 2303 3956 2322 3990; x_wconf 73' lang='grc' dir='ltr'><strong>ι</strong></span> <span class='ocrx_word' id='word_1_733' title='bbox 2358 3945 2511 4004; x_wconf 88' lang='lat' dir='ltr'><strong>erat,</strong></span> <span class='ocrx_word' id='word_1_734' title='bbox 2538 3947 2592 3992; x_wconf 88' lang='lat' dir='ltr'><strong>et</strong></span> <span class='ocrx_word' id='word_1_735' title='bbox 2619 3938 2809 3992; x_wconf 85' lang='lat' dir='ltr'><strong>videns</strong></span> <span class='ocrx_word' id='word_1_736' title='bbox 2838 3938 3000 3994; x_wconf 89' lang='lat' dir='ltr'><strong>unius</strong></span> <span class='ocrx_word' id='word_1_737' title='bbox 3043 3939 3280 3994; x_wconf 82' lang='lat' dir='ltr'><strong>hominis</strong></span> <span class='ocrx_word' id='word_1_738' title='bbox 3305 3939 3507 3994; x_wconf 91' lang='lat' dir='ltr'><strong>delicto</strong></span> <span class='ocrx_word' id='word_1_739' title='bbox 3541 3954 3692 3993; x_wconf 87' lang='lat' dir='ltr'><strong>mor-</strong></span> 
     </span>
    </p>
   </div>
   <div class='ocr_carea' id='block_1_86' title="bbox 2117 4029 3694 4100">
    <p class='ocr_par' dir='ltr' id='par_1_86' title="bbox 2117 4029 3694 4100">
     <span class='ocr_line' id='line_1_86' title="bbox 2117 4029 3694 4100; baseline 0.002 -17"><span class='ocrx_word' id='word_1_740' title='bbox 2117 4039 2220 4084; x_wconf 92' lang='lat' dir='ltr'><strong>tem</strong></span> <span class='ocrx_word' id='word_1_741' title='bbox 2256 4043 2488 4099; x_wconf 90' lang='lat' dir='ltr'><strong>regnare</strong></span> <span class='ocrx_word' id='word_1_742' title='bbox 2519 4043 2615 4099; x_wconf 90' lang='lat' dir='ltr'><strong>per</strong></span> <span class='ocrx_word' id='word_1_743' title='bbox 2648 4029 2876 4100; x_wconf 89' lang='lat' dir='ltr'><strong>populos</strong></span> <span class='ocrx_word' id='word_1_744' title='bbox 2901 4071 2916 4096; x_wconf 93' lang='lat'><strong>,</strong></span> <span class='ocrx_word' id='word_1_745' title='bbox 2967 4040 3233 4086; x_wconf 70' lang='lat' dir='ltr'><strong>creatura:</strong></span> <span class='ocrx_word' id='word_1_746' title='bbox 3282 4048 3394 4086; x_wconf 75' lang='lat' dir='ltr'><strong>sua:</strong></span> <span class='ocrx_word' id='word_1_747' title='bbox 3423 4047 3526 4085; x_wconf 93' lang='lat' dir='ltr'><strong>non</strong></span> <span class='ocrx_word' id='word_1_748' title='bbox 3554 4032 3694 4086; x_wconf 91' lang='lat' dir='ltr'><strong>obli-</strong></span> 
     </span>
    </p>
   </div>
   <div class='ocr_carea' id='block_1_87' title="bbox 2113 4118 3693 4192">
    <p class='ocr_par' dir='ltr' id='par_1_87' title="bbox 2113 4118 3693 4192">
     <span class='ocr_line' id='line_1_87' title="bbox 2113 4118 3693 4192; baseline 0.004 -22"><span class='ocrx_word' id='word_1_749' title='bbox 2113 4118 2378 4186; x_wconf 87' lang='lat' dir='ltr'><strong>viscitur,</strong></span> <span class='ocrx_word' id='word_1_750' title='bbox 2439 4136 2460 4170; x_wconf 69' lang='grc' dir='ltr'><em>ς</em></span> <span class='ocrx_word' id='word_1_751' title='bbox 2494 4134 2598 4174; x_wconf 90' lang='lat' dir='ltr'><strong>nec</strong></span> <span class='ocrx_word' id='word_1_752' title='bbox 2649 4121 2894 4189; x_wconf 87' lang='lat' dir='ltr'><strong>rapinam</strong></span> <span class='ocrx_word' id='word_1_753' title='bbox 2950 4120 3097 4174; x_wconf 88' lang='lat' dir='ltr'><strong>ducit</strong></span> <span class='ocrx_word' id='word_1_754' title='bbox 3147 4136 3266 4175; x_wconf 87' lang='lat' dir='ltr'><strong>esse</strong></span> <span class='ocrx_word' id='word_1_755' title='bbox 3319 4137 3378 4176; x_wconf 89' lang='lat' dir='ltr'><strong>se</strong></span> <span class='ocrx_word' id='word_1_756' title='bbox 3425 4121 3693 4192; x_wconf 66' lang='lat' dir='ltr'><strong>aequalem</strong></span> 
     </span>
    </p>
   </div>
   <div class='ocr_carea' id='block_1_88' title="bbox 2117 4207 3696 4282">
    <p class='ocr_par' dir='ltr' id='par_1_88' title="bbox 2117 4207 3696 4282">
     <span class='ocr_line' id='line_1_88' title="bbox 2117 4207 3696 4282; baseline 0.006 -22"><span class='ocrx_word' id='word_1_757' title='bbox 2117 4207 2226 4264; x_wconf 91' lang='lat' dir='ltr'><strong>Deo</strong></span> <span class='ocrx_word' id='word_1_758' title='bbox 2253 4209 2297 4241; x_wconf 82' lang='grc'><strong>³⁸</strong></span> <span class='ocrx_word' id='word_1_759' title='bbox 2328 4225 2342 4263; x_wconf 89' lang='lat'><strong>:</strong></span> <span class='ocrx_word' id='word_1_760' title='bbox 2385 4227 2403 4261; x_wconf 75' lang='grc' dir='ltr'><strong>ι</strong></span> <span class='ocrx_word' id='word_1_761' title='bbox 2431 4209 2536 4265; x_wconf 90' lang='lat' dir='ltr'><strong>hoc</strong></span> <span class='ocrx_word' id='word_1_762' title='bbox 2563 4220 2646 4266; x_wconf 87' lang='lat' dir='ltr'><strong>est</strong></span> <span class='ocrx_word' id='word_1_763' title='bbox 2668 4251 2682 4276; x_wconf 92' lang='lat'><strong>,</strong></span> <span class='ocrx_word' id='word_1_764' title='bbox 2735 4226 2841 4264; x_wconf 91' lang='lat' dir='ltr'><strong>non</strong></span> <span class='ocrx_word' id='word_1_765' title='bbox 2875 4212 2978 4265; x_wconf 87' lang='lat' dir='ltr'><strong>sibi</strong></span> <span class='ocrx_word' id='word_1_766' title='bbox 3012 4212 3192 4282; x_wconf 86' lang='lat' dir='ltr'><strong>magni</strong></span> <span class='ocrx_word' id='word_1_767' title='bbox 3222 4212 3426 4282; x_wconf 86' lang='lat' dir='ltr'><strong>aliquid</strong></span> <span class='ocrx_word' id='word_1_768' title='bbox 3470 4214 3696 4281; x_wconf 83' lang='lat' dir='ltr'><strong>deputat</strong></span> 
     </span>
    </p>
   </div>
   <div class='ocr_carea' id='block_1_89' title="bbox 2115 4301 3696 4372">
    <p class='ocr_par' dir='ltr' id='par_1_89' title="bbox 2115 4301 3696 4372">
     <span class='ocr_line' id='line_1_89' title="bbox 2115 4301 3696 4372; baseline 0.005 -19"><span class='ocrx_word' id='word_1_769' title='bbox 2115 4301 2258 4371; x_wconf 86' lang='lat' dir='ltr'><strong>quod</strong></span> <span class='ocrx_word' id='word_1_770' title='bbox 2285 4302 2401 4371; x_wconf 91' lang='lat' dir='ltr'><strong>ipse</strong></span> <span class='ocrx_word' id='word_1_771' title='bbox 2443 4302 2664 4370; x_wconf 91' lang='lat' dir='ltr'><strong>quidem</strong></span> <span class='ocrx_word' id='word_1_772' title='bbox 2693 4303 2918 4372; x_wconf 66' lang='lat' dir='ltr'><strong>aequalis</strong></span> <span class='ocrx_word' id='word_1_773' title='bbox 2947 4303 3058 4359; x_wconf 86' lang='lat' dir='ltr'><strong>Deo</strong></span> <span class='ocrx_word' id='word_1_774' title='bbox 3089 4313 3145 4359; x_wconf 89' lang='lat' dir='ltr'><strong>et</strong></span> <span class='ocrx_word' id='word_1_775' title='bbox 3185 4321 3352 4360; x_wconf 92' lang='lat' dir='ltr'><strong>unum</strong></span> <span class='ocrx_word' id='word_1_776' title='bbox 3379 4321 3501 4360; x_wconf 86' lang='lat' dir='ltr'><strong>cum</strong></span> <span class='ocrx_word' id='word_1_777' title='bbox 3531 4305 3696 4361; x_wconf 85' lang='lat' dir='ltr'><strong>Patre</strong></span> 
     </span>
    </p>
   </div>
   <div class='ocr_carea' id='block_1_90' title="bbox 2115 4396 3693 4464">
    <p class='ocr_par' dir='ltr' id='par_1_90' title="bbox 2115 4396 3693 4464">
     <span class='ocr_line' id='line_1_90' title="bbox 2115 4396 3693 4464; baseline 0.004 -20"><span class='ocrx_word' id='word_1_778' title='bbox 2115 4400 2218 4457; x_wconf 85' lang='lat' dir='ltr'><strong>est,</strong></span> <span class='ocrx_word' id='word_1_779' title='bbox 2254 4407 2390 4462; x_wconf 87' lang='lat' dir='ltr'><strong>opus</strong></span> <span class='ocrx_word' id='word_1_780' title='bbox 2438 4407 2570 4448; x_wconf 85' lang='lat' dir='ltr'><strong>vero</strong></span> <span class='ocrx_word' id='word_1_781' title='bbox 2595 4410 2750 4448; x_wconf 90' lang='lat' dir='ltr'><strong>suum</strong></span> <span class='ocrx_word' id='word_1_782' title='bbox 2798 4396 3111 4464; x_wconf 88' lang='lat' dir='ltr'><strong>depascitur</strong></span> <span class='ocrx_word' id='word_1_783' title='bbox 3143 4411 3291 4451; x_wconf 90' lang='lat' dir='ltr'><strong>mors</strong></span> <span class='ocrx_word' id='word_1_784' title='bbox 3326 4398 3482 4452; x_wconf 87' lang='lat' dir='ltr'><strong>unius</strong></span> <span class='ocrx_word' id='word_1_785' title='bbox 3512 4397 3693 4450; x_wconf 89' lang='lat' dir='ltr'><strong>homi-</strong></span> 
     </span>
    </p>
   </div>
   <div class='ocr_carea' id='block_1_91' title="bbox 435 4471 3696 4561">
    <p class='ocr_par' dir='ltr' id='par_1_91' title="bbox 435 4471 3696 4561">
     <span class='ocr_line' id='line_1_91' title="bbox 435 4471 3696 4561; baseline -0.001 -14"><span class='ocrx_word' id='word_1_786' title='bbox 435 4495 488 4548; x_wconf 91' lang='lat' dir='ltr'><strong>in</strong></span> <span class='ocrx_word' id='word_1_787' title='bbox 510 4471 694 4561; x_wconf 79' lang='lat' dir='ltr'><strong>plures</strong></span> <span class='ocrx_word' id='word_1_788' title='bbox 736 4490 1174 4558; x_wconf 73' lang='lat' dir='ltr'><strong>diliunditur;et</strong></span> <span class='ocrx_word' id='word_1_789' title='bbox 1206 4491 1260 4544; x_wconf 93' lang='lat' dir='ltr'><strong>in</strong></span> <span class='ocrx_word' id='word_1_790' title='bbox 1309 4498 1514 4544; x_wconf 88' lang='lat' dir='ltr'><strong>tantum</strong></span> <span class='ocrx_word' id='word_1_791' title='bbox 1543 4505 1651 4544; x_wconf 92' lang='lat' dir='ltr'><strong>non</strong></span> <span class='ocrx_word' id='word_1_792' title='bbox 1701 4500 1787 4546; x_wconf 86' lang='lat' dir='ltr'><strong>est</strong></span> <span class='ocrx_word' id='word_1_793' title='bbox 1816 4494 2005 4546; x_wconf 90' lang='lat' dir='ltr'><strong>eadem</strong></span> <span class='ocrx_word' id='word_1_794' title='bbox 2036 4471 2196 4538; x_wconf 70' lang='lat' dir='ltr'><strong>l)nia</strong></span> <span class='ocrx_word' id='word_1_795' title='bbox 2249 4483 2492 4551; x_wconf 78' lang='lat' dir='ltr'><strong>ingressa</strong></span> <span class='ocrx_word' id='word_1_796' title='bbox 2545 4485 2768 4542; x_wconf 86' lang='lat' dir='ltr'><strong>delicto.</strong></span> <span class='ocrx_word' id='word_1_797' title='bbox 2839 4505 2857 4538; x_wconf 77' lang='grc' dir='ltr'><strong>ι</strong></span> <span class='ocrx_word' id='word_1_798' title='bbox 2907 4485 3222 4542; x_wconf 78' lang='lat' dir='ltr'><strong>Exinanivit</strong></span> <span class='ocrx_word' id='word_1_799' title='bbox 3269 4507 3288 4540; x_wconf 88' lang='grc'><strong>›</strong></span> <span class='ocrx_word' id='word_1_800' title='bbox 3339 4489 3502 4558; x_wconf 83' lang='lat' dir='ltr'><strong>igitur</strong></span> <span class='ocrx_word' id='word_1_801' title='bbox 3551 4506 3569 4540; x_wconf 77' lang='grc' dir='ltr'><strong>ι</strong></span> <span class='ocrx_word' id='word_1_802' title='bbox 3606 4503 3696 4544; x_wconf 86' lang='lat' dir='ltr'><strong>se-</strong></span> 
     </span>
    </p>
   </div>
   <div class='ocr_carea' id='block_1_92' title="bbox 436 4583 2008 4654">
    <p class='ocr_par' dir='ltr' id='par_1_92' title="bbox 436 4583 2008 4654">
     <span class='ocr_line' id='line_1_92' title="bbox 436 4583 2008 4654; baseline -0.001 -15"><span class='ocrx_word' id='word_1_803' title='bbox 436 4587 676 4641; x_wconf 82' lang='lat' dir='ltr'><strong>conditio</strong></span> <span class='ocrx_word' id='word_1_804' title='bbox 709 4585 920 4651; x_wconf 90' lang='lat' dir='ltr'><strong>delicti,</strong></span> <span class='ocrx_word' id='word_1_805' title='bbox 966 4599 1088 4654; x_wconf 82' lang='lat' dir='ltr'><strong>quae</strong></span> <span class='ocrx_word' id='word_1_806' title='bbox 1116 4593 1172 4640; x_wconf 93' lang='lat' dir='ltr'><strong>et</strong></span> <span class='ocrx_word' id='word_1_807' title='bbox 1197 4584 1346 4651; x_wconf 90' lang='lat' dir='ltr'><strong>doni,</strong></span> <span class='ocrx_word' id='word_1_808' title='bbox 1377 4593 1436 4637; x_wconf 91' lang='lat' dir='ltr'><strong>ut</strong></span> <span class='ocrx_word' id='word_1_809' title='bbox 1470 4599 1591 4638; x_wconf 92' lang='lat' dir='ltr'><strong>cum</strong></span> <span class='ocrx_word' id='word_1_810' title='bbox 1611 4583 1878 4654; x_wconf 90' lang='lat' dir='ltr'><strong>judicium</strong></span> <span class='ocrx_word' id='word_1_811' title='bbox 1908 4585 2008 4638; x_wconf 90' lang='lat' dir='ltr'><strong>ha-</strong></span> 
     </span>
    </p>
   </div>
   <div class='ocr_carea' id='block_1_93' title="bbox 2108 4574 3687 4646">
    <p class='ocr_par' dir='ltr' id='par_1_93' title="bbox 2108 4574 3687 4646">
     <span class='ocr_line' id='line_1_93' title="bbox 2108 4574 3687 4646; baseline 0.002 -18"><span class='ocrx_word' id='word_1_812' title='bbox 2108 4574 2281 4644; x_wconf 90' lang='lat' dir='ltr'><strong>ipsnm</strong></span> <span class='ocrx_word' id='word_1_813' title='bbox 2325 4594 2346 4628; x_wconf 72' lang='grc'><strong>»</strong></span> <span class='ocrx_word' id='word_1_814' title='bbox 2399 4576 2468 4630; x_wconf 88' lang='lat' dir='ltr'><strong>de</strong></span> <span class='ocrx_word' id='word_1_815' title='bbox 2513 4577 2821 4646; x_wconf 66' lang='lat' dir='ltr'><strong>aequalitate</strong></span> <span class='ocrx_word' id='word_1_816' title='bbox 2865 4586 2920 4631; x_wconf 89' lang='lat' dir='ltr'><strong>et</strong></span> <span class='ocrx_word' id='word_1_817' title='bbox 2966 4578 3141 4632; x_wconf 85' lang='lat' dir='ltr'><strong>forma</strong></span> <span class='ocrx_word' id='word_1_818' title='bbox 3175 4579 3292 4644; x_wconf 89' lang='lat' dir='ltr'><strong>Dei,</strong></span> <span class='ocrx_word' id='word_1_819' title='bbox 3339 4590 3394 4633; x_wconf 93' lang='lat' dir='ltr'><strong>et</strong></span> <span class='ocrx_word' id='word_1_820' title='bbox 3430 4598 3448 4631; x_wconf 77' lang='grc' dir='ltr'><strong>ι</strong></span> <span class='ocrx_word' id='word_1_821' title='bbox 3483 4578 3625 4633; x_wconf 90' lang='lat' dir='ltr'><strong>servi</strong></span> <span class='ocrx_word' id='word_1_822' title='bbox 3664 4596 3687 4631; x_wconf 74' lang='grc' dir='ltr'><strong>ι</strong></span> 
     </span>
    </p>
   </div>
   <div class='ocr_carea' id='block_1_94' title="bbox 436 4664 3694 4746">
    <p class='ocr_par' dir='ltr' id='par_1_94' title="bbox 436 4664 3694 4746">
     <span class='ocr_line' id='line_1_94' title="bbox 436 4664 3694 4746; baseline 0.002 -31"><span class='ocrx_word' id='word_1_823' title='bbox 436 4679 610 4733; x_wconf 62' lang='lat' dir='ltr'><strong>hilum</strong></span> <span class='ocrx_word' id='word_1_824' title='bbox 640 4678 710 4732; x_wconf 62' lang='grc' dir='ltr'><strong>εει</strong></span> <span class='ocrx_word' id='word_1_825' title='bbox 760 4678 828 4732; x_wconf 70' lang='lat' dir='ltr'><strong>de</strong></span> <span class='ocrx_word' id='word_1_826' title='bbox 874 4677 1045 4731; x_wconf 70' lang='lat' dir='ltr'><strong>Adam</strong></span> <span class='ocrx_word' id='word_1_827' title='bbox 1072 4719 1087 4744; x_wconf 41' lang='grc' dir='ltr'><strong>ν</strong></span> <span class='ocrx_word' id='word_1_828' title='bbox 1124 4691 1191 4730; x_wconf 70' lang='grc' dir='ltr'><strong>εχ</strong></span> <span class='ocrx_word' id='word_1_829' title='bbox 1246 4691 1353 4730; x_wconf 73' lang='lat' dir='ltr'><strong>uno</strong></span> <span class='ocrx_word' id='word_1_830' title='bbox 1383 4675 1497 4744; x_wconf 66' lang='lat' dir='ltr'><strong>ipso</strong></span> <span class='ocrx_word' id='word_1_831' title='bbox 1523 4675 1635 4746; x_wconf 80' lang='lat'><strong>(93)</strong></span> <span class='ocrx_word' id='word_1_832' title='bbox 1665 4675 2012 4745; x_wconf 70' lang='lat' dir='ltr'><strong>delinqueme</strong></span> <span class='ocrx_word' id='word_1_833' title='bbox 2109 4665 2346 4732; x_wconf 81' lang='lat' dir='ltr'><strong>suscepit</strong></span> <span class='ocrx_word' id='word_1_834' title='bbox 2378 4682 2397 4716; x_wconf 69' lang='grc' dir='ltr'><strong>ι</strong></span> <span class='ocrx_word' id='word_1_835' title='bbox 2431 4664 2657 4721; x_wconf 90' lang='lat' dir='ltr'><strong>formam</strong></span> <span class='ocrx_word' id='word_1_836' title='bbox 2691 4665 2736 4697; x_wconf 84' lang='grc'><strong><em>²⁶</em></strong></span> <span class='ocrx_word' id='word_1_837' title='bbox 2761 4705 2778 4730; x_wconf 87' lang='grc'>,</span> <span class='ocrx_word' id='word_1_838' title='bbox 2813 4684 2833 4718; x_wconf 72' lang='grc' dir='ltr'><strong>ι</strong></span> <span class='ocrx_word' id='word_1_839' title='bbox 2885 4675 2942 4720; x_wconf 89' lang='lat' dir='ltr'><strong>et</strong></span> <span class='ocrx_word' id='word_1_840' title='bbox 2973 4666 3032 4720; x_wconf 87' lang='lat' dir='ltr'><strong>fit</strong></span> <span class='ocrx_word' id='word_1_841' title='bbox 3064 4669 3243 4734; x_wconf 91' lang='lat' dir='ltr'><strong>homo,</strong></span> <span class='ocrx_word' id='word_1_842' title='bbox 3280 4669 3348 4721; x_wconf 90' lang='lat' dir='ltr'><strong>ad</strong></span> <span class='ocrx_word' id='word_1_843' title='bbox 3381 4683 3539 4736; x_wconf 91' lang='lat' dir='ltr'><strong>quem</strong></span> <span class='ocrx_word' id='word_1_844' title='bbox 3573 4677 3694 4722; x_wconf 89' lang='lat' dir='ltr'><strong>ten-</strong></span> 
     </span>
    </p>
   </div>
   <div class='ocr_carea' id='block_1_95' title="bbox 435 4761 3681 4831">
    <p class='ocr_par' dir='ltr' id='par_1_95' title="bbox 435 4761 3681 4831">
     <span class='ocr_line' id='line_1_95' title="bbox 435 4761 3681 4831; baseline -0.002 -11"><span class='ocrx_word' id='word_1_845' title='bbox 435 4767 822 4822; x_wconf 88' lang='lat' dir='ltr'><strong>condemnatio</strong></span> <span class='ocrx_word' id='word_1_846' title='bbox 843 4766 897 4820; x_wconf 91' lang='lat' dir='ltr'><strong>in</strong></span> <span class='ocrx_word' id='word_1_847' title='bbox 921 4780 1108 4820; x_wconf 88' lang='lat' dir='ltr'><strong>omnes</strong></span> <span class='ocrx_word' id='word_1_848' title='bbox 1136 4765 1384 4819; x_wconf 90' lang='lat' dir='ltr'><strong>homines</strong></span> <span class='ocrx_word' id='word_1_849' title='bbox 1419 4765 1665 4829; x_wconf 88' lang='lat' dir='ltr'><strong>venerit;</strong></span> <span class='ocrx_word' id='word_1_850' title='bbox 1699 4767 2012 4821; x_wconf 92' lang='lat' dir='ltr'><strong>econtrario</strong></span> <span class='ocrx_word' id='word_1_851' title='bbox 2110 4762 2330 4815; x_wconf 91' lang='lat' dir='ltr'><strong>tandum</strong></span> <span class='ocrx_word' id='word_1_852' title='bbox 2363 4762 2589 4816; x_wconf 89' lang='lat' dir='ltr'><strong>auderet</strong></span> <span class='ocrx_word' id='word_1_853' title='bbox 2629 4761 2850 4831; x_wconf 88' lang='lat' dir='ltr'><strong>quidem</strong></span> <span class='ocrx_word' id='word_1_854' title='bbox 2882 4761 3073 4814; x_wconf 90' lang='lat' dir='ltr'><strong>venire</strong></span> <span class='ocrx_word' id='word_1_855' title='bbox 3099 4761 3188 4815; x_wconf 91' lang='lat' dir='ltr'><strong>ille</strong></span> <span class='ocrx_word' id='word_1_856' title='bbox 3215 4765 3306 4829; x_wconf 88' lang='lat' dir='ltr'><strong>qui</strong></span> <span class='ocrx_word' id='word_1_857' title='bbox 3335 4763 3597 4830; x_wconf 82' lang='lat' dir='ltr'><strong>regnabat</strong></span> <span class='ocrx_word' id='word_1_858' title='bbox 3625 4761 3681 4814; x_wconf 90' lang='lat' dir='ltr'><strong>in</strong></span> 
     </span>
    </p>
   </div>
   <div class='ocr_carea' id='block_1_96' title="bbox 440 4849 3685 4926">
    <p class='ocr_par' dir='ltr' id='par_1_96' title="bbox 440 4849 3685 4926">
     <span class='ocr_line' id='line_1_96' title="bbox 440 4849 3685 4926; baseline -0.002 -17"><span class='ocrx_word' id='word_1_859' title='bbox 440 4872 572 4912; x_wconf 87' lang='lat' dir='ltr'><strong>vero</strong></span> <span class='ocrx_word' id='word_1_860' title='bbox 603 4872 700 4926; x_wconf 81' lang='lat' dir='ltr'><strong>per</strong></span> <span class='ocrx_word' id='word_1_861' title='bbox 725 4855 1007 4910; x_wconf 89' lang='lat' dir='ltr'><strong>Christum</strong></span> <span class='ocrx_word' id='word_1_862' title='bbox 1034 4871 1100 4910; x_wconf 88' lang='lat' dir='ltr'><strong>ex</strong></span> <span class='ocrx_word' id='word_1_863' title='bbox 1131 4856 1319 4910; x_wconf 90' lang='lat' dir='ltr'><strong>multis</strong></span> <span class='ocrx_word' id='word_1_864' title='bbox 1348 4855 1584 4918; x_wconf 89' lang='lat' dir='ltr'><strong>delictis,</strong></span> <span class='ocrx_word' id='word_1_865' title='bbox 1619 4857 1815 4924; x_wconf 89' lang='lat' dir='ltr'><strong>quibus</strong></span> <span class='ocrx_word' id='word_1_866' title='bbox 1848 4870 2012 4911; x_wconf 85' lang='lat' dir='ltr'><strong>omne</strong></span> <span class='ocrx_word' id='word_1_867' title='bbox 2106 4854 2384 4918; x_wconf 88' lang='lat' dir='ltr'><strong>omnibus,</strong></span> <span class='ocrx_word' id='word_1_868' title='bbox 2435 4853 2530 4908; x_wconf 88' lang='lat' dir='ltr'><strong>sed</strong></span> <span class='ocrx_word' id='word_1_869' title='bbox 2576 4853 2780 4906; x_wconf 91' lang='lat' dir='ltr'><strong>intrare</strong></span> <span class='ocrx_word' id='word_1_870' title='bbox 2824 4866 2930 4905; x_wconf 94' lang='lat' dir='ltr'><strong>non</strong></span> <span class='ocrx_word' id='word_1_871' title='bbox 2976 4861 3178 4920; x_wconf 83' lang='lat' dir='ltr'><strong>posset.</strong></span> <span class='ocrx_word' id='word_1_872' title='bbox 3239 4849 3468 4904; x_wconf 88' lang='lat' dir='ltr'><strong>Mortem</strong></span> <span class='ocrx_word' id='word_1_873' title='bbox 3501 4860 3685 4903; x_wconf 86' lang='lat' dir='ltr'><strong>tamen</strong></span> 
     </span>
    </p>
   </div>
   <div class='ocr_carea' id='block_1_97' title="bbox 436 4943 3692 5019">
    <p class='ocr_par' dir='ltr' id='par_1_97' title="bbox 436 4943 3692 5019">
     <span class='ocr_line' id='line_1_97' title="bbox 436 4943 3692 5019; baseline -0.002 -15"><span class='ocrx_word' id='word_1_874' title='bbox 436 4964 609 5019; x_wconf 89' lang='lat' dir='ltr'><strong>genus</strong></span> <span class='ocrx_word' id='word_1_875' title='bbox 637 4949 919 5003; x_wconf 89' lang='lat' dir='ltr'><strong>hominum</strong></span> <span class='ocrx_word' id='word_1_876' title='bbox 975 4948 1296 5014; x_wconf 89' lang='lat' dir='ltr'><strong>tenebatur,</strong></span> <span class='ocrx_word' id='word_1_877' title='bbox 1337 4946 1656 5014; x_wconf 86' lang='lat' dir='ltr'><strong>justificatio</strong></span> <span class='ocrx_word' id='word_1_878' title='bbox 1687 4946 1815 5000; x_wconf 88' lang='lat' dir='ltr'><strong>data</strong></span> <span class='ocrx_word' id='word_1_879' title='bbox 1855 4947 1926 5002; x_wconf 92' lang='lat' dir='ltr'><strong>sit</strong></span> <span class='ocrx_word' id='word_1_880' title='bbox 1954 4948 2009 5002; x_wconf 91' lang='lat' dir='ltr'><strong>in</strong></span> <span class='ocrx_word' id='word_1_881' title='bbox 2107 4947 2268 5002; x_wconf 91' lang='lat' dir='ltr'><strong>istam</strong></span> <span class='ocrx_word' id='word_1_882' title='bbox 2302 4961 2644 5002; x_wconf 88' lang='lat' dir='ltr'><strong>communem</strong></span> <span class='ocrx_word' id='word_1_883' title='bbox 2672 4945 2932 5015; x_wconf 90' lang='lat' dir='ltr'><strong>suscepit,</strong></span> <span class='ocrx_word' id='word_1_884' title='bbox 2969 4960 3093 4998; x_wconf 89' lang='lat' dir='ltr'><strong>cum</strong></span> <span class='ocrx_word' id='word_1_885' title='bbox 3123 4943 3269 4997; x_wconf 90' lang='lat' dir='ltr'><strong>illam</strong></span> <span class='ocrx_word' id='word_1_886' title='bbox 3303 4943 3534 5012; x_wconf 89' lang='lat' dir='ltr'><strong>peccati,</strong></span> <span class='ocrx_word' id='word_1_887' title='bbox 3569 4957 3692 5009; x_wconf 68' lang='lat' dir='ltr'><strong>qua:</strong></span> 
     </span>
    </p>
   </div>
   <div class='ocr_carea' id='block_1_98' title="bbox 507 5077 2006 5149">
    <p class='ocr_par' dir='ltr' id='par_1_98' title="bbox 507 5082 1982 5149">
     <span class='ocr_line' id='line_1_98' title="bbox 507 5082 1982 5149; baseline -0.003 -7"><span class='ocrx_word' id='word_1_888' title='bbox 507 5089 550 5120; x_wconf 84' lang='lat'><strong>&quot;</strong></span> <span class='ocrx_word' id='word_1_889' title='bbox 569 5087 694 5142; x_wconf 87' lang='lat' dir='ltr'><strong>lsai.</strong></span> <span class='ocrx_word' id='word_1_890' title='bbox 730 5103 781 5147; x_wconf 77' lang='grc' dir='ltr'>ι,</span> <span class='ocrx_word' id='word_1_891' title='bbox 809 5087 896 5141; x_wconf 83' lang='grc' dir='ltr'><strong>Η.</strong></span> <span class='ocrx_word' id='word_1_892' title='bbox 977 5085 1019 5116; x_wconf 79' lang='grc'><strong>⁸³</strong></span> <span class='ocrx_word' id='word_1_893' title='bbox 1049 5084 1239 5140; x_wconf 88' lang='lat' dir='ltr'><strong>Matth.</strong></span> <span class='ocrx_word' id='word_1_894' title='bbox 1267 5099 1418 5143; x_wconf 72' lang='lat' dir='ltr'><strong>xxvr.</strong></span> <span class='ocrx_word' id='word_1_895' title='bbox 1438 5082 1528 5138; x_wconf 73' lang='lat'><strong>29.</strong></span> <span class='ocrx_word' id='word_1_896' title='bbox 1605 5083 1649 5115; x_wconf 75' lang='grc'><strong>¹⁶</strong></span> <span class='ocrx_word' id='word_1_897' title='bbox 1665 5083 1800 5140; x_wconf 89' lang='lat' dir='ltr'><strong>Osee</strong></span> <span class='ocrx_word' id='word_1_898' title='bbox 1828 5101 1904 5149; x_wconf 72' lang='grc' dir='ltr'><strong>ιχ,</strong></span> <span class='ocrx_word' id='word_1_899' title='bbox 1927 5085 1982 5139; x_wconf 84' lang='grc'><strong>5.</strong></span> 
     </span>
    </p>
   </div>
   <div class='ocr_carea' id='block_1_99' title="bbox 2104 5077 3687 5149">
    <p class='ocr_par' dir='ltr' id='par_1_99' title="bbox 2126 5077 3687 5147">
     <span class='ocr_line' id='line_1_99' title="bbox 2126 5077 3687 5147; baseline -0.001 -9"><span class='ocrx_word' id='word_1_900' title='bbox 2126 5084 2267 5140; x_wconf 87' lang='lat' dir='ltr'><strong>Psal.</strong></span> <span class='ocrx_word' id='word_1_901' title='bbox 2294 5099 2478 5143; x_wconf 79' lang='lat' dir='ltr'><strong>Lxxvr.</strong></span> <span class='ocrx_word' id='word_1_902' title='bbox 2513 5083 2565 5139; x_wconf 84' lang='lat'><strong>6.</strong></span> <span class='ocrx_word' id='word_1_903' title='bbox 2644 5083 2690 5115; x_wconf 81' lang='grc'>¹⁶</span> <span class='ocrx_word' id='word_1_904' title='bbox 2725 5083 2878 5136; x_wconf 79' lang='lat' dir='ltr'><strong>Dent.</strong></span> <span class='ocrx_word' id='word_1_905' title='bbox 2922 5097 3096 5144; x_wconf 79' lang='lat' dir='ltr'><strong>xxx&quot;,</strong></span> <span class='ocrx_word' id='word_1_906' title='bbox 3123 5081 3176 5135; x_wconf 94' lang='lat'><strong>7.</strong></span> <span class='ocrx_word' id='word_1_907' title='bbox 3253 5081 3296 5112; x_wconf 71' lang='grc' dir='ltr'>ιτ</span> <span class='ocrx_word' id='word_1_908' title='bbox 3331 5077 3496 5132; x_wconf 82' lang='lat' dir='ltr'><strong>Hebr.</strong></span> <span class='ocrx_word' id='word_1_909' title='bbox 3527 5095 3598 5147; x_wconf 84' lang='lat' dir='ltr'><strong>IV,</strong></span> <span class='ocrx_word' id='word_1_910' title='bbox 3631 5083 3687 5136; x_wconf 91' lang='lat'><strong>9.</strong></span> 
     </span>
    </p>
   </div>
   <div class='ocr_carea' id='block_1_100' title="bbox 422 5149 2006 5223">
    <p class='ocr_par' dir='ltr' id='par_1_100' title="bbox 422 5153 2004 5223">
     <span class='ocr_line' id='line_1_100' title="bbox 422 5153 2004 5223; baseline -0.001 -11"><span class='ocrx_word' id='word_1_911' title='bbox 422 5157 465 5188; x_wconf 83' lang='grc'><strong>¹³</strong></span> <span class='ocrx_word' id='word_1_912' title='bbox 502 5159 736 5223; x_wconf 78' lang='lat' dir='ltr'><strong>Rom.v,</strong></span> <span class='ocrx_word' id='word_1_913' title='bbox 768 5158 857 5212; x_wconf 70' lang='grc'><strong>14.</strong></span> <span class='ocrx_word' id='word_1_914' title='bbox 926 5156 969 5188; x_wconf 81' lang='grc'><strong>¹⁹</strong></span> <span class='ocrx_word' id='word_1_915' title='bbox 993 5155 1124 5211; x_wconf 91' lang='lat' dir='ltr'><strong>ibid.</strong></span> <span class='ocrx_word' id='word_1_916' title='bbox 1150 5153 1344 5218; x_wconf 73' lang='lat' dir='ltr'><strong>15,l6.</strong></span> <span class='ocrx_word' id='word_1_917' title='bbox 1387 5155 1432 5186; x_wconf 78' lang='grc' dir='ltr'><strong>ὀ</strong></span> <span class='ocrx_word' id='word_1_918' title='bbox 1464 5155 1599 5210; x_wconf 87' lang='lat' dir='ltr'><strong>ibid.</strong></span> <span class='ocrx_word' id='word_1_919' title='bbox 1658 5155 1744 5210; x_wconf 84' lang='grc'><strong>19.</strong></span> <span class='ocrx_word' id='word_1_920' title='bbox 1842 5156 1887 5187; x_wconf 75' lang='grc'>⁸⁸</span> <span class='ocrx_word' id='word_1_921' title='bbox 1921 5154 2004 5210; x_wconf 88' lang='lat' dir='ltr'><strong>lC</strong></span> 
     </span>
    </p>
   </div>
   <div class='ocr_carea' id='block_1_101' title="bbox 2104 5149 3687 5223">
    <p class='ocr_par' dir='ltr' id='par_1_101' title="bbox 2130 5149 3687 5222">
     <span class='ocr_line' id='line_1_101' title="bbox 2130 5149 3687 5222; baseline -0.002 -11"><span class='ocrx_word' id='word_1_922' title='bbox 2130 5173 2220 5222; x_wconf 86' lang='lat' dir='ltr'><strong>xv,</strong></span> <span class='ocrx_word' id='word_1_923' title='bbox 2247 5157 2339 5210; x_wconf 77' lang='grc'><strong>45.</strong></span> <span class='ocrx_word' id='word_1_924' title='bbox 2433 5158 2476 5188; x_wconf 81' lang='grc'><strong>¹²</strong></span> <span class='ocrx_word' id='word_1_925' title='bbox 2499 5153 2655 5209; x_wconf 81' lang='lat' dir='ltr'><strong>Rom.</strong></span> <span class='ocrx_word' id='word_1_926' title='bbox 2687 5169 2741 5220; x_wconf 89' lang='lat' dir='ltr'><strong>v,</strong></span> <span class='ocrx_word' id='word_1_927' title='bbox 2769 5153 2857 5207; x_wconf 68' lang='grc'><strong>1-2.</strong></span> <span class='ocrx_word' id='word_1_928' title='bbox 2957 5153 3004 5184; x_wconf 83' lang='grc'>³³</span> <span class='ocrx_word' id='word_1_929' title='bbox 3035 5153 3170 5207; x_wconf 90' lang='lat' dir='ltr'><strong>ibid.</strong></span> <span class='ocrx_word' id='word_1_930' title='bbox 3229 5153 3320 5214; x_wconf 61' lang='lat'><strong>4&#39;5.</strong></span> <span class='ocrx_word' id='word_1_931' title='bbox 3363 5149 3410 5180; x_wconf 72' lang='lat'>“</span> <span class='ocrx_word' id='word_1_932' title='bbox 3437 5150 3566 5205; x_wconf 84' lang='lat' dir='ltr'><strong>ibid.</strong></span> <span class='ocrx_word' id='word_1_933' title='bbox 3603 5152 3687 5208; x_wconf 87' lang='lat' dir='ltr'><strong>l9.</strong></span> 
     </span>
    </p>
   </div>
   <div class='ocr_carea' id='block_1_102' title="bbox 422 5224 1328 5298">
    <p class='ocr_par' dir='ltr' id='par_1_102' title="bbox 422 5224 1328 5298">
     <span class='ocr_line' id='line_1_102' title="bbox 422 5224 1328 5298; baseline -0.01 -11"><span class='ocrx_word' id='word_1_934' title='bbox 422 5229 466 5261; x_wconf 75' lang='grc'><strong><em>⁸⁸</em></strong></span> <span class='ocrx_word' id='word_1_935' title='bbox 513 5229 715 5298; x_wconf 80' lang='lat' dir='ltr'><strong>Philip.</strong></span> <span class='ocrx_word' id='word_1_936' title='bbox 754 5245 826 5295; x_wconf 90' lang='lat' dir='ltr'><strong>ll,</strong></span> <span class='ocrx_word' id='word_1_937' title='bbox 877 5227 932 5282; x_wconf 80' lang='lat'><strong>6.</strong></span> <span class='ocrx_word' id='word_1_938' title='bbox 1033 5227 1079 5258; x_wconf 80' lang='lat'><strong>’°</strong></span> <span class='ocrx_word' id='word_1_939' title='bbox 1110 5225 1241 5281; x_wconf 86' lang='lat' dir='ltr'><strong>ibid.</strong></span> <span class='ocrx_word' id='word_1_940' title='bbox 1274 5224 1328 5278; x_wconf 84' lang='lat'><strong>7.</strong></span> 
     </span>
    </p>
   </div>
   <div class='ocr_carea' id='block_1_103' title="bbox 505 5341 2006 5418">
    <p class='ocr_par' dir='ltr' id='par_1_103' title="bbox 505 5343 1432 5418">
     <span class='ocr_line' id='line_1_103' title="bbox 505 5343 1432 5418; baseline 0 -16"><span class='ocrx_word' id='word_1_941' title='bbox 505 5345 617 5418; x_wconf 58' lang='grc'><strong>(94)</strong></span> <span class='ocrx_word' id='word_1_942' title='bbox 652 5345 822 5418; x_wconf 39' lang='lat' dir='ltr'><strong>Alias,</strong></span> <span class='ocrx_word' id='word_1_943' title='bbox 853 5363 872 5418; x_wconf 66' lang='grc' dir='ltr'><strong>ς</strong></span> <span class='ocrx_word' id='word_1_944' title='bbox 906 5343 1058 5399; x_wconf 82' lang='lat' dir='ltr'><strong>dicit.</strong></span> <span class='ocrx_word' id='word_1_945' title='bbox 1090 5361 1166 5418; x_wconf 47' lang='grc' dir='ltr'><strong>ι..</strong></span> <span class='ocrx_word' id='word_1_946' title='bbox 1361 5397 1365 5402; x_wconf 88' lang='grc'><strong>.</strong></span> <span class='ocrx_word' id='word_1_947' title='bbox 1419 5411 1432 5418; x_wconf 85' lang='lat'>_</span> 
     </span>
    </p>
   </div>
   <div class='ocr_carea' id='block_1_104' title="bbox 2104 5341 3487 5418">
    <p class='ocr_par' dir='ltr' id='par_1_104' title="bbox 2177 5341 3487 5418">
     <span class='ocr_line' id='line_1_104' title="bbox 2177 5341 3487 5418; baseline -0.004 -22"><span class='ocrx_word' id='word_1_948' title='bbox 2177 5342 2290 5418; x_wconf 68' lang='lat'><strong>(98)</strong></span> <span class='ocrx_word' id='word_1_949' title='bbox 2320 5343 2490 5418; x_wconf 39' lang='lat' dir='ltr'><strong>ﬁlias,</strong></span> <span class='ocrx_word' id='word_1_950' title='bbox 2518 5359 2539 5392; x_wconf 70' lang='grc' dir='ltr'><strong>ι</strong></span> <span class='ocrx_word' id='word_1_951' title='bbox 2571 5352 2626 5396; x_wconf 91' lang='lat' dir='ltr'><strong>et</strong></span> <span class='ocrx_word' id='word_1_952' title='bbox 2660 5356 2725 5395; x_wconf 88' lang='lat' dir='ltr'><strong>ex</strong></span> <span class='ocrx_word' id='word_1_953' title='bbox 2762 5355 2868 5418; x_wconf 76' lang='lat' dir='ltr'><strong>uno</strong></span> <span class='ocrx_word' id='word_1_954' title='bbox 2892 5341 3026 5406; x_wconf 92' lang='lat' dir='ltr'><strong>ipso.</strong></span> <span class='ocrx_word' id='word_1_955' title='bbox 3065 5354 3085 5388; x_wconf 75' lang='grc' dir='ltr'><strong>ι</strong></span> <span class='ocrx_word' id='word_1_956' title='bbox 3206 5403 3226 5418; x_wconf 40' lang='grc' dir='ltr'><strong>Ρ</strong></span> <span class='ocrx_word' id='word_1_957' title='bbox 3266 5404 3280 5418; x_wconf 83' lang='lat'><em>_</em></span> <span class='ocrx_word' id='word_1_958' title='bbox 3474 5405 3487 5418; x_wconf 41' lang='grc' dir='ltr'><strong>ο</strong></span> 
     </span>
    </p>
   </div>
   <div class='ocr_carea' id='block_1_105' title="bbox 507 5403 3688 5489">
    <p class='ocr_par' dir='ltr' id='par_1_105' title="bbox 507 5403 3688 5489">
     <span class='ocr_line' id='line_1_105' title="bbox 507 5403 3688 5489; baseline -0.003 -18"><span class='ocrx_word' id='word_1_959' title='bbox 507 5403 619 5489; x_wconf 72' lang='grc'><strong>(95)</strong></span> <span class='ocrx_word' id='word_1_960' title='bbox 664 5403 1024 5484; x_wconf 53' lang='grc' dir='ltr'><strong>Μεείριιηνθε,</strong></span> <span class='ocrx_word' id='word_1_961' title='bbox 1067 5431 1088 5466; x_wconf 75' lang='lat' dir='ltr'><strong>i</strong></span> <span class='ocrx_word' id='word_1_962' title='bbox 1127 5411 1195 5466; x_wconf 88' lang='lat' dir='ltr'><strong>Et</strong></span> <span class='ocrx_word' id='word_1_963' title='bbox 1247 5426 1352 5466; x_wconf 90' lang='lat' dir='ltr'><strong>non</strong></span> <span class='ocrx_word' id='word_1_964' title='bbox 1389 5411 1527 5468; x_wconf 91' lang='lat' dir='ltr'><strong>sicut</strong></span> <span class='ocrx_word' id='word_1_965' title='bbox 1559 5426 1654 5482; x_wconf 88' lang='lat' dir='ltr'><strong>per</strong></span> <span class='ocrx_word' id='word_1_966' title='bbox 1682 5427 1846 5466; x_wconf 91' lang='lat' dir='ltr'><strong>unum</strong></span> <span class='ocrx_word' id='word_1_967' title='bbox 1874 5427 2004 5483; x_wconf 89' lang='lat' dir='ltr'><strong>pec-</strong></span> <span class='ocrx_word' id='word_1_968' title='bbox 2178 5403 2296 5489; x_wconf 80' lang='grc'><strong>(99)</strong></span> <span class='ocrx_word' id='word_1_969' title='bbox 2318 5403 2545 5489; x_wconf 57' lang='grc' dir='ltr'>Εᾴἰιῖθι</span> <span class='ocrx_word' id='word_1_970' title='bbox 2567 5426 2699 5466; x_wconf 84' lang='lat' dir='ltr'><strong>mss.</strong></span> <span class='ocrx_word' id='word_1_971' title='bbox 2728 5403 2968 5489; x_wconf 78' lang='lat' dir='ltr'><strong>quidam,</strong></span> <span class='ocrx_word' id='word_1_972' title='bbox 2997 5427 3028 5489; x_wconf 23' lang='lat' dir='ltr'><strong>At</strong></span> <span class='ocrx_word' id='word_1_973' title='bbox 3053 5403 3375 5489; x_wconf 70' lang='lat' dir='ltr'><strong>_quac_[al.,_¢</strong></span> <span class='ocrx_word' id='word_1_974' title='bbox 3396 5405 3511 5489; x_wconf 76' lang='lat' dir='ltr'><strong>qui,</strong></span> <span class='ocrx_word' id='word_1_975' title='bbox 3539 5425 3556 5457; x_wconf 76' lang='grc' dir='ltr'><strong>ι</strong></span> <span class='ocrx_word' id='word_1_976' title='bbox 3587 5405 3688 5472; x_wconf 81' lang='lat' dir='ltr'><strong>aL,</strong></span> 
     </span>
    </p>
   </div>
   <div class='ocr_carea' id='block_1_106' title="bbox 439 5476 3686 5556">
    <p class='ocr_par' dir='ltr' id='par_1_106' title="bbox 439 5476 3686 5556">
     <span class='ocr_line' id='line_1_106' title="bbox 439 5476 3686 5556; baseline -0.003 -13"><span class='ocrx_word' id='word_1_977' title='bbox 439 5476 676 5549; x_wconf 80' lang='lat' dir='ltr'><strong>cantein,</strong></span> <span class='ocrx_word' id='word_1_978' title='bbox 717 5504 736 5537; x_wconf 74' lang='grc' dir='ltr'><strong>ι</strong></span> <span class='ocrx_word' id='word_1_979' title='bbox 764 5476 873 5539; x_wconf 80' lang='lat' dir='ltr'><strong>etc.</strong></span> <span class='ocrx_word' id='word_1_980' title='bbox 970 5553 980 5556; x_wconf 95' lang='lat'>_</span> <span class='ocrx_word' id='word_1_981' title='bbox 1011 5476 1020 5480; x_wconf 61' lang='grc'>⁷</span> <span class='ocrx_word' id='word_1_982' title='bbox 1187 5552 1199 5556; x_wconf 85' lang='lat'>_</span> <span class='ocrx_word' id='word_1_983' title='bbox 1238 5553 1249 5556; x_wconf 97' lang='lat'><em>_</em></span> <span class='ocrx_word' id='word_1_984' title='bbox 1559 5476 1574 5482; x_wconf 82' lang='grc'><em>’</em></span> <span class='ocrx_word' id='word_1_985' title='bbox 1875 5476 1892 5483; x_wconf 86' lang='grc'><em>’</em></span> <span class='ocrx_word' id='word_1_986' title='bbox 2110 5501 2132 5536; x_wconf 69' lang='grc' dir='ltr'><strong>ι</strong></span> <span class='ocrx_word' id='word_1_987' title='bbox 2168 5476 2338 5556; x_wconf 76' lang='lat' dir='ltr'><strong>quid]</strong></span> <span class='ocrx_word' id='word_1_988' title='bbox 2371 5483 2600 5556; x_wconf 76' lang='lat' dir='ltr'><strong>interior</strong></span> <span class='ocrx_word' id='word_1_989' title='bbox 2620 5476 2815 5556; x_wconf 83' lang='lat' dir='ltr'><strong>sensus</strong></span> <span class='ocrx_word' id='word_1_990' title='bbox 2843 5478 3086 5549; x_wconf 83' lang='lat' dir='ltr'><strong>Apostoli</strong></span> <span class='ocrx_word' id='word_1_991' title='bbox 3106 5476 3308 5530; x_wconf 83' lang='lat' dir='ltr'><strong>indicet</strong></span> <span class='ocrx_word' id='word_1_992' title='bbox 3335 5476 3387 5529; x_wconf 91' lang='lat' dir='ltr'><strong>in</strong></span> <span class='ocrx_word' id='word_1_993' title='bbox 3418 5479 3554 5540; x_wconf 67' lang='lat' dir='ltr'><strong>his,»</strong></span> <span class='ocrx_word' id='word_1_994' title='bbox 3576 5491 3686 5534; x_wconf 89' lang='lat' dir='ltr'><strong>etc.</strong></span> 
     </span>
    </p>
   </div>
   <div class='ocr_carea' id='block_1_107' title="bbox 508 5552 3540 5628">
    <p class='ocr_par' dir='ltr' id='par_1_107' title="bbox 508 5552 3540 5628">
     <span class='ocr_line' id='line_1_107' title="bbox 508 5552 3540 5628; baseline -0.004 -16"><span class='ocrx_word' id='word_1_995' title='bbox 508 5557 621 5624; x_wconf 88' lang='lat'><strong>(96)</strong></span> <span class='ocrx_word' id='word_1_996' title='bbox 647 5555 809 5628; x_wconf 79' lang='lat' dir='ltr'><strong>Editi,</strong></span> <span class='ocrx_word' id='word_1_997' title='bbox 845 5571 864 5607; x_wconf 84' lang='grc'><strong>‹</strong></span> <span class='ocrx_word' id='word_1_998' title='bbox 892 5553 1017 5628; x_wconf 78' lang='lat' dir='ltr'><strong>quia</strong></span> <span class='ocrx_word' id='word_1_999' title='bbox 1049 5552 1252 5628; x_wconf 81' lang='lat' dir='ltr'><strong>requiri</strong></span> <span class='ocrx_word' id='word_1_1000' title='bbox 1279 5561 1497 5628; x_wconf 84' lang='lat' dir='ltr'><strong>posset._</strong></span> <span class='ocrx_word' id='word_1_1001' title='bbox 1522 5571 1541 5605; x_wconf 72' lang='grc' dir='ltr'><strong>ι</strong></span> <span class='ocrx_word' id='word_1_1002' title='bbox 2176 5555 2254 5628; x_wconf 61' lang='grc' dir='ltr'><strong>(ι)</strong></span> <span class='ocrx_word' id='word_1_1003' title='bbox 2286 5552 2460 5628; x_wconf 42' lang='lat' dir='ltr'><strong>rgias,</strong></span> <span class='ocrx_word' id='word_1_1004' title='bbox 2493 5572 2512 5604; x_wconf 71' lang='grc' dir='ltr'><em>ς</em></span> <span class='ocrx_word' id='word_1_1005' title='bbox 2539 5553 2698 5628; x_wconf 76' lang='lat' dir='ltr'><strong>si__ita_</strong></span> <span class='ocrx_word' id='word_1_1006' title='bbox 2730 5567 2828 5628; x_wconf 75' lang='lat' dir='ltr'><strong>per</strong></span> <span class='ocrx_word' id='word_1_1007' title='bbox 2849 5557 3130 5628; x_wconf 75' lang='lat' dir='ltr'><strong>peccatum</strong></span> <span class='ocrx_word' id='word_1_1008' title='bbox 3162 5559 3331 5628; x_wconf 82' lang='lat' dir='ltr'><strong>mors,</strong></span> <span class='ocrx_word' id='word_1_1009' title='bbox 3373 5565 3393 5598; x_wconf 74' lang='grc' dir='ltr'><strong>ι</strong></span> <span class='ocrx_word' id='word_1_1010' title='bbox 3433 5557 3540 5628; x_wconf 68' lang='lat' dir='ltr'><strong>etc.</strong></span> 
     </span>
    </p>
   </div>
   <div class='ocr_carea' id='block_1_108' title="bbox 509 5617 3692 5700">
    <p class='ocr_par' dir='ltr' id='par_1_108' title="bbox 509 5617 3692 5700">
     <span class='ocr_line' id='line_1_108' title="bbox 509 5617 3692 5700; baseline -0.003 -18"><span class='ocrx_word' id='word_1_1011' title='bbox 509 5617 622 5700; x_wconf 74' lang='grc'><strong>(97)</strong></span> <span class='ocrx_word' id='word_1_1012' title='bbox 654 5617 818 5691; x_wconf 78' lang='lat' dir='ltr'><strong>Editi,</strong></span> <span class='ocrx_word' id='word_1_1013' title='bbox 853 5643 871 5678; x_wconf 72' lang='grc' dir='ltr'>ς</span> <span class='ocrx_word' id='word_1_1014' title='bbox 899 5617 1212 5700; x_wconf 57' lang='lat' dir='ltr'><strong>abundabit,</strong></span> <span class='ocrx_word' id='word_1_1015' title='bbox 1241 5617 1292 5678; x_wconf 85' lang='lat' dir='ltr'><strong>id</strong></span> <span class='ocrx_word' id='word_1_1016' title='bbox 1315 5634 1422 5685; x_wconf 88' lang='lat' dir='ltr'><strong>est,</strong></span> <span class='ocrx_word' id='word_1_1017' title='bbox 1454 5623 1499 5676; x_wconf 91' lang='lat' dir='ltr'><strong>si</strong></span> <span class='ocrx_word' id='word_1_1018' title='bbox 1525 5636 1638 5700; x_wconf 76' lang='lat' dir='ltr'><strong>uno</strong></span> <span class='ocrx_word' id='word_1_1019' title='bbox 1671 5631 1952 5700; x_wconf 78' lang='lat' dir='ltr'><strong>peccante.</strong></span> <span class='ocrx_word' id='word_1_1020' title='bbox 1977 5641 1997 5676; x_wconf 76' lang='grc' dir='ltr'><strong>ι</strong></span> <span class='ocrx_word' id='word_1_1021' title='bbox 2177 5617 2255 5697; x_wconf 76' lang='grc'><strong>(2)</strong></span> <span class='ocrx_word' id='word_1_1022' title='bbox 2295 5617 2486 5700; x_wconf 43' lang='grc' dir='ltr'><strong>Εάίιὶςι</strong></span> <span class='ocrx_word' id='word_1_1023' title='bbox 2518 5641 2536 5674; x_wconf 73' lang='grc' dir='ltr'><strong>ι</strong></span> <span class='ocrx_word' id='word_1_1024' title='bbox 2572 5617 2810 5700; x_wconf 65' lang='lat' dir='ltr'><strong>Christi;</strong></span> <span class='ocrx_word' id='word_1_1025' title='bbox 2847 5617 3136 5700; x_wconf 68' lang='lat' dir='ltr'><strong>Christus,</strong></span> <span class='ocrx_word' id='word_1_1026' title='bbox 3173 5617 3434 5700; x_wconf 50' lang='lat' dir='ltr'><strong>inquam,</strong></span> <span class='ocrx_word' id='word_1_1027' title='bbox 3458 5618 3542 5699; x_wconf 39' lang='lat' dir='ltr'><strong>Iad&#39;</strong></span> <span class='ocrx_word' id='word_1_1028' title='bbox 3587 5617 3692 5674; x_wconf 88' lang='lat' dir='ltr'><strong>hoc</strong></span> 
     </span>
    </p>
   </div>
   <div class='ocr_carea' id='block_1_109' title="bbox 443 5686 3684 5768">
    <p class='ocr_par' dir='ltr' id='par_1_109' title="bbox 443 5686 3684 5768">
     <span class='ocr_line' id='line_1_109' title="bbox 443 5686 3684 5768; baseline -0.003 -15"><span class='ocrx_word' id='word_1_1029' title='bbox 443 5686 663 5760; x_wconf 81' lang='lat' dir='ltr'><strong>Deinde,</strong></span> <span class='ocrx_word' id='word_1_1030' title='bbox 703 5715 722 5747; x_wconf 82' lang='grc' dir='ltr'><strong><em>σ</em></strong></span> <span class='ocrx_word' id='word_1_1031' title='bbox 752 5686 872 5765; x_wconf 70' lang='lat' dir='ltr'><strong>qua:</strong></span> <span class='ocrx_word' id='word_1_1032' title='bbox 897 5695 952 5748; x_wconf 89' lang='lat' dir='ltr'><strong>in</strong></span> <span class='ocrx_word' id='word_1_1033' title='bbox 978 5686 1211 5768; x_wconf 37' lang='lat' dir='ltr'><strong>Christo:</strong></span> <span class='ocrx_word' id='word_1_1034' title='bbox 1255 5703 1341 5768; x_wconf 73' lang='lat' dir='ltr'><strong>est</strong></span> <span class='ocrx_word' id='word_1_1035' title='bbox 1366 5732 1381 5756; x_wconf 91' lang='lat'><strong>,</strong></span> <span class='ocrx_word' id='word_1_1036' title='bbox 1435 5686 1718 5768; x_wconf 57' lang='lat' dir='ltr'><strong>copiosius</strong></span> <span class='ocrx_word' id='word_1_1037' title='bbox 1739 5702 1815 5768; x_wconf 87' lang='lat' dir='ltr'><strong>et_</strong></span> <span class='ocrx_word' id='word_1_1038' title='bbox 1845 5692 2004 5748; x_wconf 79' lang='lat' dir='ltr'><strong>latius</strong></span> <span class='ocrx_word' id='word_1_1039' title='bbox 2104 5686 2261 5768; x_wconf 70' lang='lat' dir='ltr'><strong>opus,</strong></span> <span class='ocrx_word' id='word_1_1040' title='bbox 2286 5703 2424 5751; x_wconf 68' lang='lat' dir='ltr'><strong>ietc.</strong></span> <span class='ocrx_word' id='word_1_1041' title='bbox 2441 5686 2569 5750; x_wconf 80' lang='lat' dir='ltr'><strong>Mss.</strong></span> <span class='ocrx_word' id='word_1_1042' title='bbox 2606 5693 2827 5763; x_wconf 84' lang='lat' dir='ltr'><strong>quidam</strong></span> <span class='ocrx_word' id='word_1_1043' title='bbox 2855 5687 3022 5746; x_wconf 89' lang='lat' dir='ltr'><strong>semel</strong></span> <span class='ocrx_word' id='word_1_1044' title='bbox 3053 5689 3252 5744; x_wconf 81' lang='lat' dir='ltr'><strong>habent</strong></span> <span class='ocrx_word' id='word_1_1045' title='bbox 3291 5705 3313 5739; x_wconf 77' lang='grc' dir='ltr'><strong>ι</strong></span> <span class='ocrx_word' id='word_1_1046' title='bbox 3343 5686 3570 5744; x_wconf 79' lang='lat' dir='ltr'><strong>Christi.</strong></span> <span class='ocrx_word' id='word_1_1047' title='bbox 3592 5705 3613 5732; x_wconf 79' lang='grc' dir='ltr'><strong>ιι</strong></span> <span class='ocrx_word' id='word_1_1048' title='bbox 3680 5702 3684 5706; x_wconf 72' lang='grc'><strong><em>⁷</em></strong></span> 
     </span>
    </p>
   </div>
   <div class='ocr_carea' id='block_1_110' title="bbox 444 5761 1998 5838">
    <p class='ocr_par' dir='ltr' id='par_1_110' title="bbox 444 5761 1998 5838">
     <span class='ocr_line' id='line_1_110' title="bbox 444 5761 1998 5838; baseline -0.005 -13"><span class='ocrx_word' id='word_1_1049' title='bbox 444 5767 751 5836; x_wconf 78' lang='lat' dir='ltr'><strong>abundabit,</strong></span> <span class='ocrx_word' id='word_1_1050' title='bbox 770 5761 935 5838; x_wconf 79' lang='lat' dir='ltr'><strong>quam</strong></span> <span class='ocrx_word' id='word_1_1051' title='bbox 958 5779 1107 5823; x_wconf 87' lang='lat' dir='ltr'><strong>mors</strong></span> <span class='ocrx_word' id='word_1_1052' title='bbox 1133 5765 1304 5820; x_wconf 85' lang='lat' dir='ltr'><strong>Adam</strong></span> <span class='ocrx_word' id='word_1_1053' title='bbox 1330 5765 1382 5822; x_wconf 93' lang='lat' dir='ltr'><strong>in</strong></span> <span class='ocrx_word' id='word_1_1054' title='bbox 1412 5763 1593 5832; x_wconf 83' lang='lat' dir='ltr'><strong>plures</strong></span> <span class='ocrx_word' id='word_1_1055' title='bbox 1617 5761 1998 5820; x_wconf 64' lang='lat' dir='ltr'><strong>dili&#39;undatur.»</strong></span> 
     </span>
    </p>
   </div>
  </div>
