4170 6420
483 317 622 371 103.5

1850 388 1853 392 ι
1931 313 2252 370 ORIGENIS

3588 316 3726 374 1094

484 434 744 502 regnabat
775 434 829 486 in
856 431 1109 486 omnibus
1130 473 1144 495 ,
1176 446 1282 486 non
1311 428 1580 500 receperit
1607 447 1621 484 :
1653 439 1711 484 ut
1738 431 1879 486 sicut
1907 449 1927 484 ι
1968 445 2066 501 per
2092 435 2139 491 Α
2167 427 2380 486 caat'eris
2403 443 2566 484 causa
2601 428 2812 484 exstitit
2835 429 3046 494 mortis,
3073 428 3326 486 Christus
3359 435 3632 487 revocavit
3656 436 3725 490 ad

486 523 761 578 hominem
791 537 962 587 mors,
995 523 1067 576 ita
1115 530 1170 577 et
1221 538 1315 591 per
1359 521 1636 576 hominem
1675 541 1695 574 ι
1729 522 1881 578 fieret
1919 542 1938 575 ι
1975 537 2061 578 re-

487 614 757 667 surrectio
793 623 1127 666 mortuorum
1157 614 1200 644 "’
1233 630 1248 667 :
1287 631 1305 664 »
1355 622 1409 668 et
1435 613 1575 668 sicut
1623 631 1643 665 t
1677 614 1842 668 unius
1863 613 2062 668 delicto

489 705 646 759 multi
673 707 869 759 mortui
903 715 1054 769 sunt,
1073 703 1242 758 multo
1273 704 1447 772 magis
1469 703 1641 773 gratia
1661 704 1755 758 Dei
1780 714 1836 759 et
1863 704 2059 758 donum

492 797 546 851 in
589 798 766 868 gratia
816 798 976 851 unius
1029 797 1266 852 hominis
1317 796 1444 852 Jesu
1489 798 1691 852 Christi
1739 799 1792 853 in
1817 798 2004 869 plures
2035 817 2056 850 ι

490 887 791 942 abundaret
821 889 887 941 ’⁸.
932 888 1045 942 Non
1081 898 1264 942 autem
1297 889 1503 957 absque
1529 889 1796 957 profunda
1842 891 2059 960 sapien-

494 979 589 1042 tia,
615 993 776 1045 quam
823 977 1018 1032 Paulus
1065 979 1210 1031 inter
1256 978 1526 1046 perfectos
1565 977 1710 1046 loqui
1741 992 1800 1031 se
1827 977 1961 1031 dicit
1993 976 2060 1042 ¹⁹,

492 1067 548 1120 in
583 1069 683 1122 hoc
717 1069 838 1123 loco
864 1084 1144 1123 sermones
1176 1083 1301 1122 suos
1343 1069 1659 1124 moderatus
1693 1079 1810 1134 est,
1844 1079 1898 1124 et
1926 1084 2065 1138 quos

493 1155 618 1210 alibi
653 1176 672 1209 ε
711 1173 902 1213 omnes
938 1177 957 1210 ι
1008 1159 1260 1222 dixerat,
1296 1158 1386 1213 hic
1423 1177 1444 1211 ‹
1477 1160 1676 1215 multos
1703 1179 1722 1212 ι
1767 1159 1846 1215 vel
1894 1177 1916 1211 ς
1946 1159 2064 1229 plu-

491 1263 581 1302 res
639 1267 658 1300 ι
713 1249 1044 1317 appellavit,
1109 1250 1198 1304 ubi
1267 1253 1725 1318 comparationem
1781 1251 1960 1306 diffusi
2009 1253 2064 1306 in

490 1353 682 1392 omnes
707 1339 956 1393 homines
990 1342 1194 1410 peccati
1225 1352 1278 1395 et
1309 1342 1500 1396 mortis
1529 1344 1596 1396 ab
1621 1342 1791 1396 Adam
1826 1342 1973 1402 facit,
2010 1350 2067 1396 et

488 1429 902 1498 iustiticationis
947 1445 1011 1484 ac
1053 1430 1177 1483 vita:
1203 1445 1230 1482 a
1255 1431 1509 1495 Christo;
1558 1446 1626 1485 ue
1657 1429 1796 1486 forte
1827 1431 1871 1484 si
1902 1432 2066 1486 abso-

490 1522 603 1575 lute
627 1522 1006 1592 pronuntiaret
1036 1525 1162 1592 quia
1192 1524 1307 1592 pari
1337 1525 1548 1579 ratione
1576 1532 1737 1593 atque
1760 1524 1949 1580 eodem
1978 1541 2066 1580 or-

494 1611 622 1665 dine
651 1627 760 1680 quo
792 1614 862 1666 ab
893 1611 1064 1666 Adam
1102 1614 1154 1667 in
1182 1628 1371 1668 omnes
1406 1617 1655 1668 homines
1698 1629 1844 1670 mors
1875 1613 2066 1670 difinsa

496 1703 704 1770 peccati
737 1711 840 1768 est,
880 1703 1046 1756 etiam
1086 1703 1407 1772 justificatio
1441 1716 1496 1760 et
1528 1705 1656 1770 vita,
1690 1721 1812 1776 qua:
1839 1721 1868 1759 a
1907 1707 2066 1761 Chri-

2160 525 2328 579 vitam
2375 542 2390 579 :
2437 533 2498 579 ut
2524 537 2712 577 verum
2739 522 2809 576 sit
2836 521 2966 576 illud
3016 523 3159 592 quod
3190 539 3242 576 m
3269 525 3727 592 consequentibus

2160 614 2351 668 scribit
2397 612 2689 683 Apostolus
2722 612 2767 644 ⁸³
2790 651 2806 675 ,
2840 611 2966 680 quia
3007 629 3025 663 ι
3060 613 3198 666 sicut
3225 627 3321 680 per
3348 613 3508 668 unius
3551 616 3730 669 homi-

2161 706 2246 759 nis
2275 704 2530 758 delictum
2587 704 2641 756 in
2685 702 3194 758 condemnationem
3236 705 3427 760 mortis
3455 707 3508 759 in
3538 721 3728 762 omnes

2162 796 2410 850 homines
2435 833 2452 860 ,
2486 795 2560 848 ita
2589 803 2644 849 et
2673 807 2770 860 per
2797 794 2956 847 unius
2988 795 3218 862 gratiam
3252 793 3304 846 in
3332 810 3522 850 omnes
3555 797 3730 850 homi-

2161 901 2259 939 nes
2291 886 2343 940 in
2366 883 2813 954 justiiicationem
2859 886 2984 939 vita:
3013 885 3111 956 (6).
3148 903 3167 936 ι
3208 884 3382 940 Homo
3423 894 3603 940 autem
3645 896 3730 941 est

2161 980 2322 1034 etiam
2352 979 2520 1031 Adam
2553 995 2566 1032 :
2598 992 2729 1048 ergo
2758 979 2886 1033 etin
2909 981 3080 1046 ipsum
3103 977 3417 1044 iustificatio
3448 978 3571 1032 vita:
3599 994 3727 1048 per-

2162 1070 2366 1124 veniet.
2405 1068 2511 1124 Sed
2547 1069 2693 1124 dices
2721 1068 2998 1124 fortasse:
3035 1069 3092 1123 Si
3129 1085 3238 1123 uno
3277 1080 3541 1137 peccante
3585 1085 3732 1126 mors

2163 1161 2216 1215 in
2243 1175 2431 1214 omnes
2462 1160 2710 1225 homines
2731 1159 3142 1229 pertransiit,et
3168 1173 3358 1214 rursus
3387 1159 3550 1214 unius
3571 1159 3732 1229 justi-

2165 1251 2236 1304 tia
2273 1253 2326 1305 in
2359 1266 2548 1306 omnes
2570 1249 3154 1317 hominesjustiiicatio
3182 1248 3307 1303 vita:
3329 1251 3596 1318 pervenit,
3638 1266 3734 1304 ne-

2163 1357 2270 1411 que
2300 1350 2358 1395 ut
2386 1357 2720 1396 moreremur
2747 1339 2948 1409 aliquid
2979 1339 3130 1393 nobis
3159 1347 3369 1408 gestum
3399 1349 3517 1407 est,
3559 1356 3733 1409 neque

2165 1443 2227 1487 ut
2270 1432 2534 1494 vivamus,
2587 1437 2681 1486 sed
2713 1439 2797 1486 est
2825 1429 3015 1485 mortis
3057 1430 3274 1499 quidem
3325 1445 3488 1486 causa
3536 1432 3730 1498 Adam,

2163 1524 2290 1578 vitae
2331 1532 2515 1576 autem
2564 1521 2836 1577 Christus.
2898 1519 3142 1574 Diximus
3187 1519 3405 1587 quidem
3446 1521 3559 1591 jam
3593 1533 3646 1575 et
3677 1522 3731 1576 in

2165 1614 2558 1683 superioribus,
2585 1614 2727 1680 quod
2755 1621 3009 1682 parentes
3033 1627 3138 1666 non
3171 1611 3345 1666 solum
3375 1623 3637 1682 generant
3667 1613 3733 1668 fi-

2166 1705 2288 1770 lios,
2326 1705 2420 1759 sed
2449 1713 2504 1759 et
2535 1704 2817 1765 imbuunt;
2847 1712 2902 1757 et
2936 1701 3025 1769 qui
3059 1711 3375 1768 nascuntur,
3421 1717 3530 1758 non
3561 1703 3735 1760 solum

492 1801 577 1845 sto
602 1803 720 1857 est,
755 1792 807 1844 in
838 1807 1028 1848 omnes
1077 1793 1325 1848 homines
1359 1793 1720 1861 diﬂ'uuditur,
1773 1796 2068 1852 resolveret
2096 1821 2138 1876 Β
2169 1797 2262 1850 filii
2298 1795 2648 1866 parentibus,
2699 1795 2797 1849 sed
2843 1803 2899 1849 et
2929 1794 3177 1863 discipuli
3204 1794 3374 1858 fiunt,
3405 1805 3460 1848 et
3488 1809 3594 1848 non
3624 1803 3735 1849 tam

489 1883 764 1935 auditores
808 1881 921 1953 (3),
973 1892 1027 1936 et
1069 1884 1349 1954 segniores
1382 1885 1574 1938 fierent
1603 1901 1730 1953 erga
1771 1887 2065 1940 observan-

492 1976 646 2043 tiam,
678 1975 816 2030 certi
843 1976 911 2030 de
943 1975 1239 2031 securitate
1284 1977 1410 2030 vitae
1432 1993 1553 2046 quae
1583 1977 1634 2031 in
1665 1993 1854 2032 omnes
1892 1978 2072 2033 homi-

493 2081 590 2120 nes
622 2081 718 2134 per
757 2065 957 2121 Christi
991 2066 1221 2136 gratiam
1253 2068 1578 2124 traderetur.
1641 2067 1708 2123 Et
1745 2069 1866 2123 ideo
1895 2070 2066 2139 repri-

493 2156 591 2210 mit
613 2155 689 2225 (4)
714 2170 1044 2220 sermonem,
1073 2167 1129 2211 et
1158 2171 1268 2211 non
1296 2173 1487 2213 omnes
1521 2159 1768 2216 homines
1797 2159 1958 2228 (sicut
1989 2173 2070 2214 so~

493 2249 568 2305 let
615 2249 669 2305 in
719 2251 960 2322 caeteris)
989 2251 1161 2321 ponit,
1195 2253 1289 2306 sed
1319 2251 1539 2316 multos,
1569 2252 1658 2320 qui
1687 2251 1846 2306 unius
1875 2251 2071 2307 delicto

492 2349 808 2410 peccatores
841 2342 1123 2395 constituti
1157 2349 1286 2396 sunt
1317 2359 1330 2395 :
1365 2349 1421 2394 et
1448 2355 1663 2394 rursum
1693 2340 1744 2393 in
1774 2340 1944 2411 gratia
1979 2341 2070 2396 Dei

495 2432 694 2484 donum
744 2445 840 2500 per
886 2447 1055 2486 unum
1105 2431 1382 2488 hominem
1409 2431 1593 2488 Jesum
1622 2433 1895 2489 Christum
1920 2472 1935 2498 ,
1965 2449 2070 2489 non

495 2523 551 2577 in
577 2539 792 2590 omnes,
831 2525 926 2579 sed
963 2526 1018 2581 in
1050 2527 1238 2595 plures
1280 2527 1480 2581 asserit
1509 2527 1787 2581 abundare
1829 2544 1842 2580 :
1879 2542 1986 2597 quo
2017 2538 2073 2582 et

496 2613 920 2682 negligentiores
958 2625 1102 2669 metu
1148 2617 1445 2686 suspendat
1491 2632 1553 2672 ac
1596 2617 1860 2672 sollicitos
1889 2618 2072 2686 faciat,

495 2713 552 2757 et
581 2705 998 2774 perfectioribus
1025 2706 1222 2761 divinae
1250 2707 1512 2763 bonitatis
1551 2718 1759 2764 secreta
1789 2725 1895 2764 non
1927 2709 2077 2765 clau-

496 2795 610 2850 dat.
648 2796 793 2852 Bene
822 2809 1002 2853 aulem
1025 2799 1152 2870 quia
1187 2799 1374 2869 plures
1403 2800 1580 2869 posuit
1609 2800 1676 2854 ad
1708 2815 1849 2870 quos
1875 2803 2072 2856 donum

496 2891 686 2958 gratiae
710 2892 966 2962 pertinet,
994 2909 1156 2963 quam
1197 2909 1292 2950 eos
1318 2896 1410 2966 qui
1453 2897 1612 2952 unius
1643 2897 1840 2952 delicto
1869 2898 2067 2952 consti-

498 2980 601 3035 tuti
635 2991 762 3036 sunt
810 2995 1151 3052 peccatores.
1215 2985 1272 3040 in
1307 3001 1416 3055 quo
1450 2987 1690 3044 arbitror
1727 2990 1946 3059 quidem
1977 2989 2076 3043 ali-

500 3070 630 3138 quid
657 3080 712 3126 et
734 3071 952 3129 latentis
983 3090 1104 3130 esse
1139 3077 1384 3146 mysterii
1418 3097 1430 3131 :
1462 3080 1585 3146 quia
1613 3088 1668 3132 et
1697 3077 1828 3133 alibi
1855 3079 1900 3110 '°
1924 3093 2074 3133 mor-

2169 1898 2362 1942 natura
2409 1895 2670 1956 urgentur
2721 1884 2772 1939 in
2820 1895 3048 1940 mortem
3097 1884 3327 1953 peccati,
3380 1899 3541 1954 quam
3575 1886 3740 1940 disci-

2167 1977 2333 2048 plina.
2373 1975 2534 2031 Verhi
2559 1991 2723 2032 causa
2753 1976 2831 2046 (7)
2856 1974 3024 2038 enim,
3056 1975 3099 2028 si
3135 1975 3257 2044 quis
3283 1989 3311 2028 a
3344 1975 3456 2031 Deo
3479 1976 3738 2030 recedens

2171 2071 2310 2125 idola
2348 2070 2521 2136 colat,
2560 2083 2737 2123 nonne
2763 2068 3023 2124 continuo
3049 2067 3214 2122 etiam
3244 2067 3384 2123 liiios
3405 2068 3449 2122 si
3487 2070 3738 2137 genuerit

2169 2163 2387 2218 docebit
2417 2162 2559 2216 idola
2585 2159 2663 2232 (8)
2697 2162 2967 2225 venerari,
3020 2171 3074 2215 ct
3119 2159 3386 2215 sacrificia
3415 2157 3609 2214 oﬁ‘erre
3632 2162 3740 2212 da:-

2168 2254 2408 2309 moniis?
2455 2252 2567 2307 Hoc
2614 2252 2910 2308 secundum
2942 2252 3111 2306 Adam
3140 2251 3308 2313 facit,
3343 2260 3399 2304 et
3431 2251 3482 2304 in
3516 2251 3618 2304 hoc
3649 2266 3741 2304 re-

2170 2355 2299 2416 gnat
2343 2361 2490 2401 mors
2534 2345 2605 2401 ab
2634 2346 2827 2407 Adam,
2865 2345 2968 2399 hoc
3010 2351 3093 2397 est
3157 2357 3187 2396 a
3223 2342 3530 2406 nativitate,
3567 2358 3742 2412 usque

2172 2437 2240 2491 ad
2273 2436 2407 2507 legis
2456 2446 2686 2504 tempus,
2730 2451 2838 2505 quo
2883 2435 2949 2490 ad
2981 2435 3368 2490 discretionem
3397 2435 3530 2489 recti
3563 2435 3743 2503 pravi—

2171 2542 2279 2599 que
2309 2525 2491 2597 operis
2524 2525 2748 2580 veniens
2770 2564 2786 2591 ,
2819 2539 2986 2594 capax
3018 2524 3218 2579 Christi
3263 2523 3448 2594 gratiae
3478 2523 3614 2578 efﬁci
3647 2539 3744 2594 po-

2173 2627 2281 2675 test
2312 2637 2326 2674 :
2361 2628 2414 2674 et
2441 2618 2515 2673 ibi
2538 2616 2794 2686 relinquit
2818 2616 2990 2670 Adam
3023 2614 3115 2683 qui
3155 2629 3276 2669 eum
3304 2614 3388 2670 vel
3418 2615 3622 2685 genuit,
3656 2614 3742 2670 vel

2173 2712 2360 2768 docuit
2395 2712 2448 2766 in
2478 2720 2730 2776 mortem,
2765 2718 2822 2764 et
2857 2707 3103 2776 sequitur
3127 2705 3426 2770 Christum,
3478 2705 3573 2774 qui
3615 2719 3740 2760 eum

2173 2814 2228 2860 et
2256 2805 2442 2867 docet,
2489 2810 2543 2855 et
2571 2799 2744 2870 gignit
2775 2799 2840 2853 ad
2870 2798 3062 2851 vitam.
3098 2796 3194 2850 Vis
3225 2806 3408 2850 autem
3442 2795 3585 2850 scire
3613 2795 3739 2863 quia

2175 2909 2281 2949 non
2308 2891 2484 2948 solum
2513 2889 2852 2955 nativitatis,
2885 2889 2979 2943 sed
3032 2895 3088 2942 et
3119 2887 3382 2942 doctrinae
3409 2896 3520 2952 est,
3553 2885 3605 2940 in
3635 2900 3744 2954 quo

2177 3001 2322 3041 mors
2353 2983 2600 3052 regnavit
2643 2982 2712 3036 ab
2743 2979 2952 3034 Adam?
3002 2977 3160 3033 Disce
3193 2977 3296 3033 hoc
3325 2992 3395 3032 ex
3424 2977 3742 3032 contrariis.

2176 3076 2390 3132 Etenim
2425 3076 2685 3130 Dominus
2728 3070 2886 3127 Jesus
2934 3069 3184 3126 Christus
3213 3085 3336 3125 cum
3363 3069 3602 3123 venisset
3626 3082 3746 3136 qua:

500 3173 606 3217 tem
634 3163 766 3220 dicit
797 3179 1052 3234 regnasse
1085 3169 1153 3222 ab
1184 3167 1356 3222 Adam
1391 3183 1562 3239 usque
1587 3170 1652 3223 ad
1685 3168 1930 3242 Moysen,
1965 3185 2072 3226 non
2100 3174 2142 3232 (ζ
2177 3181 2464 3237 perperam
2491 3172 2643 3236 gesta
2679 3162 2899 3217 fuerant
2939 3158 3266 3225 emendare,
3300 3172 3397 3227 pro
3424 3171 3490 3212 eo
3518 3156 3658 3226 quod
3687 3155 3739 3209 iu

499 3254 556 3309 in
585 3270 798 3322 omnes,
827 3257 920 3312 sed
952 3257 1005 3312 iu
1035 3274 1130 3313 eos
1160 3269 1392 3326 tantum,
1429 3263 1520 3332 qui
1559 3263 1854 3317 secundum
1881 3261 2073 3319 simili-

501 3348 746 3402 tudinem
783 3351 1253 3420 praevaricatiouis
1292 3355 1421 3408 Adae
1449 3364 1832 3424 peccaverunt.
1869 3354 2073 3411 Tamen

498 3448 555 3490 et
605 3437 934 3507 simpliciore
967 3441 1245 3498 intellectu
1289 3455 1468 3514 potest
1513 3446 1682 3501 videri
1729 3447 1850 3501 ideo
1895 3446 2076 3516 plures

499 3529 696 3597 dictos,
728 3532 854 3601 quia
886 3533 1133 3602 quamvis
1167 3536 1257 3606 qui
1291 3552 1356 3590 ex
1385 3537 1554 3591 Adam
1599 3545 1916 3608 peccatores
1947 3537 2075 3592 facti

503 3629 630 3674 sunt
662 3621 816 3676 multi
849 3624 989 3690 sint,
1024 3634 1202 3680 tamen
1237 3627 1329 3696 qui
1361 3640 1456 3694 per
1498 3628 1729 3696 gratiam
1763 3627 1964 3684 Christi
1996 3627 2078 3682 vi-

501 3709 794 3766 vificantur
819 3713 940 3768 ideo
968 3713 1148 3782 plures
1173 3716 1303 3770 dicti
1333 3726 1460 3771 sunt
1495 3716 1572 3787 (5)
1593 3755 1608 3781 ,
1636 3717 1762 3787 quia
1788 3717 1952 3772 etiam
1989 3717 2078 3773 ille

504 3801 621 3870 ipse
666 3818 733 3857 ex
783 3819 891 3874 quo
937 3806 992 3859 in
1043 3817 1271 3863 caeteros
1316 3824 1462 3862 mors
1491 3807 1700 3878 peccati
1746 3807 1939 3863 diﬂusa
1973 3816 2077 3873 est,

505 3893 725 3949 additur
775 3911 1005 3952 numero
1053 3913 1288 3964 eorum,
1327 3915 1392 3954 eo
1441 3899 1583 3969 quod
1635 3915 1757 3954 cum
1803 3901 2077 3966 omnibus,

505 4000 643 4054 quos
672 3985 786 4056 ipse
815 3989 1020 4044 fecerat
1049 3989 1148 4044 sub
1177 3990 1372 4046 delicto
1392 4031 1409 4060 ,
1467 3993 1632 4047 etiam
1670 3992 1784 4062 ipse
1811 3992 2076 4057 salvetur,

507 4078 651 4132 sicut
691 4078 756 4133 de
801 4079 1086 4150 Sapientia
1136 4080 1382 4137 dicitur:
1423 4100 1442 4134 α
1476 4083 1622 4153 Haec,
1658 4103 1678 4138 ι
1716 4083 1910 4153 inquit,
1951 4101 1970 4135 ι
2011 4083 2079 4136 il-

509 4166 646 4234 lum,
675 4169 766 4239 qui
799 4172 1005 4241 primus
1036 4171 1209 4227 factus
1236 4181 1342 4238 est,
1364 4183 1574 4242 patrem
1601 4175 1808 4239 mundi,
1842 4188 1965 4228 cum
1993 4188 2083 4228 so-

509 4256 593 4313 lus
644 4269 790 4314 esset
835 4271 1079 4330 creatus,
1115 4265 1444 4329 custodivit,
1477 4274 1532 4320 et
1560 4264 1816 4320 liberavit
1858 4279 1982 4319 eum
2015 4263 2084 4318 de

509 4358 736 4417 peccato
765 4366 862 4406 suo
890 4352 954 4406 ³¹.
985 4372 1006 4406 ι
1039 4353 1168 4420 Quae
1192 4364 1275 4409 est
1304 4364 1486 4410 autem
1512 4356 1628 4410 haec
1656 4355 1932 4424 Sapientia
1964 4369 2084 4423 qua:

512 4441 746 4508 primum
801 4443 1072 4499 hominem
1123 4445 1375 4502 liberavit
1420 4447 1490 4504 de
1533 4457 1755 4519 peccato
1800 4463 1931 4513 suo,
1978 4445 2083 4502 nisi

2179 3268 2407 3316 mortem
2437 3266 2720 3328 generaret
2744 3253 2832 3308 illa
2858 3266 2978 3322 quae
3007 3265 3074 3304 ex
3099 3250 3270 3304 Adam
3295 3246 3550 3304 veniebat
3571 3247 3747 3317 prima

2177 3351 2470 3412 nativitas,
2513 3345 2816 3402 introduxit
2846 3342 3140 3400 secundam
3173 3340 3509 3396 nativitatem
3534 3377 3551 3404 ,
3585 3354 3746 3407 quam

2176 3459 2284 3498 non
2324 3452 2429 3496 tam
2453 3439 2876 3511 generationem,
2907 3433 3069 3506 55E.
3090 3448 3252 3503 quam
3284 3430 3744 3503 regenerationem

2177 3532 2464 3604 appellavit
2493 3530 2567 3601 (9)
2595 3569 2612 3594 ,
2663 3543 2759 3598 per
2792 3541 2957 3597 quam
3004 3525 3122 3579 sine
3147 3523 3311 3577 dubio
3343 3521 3530 3576 vitium
3561 3520 3748 3590 primae

2179 3623 2482 3680 nativitatis
2515 3619 2758 3675 aboleret
2787 3635 2802 3672 :
2835 3625 2891 3670 et
2915 3615 3055 3670 sicut
3085 3611 3419 3682 generationi
3470 3609 3751 3666 substituit

2181 3712 2675 3786 regenerationem,
2693 3711 2767 3763 ita
2801 3716 2855 3762 et
2876 3705 3138 3760 doctrinae
3154 3702 3268 3773 (10)
3285 3701 3562 3757 substituit
3585 3701 3748 3755 aliam

2179 3807 2505 3863 doctrinam.
2568 3801 2784 3856 Mittens
2823 3799 3022 3856 etenim
3056 3796 3124 3850 ad
3155 3795 3260 3849 hoc
3289 3808 3426 3864 opus
3455 3791 3750 3862 discipulos

2179 3912 2326 3965 suos,
2360 3911 2465 3951 non
2492 3895 2633 3949 dixit
2666 3901 2874 3948 tantum
2908 3908 2923 3944 :
2959 3888 3056 3956 Ite,
3079 3886 3363 3954 baptizate
3398 3899 3588 3939 omnes
3617 3899 3746 3953 gen-

2179 4000 2294 4058 tes;
2329 3991 2421 4046 sed
2452 3990 2526 4043 ait
2555 4008 2568 4042 :
2609 4005 2628 4040 ‹
2658 3987 2735 4042 lte
2754 4026 2769 4048 ,
2798 3986 2987 4039 docete
3016 3996 3205 4038 omnes
3238 3987 3444 4051 gentes,
3473 3979 3753 4047 baptizan-

2181 4094 2263 4139 tes
2289 4097 2384 4139 eos
2412 4082 2465 4135 in
2497 4078 2717 4134 nomine
2747 4076 2928 4130 Patris
2949 4114 2964 4138 ,
2995 4084 3049 4128 et
3078 4072 3200 4128 Filii
3227 4113 3242 4136 ,
3271 4079 3327 4127 et
3355 4069 3591 4140 Spiritus
3623 4083 3753 4122 sau-

2180 4175 2252 4229 cti
2285 4173 2352 4228 ³⁸.
2379 4192 2398 4225 ι
2440 4171 2632 4227 Sciens
2663 4169 2827 4238 igitur
2853 4176 3146 4236 utrumque
3173 4179 3292 4220 esse
3319 4164 3370 4217 in
3405 4162 3586 4231 culpa,
3618 4160 3754 4214 utri-

2181 4281 2286 4337 que
2337 4263 2636 4320 remedium
2687 4261 2836 4316 dedit
2875 4259 3027 4330 (ll),
3085 4267 3143 4311 ut
3185 4253 3461 4322 generatio
3509 4250 3752 4306 mortalis

2181 4359 2599 4430 regeneratione
2653 4353 2909 4424 baptismi
2962 4360 3309 4413 mutaretur,
3363 4357 3419 4403 et
3465 4344 3756 4414 impietatis

2183 4449 2490 4507 doctrinam
2537 4445 2785 4502 doctrina
2832 4442 3056 4514 pietatis
3107 4439 3420 4496 excluderet
3449 4436 3584 4507 (l2).
3638 4435 3755 4512 Non

509 4530 780 4600 Christus,
808 4535 897 4603 qui
927 4545 1010 4590 est
1034 4537 1125 4591 Dei
1156 4539 1330 4593 virtus
1361 4547 1416 4593 et
1442 4541 1537 4595 Dei
1571 4541 1837 4610 sapientia
1866 4539 1958 4592 "‘3
1989 4538 2082 4593 Sic
2111 4530 2156 4585 Ῑ)
2184 4553 2316 4608 ergo
2345 4537 2478 4592 nihil
2504 4535 2858 4606 peccantibus
2903 4530 3060 4586 nobis
3090 4545 3240 4584 mors
3274 4527 3521 4597 regnavit
3570 4525 3622 4579 in
3656 4542 3758 4580 no-

510 4639 642 4696 ergo
669 4626 853 4695 plures
881 4625 1133 4683 Christus
1165 4629 1372 4683 reducit
1396 4631 1464 4684 ad
1494 4631 1680 4696 vitam,
1713 4645 1875 4700 quam
1905 4630 2077 4684 Adam

511 4719 667 4772 duxit
714 4719 780 4774 ad
831 4729 1060 4776 mortem
1111 4738 1128 4776 :
1177 4723 1302 4792 quia
1350 4725 1512 4778 etiam
1565 4725 1738 4795 ipsum
1764 4723 1959 4788 Adam,
1987 4722 2079 4793 qui

582 4860 626 4892 ³⁷
652 4859 673 4914 l
701 4860 828 4916 Cor.
849 4877 942 4926 xv,
973 4862 1065 4917 21.
1133 4863 1180 4897 "
1207 4864 1364 4919 Rom.
1389 4878 1444 4931 v,
1473 4864 1559 4920 15.
1636 4867 1679 4898 ’°
1706 4865 1873 4921 lCor.
1905 4878 1968 4931 Il,
1989 4862 2046 4917 6.

2187 4857 2343 4915 Rom.
2368 4871 2424 4923 v,
2455 4853 2544 4907 Η.
2600 4852 2643 4883 ⁸³
2671 4849 2799 4919 Sap.
2829 4851 2884 4915 x,
2915 4850 2964 4903 t.

510 4943 564 4992 v,
594 4931 682 4986 18.
773 4931 820 4963 ³⁸
852 4931 1041 4988 Matth.
1077 4950 1271 5000 xxvm,
1299 4934 1387 4989 19.

587 5040 662 5111 (3)
696 5040 860 5106 Editi,
899 5061 920 5095 ς
958 5045 1360 5100 resolverentur
1387 5044 1681 5100 auditores.
1720 5063 1740 5097 ι

587 5111 667 5184 ξιξ)
705 5111 870 5184 Editi,
902 5131 921 5164 ι
958 5114 1243 5184 imprimit.
1278 5134 1298 5168 ι

590 5181 665 5247 (5)
704 5181 870 5247 Alias,
905 5200 928 5234 ι
962 5181 1094 5239 dicti
1120 5186 1246 5238 siut.
1290 5204 1309 5238 ι

589 5250 665 5319 (6)
707 5250 797 5305 Sic
848 5261 996 5307 recte
1041 5269 1145 5308 ms.
1204 5270 1362 5308 unus.
1425 5253 1566 5307 Editi
1614 5266 1745 5306 vero
1797 5261 1852 5303 et
1909 5249 2088 5302 cmteri

519 5337 678 5386 mss.,
717 5339 747 5393 «4
770 5321 894 5389 quia
925 5322 1136 5393 primus
1160 5321 1281 5393 [al.,
1323 5343 1342 5374 α
1374 5339 1470 5389 per
1499 5322 1658 5393 unius
1697 5321 1745 5392 ι]
1771 5322 1996 5393 gratiam
2035 5321 2088 5393 in

521 5405 710 5466 oinoes
735 5388 985 5466 homines
1022 5388 1412 5466 qutiiicauqne
1437 5394 1589 5466 vitae;
1629 5388 1766 5466 [_al._
1783 5388 1813 5441 ’r
1848 5391 1898 5443 in
1925 5388 2090 5466 justi-

524 5459 1488 5544 licatiqlteutvitaa;ral.,cjustiﬂcatio
1511 5472 1596 5518 est
1619 5459 1789 5534 vitae],
1829 5481 1848 5514 ι
1880 5459 2098 5514 omissis

524 5541 889 5680 θῗὲἱξῖῗιῑθε,
922 5616 942 5649 ι
976 5615 1136 5667 quam
1165 5601 1510 5673 discipulatu.
1564 5601 1703 5658 Nam
1727 5599 1879 5658 verbi
1909 5612 2094 5664 causa,

529 5680 877 5809 δ”(ἓῖἳῗὶυια.
909 5736 1068 5794 Deest
1097 5738 1151 5795 in
1181 5749 1339 5796 antea
1369 5739 1548 5798 editis.

2184 4632 2268 4686 his
2295 4648 2309 4684 :
2339 4630 2482 4685 sicut
2508 4642 2720 4682 rursum
2753 4639 2857 4680 non
2889 4620 3083 4678 otiosis
3129 4619 3309 4686 nobis,
3347 4629 3400 4673 et
3429 4616 3562 4673 nihil
3594 4630 3760 4685 agen-

2186 4720 2331 4775 tibus
2378 4720 2486 4774 vita
2538 4716 2786 4787 regnabit
2827 4715 2880 4767 in
2927 4711 3104 4767 nobis.
3149 4710 3254 4764 Sed
3301 4708 3510 4762 initium
3541 4707 3758 4776 quidem

3041 4845 3087 4878 ³¹
3108 4847 3126 4901 l
3147 4847 3272 4902 Cor.
3303 4860 3340 4911 l,
3367 4843 3458 4898 24.
3536 4842 3580 4874 ³³
3600 4842 3754 4898 ilotu.

2266 5035 2343 5104 (9)
2383 5032 2523 5104 Editi
2549 5071 2567 5098 ,
2617 5049 2640 5082 ε
2674 5044 2833 5104 quam
2889 5029 3349 5098 regenerationem
3395 5023 3698 5104 appellavit.
3734 5042 3754 5076 ι

2195 5095 2334 5161 Mss.’
2359 5095 2599 5172 quidam,
2630 5119 2649 5172 ς
2677 5095 2818 5168 quod
2851 5095 2972 5154 uoti
2993 5108 3102 5153 tam
3129 5095 3460 5170 regenerari,
3483 5110 3647 5165 quam
3677 5109 3764 5148 re-

2197 5171 2457 5246 generari
2481 5171 2788 5246 appellavit.
2809 5187 2846 5246 _»

2269 5244 2379 5314 (10)
2419 5233 2564 5314 Edi:ti
2581 5282 2596 5306 ,
2627 5259 2653 5314 _r
2690 5250 2744 5314 e_t
2778 5239 2918 5314 sicut
2952 5238 3356 5314 generationem
3391 5253 3411 5288 ι
3457 5233 3588 5307 [al.,
3625 5250 3640 5285 ι
3671 5247 3764 5303 ge-

2199 5307 2533 5382 nerationit]
2558 5311 2860 5372 substituit,
2891 5311 2961 5362 ita
2991 5317 3045 5361 et
3077 5307 3361 5382 doctrinae,
3389 5317 3546 5382 inetc.

2273 5385 2385 5452 (li)
2423 5375 2590 5445 Alias,
2629 5399 2648 5432 ι
2686 5390 2974 5452 utrumque
3006 5375 3494 5452 remediumdetlit.
3525 5393 3545 5425 ι
3595 5441 3608 5452 ο

2274 5385 2356 5449 (li
2423 5385 2590 5445 Alias,
2629 5399 2648 5432 ι
2686 5390 2974 5446 utrumque
3006 5385 3298 5431 remedium
3332 5385 3494 5428 dedit.
3525 5393 3545 5425 ι

2274 5385 2387 5522 (mi
2427 5452 2598 5518 Alias,
2635 5470 2657 5502 ι
2686 5461 2740 5522 et
2783 5449 3115 5522 impietatem
3152 5445 3398 5522 doctrina
3424 5441 3652 5522 pietatis
3669 5454 3764 5493 ex-

2203 5507 2491 5596 ehideieti
2535 5507 2770 5596 finale.
2834 5507 3492 5596 Deindeﬁenehraﬁdus,
3553 5531 3571 5566 ς
3610 5507 3765 5564 Tunc

2205 5609 2364 5664 ergo;
2404 5612 2421 5644 ι
2460 5581 2783 5646 Salodianus
2832 5598 2887 5640 et
2937 5586 3194 5640 Merlinus
3220 5623 3234 5646 ,
3275 5601 3294 5634 ‹
3333 5581 3488 5638 Nunc
3531 5596 3690 5651 ergo;
3738 5599 3757 5630 ι

2207 5667 2299 5718 sed
2329 5679 2456 5716 mss.
2487 5661 2654 5715 nostri
2699 5672 2922 5723 omnes,
2959 5675 2976 5706 ι
3012 5655 3124 5710 Non
3163 5669 3310 5722 ergo.
3351 5673 3368 5706 ι
3412 5652 3602 5708 Postea
3635 5665 3764 5706 vero

2208 5736 2299 5789 alii
2325 5733 2548 5796 habent,
2588 5749 2606 5782 ι
2637 5727 2905 5800 regnavit,
2939 5745 2958 5778 ι
2991 5727 3103 5792 alii,
3142 5745 3160 5777 ι
3199 5724 3459 5793 regnabit.
3499 5743 3519 5775 ι
