4170 6412
492 345 514 397 1
524 341 628 398 027

1941 325 2266 384 ORIGENIS

3607 319 3742 375 ιοεε

486 456 660 510 rietur
687 449 755 505 η.
779 470 800 503 ι
834 449 951 520 ipsa
989 448 1220 518 denique
1254 446 1434 501 anima
1463 444 1668 501 clamat
1700 458 1796 516 per
1825 441 2068 512 Prophe-
2095 450 2141 503 Α
2173 454 2298 494 vero
2324 438 2601 494 Christum
2649 437 2779 492 dicit
2815 435 3107 506 Apostolus
3139 448 3244 490 non
3272 433 3446 488 solum
3482 433 3550 485 ad
3583 449 3720 487 mor-

491 561 642 606 tam.
706 548 894 602 dicens
945 563 958 599 :
1013 563 1031 596 ι
1075 545 1128 596 In
1192 542 1472 609 pulverem
1538 541 1734 594 mortis
1789 537 2064 592 deduxisti

489 658 576 696 me
598 641 664 694 ⁸⁸.
693 658 714 692 ι
747 637 900 706 Quod
935 637 1119 704 utique
1147 637 1192 688 ei
1221 635 1324 688 nisi
1355 649 1421 688 ex
1447 631 1646 686 delicto
1669 647 1774 684 non
1803 631 2066 699 potuisset

490 731 760 786 accidere.
793 727 954 785 Unde
976 730 1255 784 evidenter
1280 731 1511 794 apparet
1531 739 1650 778 eam
1683 739 1779 790 per
1807 723 2064 775 delictum

489 823 856 893 chirographa
911 823 994 875 sui
1048 820 1446 889 conscripsisse
1497 832 1621 870 cum
1677 824 1872 878 morte,
1921 821 1981 867 ut
2012 821 2067 867 et

492 913 746 967 libertate
791 912 1221 966 immortalitatis
1265 911 1490 972 amissa,
1523 908 1709 976 jugum
1742 907 1981 974 peccati,
2013 913 2068 957 et

492 1020 718 1074 regnum
753 1003 945 1057 mortis
984 1004 1283 1070 exciperet.
1331 1000 1534 1055 Volens
1578 999 1748 1064 igitur
1776 997 2067 1066 Apostolus

493 1095 782 1150 ostendere
810 1102 1020 1163 quanto
1045 1093 1251 1161 majora
1280 1108 1377 1160 per
1403 1091 1682 1146 Christum
1725 1089 1902 1142 anima
1931 1088 2069 1142 reci-

493 1187 594 1254 pit,
634 1201 797 1256 quam
850 1185 1116 1239 amiserat
1163 1198 1261 1252 per
1313 1183 1507 1246 Adam,
1564 1182 1876 1251 frequentat
1937 1181 2069 1233 istos

493 1291 796 1339 sermones,
825 1285 886 1328 ut
915 1275 1062 1329 dicat
1090 1316 1104 1340 ,
1155 1291 1174 1325 ‹
1203 1274 1370 1328 Multo
1400 1274 1568 1342 magis
1591 1311 1607 1338 ,
1639 1289 1659 1324 ι
1702 1280 1780 1335 ει,
1839 1287 1859 1319 σ
1886 1269 2062 1324 abun-

491 1368 732 1422 dantiam
764 1367 955 1436 gratiae
977 1404 993 1431 ,
1025 1373 1079 1420 et
1114 1365 1312 1419 donum
1343 1363 1593 1433 justitiae,
1621 1381 1639 1414 ο
1690 1371 1777 1426 ει,
1828 1379 1847 1411 ι
1879 1374 2071 1430 regna-

490 1459 630 1515 bunt
662 1459 777 1529 (2i)
819 1474 916 1530 per
941 1473 1106 1513 unum
1132 1455 1326 1511 Jesum
1354 1457 1632 1511 Christum
1656 1455 1724 1509 '°.
1754 1473 1772 1506 ι
1803 1453 1933 1519 Quae
1955 1469 2071 1506 om-

495 1554 588 1607 nia
626 1552 815 1621 utique
845 1549 1123 1605 declarant
1153 1547 1324 1602 multo
1359 1547 1754 1600 abundantiora
1781 1558 1904 1600 esse
1931 1545 2068 1598 dona

495 1659 658 1711 quam
691 1645 909 1697 damna.
947 1639 1055 1695 Sed
1105 1637 1390 1709 requires,
1424 1636 1516 1692 isti
1548 1649 1688 1708 quos
1717 1635 1856 1691 dicit
1881 1648 2071 1703 regna-

493 1735 647 1782 turos
687 1726 742 1779 in
772 1727 879 1785 vita
921 1742 1014 1794 per
1052 1725 1240 1779 Jesum
1283 1724 1581 1790 Christum,
1613 1739 1776 1793 super
1801 1735 1940 1792 quos
1974 1735 2064 1774 re-

2169 541 2272 586 tem
2305 533 2710 594 destruendam,
2740 530 2834 583 sed
2862 539 2913 582 et
2941 529 3008 582 ad
3043 527 3191 582 illum
3229 528 3428 595 ipsum,
3459 526 3552 596 qui
3575 527 3740 580 habe-

2170 625 2264 677 bat
2292 622 2486 676 mortis
2554 621 2861 691 imperium,
2896 620 2950 674 id
2997 629 3082 672 est
3121 615 3419 684 diabolum,
3455 619 3510 672 in
3566 618 3744 672 medio

2168 714 2308 774 hoc,
2335 711 2392 767 id
2413 710 2526 782 (Ἡ)
2550 724 2656 777 εει,
2684 723 2976 780 antequam
3010 711 3143 764 illud
3171 710 3264 763 fiat
3303 710 3446 778 quod
3477 710 3742 777 scriptum

2167 815 2252 859 est
2285 823 2299 860 :
2337 823 2356 856 ι
2389 805 2596 860 Deinde
2626 804 2770 867 ﬁnis,
2817 819 2941 857 cum
2973 802 3264 856 tradiderit
3296 816 3523 870 regnum
3553 801 3661 854 Deo
3691 810 3746 854 et

2167 897 2314 952 Patri
2344 898 2391 938 ³⁸
2424 913 2440 953 :
2473 916 2493 948 ι
2522 897 2542 967 )
2567 896 2692 965 quis
2720 903 2932 966 regnat.
2973 892 3032 949 Si
3071 893 3214 946 enim
3241 893 3490 947 dicamus
3523 892 3575 945 id
3597 893 3742 961 quod

2167 1001 2509 1056 consequens
2593 986 2838 1051 videtur,
2909 985 3040 1056 quia
3108 985 3222 1039 vita
3291 985 3498 1052 lreguat
3572 991 3747 1037 morte

2169 1077 2448 1132 destructa
2479 1093 2494 1141 ;
2551 1083 2729 1144 potest
2757 1075 2916 1131 nobis
2973 1075 3192 1130 occurri
3225 1088 3240 1126 :
3272 1073 3559 1142 Quomodo
3614 1087 3748 1143 ergo

2168 1169 2471 1239 peccatur?
2515 1168 2584 1222 Et
2615 1166 2966 1223 manifestum
3003 1176 3087 1221 est
3130 1175 3366 1220 mortem
3399 1178 3629 1236 regnare
3649 1177 3750 1233 per

2171 1271 2470 1330 peccatum.
2503 1259 2560 1314 Si
2595 1273 2728 1315 vero
2755 1259 3004 1314 dicamus
3049 1258 3102 1312 in
3153 1256 3483 1326 quibusdam
3517 1271 3748 1328 regnare

2169 1352 2462 1419 Christum,
2492 1351 2596 1406 hoc
2645 1363 2730 1407 est
2756 1353 2946 1418 vitam,
2977 1361 3032 1407 et
3059 1350 3454 1421 iuquibusdam
3481 1358 3745 1404 mortem:

2170 1459 2328 1514 quos,
2369 1454 2464 1498 aut
2486 1445 2575 1498 ubi
2606 1443 2970 1508 inveniemus,
3005 1443 3059 1498 iu
3088 1443 3288 1512 quibus
3314 1441 3387 1496 ita
3421 1455 3647 1512 regnum
3673 1441 3747 1496 sit

2169 1536 2317 1602 vitm,
2349 1544 2410 1590 ut
2438 1549 2663 1604 regnum
2689 1535 2885 1590 mortis
2915 1535 2970 1589 in
3005 1535 3087 1590 eis
3137 1549 3244 1589 nou
3273 1534 3479 1589 habeat
3499 1542 3750 1604 potesta-

2171 1637 2303 1694 tem,
2363 1628 2471 1684 hoc
2515 1636 2621 1693 est,
2671 1627 2766 1698 qui
2805 1628 3024 1697 penitus
3077 1628 3284 1696 absque
3333 1634 3556 1695 peccato
3600 1623 3752 1680 sint?

2171 1716 2302 1782 Quae
2351 1720 2483 1774 mihi
2532 1720 2786 1776 videntur
2838 1713 3008 1792 magis
3061 1721 3127 1775 ad
3181 1721 3424 1776 futurum
3476 1721 3752 1791 pertinere

490 1819 749 1890 gnabunt.
776 1818 1003 1873 Videtur
1025 1818 1155 1874 mihi
1181 1819 1326 1889 quod
1351 1819 1492 1874 sicut
1521 1818 1710 1872 mortis
1743 1828 1970 1886 regnum
2012 1811 2064 1864 iu
2097 1797 2140 1850 Β
2175 1824 2434 1878 regnum,
2476 1819 2531 1864 et
2568 1810 2641 1864 ibi
2679 1811 2797 1866 haec
2835 1826 2955 1866 esse
2991 1811 3342 1881 complenda,
3382 1811 3474 1866 ubi
3513 1811 3623 1880 (25)
3664 1812 3751 1866 di-

489 1925 584 1963 eos
609 1908 845 1965 ostendit
866 1908 1032 1962 fuisse
1051 1926 1188 1978 quos
1209 1911 1306 1964 sibi
1336 1909 1610 1978 peccando
1631 1907 1759 1962 fecit
1779 1902 2064 1964 obnoxios,

494 1987 568 2042 ita
612 2001 669 2042 et
705 2001 894 2042 eorum
931 1988 1022 2058 qui
1070 1988 1458 2042 abundantiam
1493 1988 1706 2058 gratiae,
1766 1995 1822 2040 et
1869 1986 2069 2042 donum

490 2075 716 2146 iustitiae
757 2079 1052 2149 accipiunt,
1113 2088 1166 2132 et
1210 2093 1305 2144 per
1359 2094 1526 2132 unum
1564 2077 1750 2132 Jesum
1794 2079 2069 2134 Christum

495 2171 774 2237 regnaturi
806 2170 1076 2234 dicuntur,
1111 2186 1337 2238 regnum
1370 2169 1622 2224 ostendat
1650 2170 1888 2224 futurum
1911 2185 2073 2240 super

496 2259 620 2314 illos
647 2260 741 2330 qui
784 2261 865 2316 eis
902 2261 955 2314 in
991 2263 1303 2316 eruditione
1350 2261 1503 2332 regni
1535 2262 1630 2317 Dei
1665 2261 1866 2317 subditi
1914 2262 2070 2326 fiunt,

494 2361 570 2416 ct,
607 2361 665 2405 ut
696 2353 770 2405 ita
797 2352 997 2417 dicam,
1029 2353 1118 2422 qui
1150 2352 1456 2422 sapientize,
1492 2361 1546 2406 et
1580 2350 1827 2420 iustitiae,
1865 2367 1929 2405 ac
1953 2353 2074 2404 vita:

495 2458 618 2513 qua:
643 2445 699 2498 in
729 2444 810 2498 eis
845 2453 951 2507 est,
984 2453 1039 2499 et
1068 2460 1165 2514 per
1200 2460 1362 2514 quam
1402 2454 1668 2514 regnant,
1698 2459 1930 2515 capaces
1958 2444 2075 2498 fue-

501 2533 610 2587 rint
631 2533 856 2587 inventi.
883 2531 1036 2587 Uudc
1051 2543 1105 2587 et
1132 2549 1236 2588 non
1265 2536 1438 2588 otiose
1461 2535 1671 2590 videtur
1695 2533 1826 2588 mihi
1853 2534 2077 2605 Aposto-

498 2622 604 2688 lus,
641 2623 730 2693 qui
778 2623 831 2678 iu
869 2625 1078 2678 caeteris
1139 2624 1273 2680 locis
1317 2625 1549 2691 dixerat,
1579 2626 1705 2695 quia
1754 2625 1850 2680 «in
1886 2640 2076 2681 omnes

501 2715 751 2770 homines
799 2729 948 2770 mors
994 2717 1313 2785 pertransiit
1343 2734 1360 2784 ;
1397 2735 1416 2768 ι
1453 2726 1505 2771 ει
1560 2707 1800 2772 iterum:
1841 2734 1861 2769 ι
1890 2716 2076 2772 Gratia

503 2807 594 2862 Dei
632 2806 744 2879 (‘22)
781 2808 832 2860 in
866 2807 1048 2876 plures
1082 2807 1380 2861 abundavit
1411 2823 1426 2873 ;
1469 2825 1490 2859 ι
1535 2817 1590 2861 ει
1617 2809 1811 2862 iterum
1848 2825 1862 2862 :
1899 2827 1917 2860 ί
1942 2806 2080 2863 Gra-

505 2903 580 2953 tia
608 2915 672 2953 ex
707 2899 892 2954 multis
925 2898 1139 2953 delictis
1177 2899 1229 2952 in
1252 2900 1704 2970 justificationem
1727 2901 1796 2966 εί,
1823 2918 1842 2952 ι
1882 2901 1982 2954 hoc
2022 2899 2076 2953 in

507 2993 625 3047 loco
680 3007 854 3062 neque
907 3007 1118 3058 omnes,
1171 3007 1346 3061 neque
1397 2992 1630 3060 multos,
1671 3007 1847 3062 neque
1897 2992 2078 3062 plures

507 3086 793 3154 posuisse;
838 3084 1015 3138 sciens
1044 3086 1109 3139 ad
1156 3098 1358 3152 paucos
1392 3083 1669 3153 pertinere
1707 3083 1866 3138 istius
1904 3084 2081 3138 beati-

507 3175 712 3229 tudinis
782 3190 1090 3239 summam,
1132 3191 1150 3225 ι
1178 3174 1268 3242 qui
1303 3174 1692 3228 abundantiam
1753 3175 1982 3243 gratiae,
2028 3183 2084 3229 et

505 3267 702 3318 donum
731 3266 956 3334 justitiae
988 3265 1323 3335 accipientes
1346 3305 1362 3331 ,
1393 3264 1446 3318 iu
1485 3265 1592 3318 vita
1634 3266 1939 3335 regnabunt
1989 3280 2084 3334 per

507 3373 674 3410 unum
722 3357 904 3412 Jesum
949 3357 1226 3414 Christum
1269 3361 1335 3415 ".
1365 3379 1385 3412 ι
1431 3360 1604 3430 Ipsius
1661 3371 1842 3415 autem
1897 3362 2086 3416 mortis

507 3449 598 3503 hic
653 3450 980 3505 describitur
1028 3468 1278 3523 regnum,
1317 3469 1443 3523 qua:
1476 3455 1611 3507 alias
1648 3453 1694 3485 ⁸³
1732 3454 1933 3507 dicitur
1969 3452 2084 3524 (25)

509 3541 767 3596 inimicus
829 3557 950 3598 esse
989 3544 1194 3600 Christi
1241 3545 1464 3599 ultimus
1511 3544 1597 3598 vel
1634 3544 1961 3599 novissimus
1991 3546 2086 3600 de-

508 3639 829 3690 struendus.
889 3635 1215 3691 Destruetur
1249 3648 1429 3692 autem
1461 3637 1516 3692 in
1559 3651 1647 3703 eo,
1705 3648 1762 3690 ut
1787 3637 1928 3690 ultra
1976 3651 2085 3690 non

507 3735 718 3796 regnet.
763 3728 918 3794 Quod
965 3728 1010 3782 si
1061 3743 1165 3782 non
1204 3738 1416 3798 regnat,
1466 3738 1673 3784 certum
1725 3739 1808 3783 est
1840 3730 1950 3800 jam
1988 3743 2088 3784 nec

506 3818 765 3872 delictum
823 3819 1063 3874 futurum
1114 3835 1274 3885 esse,
1328 3821 1381 3874 in
1432 3836 1542 3891 quo
1601 3821 1719 3876 solo
1778 3823 1967 3875 mortis
2004 3830 2090 3875 est

511 3924 758 3977 regnum,
803 3921 930 3965 tunc
987 3911 1107 3966 sine
1154 3913 1317 3967 dubio
1369 3929 1492 3968 cum
1543 3915 1610 3968 ad
1662 3929 1782 3969 eam
1827 3913 2082 3968 dicetur:

513 3999 1174 4064 «Ubiest,mors,aculeus
1203 4013 1326 4057 tuus
1357 4003 1440 4056 5‘?
1463 4023 1480 4056 ι
1537 4005 1800 4075 quoniam
1841 4005 2085 4072 quidem,

509 4103 569 4146 ut
603 4093 716 4163 ipse
739 4093 1032 4163 Apostolus
1063 4096 1218 4161 dicit,
1263 4113 1282 4148 ι
1308 4098 1532 4152 aculeus
1575 4098 1771 4152 mortis
1805 4106 2085 4166 peccatqu

505 4195 612 4252 est,
647 4187 822 4242 virtus
847 4198 1026 4242 autem
1057 4189 1267 4257 peccati
1302 4191 1388 4243 lex
1414 4188 1484 4243 ".
1513 4207 1532 4241 ι
1577 4187 1768 4245 Restat
1794 4204 1923 4260 ergo
1959 4199 2089 4246 tunc

509 4293 686 4347 neque
740 4277 913 4347 legem
964 4281 1241 4344 futuram,
1299 4280 1347 4334 si
1399 4281 1616 4350 quidem
1651 4282 1860 4350 peccati
1917 4283 2090 4338 virtus

509 4371 628 4440 ipsa
673 4371 906 4438 dicatur,
963 4383 1022 4428 ut
1073 4374 1279 4443 peccati
1321 4375 1524 4430 virtute
1579 4374 1831 4440 sublata,
1891 4376 2087 4432 merito

508 4464 680 4533 possit
705 4473 759 4518 et
789 4479 1013 4534 regnum
1041 4465 1234 4520 mortis
1262 4466 1488 4521 aboleri.
1535 4463 1639 4520 Sed
1667 4467 1779 4522 haec
1808 4467 1864 4521 in
1893 4483 2085 4523 exces-

508 4572 572 4610 su
613 4571 756 4611 uuuc
787 4556 929 4610 dicta
958 4557 1070 4612 siut
1101 4575 1114 4610 :
1154 4557 1267 4613 suis
1289 4558 1436 4612 enim
1473 4557 1528 4611 in
1561 4557 1696 4613 locis
1727 4562 2086 4629 opportunius

510 4647 884 4716 requirentur.
957 4644 1131 4700 Velim
1183 4655 1364 4700 tamen
1423 4647 1736 4715 percontari
1795 4647 2084 4719 (quoniam

510 4739 730 4805 quidem
792 4747 1020 4793 mortem
1088 4753 1314 4808 regnum
1385 4753 1557 4807 usque
1607 4739 1674 4792 ad
1739 4740 2086 4809 praasentiam

508 4827 735 4894 Christi,
769 4830 862 4898 qui
915 4838 1002 4886 est
1052 4831 1186 4896 vita,
1243 4831 1481 4887 diximus
1544 4833 1820 4898 tenuisse;
1878 4835 2091 4889 venisse

2172 1900 2314 1953 citur
2343 1900 2485 1969 quod
2522 1919 2542 1952 ‹
2577 1901 2648 1955 sit
2671 1902 2815 1956 Deus
2835 1902 3016 1957 omnia
3043 1902 3096 1956 in
3122 1903 3376 1957 omnibus
3398 1904 3463 1957 ".
3496 1921 3514 1952 ι
3546 1903 3751 1957 Idcirco

2176 1987 2320 2041 enim
2373 1999 2429 2042 et
2485 1989 2538 2042 in
2581 1989 2830 2045 oratione
2894 1989 3168 2044 Dominica
3226 1989 3413 2042 dicere
3467 1988 3751 2048 docemur,

2182 2098 2201 2132 ι
2226 2079 2492 2134 Adveniat
2521 2096 2745 2152 regnum
2789 2091 2937 2134 tuum
2989 2081 3060 2147 ⁸⁸,
3089 2100 3109 2134 ι
3159 2081 3311 2149 quasi
3342 2078 3486 2148 quod
3515 2077 3753 2132 nondum

2178 2175 2458 2231 advenerit
2486 2194 2501 2230 :
2533 2187 2589 2232 et
2617 2177 2735 2246 ipse
2769 2177 3027 2232 Dominus
3054 2176 3106 2230 in
3147 2177 3306 2230 initio
3340 2173 3755 2245 praedicationis

2179 2283 2290 2322 sua:
2316 2284 2420 2323 non
2450 2269 2586 2323 dicit
2617 2285 2632 2323 :
2659 2269 2824 2324 Venit
2857 2283 3081 2339 regnum
3111 2269 3370 2321 caelorum
3397 2281 3411 2330 ;
3434 2267 3552 2330 sed,
3595 2283 3614 2317 ι
3641 2265 3755 2333 Ap-

2180 2359 2566 2427 propinquavit
2593 2373 2822 2428 regnum
2850 2359 3115 2414 caelorum
3157 2359 3222 2411 ".
3253 2377 3272 2409 ι
3324 2357 3572 2411 Praesens
3622 2371 3754 2412 vero

2183 2458 2396 2517 tempus
2427 2463 2538 2502 non
2575 2457 2683 2503 tam
2721 2448 2870 2518 regni
2901 2448 3134 2503 dixerim
3172 2448 3342 2501 videri
3376 2461 3540 2516 quam
3574 2445 3700 2500 belli
3735 2463 3753 2501 :

2181 2552 2279 2607 per
2351 2539 2495 2607 quod
2567 2539 2767 2594 bellum
2831 2540 3071 2594 futurum
3137 2554 3360 2609 regnum
3423 2548 3753 2608 quaeratur,

2182 2628 2434 2696 quamvis
2463 2631 2567 2682 hoc
2593 2629 2711 2699 ipso
2741 2628 2862 2684 belli
2896 2639 3163 2700 tempore,
3190 2630 3316 2699 quia
3339 2629 3449 2699 jam
3479 2643 3542 2682 ex
3575 2627 3752 2696 aliqua

2182 2731 2340 2789 parte
2409 2736 2632 2791 regnum
2697 2721 2889 2776 mortis
2954 2719 3309 2789 infringitur,
3367 2729 3424 2774 et
3488 2718 3753 2789 paulatim

2183 2813 2504 2877 destruitur,
2559 2815 2705 2883 quod
2751 2815 2904 2883 prius
2946 2815 2998 2868 in
3056 2829 3244 2868 omnes
3285 2813 3533 2867 homines
3578 2813 3756 2866 fuerat

2186 2906 2496 2970 dilatatum,
2521 2906 2772 2962 Christus
2798 2921 3026 2976 regnare
3044 2904 3276 2970 dicatur,
3295 2904 3591 2959 secundum
3626 2903 3756 2956 illud

2184 2999 2328 3067 quod
2361 2997 2621 3066 scriptum
2656 3006 2782 3052 est:
2819 3015 2836 3048 ι
2865 2995 3094 3066 Oportet
3137 2995 3284 3050 enim
3335 3009 3458 3049 eum
3502 3008 3752 3063 regnare,

2185 3089 2358 3143 donec
2426 3095 2591 3158 ponat
2654 3101 2844 3142 omnes
2902 3085 3158 3140 inimicos
3211 3084 3328 3152 ejus
3381 3085 3483 3139 sub
3532 3085 3760 3154 pedibus

2184 3179 2302 3251 ejus
2323 3180 2403 3247 '°;
2429 3197 2448 3230 ι
2481 3188 2535 3232 ει
2569 3179 2695 3232 item
2725 3177 2850 3232 alibi
2883 3178 3014 3232 dicit
3045 3195 3058 3231 :
3095 3193 3113 3226 ι
3145 3175 3300 3230 Nunc
3324 3185 3505 3230 autem
3530 3177 3758 3229 necdum

2185 3272 2432 3326 videmus
2455 3271 2700 3338 subjecta
2729 3284 2849 3324 esse
2880 3269 2927 3322 ei
2958 3265 3069 3339 (26)
3099 3267 3280 3321 omnia
3313 3265 3381 3319 σί.
3407 3283 3426 3316 ι
3482 3263 3635 3319 Unde
3665 3280 3759 3334 ap-

2184 3375 2338 3435 paret
2390 3364 2517 3433 quia
2572 3363 2674 3416 hoc
2709 3361 2852 3432 quod
2894 3361 3048 3422 dicit,
3117 3357 3390 3428 «Oportet
3435 3358 3580 3411 enim
3631 3371 3754 3410 eum

2185 3469 2430 3526 regnare,
2460 3474 2478 3506 ι
2517 3451 2683 3524 556
2712 3467 2810 3522 pro
2834 3466 3060 3522 regnum
3093 3464 3310 3520 parare,
3340 3447 3605 3518 posuerit.
3626 3447 3757 3502 Cer-

2188 3557 2300 3602 tum
2328 3555 2411 3601 est
2440 3545 2584 3600 enim
2612 3545 2737 3614 quia
2762 3543 2914 3613 prius
2957 3539 3070 3613 (27)
3117 3541 3464 3610 pugnandum
3518 3547 3638 3602 est,
3697 3547 3757 3591 et

2187 3637 2492 3707 alligaudus
2540 3646 2622 3692 est
2665 3635 2841 3698 fortis,
2901 3644 2958 3689 et
3009 3635 3089 3689 sic
3123 3648 3250 3687 vasa
3292 3631 3409 3701 ejus
3455 3629 3760 3698 diripienda

2187 3740 2313 3783 sunt
2337 3728 2404 3781 ⁸⁸.
2463 3728 2534 3781 Et
2582 3727 2705 3781 ideo
2749 3727 2915 3780 etiam
2950 3727 3068 3794 ipse
3096 3723 3352 3777 Salvator
3379 3721 3510 3776 dicit
3541 3740 3554 3775 :
3592 3739 3611 3771 ι
3641 3718 3758 3773 Νοιι

2186 3822 2307 3875 νειιί
2342 3834 2528 3890 pacem
2555 3820 2796 3881 mittere,
2826 3817 2920 3873 sed
2962 3817 3202 3888 gladium
3239 3814 3306 3870 ⁸³.
3338 3832 3356 3866 ι
3391 3813 3600 3868 Tandiu
3633 3825 3762 3865 vero

2185 3914 2531 3984 pugnandum
2579 3922 2663 3967 est
2707 3911 2774 3966 ab
2809 3912 2892 3964 his
2924 3911 3018 3980 qui
3066 3922 3295 3978 regnare
3329 3905 3516 3960 volunt
3561 3905 3615 3958 iu
3652 3903 3760 3957 vita

2186 4021 2282 4076 per
2305 4004 2489 4062 Jesum
2526 4003 2822 4070 Christum,
2847 4002 3026 4057 donec
3055 4019 3074 4052 ι
3101 3999 3432 4055 novissimus
3462 3996 3714 4049 inimicus
3735 4011 3754 4045 ι

2187 4101 2499 4153 destruatur
2525 4115 2544 4149 ι
2574 4109 2723 4151 mors
2756 4095 2824 4148 “.
2854 4113 2874 4148 ι
2912 4094 3018 4150 Sed
3061 4104 3118 4149 et
3158 4095 3225 4148 de
3261 4089 3596 4145 abundantia
3638 4101 3762 4155 gra-

2187 4189 2298 4254 tiae,
2345 4198 2402 4245 et
2451 4190 2592 4244 dono
2637 4186 2861 4257 iustitiae
2913 4185 3195 4241 sciendum
3223 4192 3310 4238 est
3336 4181 3463 4251 quia
3508 4178 3575 4232 ad
3626 4177 3758 4232 illud

2197 4297 2448 4350 regnum,
2481 4281 2624 4350 quod
2655 4280 2891 4335 diximus
2915 4277 3208 4349 praeparari
3257 4289 3353 4344 per
3389 4270 3613 4334 bellum,
3647 4283 3756 4321 nou

2188 4375 2337 4427 venit
2379 4374 2574 4443 aliquis
2605 4373 2699 4442 qui
2751 4387 2910 4426 unam
2947 4371 3175 4439 gratiam
3220 4365 3394 4422 solum
3435 4367 3759 4417 consecutus

2190 4473 2293 4523 εει,
2323 4463 2426 4516 hoc
2452 4472 2557 4523 est,
2592 4463 2685 4531 qui
2713 4462 2766 4516 in
2796 4475 2902 4514 uno
2922 4460 3102 4527 aliquo
3132 4471 3296 4524 opere
3325 4451 3626 4523 placuerit;
3665 4449 3760 4502 sed

2190 4555 2520 4608 abundantia
2555 4555 2742 4623 gratiae
2763 4556 2830 4608 ab
2861 4566 2926 4606 eo
2954 4550 3270 4620 requiritur,
3299 4544 3596 4600 secundum
3635 4555 3758 4593 eum

2189 4646 2281 4715 Qui
2337 4645 2514 4699 dicit:
2555 4663 2574 4696 ι
2617 4641 2999 4699 Abundantius
3045 4651 3223 4694 autem
3269 4651 3431 4708 quam
3461 4647 3647 4688 omnes
3685 4630 3759 4683 illi

2190 4737 2456 4804 laboravi,
2481 4753 2588 4792 non
2619 4747 2799 4792 autem
2830 4751 2951 4802 ego,
2983 4732 3075 4788 sed
3106 4731 3279 4802 gratia
3305 4729 3398 4783 Dei
3429 4724 3755 4780 mecum'h

2195 4831 2406 4887 Similia
2437 4846 2670 4902 quaeque
2698 4828 2812 4900 (28)
2837 4829 2998 4884 etiam
3049 4827 3136 4881 his
3180 4838 3319 4894 quos
3353 4825 3544 4878 imbuit
3572 4830 3764 4892 preca-

582 4962 628 4994 ⁸⁸
653 4963 849 5019 Ezech.
877 4979 1031 5028 xvlu,
1052 4966 1107 5021 4.
1184 4965 1230 4998 ⁸³
1250 4965 1390 5021 Psal.
1423 4981 1535 5027 xxx,
1565 4963 1651 5018 16.
1727 4965 1774 4997 ⁵⁸⁸
1803 4965 1960 5020 Rom.
1991 4982 2043 5029 v,

2239 4967 2282 4997 ιι
2323 4966 2450 5019 ibid.
2481 4963 2684 5026 12,15,
2719 4961 2806 5015 16.
2882 4961 2929 4992 η
2962 4958 3090 5014 uua.
3133 4958 3220 5011 l7.
3265 4954 3762 5029 __"_I_Cor.xv.2_6.

510 5033 558 5064 ιι
586 5034 715 5089 ibid.
743 5035 834 5088 εδ.
909 5035 956 5067 ιε
985 5036 1114 5090 ibid.
1146 5036 1234 5091 56.
1310 5037 1357 5069 ³ο
1393 5036 1524 5090 ibid.
1554 5035 1644 5090 at.
1721 5035 1766 5067 ιν
1795 5037 1928 5089 ibid.
1960 5037 2050 5090 28.

2143 5037 2190 5070 ⁸³
2219 5037 2495 5099 Μίιιιιωνι,
2523 5035 2610 5087 l0.

2700 5033 2745 5064 δ’
2785 5030 2974 5085 Matth.
3017 5045 3097 5092 nt,
3125 5029 3179 5081 2.
3259 5027 3305 5059 ⁸⁸
3337 5025 3357 5079 l
3386 5025 3514 5080 Cor.
3551 5041 3641 5089 xv,
3668 5027 3760 5081 25.

513 5104 554 5136 "
585 5104 747 5158 Hebr.
779 5121 840 5168 It,
877 5105 932 5160 8.
1009 5107 1053 5136 “
1096 5106 1287 5161 Matth.
1309 5122 1408 5171 xtl,
1441 5107 1531 5160 29.
1609 5105 1655 5136 ”
1671 5104 1862 5159 Matth.
1898 5121 1950 5171 κ,
1975 5107 2063 5160 54.

2179 5118 2189 5139 ι
2219 5108 2234 5160 Ι
2269 5106 2398 5161 Cor.
2422 5122 2512 5171 xv,
2542 5103 2629 5158 ‘26.
2709 5103 2754 5134 °'
2786 5102 2950 5156 lCor.
2983 5115 3072 5165 xv,
3098 5101 3186 5152 ω.

587 5220 698 5291 (21)
735 5221 827 5276 Sic
868 5236 970 5276 ms.
1016 5237 1156 5276 unus
1208 5221 1430 5291 Regius.
1469 5218 1629 5291 Editi
1661 5234 1810 5285 vero,
1863 5238 1894 5291 Δι
1923 5219 2085 5273 Multo

514 5287 689 5360 magis
734 5301 790 5347 et
839 5291 1171 5345 abundantia
1215 5287 1424 5359 gratiae,
1494 5299 1550 5343 et
1601 5289 1799 5360 donum
1853 5287 2086 5358 justitize

515 5362 790 5428 regnabit,
815 5380 834 5414 ι
873 5372 976 5415 etc.
1013 5361 1163 5414 Alter
1201 5376 1302 5414 ms.
1349 5379 1368 5410 ε
1396 5360 1562 5412 multo
1602 5359 1773 5427 magis
1817 5371 1872 5412 et
1917 5360 2088 5413 abun-

515 5433 754 5503 dantiam
785 5433 992 5503 gratiae,
1022 5442 1075 5484 et
1101 5431 1250 5494 doni,
1273 5429 1599 5503 e4t_j_ttsti_tize,
1636 5439 1690 5480 et
1720 5431 2035 5503 reguahuut,
2059 5448 2078 5480 ι

515 5511 621 5553 etc.
667 5499 822 5555 Alius
851 5502 1048 5564 Regius
1104 5516 1255 5553 num.
1293 5499 1431 5553 1659
1484 5500 1645 5553 habet
1679 5502 2074 5562 tantummodo,

522 5587 542 5620 ι
571 5575 866 5650 regnabuut
897 5587 992 5640 per
1031 5587 1196 5626 unum
1235 5568 1416 5624 Jesum
1458 5568 1758 5634 Christum,
1787 5587 1805 5619 ι
1861 5569 2078 5623 omissis

515 5650 752 5694 (ueteris.

588 5707 700 5772 (22)
764 5708 955 5764 Gratia
1002 5708 1134 5773 Dei,
1201 5720 1256 5764 et
1293 5709 1490 5764 iterum
1537 5708 1694 5778 paulo
1734 5716 1884 5776 post,
1949 5719 2076 5775 gra-

519 5782 628 5847 tia,
673 5781 864 5835 desunt
891 5781 943 5835 in
971 5781 1153 5841 editis.
1189 5790 1243 5837 et
1272 5781 1324 5836 in
1357 5779 1627 5839 plerisque
1660 5794 1787 5834 mss.

2225 5222 2373 5303 ⁸(Ξῦ)
2407 5221 2607 5282 Alias,¢
2640 5221 2744 5275 hoc
2774 5218 3106 5273 describitur
3129 5228 3377 5282 regnum,
3407 5224 3528 5280 qua:
3556 5214 3609 5266 in
3642 5213 3764 5268 aliis

2185 5293 2404 5355 dicitur,
2431 5311 2450 5344 ι
2482 5303 2592 5344 etc.

2259 5363 2372 5430 (24)
2397 5361 2464 5415 In
2497 5360 2662 5413 medio
2688 5360 2805 5424 hoc,
2838 5358 2911 5412 id.
2943 5356 3066 5409 Haec
3097 5356 3292 5430 desunt
3326 5354 3378 5430 in
3425 5353 3606 5408 editis.
3643 5353 3748 5408 Ms.

2181 5427 2325 5486 unus
2355 5427 2449 5499 pro
2487 5449 2503 5480 ι
2530 5430 2586 5499 ιιι
2619 5430 2794 5483 tnetlio
2819 5447 2835 5479 ι
2875 5430 3037 5499 habet
3075 5445 3092 5476 ‹
3127 5427 3427 5478 moriendo.
3465 5443 3483 5475 ›

2256 5498 2369 5570 (25)
2424 5499 2546 5555 Ubi.
2578 5498 2632 5551 lu
2668 5501 2827 5552 editis
2852 5498 3140 5570 omittitur.

2259 5568 2372 5638 ('26;
2405 5571 2492 5626 Ei.
2521 5571 2869 5638 Desideratur
2895 5569 2947 5619 in
2978 5568 3160 5638 editis.

2403 5640 2583 5714 Prius.
2613 5637 2883 5714 Nusquam
2916 5639 2965 5688 iu
3003 5637 3160 5690 editis
3182 5643 3486 5705 comparet.

2257 5709 2369 5783 (28)
2398 5713 2572 5778 Alias,
2604 5730 2624 5761 ι
2648 5709 2846 5764 similia
2877 5720 3110 5778 quoque.
3133 5725 3155 5758 ι
