4170 6416
411 343 436 398 1
448 341 555 400 029

1365 339 1725 396 COMMENT.
1762 341 1831 395 IN
1867 340 2088 398 EPIST.
2126 342 2217 396 AD
2249 344 2416 404 ROM.
2450 346 2577 402 LIB.
2613 347 2677 405 ν.

3533 365 3668 419 1030

415 471 530 525 tur,
569 475 693 516 cum
726 459 856 514 dicit
889 479 902 515 :
935 477 951 509 ι
979 459 1164 514 Gratia
1213 459 1372 513 vobis
1413 468 1468 513 et
1517 476 1619 530 pax
1669 460 1992 530 multiplice-
2020 465 2067 519 Α
2098 471 2414 528 peccatores
2443 465 2726 519 constituti
2758 477 2884 522 sunt
2943 470 3119 534 multi,
3163 472 3238 528 ita
3271 484 3326 529 et
3362 492 3458 546 per
3505 483 3665 536 unius

393 553 500 609 tur
533 555 600 608 “.
629 573 649 605 ι
681 552 1072 623 Multiplicatur
1097 565 1231 622 ergo
1265 551 1439 620 gratia
1474 565 1530 605 et
1549 553 1789 607 abundat
1813 593 1827 616 ,
1857 553 1900 606 si
1931 563 1988 607 et

413 660 596 700 sermo
631 653 819 699 uoster
841 659 1058 713 semper
1092 644 1146 697 in
1176 643 1354 713 gratia
1381 643 1496 698 sale
1526 645 1596 698 sit
1625 645 1898 709 conditus,
1932 653 1988 700 et

411 752 550 806 opus
577 745 822 792 nostrum
849 751 971 790 cum
995 737 1172 807 gratia
1195 723 1522 790 humilitatis
1541 745 1595 791 et
1622 737 1988 805 simplicitatis

412 829 528 894 fiat,
553 837 608 884 et
635 828 821 883 omnia
847 842 968 897 quae
1000 828 1211 898 agimus
1256 827 1324 881 ad
1349 826 1575 897 gloriam
1616 828 1709 882 Dei
1739 843 1985 899 agamus.

410 921 674 976 Similiter
700 921 865 974 etiam
897 921 964 974 de
997 919 1142 974 dono
1177 919 1403 990 justitiae
1456 920 1829 988 accipiendum
1879 933 1984 976 est.

409 1013 559 1068 Nihil
585 1016 729 1069 enim
755 1014 874 1068 sine
894 1012 1104 1082 justitia
1140 1029 1304 1085 agere
1341 1015 1500 1069 debet
1538 1018 1627 1085 qui
1652 1016 1986 1085 justiﬁcatnr

411 1121 443 1160 a
471 1105 732 1172 Christo,
767 1108 1062 1162 secundum
1112 1122 1234 1160 eum
1286 1108 1379 1176 qui
1427 1109 1559 1162 dicit
1593 1128 1606 1163 ε
1648 1127 1666 1160 ι
1692 1108 1844 1164 Beati
1890 1110 1983 1180 qui

410 1201 726 1256 custodiunt
752 1200 1012 1269 judicium
1035 1240 1051 1265 ,
1105 1209 1162 1254 et
1202 1200 1409 1254 faciunt
1457 1202 1723 1269 justitiam
1753 1202 1805 1255 in
1836 1202 1983 1256 omni

411 1298 654 1360 tempore
681 1290 763 1356 ‘7;
791 1309 810 1342 ι
841 1300 896 1344 et
933 1291 1231 1345 secundum
1263 1291 1405 1361 quod
1440 1290 1716 1361 Sapientia
1743 1308 1988 1362 pronun-

411 1381 510 1436 tiat
542 1381 747 1448 dicens,
803 1382 930 1449 quia
960 1399 979 1433 ι
1011 1390 1065 1435 et
1096 1382 1141 1436 si
1187 1381 1460 1450 perfectus
1490 1384 1565 1437 sit
1591 1386 1714 1452 quis
1762 1385 1814 1438 in
1860 1384 1983 1440 ﬁliis

411 1473 718 1538 hominum,
753 1474 929 1528 si-non
961 1474 1103 1528 adsit
1125 1473 1409 1542 eijustitia
1441 1490 1470 1528 a
1505 1474 1643 1540 Deo,
1669 1475 1722 1528 in
1754 1475 1984 1530 nihilum

411 1566 755 1637 reputabitur
776 1565 862 1632 ⁶⁸;
899 1584 918 1618 ι
957 1575 1012 1621 et
1041 1567 1143 1621 hoc
1169 1567 1330 1622 modo
1378 1567 1469 1636 qui
1500 1567 1788 1622 habuerint
1811 1567 1984 1621 abun-

408 1659 654 1714 dantiam
682 1659 872 1729 gratiae
894 1669 949 1714 et
968 1660 1164 1714 donum
1188 1659 1436 1728 justitire,
1464 1662 1517 1715 in
1541 1661 1650 1718 vita
1682 1662 1984 1732 regnabant

407 1761 507 1817 per
536 1762 702 1808 unum
733 1746 916 1804 Jesum
940 1748 1222 1804 Christum
1247 1750 1316 1804 ‘9.

476 1840 532 1896 4.
587 1841 814 1912 «Itaque
859 1843 1006 1898 sicut
1049 1859 1147 1913 per
1190 1845 1350 1898 unius
1381 1844 1637 1900 delictum
1687 1844 1740 1899 in
1793 1859 1981 1902 omnes

407 1931 655 1987 homines
687 1932 740 1986 in
765 1933 1297 1998 condemnationem,
1328 1935 1399 1988 ita
1424 1945 1477 1989 et
1509 1951 1606 2006 per
1631 1937 1792 1990 unius
1819 1935 1982 2003 justi-

411 2022 541 2076 tiam
574 2023 628 2076 in
665 2038 855 2078 omnes
883 2025 1132 2080 homines
1160 2025 1212 2079 in
1237 2025 1680 2095 justiﬁcationem
1711 2029 1835 2083 vita:
1861 2027 1928 2080 ⁷⁸.
1954 2046 1973 2080 ›

404 2111 525 2166 lam
553 2122 608 2168 et
633 2114 886 2183 superius
911 2114 1148 2170 diximus
1199 2117 1343 2185 quod
1391 2131 1487 2186 per
1536 2117 1794 2173 delictum
1849 2118 1980 2173 Adae

405 2205 556 2261 velut
589 2207 768 2261 aditus
800 2208 1022 2277 quidam
1056 2208 1218 2263 datus
1241 2219 1344 2275 est,
1372 2225 1482 2279 quo
1517 2210 1570 2264 in
1594 2224 1782 2266 omnes
1805 2211 1982 2266 homi-

407 2311 506 2351 nes
535 2297 622 2352 vel
643 2308 948 2367 peccatum,
973 2299 1057 2354 vel
1083 2315 1234 2356 mors
1254 2303 1468 2370 peccati
1497 2343 1513 2368 ,
1540 2303 1624 2378 vel
1653 2304 1980 2359 condemna-

404 2389 483 2443 tio
531 2389 860 2458 perveniret.
927 2391 1247 2448 Econtrario
1281 2409 1410 2463 ergo
1459 2394 1709 2451 Christus
1771 2397 1976 2452 aditum

401 2478 814 2549 iustiﬁcationis
866 2484 1104 2552 aperuit,
1139 2498 1235 2553 per
1263 2501 1423 2555 quem
1449 2487 1554 2540 vita
1601 2489 1980 2558 ingrederetur

405 2573 474 2626 ad
511 2572 781 2640 homines,
846 2585 901 2630 et
949 2575 1070 2632 ideo
1104 2578 1321 2633 dicebat
1351 2579 1419 2633 de
1449 2582 1781 2648 semetipso:
1816 2599 1835 2633 ε
1868 2582 1978 2653 Ego

405 2677 525 2718 sum
559 2665 779 2720 ostium.
813 2665 917 2722 Per
946 2683 1032 2722 me
1053 2669 1096 2723 si
1127 2669 1249 2738 quis
1275 2669 1558 2740 ingressus
1583 2671 1766 2739 fuerit,
1801 2673 1978 2728 salva-

404 2754 557 2810 bitur
581 2756 648 2809 “.
681 2775 700 2809 ι
737 2756 841 2812 Sed
867 2759 933 2813 de
963 2759 1047 2814 his
1074 2759 1186 2828 jam
1237 2761 1290 2815 in
1335 2763 1704 2832 superioribus
1736 2769 1869 2820 satis
1896 2775 1980 2821 est

403 2847 631 2902 dictum.
677 2847 810 2902 Illud
844 2858 1022 2905 tamen
1073 2853 1469 2908 observandum
1518 2863 1623 2920 est,
1674 2859 1818 2926 quod
1869 2873 1976 2915 non

405 2939 548 2994 dixit
579 2958 593 2994 :
635 2959 654 2993 ‹
683 2940 842 2997 Sicut
881 2942 935 2997 in
972 2959 1160 3000 omnes
1204 2945 1450 3002 homines
1482 2947 1536 3000 in
1567 2949 1976 3004 condemnatio-

404 3045 529 3084 nem
561 3048 581 3082 ›
617 3032 832 3093 mortis,
882 3033 976 3087 sed
1027 3034 1421 3100 tantummodo,
1490 3037 1588 3091 «in
1641 3039 1973 3095 condemna-

2091 559 2460 612 obedientiam
2500 559 2631 627 justi
2669 563 3067 619 constituentur
3117 567 3269 622 multi
3313 569 3380 626 "".
3406 591 3427 623 ι
3483 573 3664 631 Potest

2095 650 2314 718 quidem
2354 651 2468 704 ﬁeri
2497 660 2556 705 ut
2597 654 2891 708 secundum
2927 671 2990 710 ea
3029 672 3147 725 qua
3199 659 3250 713 in
3296 665 3660 732 superioribus

2092 743 2528 807 observavimus,
2553 742 2785 810 Paulus,
2836 746 3026 803 volens
3067 753 3329 820 mysteria
3373 758 3662 812 secretiora

2089 842 2407 903 contegere,
2436 849 2570 903 quos
2593 836 2718 890 alibi
2751 855 2770 888 ‹
2803 852 2997 892 omnes
3021 859 3040 891 ι
3086 841 3336 908 dixerat,
3365 845 3490 901 alibi
3528 849 3662 902 mul-

2092 933 2175 975 los
2207 934 2408 992 ponat,
2442 941 2509 980 ne
2539 925 2680 980 forte
2722 929 2766 982 si
2810 929 3041 984 dixisset
3099 951 3116 983 ε
3141 947 3237 1001 per
3269 936 3426 991 unius
3475 937 3661 993 inobe-

2089 1015 2350 1068 dientiam
2384 1027 2704 1084 peccatores
2727 1037 2746 1068 ι
2787 1018 2960 1074 factos
2991 1038 3114 1078 esse
3149 1040 3361 1093 omnes,
3399 1037 3452 1083 et
3482 1046 3660 1086 neces-

2089 1107 2236 1160 sario
2269 1107 2666 1176 subjunxisset,
2706 1129 2723 1162 ι
2759 1112 2830 1166 ita
2873 1125 2928 1168 et
2964 1131 3058 1184 per
3106 1117 3268 1172 unius
3300 1119 3661 1178 obedientiam

2081 1195 2211 1262 juin
2239 1200 2650 1253 constituentur
2675 1220 2692 1252 ι
2721 1217 2932 1268 omnes,
2955 1206 3235 1260 videretur
3263 1223 3328 1262 ex
3355 1209 3660 1280 hujusmodi

2085 1289 2469 1354 promissionis
2517 1292 2821 1348 securitate
2870 1295 3143 1350 resolvere
3202 1299 3414 1354 animos
3473 1316 3661 1357 eorum

2086 1379 2280 1446 quibus
2305 1381 2521 1450 expedit
2551 1398 2672 1437 esse
2706 1385 2807 1438 sub
2834 1395 3001 1439 metu.
3031 1387 3095 1440 Et
3119 1387 3240 1444 ideo
3265 1406 3364 1445 nos
3390 1392 3564 1447 ﬁdelis
3603 1403 3660 1448 ot

2087 1472 2367 1540 prudentis
2432 1473 2484 1526 in
2524 1475 2692 1529 verbo
2747 1474 2841 1531 Dei
2915 1479 3314 1547 dispensatoris
3373 1485 3661 1540 consilium

2085 1574 2388 1630 servantes,
2417 1579 2518 1634 pro
2549 1581 2613 1621 eo
2653 1567 2826 1638 magis
2876 1570 3198 1626 satisfacere
3225 1573 3481 1630 debemus
3519 1590 3661 1644 quo-

2083 1656 2248 1712 modo
2295 1672 2390 1728 per
2435 1660 2596 1715 unius
2654 1663 3087 1718 inobedieutiam
3144 1684 3249 1723 non
3309 1683 3516 1735 omnes,
3563 1671 3660 1726 sed

2085 1751 2238 1805 multi
2293 1761 2418 1808 sunt
2455 1764 2774 1823 peccatores
2813 1758 2963 1813 facti.
3018 1759 3153 1814 Nam
3205 1777 3302 1830 per
3341 1764 3501 1817 unius
3529 1765 3660 1819 ohe-

2084 1842 2341 1898 dientiam
2378 1847 2652 1915 quomodo
2692 1863 2798 1903 non
2854 1865 3067 1917 omnes,
3115 1853 3210 1908 sed
3242 1852 3396 1906 multi
3451 1855 3660 1910 consti-

2084 1941 2329 1999 tuantur,
2378 1935 2749 1992 dillicultatem
2827 1955 2933 1994 non
2990 1940 3212 1995 habebit
3263 1941 3655 2012 intelligentiae,

2082 2025 2378 2078 secundum
2409 2026 2538 2080 illud
2564 2030 2707 2094 quod
2738 2029 3000 2085 Dominus
3025 2032 3156 2085 dicit
3185 2034 3234 2085 in
3268 2032 3560 2103 Evangelio
3584 2035 3654 2090 1"z

2085 2133 2106 2166 ε
2146 2114 2294 2170 Multi
2328 2118 2472 2172 enim
2505 2121 2725 2173 venient
2774 2120 2842 2174 ab
2870 2121 3093 2177 Oriente
3139 2132 3194 2176 et
3236 2121 3548 2189 Occidente,
3601 2135 3658 2180 ct

2081 2209 2542 2264 recumbentcum
2573 2210 2882 2276 Abraham,
2925 2223 2979 2267 et
3030 2213 3200 2276 lsaac,
3260 2223 3314 2268 et
3377 2213 3544 2272 Jacob
3598 2217 3654 2271 in

2080 2313 2250 2366 regno
2279 2301 2396 2364 Dei,
2428 2320 2446 2353 ι
2490 2312 2544 2356 et
2574 2318 2680 2356 non
2709 2303 2870 2369 dixit,
2899 2307 3102 2360 Omnes
3128 2306 3369 2362 venient.
3401 2306 3654 2362 Peccato-

2079 2404 2173 2445 res
2196 2400 2374 2445 autem
2405 2393 2676 2462 quomodo
2709 2393 2867 2446 multi
2899 2403 2954 2447 et
2979 2409 3083 2447 non
3125 2409 3314 2450 omnes
3346 2395 3652 2463 videantur,

2080 2499 2202 2539 cum
2238 2483 2380 2537 idem
2405 2482 2704 2552 Apostolus
2735 2484 2878 2537 dicat
2919 2485 3064 2552 quod
3118 2503 3136 2536 r
3163 2500 3355 2540 omnes
3396 2501 3654 2554 peccave-

2081 2583 2226 2638 runt,
2254 2591 2273 2624 ι
2314 2574 2571 2628 debemus
2613 2573 2926 2628 ostendere.
2983 2573 3144 2628 Aliud
3177 2583 3260 2629 est
3317 2589 3543 2643 peccare
3575 2574 3652 2638 ",

2079 2666 2224 2720 aliud
2288 2675 2626 2734 peccatorem
2677 2679 2820 2720 esse.
2897 2665 3160 2720 Peccator
3209 2667 3409 2721 dicitur
3455 2667 3499 2722 is
3556 2669 3650 2737 qui

2080 2758 2243 2812 multa
2289 2755 2654 2827 delinquendo
2685 2800 2700 2823 ,
2733 2758 2786 2811 in
2823 2759 3273 2813 consuetudinem
3298 2801 3313 2826 ,
3350 2767 3425 2823 et,
3476 2767 3533 2813 ut
3575 2760 3650 2813 ita

2079 2850 2300 2916 dicam,
2363 2850 2417 2904 in
2485 2849 2728 2904 studium
2773 2850 3036 2919 peccandi
3089 2850 3201 2920 jam
3261 2853 3446 2916 venit;
3507 2853 3652 2906 sicut

2077 2939 2386 2996 econtrario
2419 2941 2603 3010 justus
2647 2955 2752 2994 non
2790 2940 2994 2994 dicitur
3033 2941 3078 2994 is
3113 2941 3206 3010 qui
3242 2941 3410 2995 semel
3436 2949 3532 2994 aut
3567 2941 3653 2994 his

2079 3032 2283 3104 aliquid
2339 3032 2570 3102 iustitiae
2628 3031 2870 3098 fecerit,
2957 3033 3051 3086 scd
3116 3033 3204 3088 ille
3264 3035 3355 3102 qui
3429 3049 3650 3101 semper

405 3123 630 3187 tionem,
664 3143 683 3176 ι
739 3139 848 3192 quo
877 3126 1087 3181 scilicet
1143 3127 1195 3181 in
1265 3129 1518 3184 omnibus
1563 3131 1758 3197 probet
1808 3133 1974 3188 multo
2005 3126 2222 3219 Cjuste
2271 3127 2494 3197 agendo,
2539 3125 2593 3179 in
2645 3139 2746 3179 usu
2804 3133 2860 3179 et
2925 3126 3322 3179 consuetudine
3377 3125 3648 3192 justitiam

404 3215 771 3273 abundantius
805 3219 1006 3272 donum
1034 3234 1157 3275 esse
1189 3235 1350 3290 quam
1377 3221 1657 3277 delictum.
1698 3224 1977 3291 Quomodo

403 3323 556 3375 sane,
588 3310 671 3363 vel
695 3325 815 3379 qua:
837 3309 1220 3366 condemnatio
1250 3313 1300 3366 in
1326 3329 1514 3368 omnes
1536 3313 1784 3371 homines
1815 3333 1978 3373 vene-

403 3401 476 3454 rit
506 3400 796 3454 videndum
821 3409 923 3455 est.
960 3400 1027 3454 Et
1056 3401 1302 3458 suﬁicere
1328 3401 1554 3458 forsitan
1587 3416 1762 3475 potest
1782 3423 1977 3464 secun-

401 3491 532 3546 dum
560 3491 863 3562 simplicem
894 3493 1313 3561 expositionem,
1343 3504 1400 3548 ut
1441 3496 1684 3552 dicamus
1714 3501 1972 3554 condem-

407 3584 682 3638 nationem
733 3597 854 3639 esse
895 3583 1077 3638 delicti
1133 3599 1474 3640 communem
1523 3587 1664 3643 hanc
1721 3601 1973 3658 mortem,

403 3689 525 3743 quae
555 3674 810 3731 omnibus
834 3676 1003 3742 venit,
1032 3684 1087 3731 et
1117 3676 1316 3740 veniet,
1349 3678 1515 3732 etiam
1535 3680 1578 3733 si
1597 3679 1728 3748 justi
1758 3681 1976 3736 videan-

403 3777 516 3822 tur.
543 3766 698 3834 Quod
733 3767 778 3820 si
811 3766 954 3823 forle
977 3768 1175 3838 aliquis
1215 3769 1442 3839 objiciat
1467 3771 1533 3824 de
1560 3772 1744 3828 Enoch
1771 3783 1826 3828 et
1856 3774 1971 3829 Elia

401 3859 497 3928 qui
545 3857 800 3911 translati
851 3867 980 3912 sunt
1030 3873 1099 3912 ne
1154 3859 1405 3913 viderent
1459 3869 1686 3916 mortem
1726 3864 1819 3919 "z
1869 3865 1974 3921 hoc

402 3949 565 4003 modo
597 3949 714 4003 haec
739 3965 903 4005 causa
932 3951 1173 4006 salvatur
1205 3951 1342 4025 (29),
1380 3954 1522 4022 quod
1569 3969 1674 4010 non
1715 3958 1973 4012 continuo

401 4040 537 4097 falsa
586 4043 875 4096 videantur
926 4057 987 4096 ea
1029 4059 1151 4113 qua:
1179 4048 1244 4100 de
1289 4047 1544 4101 omnibus
1591 4049 1865 4112 dicuntur.
1925 4051 1970 4106 si

402 4131 582 4201 aliqua
615 4131 947 4202 dispensatio
973 4133 1066 4187 Dei
1093 4135 1147 4188 in
1183 4150 1290 4189 uno
1319 4135 1404 4190 vel
1428 4137 1636 4192 duobus
1665 4139 1973 4197 hominibus

401 4224 545 4280 facta
575 4234 680 4281 est.
737 4223 844 4280 Sed
888 4235 943 4279 et
991 4227 1120 4283 illud
1153 4229 1274 4298 quis
1305 4238 1701 4299 competenter,
1736 4239 1796 4285 ut
1824 4233 1973 4289 arbi-

401 4327 537 4386 tror,
574 4320 814 4390 proferet
847 4322 899 4374 in
940 4321 1080 4385 loco,
1110 4322 1236 4390 quia
1275 4337 1397 4377 cum
1422 4322 1742 4392 deliquisset
1771 4326 1970 4390 Adam,

399 4409 662 4479 scriptum
691 4419 775 4466 est
805 4412 851 4444 ⁷³
875 4414 1018 4482 quod
1045 4413 1206 4481 ejecit
1252 4429 1377 4468 eum
1420 4413 1682 4470 Dominus
1731 4415 1873 4471 Deus
1906 4419 1972 4472 de

2083 3215 2245 3288 557
2277 3217 2456 3270 habet.
2499 3212 2632 3267 Nam
2667 3214 2712 3268 si
2740 3214 2862 3282 quis
2896 3215 2950 3266 in
2983 3215 3196 3270 caeteris
3239 3214 3350 3270 fere
3385 3218 3640 3272 omnibus

2079 3302 2327 3379 injustus’
2342 3306 2433 3368 sit,
2463 3307 2632 3362 semel
2653 3319 2831 3361 autem
2865 3307 2945 3361 vel
2970 3308 3054 3363 bis
3081 3307 3282 3376 aliquid
3301 3307 3434 3377 justi
3465 3315 3650 3380 operis

2076 3401 2270 3470 egerit,
2302 3399 2403 3454 iste
2453 3400 2672 3468 quidem
2718 3398 2771 3452 in
2809 3413 2877 3452 eo
2911 3413 3076 3468 opere
3121 3397 3174 3453 in
3227 3414 3335 3468 quo
3379 3400 3645 3470 justitiam

2079 3490 2430 3560 tenuit,juste
2457 3491 2634 3558 egisse
2651 3489 2886 3554 dicetur,
2920 3505 3024 3545 non
3051 3500 3230 3545 tamen
3257 3507 3319 3545 ex
3345 3492 3447 3547 hoc
3465 3492 3650 3560 justus

2076 3581 2458 3652 appellabitur.
2498 3581 2574 3635 lta
2613 3593 2668 3636 et
2711 3581 2892 3650 justus
2942 3596 3192 3650 peccasse
3243 3583 3465 3653 quidem
3503 3585 3649 3639 dice-

2079 3684 2170 3729 tur
2194 3674 2306 3746 (50)
2339 3674 2386 3730 si
2419 3674 2622 3742 aliquid
2649 3675 2988 3728 commiserit
3043 3674 3335 3743 aliquando
3367 3676 3508 3743 quod
3536 3691 3644 3729 non

2076 3768 2224 3830 licet,
2259 3783 2366 3822 non
2396 3777 2584 3822 tamen
2613 3781 2677 3821 ex
2729 3767 2830 3820 hoc
2860 3774 3114 3834 peccator
3153 3765 3527 3835 appellabitur,
3553 3767 3644 3835 qui

2075 3860 2334 3932 peccandi
2368 3876 2524 3915 usum
2573 3870 2629 3913 et
2657 3858 3104 3913 consuetudinem
3144 3873 3249 3912 non
3286 3867 3430 3913 tenet
3461 3873 3475 3911 :
3507 3859 3647 3913 sicut

2073 3962 2130 4005 et
2163 3949 2408 4004 medicus
2442 3949 2533 4003 ille
2571 3963 2677 4001 non
2709 3947 2914 4002 dicitur
2963 3949 3057 4016 qui
3112 3957 3206 4001 aut
3241 3946 3434 4002 leviter
3473 3959 3648 4017 rupta:

2075 4042 2268 4111 capitis
2299 4041 2407 4095 cuti
2434 4041 2537 4096 scit
2573 4041 2850 4111 imponere
2883 4053 3161 4103 araueam,
3209 4047 3304 4093 aut
3331 4041 3424 4109 qui
3460 4048 3644 4094 tumo-

2073 4149 2188 4188 rem
2222 4131 2464 4187 vulneris
2517 4147 2658 4201 aqua
2705 4131 2880 4187 calida
2941 4129 3157 4193 foverit,
3207 4130 3456 4200 quamvis
3479 4133 3645 4186 etiam

2074 4225 2179 4279 hoc.
2209 4223 2494 4279 medicinae
2519 4239 2640 4279 esse
2677 4223 2929 4278 videatur
2962 4241 2977 4278 :
3010 4225 3103 4278 sed
3134 4223 3224 4279 ille
3256 4224 3453 4278 dicitur
3478 4225 3648 4278 medi-

2072 4331 2169 4372 cus
2211 4316 2300 4386 qui
2339 4330 2518 4380 usum,
2569 4330 2634 4371 ac
2673 4315 2950 4380 studium,
2993 4325 3048 4369 et
3099 4314 3444 4383 disciplinam
3478 4315 3647 4370 habet

2072 4410 2341 4466 medendi.
2367 4409 2441 4464 Ex
2462 4408 2664 4480 quibus
2687 4411 2940 4464 omnibus
2970 4419 3097 4478 puto
3120 4406 3448 4463 sufficienter
3465 4419 3649 4462 osten-

398 4505 676 4572 pamdim,
717 4515 771 4559 et
803 4506 1087 4561 εοηειῑιυῖι
1135 4521 1258 4560 eum
1318 4506 1368 4560 in
1421 4513 1564 4560 terra
1627 4507 1731 4563 hac
1776 4520 1967 4563 contra
2000 4499 2046 4554 D
2075 4503 2126 4556 di
2161 4501 2304 4572 quod
2357 4501 2504 4556 aliud
2553 4501 2624 4555 sit
2658 4515 2906 4571 peccare,
2944 4501 3090 4554 aliud
3125 4509 3463 4569 peccatorem
3498 4513 3644 4554 esse.

399 4595 711 4663 paradisum
739 4596 1091 4665 deliciarum;
1121 4607 1174 4652 et
1200 4599 1314 4653 haec
1345 4598 1449 4654 fuit
1474 4599 1652 4654 delicti
1690 4600 1807 4670 ejus
1831 4616 1965 4655 cou-

400 4684 698 4751 demnatio,
733 4703 852 4756 quae
890 4689 944 4744 in
977 4705 1168 4745 omnes
1195 4690 1454 4746 homines
1478 4692 1596 4746 sine
1626 4694 1791 4748 dubio
1840 4709 1966 4764 per-

399 4777 570 4833 venit.
595 4777 796 4834 Omnes
825 4781 971 4834 enim
1020 4782 1072 4835 in
1111 4781 1230 4836 loco
1276 4782 1378 4837 hoc
1408 4784 1799 4840 humiliationis
1828 4796 1881 4842 et
1912 4788 1964 4841 in

399 4869 651 4924 convalle
680 4867 840 4924 ﬂetus
879 4868 1058 4926 eﬂ’ecti
1113 4882 1282 4938 sunt;
1318 4872 1432 4927 sive
1476 4861 1620 4942 quod
1672 4875 1724 4927 in
1773 4875 1969 4930 lumbis

397 4957 529 5012 Adae
554 4957 774 5013 fuerunt
801 4973 990 5014 omnes
1040 4961 1136 5032 qui
1171 4977 1236 5017 ex
1281 4977 1345 5018 eo
1390 4974 1708 5027 nascuntur,
1745 4973 1798 5018 et
1843 4980 1964 5019 cum

401 5050 517 5116 ipso
546 5050 754 5118 pariter
779 5050 933 5118 ejecti
959 5062 1089 5106 sunt
1111 5069 1126 5107 :
1145 5053 1261 5107 sive
1289 5054 1395 5108 alio
1422 5055 1662 5124 quolibet
1685 5055 1972 5110 inenarra-

400 5141 495 5196 bili
527 5143 687 5196 modo
704 5151 760 5197 et
786 5142 886 5198 soli
919 5143 1030 5199 Deo
1059 5145 1276 5215 cognito
1307 5147 1675 5217 unusquisque
1702 5148 1769 5200 de
1805 5159 1970 5214 para-

399 5234 520 5291 diso
544 5245 724 5291 trusus
753 5237 987 5300 videtur,
1023 5247 1079 5293 et
1113 5241 1395 5309 excepisse
1435 5240 1963 5296 condemnationem.

472 5327 527 5407 5.
564 5345 584 5381 α
611 5328 762 5385 Sicut
790 5329 934 5385 enim
957 5345 1058 5402 per
1084 5331 1506 5388 inobedientiam
1533 5332 1692 5387 unius
1723 5331 1963 5386 hominis

472 5481 559 5535 ⁸⁸1
589 5478 737 5536 Petr.
759 5499 802 5546 ι,
825 5483 882 5538 2.
956 5484 1000 5516 ⁸⁷
1030 5470 1171 5539 Psal.
1205 5499 1290 5547 cv,
1321 5484 1377 5538 '5.
1453 5483 1497 5515 ⁸⁸
1527 5484 1655 5552 Sap.
1691 5500 1768 5548 Ix,
1796 5483 1850 5537 6.
1929 5485 1972 5515 "

500 5552 606 5612 24;
634 5551 699 5605 IV
734 5552 868 5612 Reg.
907 5570 970 5612 tl.
1000 5554 1087 5609 Η.
1159 5556 1204 5587 ⁷³
1239 5555 1588 5612 6ειι.111.25.
1618 5553 1710 5608 21.
1787 5556 1831 5586 7“
1861 5553 1976 5608 Ron

2081 5499 2173 5535 im.
2200 5498 2257 5546 v,
2297 5482 2380 5534 l7.
2457 5479 2658 5533 "ibid.
2692 5477 2780 5532 l8.

2080 5570 2112 5612 '.
2143 5553 2230 5607 l9.
2307 5553 2355 5584 ’⁸
2387 5551 2576 5605 Matth.
2616 5563 2735 5612 vm,
2772 5547 2863 5602 Η.

399 5568 453 5618 v,
500 5552 606 5624 ραις
634 5551 699 5624 ιγ
734 5552 868 5624 Reg.
907 5570 970 5620 ιι,
1000 5554 1087 5609 Η.
1159 5556 1204 5587 ⁷³
1239 5551 1710 5621 Gen.m,25,2i.

399 5638 516 5690 xxv,
549 5623 606 5691 4,
637 5623 689 5676 5.

477 5742 588 5816 (£9)
619 5744 786 5819 Alias,
827 5761 847 5796 ι
883 5744 936 5798 id
978 5744 1312 5819 q_uod_modo
1349 5741 1488 5819 [_a_l.,
1520 5756 1540 5791 c
1594 5753 1648 5819 In
1677 5739 1785 5819 hoc
1813 5752 1966 5819 mun-

403 5806 496 5885 do,
522 5834 540 5868 ι
569 5806 686 5884 'at.,
725 5832 744 5867 ι
772 5806 875 5872 hoc
904 5806 1062 5873 modo
1089 5810 1152 5889 ι]
1181 5806 1577 5870 excusabitur.»
1610 5806 1716 5864 Sed
1754 5809 1956 5865 rectius

2074 4591 2274 4648 Omnes
2321 4595 2463 4648 enim
2520 4602 2698 4662 potest
2744 4592 2859 4646 ﬁeri
2891 4601 2950 4646 ut
3000 4593 3371 4660 peccaverint,
3423 4591 3643 4646 etiamsi

2074 4687 2246 4741 sancti
2281 4685 2503 4748 fuerint,
2542 4685 2670 4754 quia
2703 4701 2721 4734 ι
2765 4697 2924 4737 nemo
2951 4685 3183 4736 mundus
3215 4697 3244 4735 a
3267 4683 3446 4745 sorde,
3476 4696 3573 4734 nec
3596 4681 3645 4734 si

2075 4778 2235 4831 unius
2262 4777 2369 4830 diei
2404 4775 2568 4830 fuerit
2600 4775 2708 4829 vita
2749 4775 2867 4844 ejus
2894 4775 2960 4829 ⁷⁷.
2993 4793 3010 4825 ι
3045 4772 3176 4840 Quis
3226 4773 3369 4828 enim
3419 4781 3502 4826 est
3547 4771 3643 4840 qui

2077 4883 2184 4922 non
2217 4875 2312 4919 aut
2346 4866 2398 4919 in
2431 4865 2594 4930 facto,
2622 4873 2714 4918 aut
2745 4864 2800 4918 in
2835 4864 3028 4926 verbo,
3057 4872 3153 4916 aut
3182 4863 3271 4931 qui
3298 4860 3644 4917 cautissimus

2079 4967 2228 5012 certe
2262 4965 2368 5022 est,
2399 4956 2481 5009 vel
2520 4956 2572 5008 iu
2596 4955 2922 5025 cogitatione
2949 4949 3298 5022 peccaverit?
3323 4947 3390 5002 Et
3413 4949 3556 5013 ideo,
3585 4957 3646 5002 ut

2079 5051 2214 5114 dixi,
2241 5062 2496 5118 peccasse
2517 5047 2736 5118 quidem
2763 5059 2954 5100 omnes
3002 5043 3193 5097 merito
3222 5042 3487 5104 dicentur,
3519 5053 3646 5107 pec-

2079 5151 2298 5196 catores
2323 5149 2505 5193 autem
2551 5135 2678 5190 facti
2715 5150 2821 5190 non
2855 5148 3078 5196 omnes;
3133 5133 3225 5186 sed
3256 5128 3431 5183 multi.
3466 5126 3642 5182 Simili

2076 5247 2291 5303 quoque
2314 5231 2484 5286 forma
2507 5237 2562 5284 et
2579 5228 2712 5297 justi
2731 5228 2883 5281 multi
2903 5226 3266 5287 habebuntur,
3293 5237 3400 5276 non
3428 5233 3642 5283 omnes,

2075 5325 2294 5380 etiamsi
2323 5336 2513 5378 omnes
2540 5320 2671 5391 jusﬁ
2718 5319 2922 5388 aliquid
2945 5319 3124 5387 operis
3152 5323 3335 5386 agant.
3365 5312 3510 5367 Bene
3540 5326 3643 5363 au-

3408 5470 3454 5503 ⁷²
3497 5467 3640 5523 Gen.

3457 5537 3502 5572 "
3537 5536 3643 5592 Job

2876 5477 2921 5508 τί
2965 5473 3121 5528 Joan.
3168 5488 3224 5534 x,
3259 5472 3313 5526 9.

2938 5547 2983 5577 ’⁸
3001 5544 3159 5599 Rom.
3193 5558 3246 5608 v,
3275 5542 3360 5597 t2.

2075 5751 2179 5792 ms.
2205 5750 2346 5789 unus
2382 5742 2441 5787 Ill
2470 5749 2524 5788 111
2558 5740 2745 5787 110811⁵0
2777 5740 2945 5788 ιθχῑυ.

2138 5807 2248 5877 (30)
2283 5805 2452 5872 Alias,
2492 5821 2510 5857 ι
2541 5803 2760 5860 dicitur.
2795 5821 2816 5857 ι
