4170 6406
539 298 671 355 1051

1973 296 2293 352 οιιιριςιιιε

3639 302 3781 358 {032

539 427 647 469 tem
680 413 750 467 ab
779 412 1038 480 Apostolo
1059 413 1225 468 etiam
1257 422 1564 484 temporum
1597 413 1735 468 ratio
1768 413 2097 468 custoditur.
2129 415 2174 471 A
2203 411 2378 464 stituti
2417 419 2543 466 sunt
2597 427 2644 464 tr
2693 413 2774 467 ιιί.
2811 431 2830 466 ι
2863 410 2967 468 Ubi
3002 428 3133 470 vero
3178 433 3198 466 ι
3232 417 3600 473 obedientiam
3639 438 3658 471 ι
3693 438 3789 489 ρο-

537 506 672 559 Nam
724 520 844 558 cum
880 505 1080 558 multos
1125 506 1458 560 constitutos
1515 519 1636 559 esse
1679 515 1998 574 peccatores
2038 505 2106 558 ad

536 596 868 666 prmteritum
921 597 1266 661 retulerit",
1296 595 1474 663 justos
1528 597 1942 650 constituendos
1988 610 2112 650 esse

539 686 741 738 multos
768 688 832 738 ad
870 683 1108 738 futurum
1146 687 1422 741 transtulit
1472 695 1706 754 tempus,
1761 687 1938 740 sciens
1991 687 2109 742 sine

535 776 699 829 dubio
723 776 862 841 quod
890 791 1140 844 processu
1166 779 1565 847 prmdicationis
1588 779 1908 846 evangelicae
1925 779 2110 847 justo-

535 883 652 920 rum
677 869 964 922 multitudo
1000 870 1169 938 major
1207 881 1570 925 accresceret.
1595 871 1748 938 Quod
1774 884 1952 926 autem
1974 872 2106 939 justi

536 960 688 1012 multi
723 959 922 1014 fuerint
947 962 1109 1014 etiam
1142 973 1266 1014 ante
1293 962 1597 1018 Salvatoris
1625 965 1919 1018 adventum
1965 965 2105 1020 idem

537 1049 798 1104 Dominus
821 1061 1054 1105 testatur
1078 1052 1128 1105 in
1155 1053 1485 1123 Evangeliis,
1513 1069 1636 1108 cum
1660 1056 1792 1109 dicit
1810 1057 1854 1088 ⁷⁸
1877 1073 1891 1109 :
1913 1075 1932 1108 ι
1956 1057 2106 1110 ΜιιΙιί

534 1141 806 1209 prophetae
854 1152 908 1195 et
936 1143 1066 1210 justi
1100 1145 1389 1212 cupierunt
1429 1147 1614 1198 videre
1667 1162 1786 1215 quae
1817 1148 2033 1202 videtis.
2079 1168 2099 1201 ι

536 1229 642 1284 Sed
672 1231 828 1285 aliter
854 1232 944 1287 hic
981 1235 1176 1289 ιιιιιιιιοε
1199 1235 1333 1289 dicit
1352 1237 1601 1291 Salvator
1627 1238 1828 1306 justos,
1854 1249 1908 1292 et
1941 1241 2105 1296 aliter

532 1323 826 1389 Apostolus
865 1325 1045 1392 posuit
1081 1326 1215 1395 (5i).
1268 1325 1399 1379 Nam
1433 1326 1686 1383 Salvator
1734 1331 2103 1396 apostolorum

534 1429 820 1466 numerum
875 1415 1200 1483 respiciens,
1236 1418 1302 1470 ad
1341 1417 1578 1486 ipsormn
1634 1421 2104 1489 comparationem

531 1501 732 1555 multos
771 1503 909 1556 dixit
947 1505 1122 1573 justos
1163 1514 1218 1557 et
1243 1505 1536 1573 prophetas
1564 1523 1579 1558 :
1611 1506 1663 1558 in
1693 1509 1948 1574 prwseuti
1979 1524 2106 1565 vero

531 1589 650 1644 loco
676 1591 963 1660 Apostolus
989 1597 1188 1648 multos
1213 1595 1277 1647 ad
1305 1595 1542 1648 omnimn
1573 1598 1662 1665 qu'i
1697 1597 1748 1650 in
1776 1599 1878 1652 hoc
1904 1601 2105 1655 nmndo

529 1682 643 1734 nati
678 1691 806 1736 sunt
825 1693 883 1738 et
909 1696 1204 1738 nascentur
1233 1686 1698 1754 comparationem
1719 1687 2103 1760 intelligendus

2218 502 2300 556 nit
2329 521 2348 553 ι
2383 503 2562 566 unius,
2659 519 2764 558 non
2789 504 2961 570 addit,
2992 505 3253 572 hominis,
3278 527 3298 561 ι
3334 525 3433 578 per
3465 525 3626 580 quem
3652 513 3786 580 justi

2216 595 2612 650 constituentur
2646 597 2802 650 multi
2838 598 2978 667 (55).
2997 616 3016 650 ι
3048 598 3148 653 Hic
3175 601 3320 654 enim
3345 616 3441 669 per
3468 619 3632 671 quem
3651 605 3784 672 justi

2217 682 2375 748 fiunt,
2433 685 2555 738 sine
2601 684 2763 739 dubio
2820 685 2936 754 ipsa
2973 686 3183 752 justitia
3228 698 3337 753 est,
3389 690 3531 744 sicut
3557 703 3612 746 et
3643 695 3784 748 idem

2214 772 2502 840 Apostolus
2530 776 2659 830 dicit
2691 776 2759 830 de
2793 776 3014 831 Christo
3048 795 3062 831 :
3101 797 3121 830 ι
3163 778 3265 846 Qui
3301 779 3480 836 factus
3507 793 3592 838 est
3625 787 3786 841 nobis

2210 861 2420 930 justilia
2449 879 2477 917 a
2513 863 2621 918 Deo
2642 865 2712 915 ⁸⁸.
2743 884 2762 917 ι
2811 867 2970 922 Dedit
3022 882 3152 938 ergo
3199 871 3372 924 Adam
3402 877 3783 940 peccatoribus

2217 951 2444 1004 formam
2482 968 2578 1021 per
2608 954 3063 1022 inobedientiam;
3091 958 3340 1014 Christus
3370 976 3498 1016 vero
3529 978 3784 1020 econtra-

2214 1046 2296 1099 rio
2325 1047 2489 1116 justis
2513 1049 2740 1104 formam
2773 1067 2868 1120 per
2897 1052 3266 1110 obedientiam
3310 1061 3516 1124 posuit,
3545 1063 3688 1116 sicut
3727 1076 3785 1119 et

2214 1138 2340 1193 alibi
2393 1141 2655 1211 scriptum
2687 1153 2771 1198 est
2795 1144 2844 1176 ⁸⁸
2873 1159 2887 1196 :
2938 1162 2956 1194 ι
2989 1145 3264 1201 Obedistis
3297 1161 3476 1205 autem
3510 1167 3578 1207 ex
3616 1157 3782 1212 corde

2213 1231 2266 1284 in
2303 1246 2422 1286 eam
2453 1233 2688 1288 formam
2727 1237 3012 1300 doctrinae,
3046 1238 3098 1292 in
3134 1253 3296 1308 quam
3345 1246 3531 1299 traditi
3563 1249 3714 1304 estis.
3755 1268 3776 1302 ι

2213 1319 2503 1390 Propterea
2532 1325 2676 1379 enim
2706 1333 2762 1381 et
2800 1328 2916 1396 ipse
2949 1348 2968 1380 ι
3007 1328 3266 1387 obediens
3299 1332 3477 1390 factus
3501 1347 3583 1392 est
3609 1355 3780 1409 usque

2213 1413 2279 1466 ad
2321 1426 2545 1469 mortem
2571 1416 2640 1481 ⁸⁷,
2682 1436 2701 1468 ι
2755 1429 2812 1471 ιιι
2843 1422 2932 1488 qui
2963 1423 3289 1478 obedientiae
3316 1425 3439 1495 ejus
3475 1442 3779 1498 sequuntur

2210 1508 2539 1576 exemplum,
2557 1509 2691 1575 justi
2717 1515 3121 1570 constituantur
3148 1517 3215 1572 ab
3241 1518 3356 1588 ipsa
3385 1519 3617 1588 justitia,
3635 1525 3779 1579 sicut

2213 1596 2284 1649 illi
2331 1599 2711 1658 inobedientize
2744 1602 2975 1660 formam
3019 1619 3310 1678 sequentes
3335 1613 3619 1670 constituti
3650 1629 3780 1673 snt

2210 1697 2539 1752 peccatores.

529 1781 618 1828 est
639 1787 945 1830 revocasse.
972 1773 1144 1843 Igitur
1167 1793 1187 1827 ι
1225 1791 1322 1846 per
1346 1777 1506 1831 unius
1531 1777 1951 1834 inobedientiam
1982 1797 2106 1851 pec-
2135 1767 2178 1822 Β
2279 1772 2335 1826 6-
2371 1791 2390 1825 ε
2439 1774 2551 1829 L8!
2611 1786 2794 1833 alllem
2834 1781 2945 1852 (36)
2977 1783 3328 1853 30binlraVit,
3361 1797 3420 1843 ut
3473 1790 3776 1850 abundaret

529 1871 748 1918 catores
779 1865 1061 1920 constituti
1082 1876 1213 1921 sunt
1227 1869 1383 1920 multi
1400 1865 1470 1932 ⁸ο,
1492 1871 1822 1922 isecundum
1856 1884 1974 1924 eam
2004 1873 2105 1926 οι)-

530 1954 865 2008 servantiam
897 1955 1050 2008 multi
1078 1964 1398 2023 peccatores
1429 1945 1788 2028 intelligendi,
1819 1974 1980 2030 quam
2017 1980 2108 2018 su-

529 2059 626 2112 pra
667 2044 736 2098 de
791 2055 1052 2112 peccante
1094 2055 1150 2100 et
1175 2055 1465 2114 peccatore
1489 2050 1834 2117 protulimus.
1876 2051 2028 2118 Quod
2060 2056 2104 2110 si

528 2135 651 2204 quis
675 2135 829 2189 nobis
849 2136 1072 2204 objiciat
1105 2137 1236 2193 illud
1267 2141 1410 2208 quod
1455 2139 1523 2194 de
1553 2155 1613 2195 se
1643 2142 1762 2212 ipso
1800 2142 1931 2197 dicit
1969 2145 2108 2214 Apo-

529 2224 703 2279 stolus
735 2241 752 2277 :
792 2244 812 2277 ι
861 2226 997 2291 Quia
1023 2227 1278 2290 Christus
1307 2227 1466 2283 Jesus
1497 2231 1645 2284 venit
1679 2232 1732 2284 in
1760 2231 1902 2287 hunc
1951 2250 2108 2287 mun—

446 2363 454 2370 .
529 2318 654 2371 dum
680 2315 794 2386 (52)
827 2329 1143 2386 peccatores
1175 2320 1356 2375 salvos
1379 2321 1589 2390 facere,
1625 2337 1855 2392 quorum
1895 2326 2105 2394 primus

527 2423 626 2476 ego
647 2423 764 2463 sum
781 2407 884 2473 3‘,»
907 2411 1060 2478 quasi
1077 2413 1242 2465 etiam
1267 2427 1326 2467 se
1352 2422 1695 2482 peccatorem
1726 2414 1907 2470 dicere
1929 2417 2108 2470 videa-

530 2511 638 2560 tur,
667 2499 910 2556 dicemus
951 2502 1098 2571 quod
1129 2503 1272 2557 aliud
1304 2513 1387 2559 est
1416 2518 1484 2558 ex
1520 2518 1753 2574 persona
1784 2505 2102 2576 Scripturze,

525 2593 610 2648 vel
634 2595 929 2665 prophetae,
952 2595 1036 2649 vel
1071 2596 1279 2651 Domini
1327 2597 1561 2668 aliquem
1600 2608 1937 2667 peccatorem
1965 2599 2107 2654 desi-

526 2689 702 2754 gnari,
735 2688 877 2742 aliud
897 2688 1208 2758 estjustum
1240 2689 1414 2760 ipsum
1452 2690 1530 2744 su’
1553 2681 1676 2743 'fieri
1709 2699 2103 2758 accusatorem,

523 2790 580 2832 et
609 2777 900 2833 humiliare
930 2781 1283 2851 semetipsum
1309 2791 1368 2834 ut
1389 2787 1662 2834 excitetur
1687 2795 1717 2835 a
1742 2780 1884 2847 Deo;
1911 2796 2106 2851 quam-

525 2869 608 2923 vis
641 2878 696 2922 et
721 2867 921 2924 Paulus
954 2870 1005 2923 iu
1041 2884 1107 2924 eo
1154 2872 1298 2942 quod
1347 2872 1481 2927 dicit
1514 2881 1861 2942 persecutum
1893 2887 1953 2928 se
1984 2887 2106 2928 esse

524 2958 823 3015 Ecclesiam
851 2961 970 3026 Dei,
995 2971 1050 3016 et
1076 2978 1419 3031 expugnasse
1445 2979 1589 3030 eam,
1622 2974 1677 3019 et
1703 2963 1936 3019 traxisse
1957 2963 2104 3020 viros

526 3067 591 3106 ac
617 3055 890 3118 mulieres,
919 3055 1052 3109 etin
1079 3055 1295 3109 vincula
1329 3054 1655 3123 conjecisse,
1689 3057 1820 3112 licet
1843 3057 2101 3127 ignoran—

573 3105 585 3106 κ
926 3105 970 3109 --
1335 3105 1655 3123 προ-νη--.
1689 3105 1820 3112 ﬂ---
1844 3105 2067 3127 -υ--π-η-

527 3144 600 3198 tia
631 3145 744 3200 haec
776 3144 990 3211 fecerit,
1026 3157 1083 3200 et
1119 3147 1560 3202 misericordiam
1587 3157 1910 3204 consecutus
1933 3149 2005 3203 sit
2030 3147 2099 3214 ⁸⁸,
2128 3105 2174 3168 C

527 3246 706 3292 tamen
737 3253 858 3292 cum
880 3238 997 3293 haec
1024 3239 1230 3293 faceret
1251 3256 1357 3295 non
1388 3241 1666 3295 immerito
1695 3240 1942 3295 fortassis
1971 3255 2100 3310 pec—

524 3337 768 3381 calorem
798 3343 855 3382 se
887 3329 992 3384 dici
1023 3331 1279 3385 debuisse
1305 3330 1560 3385 fateatur.
1595 3329 1666 3385 Ut
1695 3341 1876 3385 autem
1913 3331 2101 3384 distin-

524 3420 725 3474 ctionis
779 3419 939 3488 hujus
974 3436 1137 3491 quam
1188 3422 1440 3476 dedimus
1493 3423 1638 3477 inter
1687 3433 2005 3492 peccantem
2045 3431 2100 3476 et

524 3519 864 3578 peccatorem
902 3525 1043 3576 esse,
1083 3513 1389 3566 evidentior
1418 3513 1591 3566 adhuc
1618 3512 1729 3585 (35)
1763 3513 1904 3567 ratio
1925 3511 2101 3567 clare-

524 3613 662 3666 scat,
701 3603 823 3657 vide
856 3602 1008 3667 Cain,
1040 3604 1131 3673 qui
1188 3619 1310 3658 cum
1370 3603 1660 3659 manifeste
1696 3615 1955 3674 peccator
1993 3608 2090 3670 sit,

527 3693 659 3748 fecit
691 3693 1099 3762 tamen.aliquid
1129 3703 1337 3749 rectum
1375 3713 1388 3749 :
1421 3706 1643 3765 prepter
1663 3697 1807 3766 quod
1844 3697 2100 3750 Dominus

527 3788 594 3840 ad
647 3801 771 3841 eum
819 3787 1001 3842 dixit:
1039 3805 1058 3838 ι
1089 3787 1145 3842 Si
1191 3797 1339 3843 recte
1392 3788 1680 3844 offeras“.
1717 3808 1737 3843 ι
1766 3789 1833 3844 Ει
1884 3788 2098 3844 Pharao

526 3892 649 3930 cum
675 3877 809 3931 dicit
839 3891 853 3929 :
896 3895 914 3930 ι
951 3877 1210 3932 Dominus
1231 3877 1450 3948 justus;
1496 3893 1600 3949 ego
1633 3889 1816 3933 autem
1847 3889 1902 3934 et
1927 3895 2093 3950 popu-

525 3967 611 4021 lus
645 3981 796 4021 meus
833 3967 982 4037 impii
1008 3966 1056 4000 ³⁸
1090 3965 1156 4022 τι
1181 3966 1388 4038 justum
1437 3969 1641 4037 aliquid
1673 3968 1824 4033 fecit,
1860 3972 1956 4023 sed
1990 3985 2095 4024 non

525 4075 592 4114 ex
627 4061 727 4114 hoc
752 4060 929 4128 justus
950 4061 1174 4118 dicitur.
1211 4061 1273 4115 Et
1318 4059 1486 4114 multa
1516 4061 1828 4130 hujusmodi
1863 4063 1914 4115 in
1949 4062 2098 4116 Scri-

528 4152 703 4220 pturis
737 4151 934 4207 divinis
991 4150 1258 4215 invenies,
1291 4167 1356 4207 ex
1405 4152 1602 4222 quibus
1642 4162 1698 4207 et
1731 4153 1939 4222 justum
1971 4167 2098 4222 pec-

525 4257 681 4296 casse
715 4241 937 4309 aliquid,
989 4250 1044 4298 et
1093 4253 1437 4314 peccatorem
1490 4246 1621 4315 justi
1673 4246 1875 4315 aliquid
1921 4244 2096 4314 egisse

525 4334 900 4402 deprehendas
936 4351 950 4388 :
984 4349 1084 4389 nec
1114 4346 1294 4390 tamen
1323 4345 1415 4389 aut
1453 4335 1658 4403 justum
1706 4336 1840 4408 (54),
1869 4339 2015 4406 quod
2043 4337 2094 4388 in

525 4425 706 4493 aliquo
737 4427 1068 4494 peccaverit,
1106 4437 1452 4496 peccatorem
1485 4428 1725 4494 dictum;
1759 4437 1868 4480 aut.
1897 4441 2093 4494 pecca-
2126 4457 2172 4511 Β

530 4529 726 4581 torem,
775 4519 917 4586 quod
957 4519 1320 4588 aliquidjusti
1371 4520 1570 4588 egerit,
1613 4517 1821 4587 justum
1852 4518 2097 4572 invenies

528 4609 876 4678 appellatum.
908 4611 1104 4665 Verum
1132 4625 1199 4664 ne
1239 4609 1368 4664 illud
1407 4610 1626 4680 quidem
1658 4611 1925 4666 intentum
1956 4625 2096 4680 prae-

528 4708 699 4753 tereat
727 4701 1051 4766 auditorem,
1085 4701 1228 4770 quod
1259 4699 1351 4754 ubi
1395 4718 1414 4752 ι
1456 4700 1875 4754 inobedientiam
1904 4700 2090 4753 unius:

526 4787 680 4852 dicit,
709 4789 860 4842 addit
892 4798 946 4844 et
966 4807 985 4841 ‹
1011 4788 1267 4853 hominis,
1292 4804 1391 4856 per
1423 4805 1586 4858 quem
1617 4781 1934 4859 peccatores
1969 4804 2100 4844 con-

2210 1863 2490 1954 delictum.
2527 1867 2628 1923 Ubi
2663 1879 2843 1926 autem
2880 1873 3504 1948 abundavitpeccatum,
3548 1899 3776 1954 supera-

2207 1951 2468 2009 bundavit
2500 1958 2706 2026 gratia,
2764 1968 2822 2014 ut
2873 1962 3015 2017 sicut
3079 1968 3331 2036 regnaVit
3382 1951 3664 2037 peccatum
3717 1974 3772 2028 in

2208 2052 2458 2108 mortem,
2487 2044 2561 2099 ita
2594 2055 2648 2101 et
2670 2049 2844 2117 gratia
2879 2061 3073 2122 regnet
3100 2068 3199 2124 per
3215 2055 3481 2127 justitiam
3516 2061 3569 2114 in
3605 2063 3772 2119 vitam

2205 2140 2488 2198 mternam,
2517 2149 2613 2204 per
2629 2136 2810 2192 Jesum
2827 2138 3100 2196 Christum
3113 2143 3728 2206 Dominumnostrum“.
3745 2169 3764 2202 ι

2208 2219 2263 2274 Si
2295 2223 2508 2291 quidem
2545 2236 2831 2297 antequam
2861 2229 2945 2285 lex
2978 2248 3073 2302 per
3093 2232 3310 2305 Moysen
3337 2245 3558 2291 daretur
3608 2254 3772 2296 nemo

2208 2323 2511 2380 peccasset,
2540 2317 2788 2373 volentes
2811 2335 3070 2376 accusare
3095 2323 3264 2394 legem
3297 2341 3363 2380 ex
3404 2327 3487 2383 his
3527 2329 3772 2399 Apostoli

2204 2401 2385 2456 verbis
2415 2403 2655 2460 Marcion
2688 2419 2745 2463 et
2773 2412 2954 2466 caeteri
3001 2413 3243 2468 haeretici
3289 2418 3632 2474 occasionem
3674 2437 3773 2475 ca-

2206 2505 2333 2559 pere
2361 2494 2700 2563 viderentur,
2755 2507 3016 2570 tanquam
3049 2502 3214 2575 558
3253 2507 3365 2561 haec
3411 2507 3577 2564 fuerit
3603 2525 3772 2567 causa

2203 2583 2343 2638 datae
2359 2583 2511 2654 legis,
2537 2598 2596 2642 ιιι
2616 2601 2918 2658 peccatum,
2938 2597 3078 2663 quod
3104 2608 3229 2652 ante
3256 2597 3426 2668 legem
3445 2616 3550 2655 non
3573 2601 3770 2670 fuerat,

2203 2676 2524 2732 abundaret.
2555 2678 2661 2735 Sed
2704 2683 2892 2737 nescio
2931 2687 3076 2754 quod
3119 2697 3334 2759 tempus
3367 2691 3646 2748 inveniant
3675 2710 3772 2749 va-

2203 2780 2362 2821 cuum
2393 2771 2626 2836 peccatis
2648 2783 2774 2826 ante
2797 2775 2990 2846 legem.
3015 2777 3241 2844 Quando
3262 2782 3622 2840 interficiebat
3639 2785 3774 2845 Cain.

2203 2854 2358 2923 Abel,
2386 2868 2442 2913 et
2473 2868 2673 2915 terram
2707 2862 2950 2920 fraterno
2971 2871 3233 2940 sanguine
3270 2872 3561 2942 polluebat,
3597 2879 3670 2930 ita
3717 2886 3774 2932 u‘

2203 2945 2474 3005 diceretur
2497 2952 2564 3007 ad
2587 2968 2731 3022 eum,
2752 2973 2771 3008 ι
2796 2955 3076 3015 Maledicta
3096 2969 3237 3016 terra
3264 2964 3326 3017 ιιι-
3340 2979 3503 3034 opere
3524 2977 3616 3022 tuo
3634 2968 3772 3041 (57),

2203 3051 2322 3107 quae
2353 3042 2569 3110 aperuit
2597 3057 2660 3099 os
2681 3060 2838 3100 suum
2870 3053 3250 3121 utsusciperet
3295 3059 3618 3123 sanguinem
3657 3059 3772 3115 fra-

2211 3129 2310 3184 tris
2341 3131 2416 3185 tui
2447 3130 2515 3199 θ’,
2554 3152 2575 3186 ι
2611 3150 2716 3190 non
2748 3138 3058 3194 abundabat
3098 3147 3421 3212 peccatum?
3448 3149 3774 3206 Abundabat

2208 3218 2384 3288 plane.
2426 3222 2565 3290 Quid
2589 3227 2734 3280 enim
2763 3243 2884 3282 cum
2926 3228 3038 3299 (5'8)
3068 3241 3122 3286 et
3156 3235 3406 3291 homines
3433 3239 3776 3296 abundarent

2208 3311 2290 3364 vel
2326 3320 2457 3367 tunc
2505 3329 2628 3369 cum
2660 3317 2876 3373 dicebat
2909 3319 3183 3379 Lamech:
3215 3342 3235 3377 ι
3271 3324 3455 3380 Virum
3501 3331 3674 3386 occidi
3718 3333 3773 3387 iu

2205 3402 2428 3459 vulnere
2455 3421 2593 3472 meo,
2629 3419 2685 3463 et
2701 3409 2952 3478 juvenem
2985 3413 3038 3467 in
3073 3415 3242 3472 livore
3270 3420 3434 3473 meo?
3455 3419 3523 3474 Et
3551 3422 3616 3476 de
3637 3422 3770 3478 Cain

2207 3495 2422 3563 quidem
2473 3498 2801 3555 vindicatum
2853 3515 2935 3558 est
2975 3507 3195 3576 septies,
3237 3510 3305 3564 de
3350 3509 3587 3568 Lamech
3642 3530 3773 3570 vero

2207 3588 2510 3658 septuagies
2539 3592 2739 3660 septies
2759 3593 2825 3646 ⁹⁰.
2853 3613 2873 3646 ι
2905 3595 3015 3651 Noe
3049 3612 3180 3652 vero
3214 3603 3546 3670 temporibus
3572 3603 3624 3657 in
3652 3617 3774 3659 tau-

2209 3685 2319 3731 tmu
2345 3681 2641 3736 abundavit
2669 3683 2941 3751 delictum,
2973 3697 3032 3742 ut
3064 3708 3082 3740 ι
3115 3691 3325 3753 videns,
3357 3693 3550 3761 inquit,
3589 3696 3774 3750 Domi-

2206 3784 2310 3825 nus
2335 3773 2458 3839 quia
2491 3774 2857 3844 multiplicatae
2886 3789 3014 3834 sunt
3043 3781 3263 3838 malitia:
3302 3784 3584 3840 hominum
3609 3803 3774 3858 super

2205 3865 2428 3927 terram,
2453 3873 2506 3917 et
2533 3867 2711 3922 omnis
2745 3868 2907 3926 homo
2944 3888 3039 3928 eor
3075 3889 3230 3929 suum
3270 3876 3559 3947 diligenter
3596 3895 3768 3951 appo-

2205 3950 2311 4002 suit
2347 3950 2398 4004 in
2423 3953 2624 4008 malitia
2655 3958 2904 4014 omnibus
2926 3961 3113 4017 diebus
3143 3964 3266 4019 vitae
3285 3978 3416 4031 suae,
3449 3950 3770 4038 recogitavit

2204 4039 2462 4097 Dominus
2495 4045 2622 4114 quia
2659 4047 2864 4104 fecerat
2916 4051 3190 4109 hominem
3247 4070 3414 4126 super
3453 4067 3674 4123 terram,
3714 4070 3774 4114 et

2204 4135 2455 4200 ptenituit
2498 4136 2552 4191 in
2590 4141 2754 4196 corde
2779 4157 2900 4210 suo,
2945 4154 3002 4200 et
3047 4147 3183 4200 dixit
3214 4165 3229 4201 :
3261 4148 3462 4204 Delebo
3489 4151 3764 4207 hominem

2203 4237 2360 4290 quem
2385 4225 2486 4282 feci
2517 4244 2547 4282 a
2575 4228 2710 4286 facie
2739 4242 2920 4300 terras,
2945 4238 3013 4291 ab
3035 4238 3256 4296 homine
3282 4256 3456 4310 usque
3489 4243 3555 4297 ad
3577 4259 3765 4314 pecus,

2203 4323 2256 4366 et
2279 4331 2306 4366 ιι
2337 4317 2616 4386 reptilibus
2639 4337 2809 4392 usque
2833 4326 2900 4379 ad
2929 4341 3054 4382 aves
3084 4329 3236 4394 cteli,
3266 4331 3519 4400 quoniam
3539 4331 3770 4401 ptenitet

2205 4422 2290 4460 me
2328 4409 2465 4477 quod
2492 4410 2712 4467 fecerim
2731 4429 2824 4469 eos
2846 4415 2915 4470 οι.
2949 4433 2969 4468 ι
2996 4417 3060 4472 Et
3101 4421 3320 4485 iterum,
3351 4436 3474 4475 cmn
3511 4424 3712 4476 dicitur
3744 4439 3760 4475 :

2210 4515 2228 4546 ‹
2261 4498 2524 4570 Corrupta
2554 4513 2639 4558 est
2685 4513 2828 4559 terra
2859 4505 2912 4561 in
2966 4521 3259 4579 conspectu
3291 4511 3532 4579 Domini,
3574 4524 3630 4569 et
3679 4531 3764 4570 re-

2204 4591 2343 4658 pleta
2373 4601 2456 4646 est
2488 4602 2631 4648 terra
2659 4595 3056 4666 iniquitatibus.
3086 4601 3150 4654 Et
3183 4603 3317 4656 vidit
3361 4603 3505 4658 Deus
3535 4614 3762 4670 terram,

2198 4693 2254 4737 et
2276 4695 2391 4740 erat
2417 4699 2674 4760 corrupta
2712 4691 2891 4758 valde,
2923 4695 3048 4762 quia
3081 4709 3401 4767 corruperat
3429 4702 3608 4755 cumis
3637 4717 3766 4757 caro

2201 4781 2344 4832 viam
2373 4794 2525 4834 suam
2552 4797 2716 4852 super
2747 4792 2949 4839 terram
2972 4788 3038 4841 ".
3066 4807 3084 4840 ι
3119 4791 3251 4856 Quis
3280 4808 3408 4864 ergo
3439 4805 3525 4850 est
3553 4797 3624 4851 ita
3649 4807 3766 4852 sto—

595 4923 643 4998 "_"
658 4923 1031 4998 Rom.v,i9.u
1061 4925 1110 4998 τί
1131 4925 1318 4980 Matth.
1339 4925 1582 4998 xttt,l7__;
1603 4925 1752 4998 _L_uc.
1780 4925 1944 4998 angi.
2017 4925 2105 4998 3°}

2207 4940 2239 4976 ι.
2270 4937 2322 4982 v,
2353 4919 2450 4998 19;
2502 4919 2750 4998 "_I_'_I:i_m._
2775 4921 2952 4998 Ι,15.⁸
2993 4924 3230 4998 “Calat.
3253 4943 3294 4992 ι,
3322 4929 3423 4992 13ς
3451 4930 3574 4984 Act.
3605 4948 3678 4994 Ix,
3706 4935 3763 4987 2.

526 4991 572 5022 ⁸³
597 4993 734 5049 Gen.
765 5010 837 5060 tv,
868 4995 920 5049 7.
996 4994 1042 5027 “
1076 4995 1243 5049 Exod.
1275 5012 1349 5056 ιιι,
1370 4995 1462 5051 27.
1523 4995 1569 5026 ⁸⁸
1601 4996 1766 5050 lCor.
1798 5012 1836 5059 l,
1859 4995 1948 5048 5t).
2023 4995 2069 5025 '“

2207 5010 2258 5064 u.
2287 4989 2474 5064 vt,_i7.
2549 4989 2592 5022 ⁸⁷
2617 4991 2812 5061 Philip.
2833 5008 2892 5059 tl,
2923 4993 2977 5047 8.
3051 4995 3096 5026 ⁸⁸
3118 4989 3358 5064 Bouh—tl,
3389 4989 3479 5054 20.
3556 5002 3601 5033 δ’
3622 4989 3763 5059 (itan.

527 5079 601 5131 ιν,
634 5065 725 5131 ιι,
758 5065 846 5119 l2.
921 5065 966 5098 ὀ
991 5066 1122 5121 ibid.
1161 5065 1372 5131 25,24.
1429 5064 1635 5120 "Gen.
1668 5081 1742 5132 τι,
1772 5065 1828 5130 5,
1860 5067 1912 5123 9.
1982 5064 2031 5096 θ’
2057 5066 2105 5120 ib

2220 5060 2421 5123 11,12.

597 5183 712 5251 (51)
750 5184 920 5248 Alias,
955 5201 974 5235 ι
1011 5183 1161 5237 dicit.
1201 5201 1221 5235 ι

597 5249 708 5326 (52)
751 5253 916 5326 ξιιίιι,
946 5271 966 5304 ι
1009 5255 1199 5326 iu_l_toc
1226 5251 1446 5326 mundo,
1485 5269 1504 5302 ι
1543 5249 1705 5306 male.

597 5323 710 5393 (3’5)
753 5323 915 5389 Editi,
946 5341 965 5374 ι
1004 5323 1286 5393 evi_deuter
1308 5324 1507 5375 adhuc.
1539 5338 1569 5393 _r

597 5388 710 5460 (54)
753 5394 844 5446 Sic
903 5388 1034 5446 mss.
1071 5391 1213 5444 Editi
1269 5406 1422 5455 vero,
1459 5407 1480 5442 ι
1519 5388 1929 5462 deprehendes;
1987 5404 2090 5444 nec

529 5472 707 5514 tamen
732 5463 961 5531 juslum,
1010 5481 1029 5514 ι
1064 5475 1174 5514 etc.

597 5531 708 5601 (55)
735 5529 844 5584 ὐὺί
869 5547 988 5585 vero
1016 5531 1363 5601 obedientiam
1391 5531 1537 5597 ponit
1560 5530 1740 5601 unius,
1782 5546 1889 5583 non
1917 5529 2087 5601 addit,

527 5599 774 5680 hominis,
800 5600 1224 5680 perguemjusti
1252 5599 1793 5680 constituenturlal"
1820 5600 2089 5680 constituti

526 5667 673 5738 sunt]
704 5667 873 5726 multi.
905 5667 1030 5726 Haec
1049 5667 1428 5730 desiderantur
1454 5671 1505 5726 in
1537 5667 1692 5726 libris
1714 5682 1872 5725 antea
1902 5670 2088 5724 editis.

2269 5175 2382 5246 (56)
2540 5191 2729 5257 omnes
2755 5181 3101 5257 mss._nostri.
3123 5182 3261 5238 Editi
3290 5200 3436 5252 vero,
3454 5201 3761 5257 perperam,

2204 5264 2224 5296 ι
2255 5257 2315 5299 ιιι
2341 5245 2429 5314 qui
2462 5247 2859 5322 inobedientite
2886 5248 3127 5322 formam,
3147 5245 3435 5322 sequentes
3454 5245 3759 5315 'consututi

2193 5325 2320 5369 sunt
2350 5328 2682 5384 peccatores,
2704 5319 3068 5374 obedientiam
3091 5319 3291 5378 Christi
3317 5324 3594 5380 imitantes
3618 5329 3754 5382 salvi

2193 5388 2342 5439 liaut.
2369 5385 2476 5439 Lex
2507 5395 2711 5445 autem,
2753 5405 2771 5437 ι
2806 5398 2914 5442 etc.

2227 5525 2237 5536 .
2267 5454 2377 5526 (57)
2421 5454 2486 5509 In
2509 5471 2659 5523 apere
2687 5466 2798 5511 tuo.
2832 5458 2955 5514 Haec
2975 5459 3171 5515 desunt
3203 5461 3258 5515 in
3283 5461 3464 5529 editis,
3492 5475 3548 5519 et
3575 5464 3628 5519 iu
3651 5464 3763 5537 plc-

2193 5541 2378 5594 risque
2411 5541 2538 5581 mss.

2192 5679 2242 5720 Cl
2263 5592 2374 5718 (ΞΒ)
2529 5595 2729 5654 rectius
2760 5612 2864 5655 ms.
2889 5615 3043 5656 unus.
3072 5598 3178 5656 Alii
3207 5615 3357 5672 vero,
3393 5620 3414 5658 ι
3452 5614 3509 5661 οι
3538 5607 3759 5677 quidem

2243 5681 2256 5717 ι
2322 5703 2336 5720 .
2373 5683 2391 5718 ι
2513 5707 2526 5720 ,

2243 5681 2336 5730 nn,
2373 5683 2391 5718 ι
2423 5681 2526 5723 etc.
