4170 6378
392 322 532 380 ιωε

1387 316 1742 375 (ῙΟΜΜΕΝΤ.
1781 315 1846 371 IN
1875 312 2093 371 EPIST.
2130 314 2218 367 AD
2246 312 2415 369 ROM.
2451 312 2575 367 LIB.
2607 309 2671 365 Ἴ.

3530 317 3668 375 10ῖὸ

395 438 555 500 lidus,
591 437 683 504 qui
717 436 772 490 in
805 435 893 490 his
924 434 1181 491 omnibus
1226 444 1393 505 neget
1443 435 1751 490 abundasse
1781 449 1976 503 pecca-
2010 439 2055 494 Α
2083 429 2258 486 Adam
2294 430 2561 485 accidisse
2586 430 2845 485 videntur
2883 432 3140 496 adversa,
3168 442 3225 487 et
3250 433 3421 489 multo
3453 437 3663 504 majora

395 528 550 585 tum?
581 526 677 582 Vel
721 536 872 583 certe
903 543 1025 582 cum
1060 528 1127 581 de
1175 526 1474 581 Sodomitis
1507 526 1709 581 dicitur
1735 542 1764 580 a
1814 527 1922 579 Deo
1957 542 1971 579 :

400 640 421 675 ι
460 620 722 675 Descendi
759 629 817 674 ιιι
848 620 1086 674 viderem
1112 619 1156 673 si
1190 617 1493 673 secundum
1540 617 1839 672 clamorem
1881 616 1981 672 So-

398 708 1202 764 domitarumconsummantur
1242 706 1559 776 iniquitates
1609 723 1798 763 eorum
1825 707 1911 774 '3;
1955 727 1972 759 ι

398 797 482 852 vel
514 812 638 853 cum
664 798 1159 852 circumsteterunt
1216 797 1437 850 domum
1471 796 1592 861 Lot,
1629 797 1981 866 impudicitiae

397 903 510 943 suae
533 889 713 945 scelus
742 889 906 944 etiam
941 889 994 943 in
1023 888 1245 957 angelos
1276 888 1562 945 molientes
1589 888 1682 944 ⁸θῖ
1708 890 1819 943 Aut
1853 898 1980 945 tunc

400 980 631 1035 fortasse
679 997 787 1035 non
839 982 1154 1036 abundabat
1211 990 1537 1051 peccatum,
1589 998 1710 1037 cum
1769 981 1982 1037 Pharao

400 1072 674 1141 amigebat
728 1075 870 1129 ﬁlios
903 1073 1069 1129 Israel
1121 1074 1176 1129 in
1227 1075 1338 1131 luto
1390 1085 1444 1130 et
1478 1076 1667 1141 latere,
1720 1083 1776 1131 et
1817 1085 1981 1129 natos

399 1178 589 1220 eorum
618 1168 797 1221 necnri
825 1166 1052 1234 jubebat
1099 1167 1213 1238 (39)
1248 1168 1300 1221 in
1326 1165 1551 1222 ﬂumine
1566 1168 1611 1199 ⁹⁸
1640 1167 1664 1220 ?
1698 1167 1764 1222 Et
1793 1169 1982 1236 utique

410 1259 655 1313 nondum
704 1258 873 1331 Moysi
909 1259 994 1313 lex
1041 1261 1470 1326 subintraverat,
1517 1274 1641 1314 cum
1681 1260 1799 1314 hate
1833 1268 1979 1313 tanta

402 1365 749 1425 peccatorum
780 1356 929 1410 labes
961 1354 1368 1410 diffundebatur
1394 1355 1448 1409 in
1472 1362 1641 1409 terra.
1682 1354 1761 1408 Ex
1786 1352 1983 1423 quibus

400 1448 697 1516 colligitur,
732 1447 1023 1502 haereticos
1047 1462 1186 1516 quos
1213 1461 1377 1517 supra
1416 1445 1677 1510 diximus,
1702 1444 1789 1498 vel
1817 1444 1861 1499 si
1888 1443 1980 1513 qui

401 1548 528 1594 Sttttl.
561 1538 654 1609 qui
684 1555 804 1592 cttm
837 1538 941 1593 illis
965 1538 1077 1610 (40)
1108 1540 1224 1594 haec
1247 1540 1312 1594 de
1341 1537 1505 1608 Moysi
1536 1537 1652 1605 lege
1674 1536 1815 1591 dicta
1859 1551 1983 1590 sus-

399 1632 633 1698 cipiant,
687 1646 755 1685 ne
804 1630 994 1684 leviter
1051 1631 1269 1700 quidem
1336 1628 1695 1700 apostolicum
1743 1641 1971 1681 sensum

401 1722 643 1792 potuisse
669 1721 1005 1791 contingere.
1042 1719 1214 1791 Magis
1269 1734 1400 1788 ergo
1452 1718 1583 1773 illud
1621 1718 1674 1770 in
1702 1715 1807 1771 hoc
1855 1716 1979 1770 loco

2081 524 2321 579 ostendit
2360 537 2480 579 esse
2526 538 2648 593 quae
2697 540 2791 592 per
2815 526 3043 593 gratiam
3079 522 3281 581 Christi
3327 527 3394 582 ad
3424 529 3664 585 medium

2081 613 2278 669 collata
2308 624 2436 668 sunt
2468 629 2479 665 :
2505 614 2633 668 etin
2665 615 2915 684 praesenti
2936 614 3054 670 loco
3076 631 3197 670 cum
3230 618 3463 675 dixisset
3488 621 3667 677 abun-

2083 707 2242 761 dasse
2292 716 2601 776 peccatum,
2640 721 2894 762 sermone
2925 708 3241 778 dignissimo
3273 725 3405 767 usus
3441 721 3526 767 est
3555 729 3668 783 quo

2084 797 2478 852 abundantiam
2516 797 2783 862 vinceret,
2834 808 2890 853 et
2921 800 3479 868 superabundantiam
3506 817 3670 873 pone-

2083 896 2183 941 ret.
2219 887 2692 957 Superabundavit
2731 899 2912 944 autem
2975 895 3149 962 gratia
3209 893 3412 952 Christi
3474 897 3529 952 in
3559 912 3666 964 eo,

2083 989 2271 1035 utnon
2294 980 2469 1035 solum
2500 995 2530 1034 a
2558 981 2854 1051 przeteritis
2893 986 3134 1052 peccatis
3160 987 3474 1045 absolveret
3500 990 3672 1045 homi-

2085 1085 2228 1134 nem,
2258 1085 2449 1125 verum
2472 1072 2638 1125 etiam
2667 1074 3032 1127 communiret
3064 1089 3095 1128 a
3131 1075 3352 1132 l‘uturis.
3384 1079 3667 1149 Siquidem

2086 1163 2192 1216 duo
2216 1162 2461 1231 quaedam
2497 1177 2665 1234 regna
2712 1165 2953 1220 ostendit
2983 1167 3037 1222 in
3063 1168 3284 1224 homine
3320 1187 3335 1225 :
3367 1187 3533 1226 unum
3559 1187 3671 1244 quo

2082 1263 2366 1323 peccatum
2401 1255 2453 1308 in
2483 1265 2714 1310 mortem
2739 1257 3018 1324 regnavit;
3057 1259 3199 1315 aliud
3233 1275 3340 1331 quo
3370 1264 3540 1332 gratia
3573 1280 3672 1336 per

2078 1345 2343 1413 justitiam
2393 1355 2585 1416 regnet
2617 1348 2670 1402 in
2702 1349 2894 1405 vitam.
2925 1348 3114 1406 Gratia
3148 1368 3279 1425 ergo
3319 1366 3403 1410 est
3435 1373 3557 1428 quae
3602 1361 3670 1413 de

2086 1450 2256 1507 regno
2307 1451 2428 1504 suo,
2484 1438 2535 1492 id
2586 1449 2691 1506 εει,
2740 1440 2809 1496 de
2845 1440 3106 1497 membris
3138 1446 3342 1501 nostris
3385 1457 3668 1516 peccatum

2085 1530 2246 1599 ejecit
2275 1539 2329 1586 et
2359 1531 2588 1601 expulit,
2638 1547 2763 1588 cum
2821 1548 2929 1604 quo
2972 1537 3287 1594 necessario
3319 1541 3484 1596 etiam
3522 1558 3670 1600 mors

2084 1621 2219 1677 exiit
2248 1622 2455 1692 pariter
2484 1632 2539 1678 et
2567 1624 2795 1695 expulsa
2828 1637 2912 1681 est
2944 1626 3080 1698 (46),
3106 1640 3165 1682 ut
3196 1629 3269 1684 ita
3301 1632 3519 1689 demum
3574 1652 3669 1692 re-

2086 1726 2250 1781 gnum
2282 1712 2384 1767 sibi
2428 1713 2483 1768 in
2517 1715 2674 1770 nobis
2699 1717 2875 1786 gratia
2904 1732 3003 1787 per
3032 1718 3304 1785 justitiam
3337 1722 3666 1792 vindicaret,

404 1812 566 1866 debet
608 1811 855 1881 intelligi,
884 1825 1033 1875 esse,
1069 1819 1129 1864 ut
1158 1824 1301 1879 saepe
1332 1809 1442 1878 jam
1492 1807 1749 1871 diximus,
1803 1806 1978 1876 legem
2014 1817 2054 1871 Β
2082 1813 2139 1860 et
2166 1805 2258 1861 ubi
2286 1821 2433 1862 mors
2455 1809 2652 1874 fuerat,
2685 1818 2890 1865 :eterna
2921 1812 3029 1866 vita
3060 1814 3407 1874 consisteret.
3440 1817 3553 1876 Hoc
3577 1835 3671 1877 au-

404 1909 610 1955 naturaa
636 1916 755 1971 quae
793 1918 812 1953 ι
850 1901 1050 1971 scripta
1085 1918 1107 1954 ι
1132 1908 1217 1956 est
1252 1918 1272 1951 ι
1301 1915 1409 1954 non
1442 1899 1497 1954 in
1522 1899 1978 1968 tabulislapideis,

400 1993 499 2048 sed
544 1991 599 2046 in
650 1991 850 2048 tabulis
885 1992 1069 2048 cordis
1116 1991 1461 2058 carnalibus;
1511 2005 1618 2046 non
1654 1999 1979 2056 atramento,

401 2081 501 2138 sed
529 2080 723 2149 Spiritu
750 2082 843 2136 Dei
871 2081 975 2136 vivi
1002 2082 1049 2114 ³³
1075 2097 1088 2133 :
1121 2099 1141 2133 ι
1177 2095 1295 2150 qua:
1323 2079 1408 2135 lex
1444 2082 1512 2136 ab
1541 2080 1632 2135 illo
1654 2080 1746 2149 qui
1776 2080 1845 2134 ab
1878 2080 1981 2133 ini-

402 2174 482 2229 tio
532 2174 740 2227 creavit
779 2173 1056 2228 hominem
1110 2173 1185 2227 ita
1217 2172 1270 2227 in
1303 2169 1595 2243 principali
1639 2170 1826 2226 cordis
1859 2169 1981 2239 ejus

403 2266 640 2336 ascripta
703 2274 805 2331 est,
856 2274 916 2320 ut
963 2276 1270 2335 opportuno
1296 2273 1561 2335 tempore,
1591 2278 1714 2319 cum
1742 2262 1853 2332 jam
1883 2278 1979 2332 pa-

402 2358 545 2426 ginae
595 2358 724 2428 ipsa:
761 2357 923 2413 menti
983 2355 1096 2427 (41)
1155 2356 1515 2424 adoleverint,
1570 2355 1653 2409 vel
1685 2357 1883 2426 potius,
1924 2366 1982 2410 ιιι

403 2451 685 2520 Scriptura
715 2450 1037 2513 nominavit,
1064 2450 1156 2505 ubi
1181 2449 1375 2504 tabulae
1396 2449 1577 2504 cordis
1598 2448 1849 2503 carnales
1875 2463 1981 2503 cce-

404 2539 587 2609 perint
616 2549 906 2610 augmento
939 2539 1116 2593 {etatis
1163 2539 1364 2607 aperiri
1414 2537 1548 2612 (42),
1577 2536 1801 2593 diﬂ'undi
1842 2538 1979 2591 inci—

404 2631 521 2699 piat
550 2644 648 2698 per
673 2630 886 2684 interna
922 2630 1293 2695 conscientiae,
1327 2638 1383 2683 et
1427 2627 1640 2699 replere
1670 2627 1979 2683 rationibus

403 2735 620 2777 sensus.
651 2721 804 2777 Tunc
830 2735 960 2792 ergo
990 2722 1282 2777 adversmn
1310 2729 1582 2790 praecepta
1613 2734 1736 2791 qua:
1780 2733 1847 2775 ex
1880 2720 1983 2775 hu-

408 2813 646 2883 jnsmodi
692 2813 809 2883 lege
890 2813 1212 2868 naturaliter
1267 2820 1662 2883 suggeruntur,
1728 2811 1979 2866 voluntas

403 2905 589 2960 carnis
622 2904 886 2974 exsurgit,
914 2912 970 2959 et
999 2905 1104 2959 alia
1165 2904 1404 2975 suggerit
1431 2902 1696 2959 desideria
1732 2922 1747 2959 :
1785 2913 1839 2960 et
1870 2906 1974 2961 hoc

402 3005 487 3052 est
537 2996 681 3067 quod
735 2997 850 3065 ipse
875 2997 1165 3067 Apostoltrs
1192 3013 1211 3047 ¢
1248 2996 1420 3067 legem
1459 2994 1514 3049 in
1547 2995 1807 3051 membris
1835 2996 1981 3066 posi-

407 3099 519 3146 tam
555 3110 575 3145 ι
604 3089 927 3152 nominavit,
964 3106 984 3140 ι
1015 3090 1366 3145 resistentem
1393 3085 1498 3158 legi
1515 3085 1712 3142 mentis
1730 3084 1775 3117 ’⁷
1795 3085 1961 3156 (45)..

2087 1905 2195 1952 tem
2229 1905 2313 1953 est
2327 1901 2473 1969 quod
2505 1909 2560 1954 et
2579 1899 2709 1955 alibi
2733 1900 2874 1956 idem
2896 1902 3185 1973 Apostolus
3201 1906 3330 1963 dicit
3347 1910 3521 1967 :cNon
3538 1928 3669 1985 ergo

2077 1989 2190 2061 jam
2221 1999 2410 2060 regnet
2441 2001 2721 2060 peccatum
2756 1992 2810 2047 in
2842 2004 3023 2052 vestro
3054 1999 3267 2054 mortali
3294 2006 3605 2073 corpore";
3642 2027 3661 2058 ι

2082 2090 2138 2136 et
2173 2074 2315 2135 idem
2333 2081 2462 2139 alibi
2494 2083 2856 2139 :«Sicutenim
2876 2086 3200 2146 exhibuistis
3222 2095 3462 2150 membra
3486 2107 3664 2153 vestra

2083 2188 2232 2228 arma
2253 2174 2560 2246 iniquitatis
2581 2188 2826 2246 peccato,
2853 2179 2927 2234 ita
2949 2197 3093 2239 nunc
3124 2185 3382 2242 exhibete
3422 2191 3662 2245 membra

2083 2262 2247 2334 559
2275 2274 2454 2321 vestra
2479 2281 2628 2322 arma
2658 2267 2885 2338 justitiae
2904 2270 3014 2327 Deo
3035 2273 3077 2328 ί.
3117 2292 3136 2325 ι
3167 2273 3263 2329 Est
3288 2291 3417 2347 ergo
3445 2281 3667 2348 grandis

2082 2354 2579 2422 superabundantia
2609 2373 2676 2413 ex
2709 2374 2777 2414 eo
2806 2360 2950 2430 quod
3001 2363 3090 2418 ubi
3138 2378 3414 2434 peccatum
3461 2369 3565 2426 l'uit
3610 2383 3669 2427 et

2083 2459 2252 2505 mors.
2282 2446 2355 2500 ibi
2387 2462 2531 2503 nunc
2554 2458 2637 2505 est
2670 2454 2868 2520 gratia,
2895 2464 2949 2510 et
2965 2453 3273 2524 justitia,et
3301 2460 3410 2515 vita
3438 2470 3664 2518 aeterna.

2082 2535 2287 2627 Ethmc
2322 2541 2504 2595 omnia
2539 2553 2664 2597 sunt
2694 2544 2913 2612 quidem
2953 2561 3115 2617 supra
3162 2560 3363 2607 caetera
3414 2554 3527 2627 (47)
3570 2571 3669 2624 per

2082 2626 2365 2685 Dominum
2400 2641 2647 2688 nostrum
2694 2633 2882 2691 Jesum
2916 2636 3218 2697 Christum.
3264 2641 3449 2700 Potest
3483 2658 3665 2702 autem

2084 2720 2225 2789 ﬁeri,
2263 2732 2320 2779 ut
2361 2725 2505 2781 sicut
2536 2726 2654 2783 haec
2693 2730 2877 2783 omnia
2906 2728 3050 2787 bona
3078 2732 3214 2789 dixit
3261 2737 3535 2794 exsistere
3570 2756 3669 2812 jer

2081 2812 2369 2870 Dominum
2402 2825 2647 2872 nostrum
2673 2816 2857 2875 Jesum
2890 2821 3169 2879 Christum
3206 2824 3343 2897 (48),
3375 2827 3450 2884 ita
3487 2840 3544 2885 et
3574 2831 3666 2887 illa

2082 2905 2222 2960 mala
2265 2905 2489 2977 intelligi
2522 2907 2756 2964 voluerit
2787 2909 3065 2967 exstitisse
3092 2927 3190 2983 per
3223 2914 3497 2972 diabolum
3517 2957 3536 2985 ,
3571 2923 3667 2976 sed

2083 2994 2298 3051 siluisse
2341 2996 2407 3052 de
2449 2999 2694 3054 auctoris
2724 3015 2912 3056 eorum
2949 3003 3190 3070 nomine,
3235 3015 3292 3061 ut
3319 3012 3665 3076 superabun-

2082 3086 2321 3141 dantiam
2369 3090 2555 3159 gratiae
2589 3089 2643 3145 in
2696 3093 2948 3149 omnibus
2983 3094 3299 3167 designaret
3345 3100 3482 3171 (49).
3526 3101 3664 3159 Nam

406 3182 557 3239 ﬂanc
577 3198 706 3252 ergo
734 3197 876 3236 nunc
907 3180 1080 3251 legem
1110 3178 1480 3235 membrorum
1518 3178 1765 3247 posuisse
1796 3178 1850 3232 in
1877 3180 1978 3233 hoc
2004 3181 2047 3241 C
2081 3179 2222 3233 sicut
2252 3177 2507 3237 Christus
2538 3197 2705 3237 unum
2759 3184 2977 3253 quidem
3031 3196 3114 3243 est
3143 3203 3241 3258 per
3271 3192 3663 3261 substantiam,

404 3276 529 3332 loco
565 3274 781 3330 videtur
814 3270 1131 3342 Apostolus,
1166 3285 1328 3340 quam
1378 3268 1717 3324 subintrasse
1755 3268 1887 3325 dicit
1922 3278 1981 3323 ut

401 3368 705 3424 abundaret
750 3373 1055 3437 peccatum.
1086 3362 1221 3418 Nam
1250 3371 1306 3418 et
1347 3362 1461 3432 ipse
1487 3376 1670 3417 sermo
1701 3376 1812 3432 quo
1849 3377 1979 3417 usus

402 3467 505 3523 est,
562 3458 874 3528 plenissime
913 3457 1044 3510 mihi
1078 3456 1295 3511 videtur
1328 3456 1441 3510 haec
1481 3469 1604 3525 quae
1630 3455 1860 3511 dicimus
1891 3455 1980 3509 in-

402 3551 609 3604 dicare.
634 3548 795 3604 Aliud
819 3562 1059 3619 namque
1081 3556 1167 3602 est
1197 3546 1422 3614 intrare,
1456 3546 1605 3602 aliud
1635 3546 1977 3612 subintrare;

402 3641 546 3695 sicut
574 3640 719 3695 aliud
752 3649 836 3695 est
864 3640 1082 3701 ducere,
1129 3648 1179 3694 et
1236 3637 1383 3693 aliud
1440 3636 1778 3702 subducere;
1833 3636 1978 3691 aliud

403 3731 649 3794 trahere,
691 3742 746 3787 et
777 3731 923 3785 aliud
974 3731 1320 3785 subtrahere.
1381 3728 1702 3784 Subintrare
1746 3714 1980 3797 namque

403 3822 511 3878 hoc
540 3821 766 3885 indicat,
801 3837 922 3876 cum
967 3821 1074 3876 alio
1113 3823 1387 3891 ingresso,
1435 3820 1537 3874 sub
1579 3822 1802 3874 obtentu
1835 3818 1979 3874 illius

399 3913 544 3970 alius
570 3914 874 3981 ingreditur
899 3913 1035 3984 (44).
1062 3912 1122 3968 In
1155 3927 1266 3982 quo
1308 3912 1469 3975 ratio,
1499 3926 1661 3980 quam
1692 3926 1853 3980 supra
1877 3925 1976 3966 ex-

398 4008 702 4079 posuimus,
723 4004 1006 4059 evidenter
1037 4002 1275 4058 ostendit
1297 4003 1441 4072 quod
1469 4005 1568 4056 sub
1591 4003 1815 4056 obtentu
1841 4001 1978 4069 legis

400 4097 687 4160 naturalis,
717 4111 879 4165 quam
904 4095 1079 4164 legem
1112 4095 1311 4148 mentis
1341 4094 1644 4148 nominavit
1665 4093 1975 4165 Apostolus,

399 4205 520 4260 quae
541 4190 643 4261 legi
665 4188 758 4243 Dei
790 4189 1078 4255 consentit,
1109 4199 1224 4242 orta
1242 4188 1314 4243 sit
1350 4187 1436 4242 lex
1462 4186 1827 4241 membrorum
1858 4200 1978 4256 qua:

403 4281 672 4339 desideria
703 4280 886 4336 carnis
920 4293 1251 4350 suggerens,
1297 4287 1351 4332 et
1391 4278 1667 4347 captivum
1701 4277 1976 4331 hominem

398 4378 604 4433 ducens
633 4375 842 4433 libidini
861 4389 925 4430 ac
946 4373 1311 4443 voluptatibus
1331 4372 1649 4427 inclinatum
1679 4371 1817 4441 (45),
1846 4369 1978 4425 facit

398 4467 453 4524 in
480 4483 545 4524 eo
559 4467 832 4522 abundare
860 4473 1166 4535 peccatum.
1195 4463 1288 4517 Sic
1309 4476 1442 4530 ergo
1464 4478 1481 4510 ι
1514 4460 1602 4516 lex
1626 4459 1972 4523 subintravit,

2086 3271 2252 3325 multa
2284 3282 2465 3327 autem
2495 3274 2786 3332 virtutibus
2815 3285 2869 3333 et
2893 3279 3299 3349 operationibus
3346 3284 3667 3354 designatur

2084 3361 2233 3432 (nam
2258 3373 2312 3418 et
2347 3366 2517 3436 gratia
2560 3367 2675 3438 ipse
2722 3383 2843 3425 esse
2881 3370 3224 3441 intelligitur,
3255 3374 3396 3431 sicut
3424 3376 3663 3449 justitia,

2081 3455 2222 3511 sicut
2252 3471 2376 3525 pax,
2407 3459 2548 3515 sicut
2590 3460 2724 3527 vita,
2753 3462 2897 3519 sicut
2941 3465 3162 3526 veritas,
3196 3467 3339 3521 sicut
3378 3468 3661 3543 Verbum),

2083 3545 2156 3601 ita
2206 3547 2458 3604 fortassis
2491 3558 2548 3605 et
2577 3550 2823 3608 diabolus
2875 3555 2928 3609 in
2972 3556 3205 3612 diversis
3246 3559 3664 3630 significationi-

2082 3636 2185 3694 bus
2236 3653 2377 3710 sazpe
2424 3651 2603 3712 potest
2631 3642 2853 3716 intelligi
2908 3645 3042 3718 (50).
3087 3648 3223 3707 Nam
3272 3665 3328 3709 et
3376 3669 3661 3726 peccatum

2082 3726 2227 3803 quod
2293 3747 2522 3803 regnare
2610 3736 2853 3803 dicitur,
2929 3739 3046 3810 ipse
3119 3748 3389 3811 putandus
3434 3760 3552 3817 est;
3609 3764 3666 3809 et

2084 3838 2234 3878 mors
2295 3825 2413 3893 ipse
2468 3827 2775 3883 credendus
2824 3838 2940 3895 est,
3007 3831 3074 3886 de
3131 3851 3238 3904 quo
3277 3838 3503 3910 dicitur,
3533 3845 3664 3911 quia

2087 3934 2107 3967 ι
2148 3917 2479 3972 novissimus
2537 3919 2790 3976 inimicus
2840 3922 3153 3979 destruetur
3208 3944 3353 3985 mors
3386 3932 3425 3986 ¹.
3473 3952 3494 3986 ι
3553 3933 3663 3992 Sed

2081 4021 2135 4062 et
2173 4010 2404 4079 perditio
2451 4012 2567 4082 ipse
2618 4012 2936 4086 intelligitur
2963 4060 2978 4083 ,
3024 4023 3320 4077 secundum
3357 4025 3484 4080 illud
3514 4031 3661 4099 quod

2082 4101 2283 4156 dictum
2342 4110 2426 4158 est
2483 4119 2512 4158 a
2563 4104 2823 4176 propheta
2873 4109 3202 4167 :«Perditio
3255 4112 3429 4172 factus
3485 4132 3566 4185 es,
3607 4127 3663 4178 et

2081 4206 2188 4245 non
2234 4191 2501 4250 subsistes
2535 4196 2586 4249 in
2621 4207 2883 4253 aeternum
2941 4210 3153 4271 tempus
3180 4204 3254 4261 ³.»
3288 4203 3394 4262 Sed
3426 4216 3481 4263 et
3514 4215 3658 4280 quod

2080 4286 2211 4341 dicit
2235 4286 2551 4357 Apostolus,
2575 4308 2593 4342 ι
2622 4289 2737 4345 Non
2776 4306 2907 4363 ergo
2937 4306 3123 4366 regnet
3162 4309 3446 4366 peccatum
3482 4302 3536 4356 in
3562 4320 3661 4358 ve-

2079 4385 2194 4432 stro
2221 4378 2436 4434 mortali
2475 4394 2704 4450 corpore
2732 4385 2774 4448 δ,
2805 4405 2825 4436 ι
2857 4395 2986 4452 puto
3014 4387 3157 4455 quod
3214 4389 3387 4459 magis
3436 4392 3503 4448 de
3541 4392 3660 4464 ipso

2081 4467 2283 4522 dictum
2318 4468 2409 4524 sit.
2452 4470 2571 4539 Ipse
2601 4481 2685 4527 est
2706 4474 2849 4528 enim
2880 4481 3075 4531 auctor
3101 4481 3332 4546 peccati,
3359 4489 3417 4536 et
3440 4485 3656 4550 mortis,

397 4566 459 4611 ut
485 4557 789 4611 abundaret
816 4556 1093 4611 delictum.
1130 4551 1235 4606 Sed
1272 4552 1362 4606 ubi
1391 4550 1719 4615 εὒιιηαίινῖιν
1772 4550 1969 4620 inquit.
2005 4524 2051 4579 Β
2080 4570 2135 4615 et
2161 4524 2508 4630 perditionis;
2548 4574 2604 4620 et
2647 4578 3047 4637 consequenter
3093 4524 3161 4625 ab
3213 4524 3447 4631 inventis
3490 4524 3657 4634 rebus

397 4657 702 4718 peccatum,
739 4645 1203 4716 superabundavit
1228 4643 1487 4716 gratia".
1529 4661 1547 4694 ι
1590 4643 1741 4697 Sicut
1782 4643 1836 4697 in
1882 4658 1973 4698 su-

396 4737 702 4809 perioribus
734 4739 1035 4805 docuimus,
1069 4738 1158 4792 ubi
1194 4750 1292 4806 per
1323 4734 1538 4805 singula
1570 4748 1799 4804 quaeque
1822 4750 1974 4790 com-

399 4831 733 4902 parationem
791 4830 922 4885 facit
968 4846 1157 4886 eorum
1208 4844 1331 4900 qua;
1390 4843 1456 4883 ex
1505 4827 1957 4895 praevaricatione

489 4925 535 4958 ³³
560 4924 697 4982 Gen.
728 4940 883 4987 xvm,
912 4924 1004 4978 2|.
1079 4923 1285 4980 "Gen.
1318 4939 1433 4986 xtx,
1467 4922 1523 4978 4-.

2084 4661 2276 4707 auctor
2307 4654 2509 4710 inventi
2556 4658 2890 4713 nominatur.
2922 4660 3036 4717 Non
3062 4678 3191 4734 ergo
3219 4674 3397 4735 potest
3452 4667 3568 4723 ﬁeri
3601 4680 3660 4727 ut

2082 4738 2203 4795 sine
2231 4738 2358 4810 rege
2404 4743 2693 4814 aliquando
2737 4748 2809 4802 sit
2847 4749 3062 4820 anima;
3102 4752 3197 4808 sed
3228 4753 3330 4810 hoc
3371 4758 3661 4825 providen-

2065 4830 2194 4885 dum
2231 4841 2317 4887 est
2349 4843 2411 4887 ut
2457 4834 2738 4892 Christum
2778 4854 2961 4909 regem
3009 4842 3231 4910 habeat,
3261 4844 3419 4916 cujus
3465 4847 3658 4920 jugum

1627 4923 1673 4955 ’⁸
1707 4922 1875 4980 Exod.
1904 4938 1948 4987 ι,

2106 4925 2196 4981 se.
2292 4928 2340 4961 π
2371 4926 2412 4982 ιι
2443 4930 2570 4984 Cor.
2601 4946 2685 4987 ιιι.
2718 4932 2770 4985 5.
2841 4933 3329 4987 "Rom.vu.23.
3417 4919 3521 4987 θοι

2292 4928 2340 4961 π
2371 4926 2412 4982 ll
2443 4930 2570 4984 Cor.
2601 4946 2685 5003 ιιι,
2718 4932 2770 5003 5.
2818 4933 2886 5003 7"
2922 4934 3082 4989 Rom.
3120 4951 3214 5003 vn,
3238 4934 3329 4994 23.
3417 4939 3464 4972 ⁸⁸
3490 4926 3656 5003 Rom.

396 5014 449 5063 ν,
488 4996 579 5050 20.
657 4997 703 5027 ⁸³
734 4996 892 5050 Rom.
915 5010 990 5060 vr,
1020 4996 1106 5048 l2.
1185 4996 1201 5026 ⁸
1236 4994 1367 5050 ibid.
1392 4994 1479 5060 l3,
1513 4993 1600 5049 l9.
1675 4994 1696 5024 ¹
1723 4993 1743 5047 l
1775 4992 1900 5048 Cor.
1928 5009 2014 5062 xv,
2041 4995 2132 5051 26.
2209 4997 2230 5029 ³
2255 4997 2458 5054 Jerem.
2485 5017 2561 5063 ιι,
2591 4992 2682 5056 26.
2758 5001 2780 5034 ‘
2810 5002 2971 5059 Rom.
2995 5020 3070 5072 vr,
3094 5006 3179 5062 l2.

468 5089 581 5161 (39)
619 5090 785 5161 Alias,
821 5108 840 5141 ι
876 5089 1164 5161 vo_lebat,_a
1194 5088 1353 5151 male,

468 5157 581 5290 (40)
623 5160 782 5243 Editi,
820 5177 838 5211 ι
876 5159 955 5215 vel
982 5160 1025 5213 si
1043 5159 1146 5242 .qui
1174 5174 1297 5214 cum
1328 5157 1456 5223 illis,
1491 5176 1511 5211 ι
1543 5169 1649 5214 etc.

493 5231 583 5290 Al)
623 5231 794 5290 Alias,
830 5249 848 5281 ι
892 5241 1109 5290 mentis,
1148 5246 1168 5280 ι
1214 5228 1373 5284 male.

493 5231 583 5299 Al)
623 5231 794 5296 Alias,
830 5249 848 5281 ι
892 5229 1109 5294 mentis,
1148 5246 1168 5280 ι
1214 5228 1373 5284 male.
1520 5298 1529 5299 ί
1654 5269 1667 5281 .

466 5295 582 5374 (42)
624 5301 790 5374 Editi,
824 5319 842 5352 ι
874 5307 1181 5374 augmento,
1205 5298 1606 5374 tanto‘aperiri.
1641 5319 1659 5350 ι

2073 5089 2374 5161 luptatibns
2408 5093 2768 5160 inquinatum,
2801 5113 2820 5147 ι
2851 5095 2977 5161 al.,t
3003 5098 3263 5154 deditum.
3314 5119 3333 5151 ι

2139 5162 2254 5235 (lii)
2294 5164 2458 5228 Editi,
2497 5183 2516 5216 ι
2557 5180 2702 5221 mors
2731 5166 2936 5235 pariter
2966 5168 3185 5224 exclusa
3213 5180 3318 5225 est.
3368 5191 3388 5223 ι

2137 5233 2253 5362 (17)
2278 5235 2450 5300 Alias,
2481 5253 2499 5286 ι
2540 5247 2668 5290 sunt
2699 5233 2846 5322 quod
2869 5249 2954 5319 est
2973 5255 3140 5308 super
3167 5251 3396 5326 caetera.
3424 5261 3445 5296 ι

2137 5374 2146 5377 δ
2182 5304 2251 5377 _8)
2287 5305 2547 5360 Nostrum
2587 5303 2771 5362 Iesum
2806 5307 3096 5364 Christum.
3129 5310 3333 5366 Desunt
3384 5330 3436 5368 ιιι

2463 5321 2547 5360 um
2587 5310 2771 5362 Jesum
2806 5310 3096 5364 Christum.
3129 5310 3333 5366 Desunt
3384 5316 3436 5368 in
3489 5327 3655 5373 antea

465 5367 581 5446 (45')
624 5371 788 5446 [Editi,
826 5388 844 5422 ι
881 5367 1024 5446 quod
1055 5371 1132 5424 ait
1162 5367 1480 5446 Apostolus,
1504 5369 1678 5438 legem
1713 5370 1765 5424 in
1797 5384 1967 5424 mem-
2064 5367 2242 5446 editis:

395 5438 510 5501 bris
535 5438 786 5510 positam,
815 5443 1160 5495 resistentem
1188 5439 1289 5508 legi
1317 5438 1533 5493 mentis.
1573 5458 1593 5510 ι

465 5509 579 5589 (44)
615 5511 767 5589 Mss.“
797 5510 1110 5589 ple_rique,_«
1151 5511 1318 5589 quod_
1345 5524 1468 5589 cum
1525 5509 1663 5589 alio,
1714 5509 1958 5579 ingressu

393 5579 647 5651 obtenta,
697 5579 838 5638 alius
875 5579 1198 5651 ingreditur.
1230 5599 1249 5632 ι
1283 5579 1489 5633 Deinde
1536 5580 1666 5633 editi
1717 5592 1771 5632 et
1829 5597 1957 5632 tnss.

392 5650 635 5728 quidatn,
669 5670 687 5704 ι
724 5654 779 5707 ln
807 5668 914 5728 qua
940 5650 1181 5713 ratione,
1204 5664 1366 5722 quam
1399 5664 1561 5720 supra
1583 5650 1958 5719 exposuimus,

393 5725 671 5783 evidenter
698 5725 1036 5785 ostenditur,
1065 5732 1168 5776 etc.
1187 5743 1203 5773 ι

466 5797 579 5871 (4⁵5)
618 5795 710 5853 Sic
741 5810 869 5848 mss.
901 5795 1098 5849 nostri.
1126 5795 1262 5847 Editi
1294 5808 1444 5858 vero,
1479 5810 1497 5845 ι
1529 5790 1750 5849 libidine
1775 5804 1836 5848 ac
1867 5807 1960 5847 vo-

721 5887 995 5950 PATBOL.
1042 5886 1160 5947 Gn.
1212 5886 1383 5947 XIV.

2141 5445 2257 5516 (49)
2290 5444 2460 5511 Alias,
2492 5464 2517 5521 ι
2549 5447 2602 5502 in
2633 5448 2944 5504 hominibus
2968 5450 3270 5521 assignaret
3300 5470 3312 5518 ;
3343 5471 3361 5505 ι
3394 5454 3488 5515 al.,
3513 5473 3532 5507 ι
3563 5473 3655 5513 as-

2067 5516 2365 5585 signasset;
2403 5534 2423 5569 ι
2456 5518 3065 5591 al.._ccontmendaret.
3089 5516 3143 5571 ἰ
3183 5516 3389 5578 Deinde
3432 5528 3564 5582 editi
3597 5538 3654 5585 et
3715 5576 3727 5591 .

2066 5601 2172 5641 ms.
2200 5601 2338 5640 unus
2369 5603 2382 5640 :
2419 5604 2439 5637 ι
2476 5588 2658 5643 multis
2686 5601 2867 5645 autem
2899 5590 3188 5647 virtutibus
3208 5632 3222 5656 ,
3248 5613 3268 5646 ι
3295 5606 3403 5650 etc.

2139 5655 2252 5727 (50)
2279 5658 2447 5724 Alias,
2477 5676 2496 5709 ι
2521 5673 2641 5714 esse
2667 5671 2841 5732 potest
2866 5660 3122 5733 intelligi;
3147 5684 3164 5715 ι
3197 5664 3269 5718 al.
3299 5664 3453 5721 deest
3479 5683 3500 5720 ι
3528 5686 3637 5724 mc-

2068 5742 2155 5797 pe,
2193 5745 2211 5780 ι
2249 5735 2322 5811 et,
2356 5745 2375 5779 ι
2406 5742 2544 5785 esse.
2581 5748 2601 5783 ι

3262 5887 3338 5947 33
