4170 6362
412 5633 438 5702 ιε

486 4735 548 4788 in
573 4735 657 4790 his
682 4735 909 4806 singulis
943 4752 1047 4789 non
1074 4735 1166 4790 Dei
1199 4735 1328 4806 legi,
1359 4737 1452 4791 sed
1475 4737 1682 4806 peccati
1709 4737 2071 4806 persuasioni-

517 282 658 337 1'035
2009 285 2072 340 Ol

2182 287 2263 342 EN
2271 287 2333 344 IS
3663 297 3799 352 1056

515 414 682 454 suave
711 409 815 464 est,
857 409 911 452 et
967 415 1103 453 onus
1153 400 1268 454 leve
1293 400 1312 431 ⁵
1335 417 1346 465 ;
1373 409 1427 455 ει
1458 417 1562 456 non
1598 402 1911 467 diabolum,
1944 404 2102 473 cujus
2131 406 2176 460 A
2205 407 2294 470 qui
2331 423 2349 453 ι
2403 417 2501 471 pro
2535 404 2714 472 impiis
2749 413 2998 461 mortuus
3042 414 3126 460 est
3155 407 3220 471 ¹⁰,
3256 425 3275 458 ι
3324 406 3587 476 pmniteat
3617 408 3669 461 in
3717 409 3802 463 his

513 507 740 562 regnum
769 507 932 560 grave
962 502 1063 545 est.
1097 489 1358 562 lniquitas
1389 495 1531 548 enim
1566 503 1648 549 est
1677 511 1798 564 quae
1833 495 1988 550 sedet
2010 511 2099 550 su-
2204 495 2476 559 oumibus,
2497 506 2552 551 et
2580 498 2723 551 velut
2749 500 3044 565 pessimum
3075 512 3255 568 regem
3283 510 3597 568 regnantem
3623 500 3674 552 in
3703 517 3798 555 sua

512 601 610 652 per
640 583 896 639 talentum
935 584 1138 653 plumbi
1173 586 1213 638 ⁸.
1247 586 1496 641 Christus
1534 597 1716 642 autem
1767 587 1855 641 ubi
1888 601 2098 656 regnat,
2203 603 2368 642 carne
2395 588 2652 658 depellat,
2686 590 3030 660 alienumque
3072 607 3132 647 se
3159 593 3226 646 ab
3263 592 3378 659 ejus
3407 592 3693 646 desideriis
3726 591 3802 646 fa-

515 677 587 731 ibi
629 674 1252 745 superabundantgratia
1268 675 1543 742 etjustitia
1587 678 1640 732 in
1669 680 1778 733 vita
1803 689 2027 738 aeterna.
2203 678 2309 731 ciat
2345 693 2410 732 ac
2433 681 2737 748 praeceptis,
2779 681 2881 734 iste
2909 693 3032 734 vere
3057 680 3169 752 (54)
3206 697 3301 751 per
3339 692 3569 737 mortem
3596 683 3796 737 Christi

586 770 639 822 7.
682 787 702 820 ι
738 770 875 837 Quid
921 785 1053 842 ergo
1083 771 1369 825 dicemus?
1399 770 1854 828 Permanebimus
1888 774 1939 827 in
1969 789 2099 842 pec-
2203 783 2430 841 peccato
2459 782 2709 828 mortuus
2737 789 2858 830 esse
2890 776 3109 830 dicitur.
3145 775 3243 831 Hie
3291 785 3472 830 autem
3515 786 3797 845 peceatum

515 870 659 924 cato,
692 872 751 916 ut
789 864 966 934 gratia
1017 863 1308 917 abundet?
1339 864 1514 920 Absit.
1560 864 1662 931 Qui
1703 867 1848 920 enim
1899 868 2098 922 mortui
2205 864 2377 932 ipsum
2408 864 2612 932 peccati
2657 877 2941 920 auctorem
2979 865 3222 920 arbitror
3249 867 3546 920 nominari.
3583 867 3638 920 Si
3665 884 3798 939 ergo

514 967 703 1008 sumus
732 964 984 1024 peccato,
1015 957 1287 1024 quomodo
1327 957 1504 1009 adhuc
1531 956 1777 1012 vivemus
1809 957 1860 1012 in
1893 959 1992 1012 eo"
2024 960 2047 1012 ?
2076 979 2094 1012 ι
2204 955 2435 1008 moritur
2456 956 2578 1024 quis
2604 965 2850 1026 peccato,
2879 968 3087 1011 certum
3109 965 3193 1012 est
3225 957 3352 1025 quia
3395 973 3490 1024 per
3515 959 3781 1026 poeniten-

514 1045 784 1113 Quoniam
827 1045 1127 1117 superius‘
1158 1047 1394 1110 dixerat,
1423 1046 1551 1116 quia
1582 1065 1601 1098 ι
1657 1047 1745 1102 ubi
1801 1050 2101 1103 abundavit
2205 1048 2333 1102 tiam
2380 1049 2635 1109 moritur.
2671 1048 2958 1116 Quomodo
2993 1064 3123 1119 ergo
3177 1049 3300 1118 quis
3342 1051 3684 1118 permanebit
3735 1052 3791 1104 iu

515 1147 823 1204 peccatum,
881 1136 1343 1206 superabundavit
1391 1137 1588 1202 gratia,
1628 1155 1647 1188 ι
1688 1146 2001 1191 nascentem
2032 1152 2096 1191 ex
2203 1146 2426 1204 peccato
2457 1145 2514 1190 ut
2545 1139 2721 1206 gratia
2753 1140 3016 1201 abundet,
3049 1154 3172 1192 cum
3214 1140 3389 1209 gratia
3433 1155 3498 1193 ex
3527 1153 3593 1195 eo
3623 1139 3794 1194 abun-

516 1228 619 1282 hoc
651 1228 1011 1298 qua-stionem
1062 1242 1205 1280 nunc
1257 1227 1358 1282 sibi
1396 1227 1510 1294 ipse
1558 1228 1833 1296 proponit,
1882 1228 2012 1297 quia
2053 1229 2098 1283 si
2200 1228 2312 1290 det,
2338 1228 2481 1296 quod
2512 1238 2734 1296 peccato
2759 1229 2881 1298 quis
2923 1229 3262 1283 moritur?Si
3291 1229 3434 1282 enim
3474 1244 3794 1299 permanea-

514 1321 840 1375 abundantia
872 1319 1081 1388 peccati
1115 1318 1306 1387 gratiae
1327 1320 1887 1384 superabundantiam
1934 1320 2095 1389 parit,
2203 1332 2348 1382 mus,
2395 1326 2454 1370 ut
2494 1320 2848 1387 proponitur,
2882 1319 2934 1372 in
2982 1328 3235 1386 peccato,
3281 1329 3490 1372 certum
3540 1331 3624 1374 est
3667 1321 3792 1388 quia

511 1427 647 1481 ergo
680 1411 1016 1481 peccandum
1063 1420 1167 1472 est,
1214 1419 1274 1464 ut
1303 1411 1476 1480 gratia
1519 1411 1641 1480 plus
1675 1412 1934 1466 abundet.
1991 1412 2097 1467 Sed
2203 1424 2307 1463 non
2339 1410 2626 1475 morimur,
2659 1411 2753 1464 sed
2799 1411 3032 1464 vivimus
3057 1418 3282 1479 peccato
3311 1427 3327 1464 :
3360 1411 3666 1466 viventibus
3696 1428 3793 1465 au-

514 1503 908 1559 absolutionem
943 1504 1106 1557 citam
1155 1503 1268 1574 (5t)
1311 1502 1628 1572 qumstionis
1678 1503 1922 1558 ostendit
1969 1519 2096 1560 cum
2204 1511 2307 1556 tem
2351 1512 2575 1570 peccato
2608 1502 2782 1571 gratia
2813 1517 2920 1555 non
2965 1511 3146 1571 potest
3183 1503 3486 1558 abundare.
3540 1502 3794 1573 Requiri-

514 1596 687 1660 dicit,
731 1612 750 1646 ι
792 1595 997 1649 Absit:
1040 1613 1059 1647 ι
1101 1606 1155 1650 ει
1209 1595 1468 1650 continuo
1526 1593 1760 1663 subjecit
1806 1597 2093 1660 rationem,
2203 1605 2289 1649 tur
2321 1610 2481 1658 sane,
2509 1595 2553 1649 si
2586 1595 2637 1648 in
2670 1593 2801 1649 solis
2847 1594 3158 1649 hominibus
3205 1595 3610 1663 superabundct
3664 1613 3792 1667 gra-

512 1698 760 1743 mortuos
790 1688 976 1742 dicens
1018 1703 1138 1743 esse
1187 1697 1411 1757 peccato
1447 1702 1542 1743 eos
1595 1689 1648 1744 in
1698 1691 1896 1758 quibus
1927 1691 2097 1745 abun-
2132 1749 2168 1758 λ
2204 1689 2297 1751 tia,
2327 1686 2606 1756 inquibus
2631 1687 2934 1740 abundavit
2959 1685 3254 1756 aliquando
3287 1695 3570 1755 peccatum
3604 1704 3620 1754 ;
3649 1697 3702 1742 et
3724 1705 3791 1743 an

513 1779 723 1834 daverit
778 1779 978 1850 gratia.
1025 1749 1245 1833 Certum
1295 1788 1382 1832 est
1419 1788 1601 1833 autem
1665 1749 1938 1833 mortuum
1969 1795 2096 1850 pec-
2132 1749 2172 1804 Β
2200 1780 2254 1833 in
2281 1778 2428 1832 nullo
2457 1777 2866 1848 superabundet
2897 1777 3096 1847 gratia,
3133 1776 3234 1830 nisi
3281 1779 3335 1831 in
3362 1793 3470 1847 quo
3497 1780 3794 1834 abundavit

511 1881 634 1926 cato
684 1881 1024 1939 peccatorem
1076 1885 1196 1924 esse
1253 1885 1357 1924 non
1411 1884 1570 1938 posse
1612 1869 1746 1942 (52).
1803 1870 1919 1924 Non
1965 1888 2096 1942 ergo
2199 1868 2716 1940 peccatum;560
2767 1883 2836 1922 an
2867 1877 2925 1924 et
2959 1869 3010 1922 in
3056 1868 3326 1938 aliquibus
3373 1878 3553 1938 potest
3602 1886 3794 1940 super-

511 1978 832 2036 permanere
859 1962 1063 2033 poterit
1103 1964 1155 2016 in
1187 1971 1414 2033 peccato
1443 1963 1534 2032 qui
1566 1974 1816 2018 mortuus
1845 1973 1930 2020 est
1969 1980 2096 2034 pec-
2197 1963 2476 2018 abundare
2506 1963 2705 2033 gratia,
2738 1962 2792 2016 in
2827 1960 3028 2032 quibus
3057 1978 3333 2033 nunquam
3365 1962 3449 2016 vel
3479 1964 3794 2018 abundave-

510 2065 651 2113 cato.
693 2055 892 2111 Verum
927 2056 1041 2111 haec
1077 2065 1134 2110 ut
1182 2057 1426 2127 apertius
1469 2055 1796 2122 clarescant,
1844 2058 2094 2127 requira-
2197 2055 2290 2119 rit,
2341 2053 2424 2110 vel
2477 2052 2648 2109 fuerit
2689 2063 3002 2123 peccatum.
3054 2055 3190 2110 Etsi
3227 2056 3349 2124 quis
3378 2055 3510 2109 illud
3560 2057 3794 2122 asliiciat

511 2166 630 2205 mus
655 2149 782 2218 quid
817 2158 900 2203 est
944 2149 1129 2203 vivere
1160 2157 1411 2216 peccato,
1443 2157 1500 2204 et
1526 2149 1656 2218 quid
1683 2159 1767 2204 est
1797 2152 1934 2205 mori
1963 2165 2092 2220 pec-
2195 2147 2337 2216 quod
2370 2147 2503 2202 dicit
2535 2147 2851 2216 Apostolus,
2879 2149 3008 2217 quia
3042 2167 3059 2200 ι
3082 2149 3387 2218 pacilicavit
3415 2148 3669 2202 Christus
3693 2163 3794 2217 per

507 2253 653 2300 cato.
708 2243 861 2298 Sicut
909 2241 1018 2296 Deo
1076 2241 1263 2296 vivere
1293 2241 1499 2296 dicitur
1547 2241 1596 2296 is
1645 2241 1738 2312 qui
1794 2244 2093 2300 secundum
2193 2239 2515 2309 sanguinem
2547 2255 2704 2294 suum
2739 2256 2842 2294 non
2873 2241 3046 2295 solum
3076 2257 3196 2310 qua:
3235 2241 3286 2294 iu
3323 2241 3483 2294 terris
3511 2250 3661 2307 sunt,
3694 2241 3789 2295 sed

509 2333 844 2388 voluntatem
883 2331 974 2386 Dei
1007 2330 1156 2393 vivit,
1185 2331 1258 2384 ita
1304 2338 1359 2386 et
1404 2338 1631 2399 peccato
1663 2333 1846 2388 vivere
1893 2333 2094 2389 dicitur
2193 2339 2247 2386 et
2276 2346 2397 2401 quae
2427 2331 2478 2386 in
2515 2331 2669 2387 caelis
2693 2331 2773 2398 “;
2809 2352 2829 2386 ι
2857 2343 2912 2387 ει
2943 2333 3134 2400 ῑιιυα,‹
3168 2333 3234 2388 Ut
3259 2334 3378 2388 sine
3407 2333 3518 2388 Deo
3545 2348 3644 2403 pro
3666 2350 3790 2388 υιη-

507 2425 554 2481 is
586 2425 676 2495 qui
708 2423 1008 2479 secundum
1051 2422 1380 2478 voluntatem
1411 2424 1620 2490 peccati
1655 2425 1808 2492 vivit,
1854 2434 1914 2480 ut
1949 2427 2089 2482 idem
2194 2428 2354 2482 nibus
2377 2436 2623 2494 gustaret
2650 2437 2882 2482 mortem
2917 2428 2958 2459 “
2991 2426 3126 2497 (55),
3170 2445 3188 2478 ι
3222 2427 3432 2497 putabit
3457 2437 3512 2482 et
3539 2427 3610 2482 ibi
3637 2428 3790 2483 simi—

509 2519 756 2588 designat
803 2516 1116 2588 Apostolus,
1149 2531 1274 2571 cum
1317 2516 1492 2571 dicit:
1529 2532 1548 2569 ι
1586 2517 1702 2572 Non
1735 2533 1867 2590 ergo
1904 2531 2092 2592 regnet
2193 2519 2318 2573 liter
2348 2519 2583 2590 aliquam
2631 2519 3022 2574 abundantiam
3051 2517 3221 2574 fuisse
3260 2519 3495 2585 peccati,
3534 2528 3596 2574 ut
3637 2520 3788 2574 nihi-

506 2623 789 2681 pcccatum
819 2613 872 2664 in
907 2620 1089 2664 vestro
1113 2608 1329 2663 mortali
1360 2621 1609 2678 corpore,
1636 2611 1702 2665 ad
1732 2613 2090 2670 obediendum
2193 2610 2426 2667 lominus
2484 2611 2650 2666 etiam
2707 2611 2893 2680 gratiae
2941 2611 3439 2682 superabundantia
3491 2611 3670 2666 ﬁeret.
3723 2611 3781 2666 Si

508 2703 795 2758 desideriis
825 2701 944 2772 ejus
974 2701 1014 2755 ’.
1033 2720 1051 2753 ι
1086 2699 1143 2754 In
1176 2715 1284 2770 quo
1311 2701 1552 2756 ostendit
1577 2704 1718 2771 quod
1753 2704 1975 2760 obedire
1999 2707 2094 2760 de-
2191 2717 2321 2756 vero
2349 2704 2417 2758 ad
2453 2703 2552 2758 hoc
2578 2703 2722 2773 quod
2751 2705 3005 2773 superior
3030 2703 3192 2758 lectio
3220 2705 3675 2759 commemoravit
3701 2714 3787 2758 at-

506 2795 722 2853 sideriis
754 2794 985 2864 peccati,
1021 2793 1124 2847 hoc
1159 2801 1242 2846 est
1270 2792 1452 2845 vivere
1476 2804 1722 2862 peccato.
1755 2794 1905 2862 Quod
1937 2796 1981 2851 si
2009 2796 2091 2850 fa-
2192 2796 2404 2860 tendas,
2439 2795 2529 2850 tibi
2559 2806 2843 2866 peccatum
2899 2794 2953 2849 in
2996 2795 3140 2850 hunc
3176 2796 3438 2850 mundmn
3481 2811 3583 2864 per
3615 2811 3782 2850 unum

506 2904 634 2944 cere
663 2887 932 2944 desideria
964 2886 1172 2957 peccati
1210 2895 1433 2954 peccato
1471 2889 1653 2941 vivere
1692 2897 1810 2954 est;
1863 2904 1973 2944 non
2009 2889 2090 2941 fa-
2191 2886 2465 2944 hominem
2508 2888 2708 2942 dicitur
2759 2886 2874 2959 (56)
2933 2889 3190 2942 introisse
3213 2927 3229 2952 ,
3265 2897 3320 2942 et
3371 2902 3468 2957 per
3497 2899 3780 2956 peccatum

506 2995 635 3037 rere
671 2979 941 3035 desideria
970 2979 1204 3049 peccati,
1248 2992 1350 3031 nec
1394 2978 1618 3034 obedire
1649 2979 1910 3034 voluntati
1947 2979 2085 3048 ejus,
2191 2993 2338 3031 mors
2364 2975 2499 3048 (57),
2528 2986 2584 3032 et
2609 2977 2680 3030 ita
2703 2977 2957 3032 inomnes
2975 2979 3589 3048 pertransisse";dices
3611 2995 3674 3034 ex
3692 2979 3783 3034 illo

506 3077 610 3130 hoc
637 3084 717 3130 est
746 3073 882 3128 mori
915 3081 1181 3141 peccato:
1217 3075 1358 3141 quod
1403 3083 1584 3127 tamen
1627 3083 1907 3143 peccatum
1942 3076 2086 3129 velut
2115 3099 2158 3161 ρ
2192 3066 2347 3120 initio
2381 3067 2600 3137 prodire
2622 3070 2787 3123 etiam
2821 3069 2921 3122 ista
2965 3084 3084 3138 quae
3110 3068 3383 3123 habentur
3414 3070 3469 3122 in
3505 3071 3780 3137 manibus,

505 3169 687 3222 sedem
724 3167 1012 3235 quamdam
1053 3174 1107 3219 et
1137 3165 1328 3220 solium
1358 3169 1506 3235 regni
1537 3168 1620 3221 sui
1664 3167 1716 3220 in
1747 3175 1934 3222 nostro
1963 3183 2072 3224 cor.

2195 3168 2252 3212 ut
2281 3158 2347 3214 de
2372 3160 2457 3214 his
2478 3159 2608 3214 solis
2629 3175 2750 3230 qua:
2772 3161 2826 3216 in
2855 3161 3012 3215 initio
3033 3163 3312 3231 proposuit
3328 3162 3644 3232 Apostolus,
3668 3173 3749 3218 tra
3765 3193 3781 3204 -

505 3274 637 3330 pore
685 3259 1005 3314 collocatum
1062 3257 1265 3313 habere
1296 3259 1428 3314 dicit
1457 3259 1768 3328 Apostolus.
1805 3261 1897 3316 Est
1935 3263 2085 3318 enim
2191 3262 2343 3308 Clare
2377 3253 2646 3318 Videallﬂ'.
2674 3253 2727 3307 id
2759 3265 2864 3318 (εει.
2896 3270 3016 3324 quae
3043 3256 3110 3310 ad
3139 3255 3388 3312 homines
3403 3259 3780 3314 tantummodo

505 3352 829 3406 familiarior
851 3351 900 3405 ei
925 3365 1052 3418 pars
1079 3351 1178 3405 ista
1210 3347 1532 3405 substantia:
1559 3360 1612 3405 et
1639 3352 1808 3406 amica
1841 3354 2066 3424 quaedan

2190 3352 2463 3412 spectant.
2496 3340 2909 3399 Observandum
2941 3359 3076 3401 sane
3106 3354 3190 3401 est
3217 3361 3379 3416 quam
3418 3349 3614 3404 librato
3661 3364 3780 3404 ser-

504 3460 626 3498 rum
655 3443 834 3498 carnis
862 3443 1232 3511 voluptatibus
1262 3442 1498 3498 societas
1528 3443 1666 3513 (53),
1690 3459 1758 3500 ex
1792 3461 1897 3516 qua
1931 3462 2090 3502 occa-
2191 3449 2350 3490 mone
2385 3449 2513 3489 usus
2545 3435 2618 3489 sit
2651 3437 2951 3505 Apostolus
2988 3447 3044 3491 ut
3078 3438 3286 3494 diceret
3320 3457 3334 3494 :
3367 3459 3387 3492 ι
3425 3440 3778 3497 Pcrmanebi-

501 3536 688 3591 siones
715 3533 1052 3588 in'citamenti
1082 3533 1344 3589 naturalis
1376 3549 1683 3603 assumens,
1717 3553 1882 3608 parvo
1911 3540 2089 3594 diver-
2189 3542 2307 3581 mus
2358 3526 2411 3580 in
2460 3537 2684 3596 peccato
2727 3527 2771 3559 ”
2801 3528 2825 3582 ?
2862 3548 2882 3582 ›
2913 3528 3248 3587 Permanere
3308 3549 3579 3602 namque,
3611 3545 3697 3588 est
3743 3549 3773 3588 a

503 3629 670 3682 ticulo
697 3629 750 3684 in
780 3627 1134 3697 pracipitium
1163 3627 1356 3681 mortis
1386 3637 1594 3683 natura:
1622 3631 1867 3685 ordinem
1889 3633 2072 3702 vergit.

2186 3628 2365 3689 coepto
2388 3635 2494 3674 non
2521 3622 2789 3678 desinere.
2818 3623 2970 3691 Quod
3003 3625 3193 3694 utique
3223 3627 3266 3680 si
3290 3628 3414 3696 quis
3447 3626 3628 3692 faciat,
3649 3643 3775 3683 cer-

499 3721 614 3775 Sed
665 3728 722 3773 ut
765 3719 907 3787 quod
947 3717 1180 3774 dicimus
1223 3719 1402 3774 adhuc
1451 3721 1693 3791 apertius
1741 3723 2082 3792 eXplanetur,
2189 3726 2299 3770 tum
2319 3719 2558 3787 estquod
2580 3731 2679 3772 nec
2703 3718 2916 3773 initium
2938 3718 3774 3790 conversionisacceperit.Illud

499 3812 731 3880 exempli
758 3827 979 3867 causam
1010 3826 1294 3880 ponamus.
1316 3811 1606 3867 Naturales
1635 3815 1976 3883 appetentias
1992 3815 2083 3869 ha-
2184 3820 2363 3864 autem
2401 3811 2672 3868 interdum
2703 3812 2920 3878 accidit,
2947 3821 3006 3866 ut
3044 3826 3150 3866 non
3189 3811 3412 3882 quidem
3451 3824 3775 3882 permaneat

498 3908 588 3962 bet
610 3921 739 3961 caro
762 3906 864 3958 cibi
899 3914 954 3959 ct
1001 3913 1160 3975 potus
1184 3945 1199 3970 ,
1231 3920 1350 3975 quae
1403 3907 1545 3960 intra
1589 3917 1769 3963 certas
1804 3923 2072 3965 mensuras

2183 3903 2306 3969 quis
2333 3902 2383 3956 in
2424 3912 2674 3971 peccato,
2712 3905 2806 3958 sed
2850 3919 2971 3958 cum
3023 3903 3270 3969 desierit,
3320 3919 3535 3959 rursum
3587 3907 3773 3961 redeat

499 3998 830 4053 sullicientia:
852 3997 1236 4058 continentur:
1284 4012 1417 4067 quas
1450 3999 1493 4052 si
1527 4000 1649 4067 quis
1692 4002 1921 4054 excedat
1960 4017 2084 4070 per-
2186 3997 2251 4050 ad
2279 3998 2638 4062 vomitum,et
2669 3998 2762 4052 [iat
2795 3997 3224 4062 infelicissimus,
3253 4009 3311 4053 ut
3338 4009 3458 4070 post
3484 4000 3770 4070 depulsum

499 4091 756 4145 suasione
783 4089 1012 4158 peccati,
1039 4088 1150 4158 jam
1185 4103 1290 4143 non
1335 4090 1516 4142 cibum
1541 4099 1597 4144 et
1645 4099 1833 4159 potum
1858 4091 1949 4161 qui
1988 4109 2083 4145 na-
2183 4102 2212 4142 a
2243 4103 2302 4143 se
2336 4088 2449 4158 (58)
2482 4105 2700 4160 regnum
2739 4091 2944 4158 peccati
2975 4099 3028 4144 et
3063 4092 3274 4158 mortis,
3303 4101 3358 4145 et
3386 4108 3616 4162 regnum
3646 4093 3772 4146 vita:

501 4193 635 4234 tura:
678 4180 895 4246 sufﬁcit,
923 4195 1090 4247 caro,
1142 4179 1235 4234 sed
1279 4179 1552 4234 luxuriam
1600 4181 2081 4252 temulentiamque
2176 4175 2512 4248 justitiatque
2545 4191 2876 4248 susceptum,
2928 4181 3127 4234 iterum
3159 4195 3218 4235 se
3247 4182 3603 4236 dominationi
3645 4197 3771 4252 pec-

497 4275 762 4345 deposcit.
791 4274 964 4329 Simili
989 4275 1154 4330 etiam
1191 4276 1351 4329 modo
1401 4276 1541 4329 inest
1571 4277 1721 4330 carni
1754 4277 2078 4332 incitamen-
2182 4272 2288 4326 cali
2323 4272 2632 4327 substernal
2655 4282 2712 4328 el
2746 4275 2954 4328 mortis.
2983 4274 3049 4328 Et
3089 4275 3192 4328 isla
3227 4284 3358 4329 sunt
3387 4291 3510 4345 qna:
3544 4277 3770 4330 naufra-

499 4377 610 4419 tuin
640 4365 912 4429 naturale,
935 4379 1042 4434 quo
1072 4364 1287 4418 misceri
1315 4364 1532 4419 feminae
1559 4381 1724 4420 causa
1759 4369 2076 4435 reparanda:
2181 4365 2268 4433 gia
2324 4364 2446 4419 lidei
2488 4363 2723 4434 appellat
2773 4365 3068 4433 Apostolus
3113 4365 3178 4420 ".
3211 4363 3600 4423 Verumtamen
3651 4368 3767 4442 (59)

484 4458 858 4513 successionis
881 4466 1140 4526 exposcat
1165 4474 1179 4520 ;
1211 4458 1304 4512 sed
1336 4456 1380 4512 si
1410 4471 1474 4511 ex
1506 4457 1609 4512 hac
1638 4458 1925 4514 occasione
1954 4473 2076 4526 per-
2105 4463 2154 4523 ι)
2179 4457 2426 4526 quamvis
2473 4467 2788 4526 permaneat
2810 4458 2944 4527 'quis
2993 4458 3045 4512 in
3100 4469 3345 4528 peccato,
3388 4462 3638 4530 quamvis
3663 4464 3766 4517 sub

2185 4549 2373 4605 mortis
2404 4564 2570 4620 regno
2615 4558 2669 4605 et
2699 4559 2969 4618 potestate
3008 4553 3304 4620 perduret,
3335 4568 3440 4607 non
3479 4565 3659 4609 tamen
3691 4554 3762 4610 ita

2180 4649 2444 4696 aeternum
2475 4641 2620 4696 istud
2667 4643 2859 4696 mortis
2903 4657 3025 4696 esse
3073 4644 3316 4698 arbitror
3346 4659 3569 4714 regnum
3602 4646 3764 4718 (59‘),

2183 4746 2241 4790 ut
2265 4744 2349 4790 est
2385 4736 2506 4789 vitae
2535 4746 2696 4806 atque
2717 4735 2970 4800 iustitiae;
2998 4735 3232 4789 maxime
3256 4753 3378 4792 cum
3409 4739 3800 4793 novissimum’

2183 4829 2458 4882 inimicum
2487 4837 2715 4882 mortem
2747 4827 2815 4881 ab
2835 4827 3457 4899 A~postolo(6t))‘audiam
3477 4830 3762 4886 destruen-

563 4918 802 4990 ΙξΜειιιιι.
831 4937 906 4983 XI,
941 4922 1032 4978 30.
1109 4922 1130 4953 °
1156 4921 1323 4975 Zacli.
1355 4937 1408 4984 v,
1439 4921 1489 4986 7,
1536 4922 1588 4976 8.
1668 4923 1686 4952 "
1720 4921 1879 4975 Rom.
1927 4938 2003 4988 vi,
2028 4924 2072 4978 1.

2249 4923 2280 4953 ’⁸
2317 4921 2472 4976 Rom.
2512 4937 2566 4985 v,
2592 4922 2683 4975 ΞΟ.
2777 4923 2799 4953 ⁸
2833 4921 2988 4975 Rom.
3035 4938 3109 4989 vi,
3156 4921 3243 4978 l2.
3345 4923 3390 4954 ¹⁰
3432 4921 3591 4979 Romo
3623 4941 3676 4990 ν.
3704 4927 3756 4980 6-

491 4990 534 5020 “
561 4989 766 5045 Coloss.
817 5007 856 5053 ι.
879 4993 970 5046 9.0.
1047 4993 1090 5024 “
1123 4992 1285 5047 llebr.
1317 5007 1378 5058 ιι,
1402 4991 1455 5046 9.
1537 4993 1580 5023 ¹³
1612 4992 1764 5046 llum.
1796 5009 1846 5059 ν,
1882 4992 1970 5048 1‘3.
2045 4996 2072 5024 "

2182 5009 2271 5047 llll.
2303 5007 2380 5058 vi,
2409 4993 2462 5044 1.
2542 4993 2585 5024 ¹³
2608 4992 2626 5045 ι
2653 4992 2790 5046 Tim.
2827 4995 2980 5056 ι,19.

562 5085 675 5158 (51)
708 5085 872 5158 Εόίιί,
913 5108 932 5138 ε
965 5090 1154 5152 etiam,
1191 5107 1211 5140 ι
1242 5089 1401 5143 male.
2178 5097 2262 5142 ret
2315 5096 2565 5140 mortem.
2614 5107 2632 5138 ι
2672 5087 2863 5142 Caeteri
2911 5089 3076 5154 editi,
3121 5097 3175 5142 et
3205 5107 3226 5140 ι
3275 5087 3407 5142 illud
3441 5087 3570 5142 velit
3615 5091 3759 5158 quod

561 5156 675 5228 (ὃὲ)
706 5156 834 5214 Mss.
861 5159 1102 5228 plures,c
1130 5169 1404 5214 mortuum
1433 5172 1658 5227 peccare
1694 5175 1799 5213 non
1827 5172 2020 5227 posse;
2050 5179 2068 5212 ι
2173 5161 2290 5214 sine
2317 5159 2485 5229 dubio
2519 5174 2617 5226 pro
2641 5160 2895 5213 omnibus
2916 5160 3148 5229 gustarit
3185 5170 3437 5214 mortem.
3465 5177 3484 5209 ι

491 5227 586 5292 aL,
613 5227 943 5299 rmortuum
980 5242 1316 5299 peccatoretn
1351 5245 1474 5284 esse
1513 5245 1619 5282 non
1665 5241 1846 5298 posse.
1898 5248 1917 5280 ι
1965 5231 2073 5285 Sed
2244 5227 2354 5299 (56)
2388 5229 2556 5299 alias,
2591 5247 2608 5279 ι
2644 5231 2797 5292 dicit,
2841 5248 2858 5280 ι
2888 5227 3048 5284 niale.

490 5298 691 5350 rectius
721 5308 781 5352 ιιι
815 5299 867 5352 in
902 5297 1086 5354 ttoStro
1117 5309 1286 5352 textu.
1667 5297 1676 5298 ί
2243 5297 2357 5365 (57)
2392 5297 2556 5365 Editi,
2593 5318 2611 5349 ε
2652 5309 2900 5352 mortem.
2936 5322 2953 5352 ›

561 5367 673 5438 (55)
705 5367 962 5423 Societas.
1020 5371 1180 5424 Deest
1219 5370 1270 5422 in
1330 5369 1483 5423 libris
1531 5380 1686 5423 antea
1733 5372 1915 5426 editis.
1966 5371 2066 5425 Ms.
2243 5367 2357 5439 (58)
2397 5373 2434 5420 Α
2464 5385 2536 5422 se.
2573 5370 2741 5432 Alias,
2776 5388 2794 5421 ι
2832 5371 2885 5422 in
2913 5387 2992 5423 se.
3029 5391 3046 5422 ι

561 5378 673 5432 (ὀῦ)
705 5378 962 5423 Societas.
1020 5378 1180 5424 Deest
1219 5378 1270 5422 in
1330 5378 1483 5423 libris
1531 5380 1686 5423 antea
1733 5378 1915 5426 editis.
1966 5378 2066 5425 Ms.
2269 5378 2357 5439 .38)
2397 5378 2434 5420 Α
2464 5385 2536 5422 se.
2573 5378 2741 5432 Alias,
2776 5388 2794 5421 ι
2832 5378 2885 5422 in
2913 5387 2992 5423 se.
3029 5391 3046 5422 ι

492 5435 634 5490 unus
662 5454 807 5514 pror
847 5440 1081 5514 societas
1131 5459 1147 5514 ξ
1182 5441 1345 5514 habet
1376 5458 1394 5489 ι
1442 5440 1699 5514 obligatio
1733 5483 1749 5505 ,
1797 5461 1814 5490 ι
1848 5453 1903 5495 ει
1933 5443 2069 5496 alter
2240 5378 2532 5514 j59)_¥ide
2604 5439 3046 5509 Origenianarum
3105 5441 3199 5495 lib.
3244 5456 3326 5504 ‘ll,
3383 5449 3577 5510 quaest.
3643 5440 3755 5510 11,

490 5522 585 5574 pro
623 5527 642 5559 ‹
686 5510 1049 5577 voluptatibus
1079 5530 1098 5561 ι
1133 5510 1294 5564 habet
1352 5528 1370 5558 ί
1405 5511 1702 5564 voluntate.
1738 5531 1756 5562 ι

493 4552 758 4604 suadente
780 4559 1002 4620 peccato
1036 4549 1338 4605 declinetur
1369 4565 1399 4602 a
1429 4549 1567 4620 lege,
1596 4558 1652 4603 et
1674 4549 1936 4605 naturalis
1962 4549 2076 4604 libi-

494 4644 638 4698 dinis
667 4654 846 4698 motus
863 4643 927 4698 ad
955 4643 1142 4696 illicita
1168 4643 1536 4710 concitentur,
1571 4653 1795 4712 peccato
1828 4644 1958 4697 vivit
1981 4643 2072 4712 qui

492 4827 595 4881 bus
639 4838 813 4898 paret.
849 4828 904 4883 Si
947 4843 1077 4900 ergo
1127 4828 1490 4883 commonitus
1518 4828 1639 4898 quis
1666 4837 1840 4882 morte
1868 4829 2070 4884 Christi

2170 5509 2338 5566 nuin.’
2357 5509 2441 5563 18.

564 5578 673 5651 (ζῆ-ι)
719 5577 868 5651 [ετξ.
901 5581 953 5632 ln
980 5581 1138 5635 editis
1160 5581 1449 5634 omittitur.
2241 5580 2376 5651 (59°)
2417 5581 2585 5636 Caute
2615 5580 2753 5651 lege.

564 5584 673 5647 (fit)
726 5584 868 5632 Vere.
901 5584 953 5632 In
980 5584 1138 5635 editis
1160 5584 1449 5634 omittitur.
2263 5584 2376 5646 59°)
2417 5584 2585 5636 Caute
2615 5584 2753 5651 lege.

562 5648 675 5726 (3’35)
714 5647 803 5726 Sic
835 5666 962 5726 mss.
973 5653 1164 5726 mostri
1193 5667 1403 5726 omnes.
1437 5651 1761 5726 Salodianus
1789 5667 1940 5713 vero,
1966 5672 1983 5704 ι
2004 5663 2058 5706 ει
2184 5723 2195 5726 _
2240 5584 2352 5726 (60)
2384 5651 2552 5719 Alias,
2603 5671 2620 5704 ι
2666 5651 3020 5709 novissimam
3059 5651 3427 5708 inimicam....
3465 5651 3744 5716 destruen.

493 5716 622 5774 illud
644 5716 794 5775 velut
815 5720 934 5777 sine
969 5721 1081 5778 Deo
1106 5722 1224 5778 sine
1257 5723 1423 5779 dubio
1475 5739 1570 5790 pro
1595 5723 1845 5778 outnibus
1872 5733 2056 5790 gusta-
2165 5716 2307 5779 dai‘n.
2334 5716 2362 5776 ἰ
