4170 6342
390 346 412 400 1
425 344 523 400 0137

1379 331 1738 389 ΕΟΜΜΕΝΤ.
1777 331 1840 384 ΙΝ
1870 331 2090 386 EPIST.
2125 332 2214 383 Al)
2244 331 2410 384 “0M.
2440 331 2568 384 LIB.
2611 332 2676 383 γ.

3518 334 3657 390 mss

389 465 514 517 dum
547 461 614 514 “.
648 459 714 514 Et
739 472 924 514 revera
955 455 1000 512 si
1023 455 1213 511 eadem
1257 453 1536 508 :eteruitas
1577 453 1768 506 mortis
1806 466 1973 523 pona-
2002 455 2048 513 Α
2085 468 2102 500 ι
2138 449 2216 504 An
2268 449 2532 518 ignora-tis
2559 448 2685 519 quia
2721 449 3032 518 quicunque
3077 449 3338 519 baptizati
3370 466 3559 507 sumus
3600 458 3652 508 in

387 562 476 609 tur
505 567 647 614 esse,
681 566 801 620 quae
828 550 954 603 vitae
985 558 1090 612 est,
1118 547 1230 614 jam
1268 561 1375 599 non
1404 546 1508 600 erit
1529 561 1673 600 mors
1695 544 1816 599 vitae
1842 560 1972 598 con-

391 646 581 709 traria,
612 645 704 698 sed
738 643 985 713 aequalis.
1027 640 1312 697 Eternum
1343 654 1576 710 namque
1607 650 1806 693 artemo
1841 654 1972 693 con-

391 739 613 792 trarium
665 753 769 791 non
822 735 947 800 erit,
996 736 1089 790 sed
1130 734 1290 788 idem.
1339 731 1496 785 Nunc
1539 741 1717 785 autem
1758 741 1968 786 certum

388 841 474 885 est
506 839 730 884 mortem
778 830 901 883 vitae
935 843 1058 883 esse
1081 825 1408 882 contrariam
1437 841 1452 891 ;
1482 835 1692 880 certum
1727 834 1809 880 est
1841 839 1971 894 ergo
2004 868 2007 871 .

389 927 532 994 quod
565 924 609 978 si
632 925 740 978 vita
776 934 981 978 :eterna
1014 931 1098 976 est
1131 922 1270 990 (6|),
1309 936 1459 977 mors
1487 935 1610 976 esse
1655 935 1760 975 non
1801 920 1971 992 possit

388 1026 590 1069 aeterna
609 1031 622 1066 :
641 1015 780 1068 unde
799 1025 853 1068 et
881 1013 1249 1069 necessarium
1271 1013 1446 1068 locum
1471 1021 1620 1068 tenet
1641 1013 1970 1067 resurrectio

390 1117 752 1162 mortuormn.
785 1104 920 1160 Cum
989 1104 1132 1161 enim
1165 1120 1312 1159 mors
1341 1105 1556 1168 animae,
1600 1120 1720 1172 quae
1747 1113 1831 1160 est
1870 1120 1967 1159 no-

384 1197 643 1252 vissimus
666 1197 942 1262 inimicus,
967 1195 1132 1250 luerit
1162 1195 1644 1259 dcstructa,etiam
1678 1197 1794 1251 inec
1820 1211 1970 1251 com-

388 1289 568 1344 munis
593 1305 759 1352 mors,
796 1304 956 1358 quam
1007 1287 1152 1342 illius
1193 1287 1343 1342 velut
1374 1292 1620 1344 umbram
1665 1304 1788 1345 esse
1823 1290 1967 1344 dixi-

389 1396 544 1444 mus,
593 1381 902 1437 necessario
939 1379 1285 1446 abolebitur;
1317 1390 1374 1436 et
1415 1391 1541 1437 tunc
1573 1392 1970 1452 consequenter

386 1473 771 1529 resurrectioui
805 1482 1141 1528 mortuorum
1174 1473 1392 1528 dabitur
1417 1472 1588 1537 locus,
1620 1474 1710 1528 ubi
1737 1488 1964 1544 regnum

387 1566 580 1620 mortis
609 1565 813 1634 pariter
843 1581 963 1619 cum
1005 1576 1180 1622 morte
1208 1567 1543 1622 destructum
1574 1569 1698 1622 erit.
1729 1567 1834 1622 Sed
1871 1582 1968 1622 nos

385 1673 492 1712 non
532 1667 915 1728 exspectemus
957 1659 1174 1727 quando
1215 1661 1317 1714 iste
1349 1659 1679 1715 novissimus
1715 1659 1967 1714 inimicus

385 1747 720 1814 destruatur,
753 1767 773 1800 ι
808 1749 902 1819 qui
930 1749 1103 1805 semel
1145 1749 1433 1806 illuminati
1470 1771 1490 1804 ι
1521 1767 1731 1816 sumus,
1765 1761 1820 1807 et
1860 1769 1963 1819 gu-

383 1841 647 1896 stavimus
675 1860 694 1892 ‹
730 1843 928 1896 donum
964 1843 1207 1908 cmleste,
1242 1858 1305 1899 ac
1332 1845 1624 1914 participes
1647 1844 1775 1900 facti
1809 1863 1829 1898 ι
1869 1860 1964 1899 su-

382 1948 503 1987 mus
537 1951 556 1985 (
590 1933 824 2003 Spiritus
852 1937 1048 2002 sancti,
1081 1945 1136 1992 et
1165 1938 1365 1992 bonum
1401 1955 1420 1988 ι
1451 1936 1787 2008 gustavimus
1821 1955 1839 1988 ε
1873 1936 1964 1992 Dei

378 2025 608 2079 verbum
637 2065 652 2089 ,
687 2029 919 2083 virtutes
962 2045 1182 2099 quoque
1219 2029 1400 2084 saeculi
1442 2029 1656 2083 venturi
1687 2029 1771 2092 ";
1804 2049 1822 2082 ι
1872 2030 1966 2084 sed

381 2132 796 2186 permaneamus
821 2120 873 2174 in
913 2122 1084 2188 gratia
1103 2163 1118 2188 ,
1146 2138 1247 2177 nec
1272 2129 1650 2190 exspectemus
1682 2130 1742 2175 ut
1771 2121 1964 2176 iterum

379 2218 504 2275 post
538 2209 744 2278 lapsum
787 2226 1116 2268 renoventur
1161 2232 1180 2266 α
1213 2215 1280 2268 ad
1323 2213 1720 2282 paenitentiam,
1750 2229 1964 2268 rursum

377 2297 764 2367 erucitigentes
795 2317 814 2350 ι
847 2300 1002 2354 nobis
1052 2301 1186 2370 ipsis
1227 2319 1246 2352 ι
1285 2300 1480 2355 Filium
1506 2301 1625 2364 Dei,
1655 2308 1709 2354 et
1730 2301 1964 2355 ostentui

379 2386 672 2453 habentes,
710 2413 729 2442 ο
769 2390 864 2444 sed
915 2403 1141 2461 regnum
1180 2393 1407 2461 justitiae
1445 2392 1498 2446 in
1545 2391 1698 2445 nobis
1741 2390 1833 2444 fiat
1876 2406 1964 2444 re-

377 2496 542 2548 gnum
574 2491 835 2536 azternum
863 2501 877 2550 ;
903 2500 1001 2538 nec
1039 2486 1231 2538 iterum
1257 2483 1632 2554 confugiamus
1653 2483 1706 2536 in
1741 2497 1963 2552 regnum

380 2571 572 2624 mortis
597 2570 731 2642 (ω),
759 2587 829 2627 ex
861 2589 967 2642 quo
997 2573 1213 2628 liberati
1245 2576 1312 2628 ad
1338 2589 1560 2641 regnum
1593 2573 1716 2626 vita;
1745 2583 1966 2628 aeterna:

376 2663 742 2731 pervenimus,
787 2674 846 2718 ut
878 2683 897 2716 ‹
945 2665 1121 2734 gratia
1163 2679 1259 2736 per
1297 2663 1570 2734 justitiam
1619 2675 1810 2735 regnet
1850 2685 1868 2718 ι
1909 2667 1964 2721 in

377 2754 535 2809 nobis
573 2773 591 2806 ι
635 2754 822 2809 invita
865 2765 1068 2810 aeterna
1105 2771 1201 2827 per
1229 2755 1414 2811 Jesum
1445 2755 1722 2812 Christum
1779 2755 1966 2811 Domi-

376 2860 506 2898 num
535 2854 784 2900 nostrum
808 2847 905 2903 ιδ.»
940 2847 1094 2915 Quod
1125 2863 1256 2920 ergo
1281 2848 1420 2902 dixit
1448 2864 1462 2900 :
1494 2867 1512 2900 ε
1549 2847 1747 2903 Mortui
1776 2863 1964 2904 sumus

376 2949 626 3005 peccato,
667 2956 686 2990 ι
727 2941 846 3002 ιιορ⁴
873 2949 957 2994 est
1017 2941 1158 3010 quod
1199 2941 1325 2996 alibi
1378 2943 1474 3007 ait,
1505 2941 1816 2998 conformes
1859 2957 1956 2998 nos

372 3027 572 3083 Christi
605 3031 767 3084 morti
800 3028 1056 3096 eﬂ'ectos,
1087 3031 1178 3100 qui
1222 3051 1242 3084 ι
1272 3033 1436 3088 semel
1465 3045 1687 3101 peccato
1717 3042 1964 3088 mortuus

2074 543 2290 597 Christo
2308 541 2460 607 Jcsu,
2481 542 2536 595 in
2564 550 2742 596 morte
2771 541 2943 612 ipsius
2971 543 3234 612 baptizati
3262 560 3449 599 sumus
3471 547 3657 602 νοου-

2073 634 2267 702 sepulti
2292 636 2434 688 enim
2467 633 2711 688 sulnusei
2736 649 2831 703 per
2849 635 3176 704 baptismum
3199 637 3250 690 in
3275 647 3504 692 mortem
3519 639 3566 672 "
3591 654 3606 694 :
3628 657 3650 691 ο

2072 724 2275 780 docens
2297 739 2394 796 per
2430 726 2542 779 haec
2564 725 2693 794 quia
2729 725 2774 780 si
2807 725 2928 795 quis
2961 727 3111 793 prius
3146 738 3395 782 mortuus
3417 739 3503 783 est
3530 745 3658 798 pec-

2072 827 2224 880 cato,
2280 816 2326 872 is
2383 818 2694 872 necessario
2740 817 2792 871 in
2850 817 3119 888 baptismo
3173 825 3525 893 consepultus
3572 837 3656 882 est

2071 907 2328 976 Christo;
2352 911 2395 964 si
2431 926 2562 966 vero
2592 927 2697 966 non
2723 923 2848 970 ante
2877 916 3000 986 quis
3030 917 3259 970 moritur
3279 929 3523 986 peccato,
3543 935 3652 973 non

2071 1010 2248 1068 potest
2273 1002 2490 1072 sepeliri
2539 1020 2660 1059 cum
2696 1005 2939 1062 Christo.
2991 1007 3161 1064 Nemo
3189 1009 3334 1064 enim
3371 1011 3525 1066 vivus
3553 1011 3656 1066 ali-

2070 1092 2288 1160 quando
2312 1093 2594 1161 sepelitur.
2621 1095 2774 1162 Quod
2800 1100 2844 1154 sl
2874 1113 2978 1154 non
3011 1101 3379 1170 consepelitur
3407 1102 3650 1169 Christo,

2071 1197 2174 1237 nec
2225 1183 2465 1258 legitime
2498 1187 2834 1258 baptizatur.
2885 1193 3087 1248 Verum
3123 1193 3191 1249 de
3237 1196 3447 1251 ratione
3478 1197 3654 1266 bapti-

2070 1277 2281 1338 smatis,
2337 1293 2458 1332 cum
2520 1296 2919 1351 exponeremus
2952 1285 3306 1359 Evangelium
3355 1290 3651 1345 secundum

2067 1363 2332 1421 Joannem
2367 1408 2381 1432 ,
2416 1369 2504 1424 ubi
2561 1384 2780 1428 ventum
2835 1385 2920 1430 est
2954 1379 3020 1431 ad
3075 1394 3198 1432 eum
3246 1379 3422 1435 locum
3457 1381 3509 1433 in
3543 1396 3654 1438 ouo

2068 1459 2201 1514 dicit
2251 1459 2491 1518 Joannes
2523 1465 2590 1520 de
2639 1465 2766 1521 Jesu
2797 1466 2943 1539 (63)
2982 1482 2998 1522 :
3035 1488 3053 1520 ‹
3107 1469 3226 1540 Ipse
3269 1487 3365 1526 vos
3411 1471 3654 1542 baptiza-

2067 1549 2145 1603 bit
2171 1551 2219 1604 in
2247 1552 2452 1622 Spiritu
2481 1563 2670 1611 sancto
2691 1557 2770 1621 ³⁶;
2801 1575 2820 1608 ι
2853 1566 2909 1612 et
2946 1559 3070 1612 item
3107 1561 3196 1614 ubi
3233 1561 3348 1631 ipse
3398 1560 3654 1617 Salvator

2068 1643 2200 1696 dicit
2233 1661 2247 1696 :
2283 1665 2301 1697 ‹
2333 1645 2448 1702 Nisi
2473 1649 2597 1718 quis
2640 1661 2860 1704 renatus
2897 1649 3060 1706 fuerit
3091 1653 3269 1708 denuo
3305 1665 3368 1709 ex
3418 1669 3556 1723 aqua
3595 1663 3654 1710 et

2068 1735 2224 1808 561
2246 1736 2473 1808 Spiritu,
2493 1756 2596 1796 non
2615 1750 2792 1812 potest
2809 1743 3033 1798 introire
3065 1744 3114 1797 in
3138 1760 3361 1814 regnum
3387 1748 3478 1802 Dei
3493 1748 3540 1779 “
3556 1748 3600 1813 ‘,
3625 1768 3645 1801 ι

2071 1849 2168 1904 pro
2217 1833 2425 1889 viribus
2459 1833 2662 1889 nostris
2689 1849 2810 1904 quae
2851 1848 3145 1890 occurrere
3181 1846 3473 1906 potuerunt
3494 1877 3510 1903 ,
3540 1839 3650 1896 imo

2069 1941 2190 1996 quae
2216 1926 2436 1981 donavit
2469 1925 2730 1981 Dominus
2761 1926 3029 1991 diximus,
3071 1929 3160 1983 ubi
3194 1938 3250 1983 et
3277 1932 3543 1985 sermonis
3568 1932 3652 2003 ip-

2068 2017 2182 2072 sius
2199 2016 2307 2070 vim
2335 2031 2442 2085 quo
2471 2016 2676 2070 dicitur
2709 2015 2822 2087 (64)
2854 2035 2866 2070 :
2910 2035 2929 2068 ι
2965 2017 3079 2072 Nisi
3115 2018 3238 2088 quis
3275 2030 3494 2074 renatus
3527 2020 3644 2076 fue-

2069 2110 2143 2163 rit
2183 2109 2382 2174 denuo,
2423 2128 2441 2161 ι
2487 2109 2647 2163 altius
2676 2111 2890 2178 aperire
2922 2112 3268 2166 tentavimus.
3292 2112 3453 2179 Quod
3489 2115 3638 2169 enim

2081 2216 2182 2255 nos
2230 2199 2407 2255 Latini
2455 2200 2721 2255 habemus
2765 2218 2786 2253 ‹
2821 2201 3026 2267 denuo,
3063 2220 3082 2252 ι
3119 2200 3294 2257 Grteci
3335 2203 3540 2258 ἄνωθεν
3567 2205 3650 2260 di-

2069 2301 2218 2354 cunt,
2250 2292 2341 2362 qui
2369 2307 2550 2346 sermo
2583 2301 2875 2362 utrumque
2912 2292 3204 2361 signiﬁcat,
3241 2302 3297 2348 et
3328 2311 3347 2344 ί
3391 2295 3589 2361 denuo,
3621 2315 3640 2346 ι

2067 2393 2120 2437 et
2147 2401 2166 2434 ‹
2195 2384 2261 2437 de
2280 2382 2670 2453 superioribus.
2702 2383 2797 2439 )ln
2827 2385 2928 2440 hoc
2953 2399 3084 2454 ergo
3116 2383 3256 2448 loco,
3283 2387 3407 2455 quia
3435 2387 3524 2456 qui
3555 2387 3651 2441 ha-

2067 2477 2305 2546 ptizatur
2345 2491 2375 2529 a
2417 2475 2569 2542 Jesu,
2601 2475 2655 2531 in
2699 2475 2904 2547 Spiritu
2951 2487 3143 2533 sancto
3173 2477 3504 2547 baptizatur,
3541 2495 3648 2535 non

2069 2569 2144 2622 ita
2171 2586 2191 2621 ι
2225 2569 2403 2624 denuo
2431 2567 2584 2638 (65'):
2631 2567 2849 2636 dicitur,
2889 2577 2946 2622 ut
2982 2568 3050 2623 de
3073 2568 3450 2637 superioribus
3485 2569 3649 2626 intel-

2068 2660 2158 2730 ligi
2183 2661 2474 2716 conveniat
2502 2679 2516 2715 :
2546 2676 2670 2715 nam
2709 2678 2730 2712 ι
2760 2662 2937 2716 denuo
2962 2679 2982 2714 ι
3013 2659 3270 2726 dicimus,
3299 2675 3424 2716 cum
3455 2661 3648 2716 eadem

2067 2767 2188 2824 quae
2224 2761 2374 2824 gesta
2412 2764 2537 2809 sunt
2576 2762 2896 2823 repetuntur
2929 2770 2943 2807 :
2988 2744 3077 2807 hic
3105 2762 3287 2808 autem
3321 2767 3428 2807 non
3459 2754 3648 2808 eadem

2067 2845 2324 2900 nativitas
2375 2845 2644 2917 repetitur
2679 2846 2764 2902 vel
2819 2845 3070 2908 iteratur,
3114 2845 3230 2910 sed,
3286 2854 3501 2900 terrena
3547 2845 3653 2901 hac

2065 2941 2264 2996 omissa
2295 2939 2441 3011 (66),
2475 2939 2543 2995 de
2584 2940 2960 3009 superioribus
2988 2939 3287 3008 suscipitur
3329 2955 3470 2993 nova
3499 2937 3648 2993 nati—

2067 3033 2210 3084 vitas
2242 3048 2258 3099 ;
2293 3041 2348 3084 et
2373 3031 2494 3084 ideo
2524 3031 2726 3084 ret-tius
2755 3031 3064 3102 legeremus
3088 3031 3139 3084 in
3171 3030 3500 3099 Evangelia:
3536 3049 3556 3082 ο
3585 3031 3646 3087 Si

372 3129 456 3175 est
489 3120 554 3175 ".
589 3139 607 3171 ι
641 3119 793 3187 Quod
813 3131 991 3176 autem
1021 3123 1152 3176 dicit
1175 3141 1193 3173 ι
1213 3123 1402 3188 semel,
1424 3142 1443 3177 ι
1464 3137 1527 3178 ex
1559 3124 1768 3194 integro
1798 3125 1966 3195 signi-
1992 3144 2032 3201 ο
2068 3123 2189 3192 quis
2225 3138 2329 3177 non
2362 3122 2526 3177 fuerit
2559 3132 2779 3177 renatus
2813 3123 2880 3177 de
2912 3123 3308 3194 superioribus,
3334 3139 3439 3179 non
3466 3132 3650 3194 potest

375 3213 521 3265 licet.
557 3212 634 3266 Ex
661 3212 872 3283 integro
897 3228 1129 3283 namque
1163 3214 1415 3269 Christus
1450 3227 1679 3285 peccato
1712 3228 1957 3272 mortuus

370 3316 476 3372 est,
511 3323 537 3356 ι
572 3305 665 3374 qui
704 3315 988 3376 peccatum
1013 3321 1118 3362 non
1154 3306 1304 3373 fecit,
1340 3322 1441 3362 nec
1465 3308 1718 3364 inventus
1747 3320 1833 3364 est
1857 3309 1956 3365 do-

371 3397 454 3454 lus
489 3398 540 3452 in
575 3413 671 3453 ore
705 3397 822 3466 ejus
853 3397 922 3452 ²⁰.
965 3416 985 3450 ι

441 3491 496 3546 8.
530 3508 549 3542 ι
596 3491 679 3546 Αη
736 3491 1001 3562 ignoratis
1035 3491 1162 3562 quia
1206 3491 1520 3562 quicunque
1567 3491 1824 3562 baptizati
1857 3507 1956 3548 su-

371 3598 493 3638 mus
525 3585 577 3637 in
609 3582 826 3642 Christo
857 3583 1010 3650 Jesu,
1052 3585 1105 3640 in
1137 3593 1313 3639 morte
1359 3583 1530 3653 ipsius
1571 3585 1832 3654 baptizati
1861 3602 1957 3641 su-

372 3692 493 3731 mus
520 3677 546 3730 ?
583 3677 896 3748 Consepult-i
941 3678 1084 3732 enim
1121 3691 1314 3732 sumus
1365 3674 1440 3729 illi
1477 3691 1576 3746 per
1628 3676 1956 3746 baptismum

372 3768 427 3825 in
463 3779 726 3836 mortem;
754 3779 814 3824 ut
857 3769 1316 3840 quemadmodum
1353 3769 1594 3826 surrexit
1634 3770 1885 3824 Christus
1926 3787 1955 3824 a

369 3862 599 3916 mortuis
644 3878 742 3932 per
781 3863 1010 3933 gloriam
1051 3863 1257 3930 Patris,
1290 3862 1364 3916 ita
1406 3870 1462 3917 et
1498 3877 1595 3916 nos
1631 3865 1682 3915 in
1718 3863 1957 3917 novitate

365 3954 489 4008 vitae
510 3955 850 4010 ambulemus
865 3954 966 4009 “.i
992 3952 1233 4010 Observa
1264 3953 1577 4024 diligentius
1593 3955 1835 4008 ordinem
1872 3956 1956 4009 di-

365 4058 574 4100 ctorum
609 4055 663 4100 et
687 4046 1150 4116 consequentiam.
1201 4044 1492 4114 Comparat
1538 4047 1682 4100 enim
1717 4055 1956 4100 mortem

362 4151 481 4205 qua:
511 4152 608 4206 per
629 4137 797 4192 Adam
820 4137 1062 4201 est,vitee
1078 4150 1200 4206 quae
1228 4150 1324 4204 per
1349 4135 1624 4192 Christum
1649 4144 1766 4201 est;
1786 4145 1850 4211 et_
1871 4137 1957 4190 di-

363 4229 465 4284 cit:
488 4250 505 4282 ς
526 4228 640 4284 Non
661 4231 801 4284 sicut
819 4229 1094 4294 delictum,
1113 4229 1188 4282 ita
1205 4237 1259 4282 et
1279 4227 1583 4294 donum“;»
1609 4228 1809 4284 etitem
1839 4233 1960 4299 post

361 4322 477 4380 haec
499 4323 633 4378 ait"
654 4323 824 4393 legem
852 4322 1211 4378 subintroisse
1238 4320 1612 4376 utabundaret
1638 4329 1952 4392 peccatum;

363 4414 672 4468 abundante
703 4431 832 4470 vero
862 4423 1087 4485 peccato
1109 4414 1584 4485 superabundasse
1607 4416 1838 4481 gratiam
1863 4433 1878 4482 ;
1903 4423 1958 4470 et

2066 3215 2293 3271 introire
2319 3213 2373 3268 in
2409 3228 2635 3284 regnum
2672 3213 2764 3267 Dei
2808 3236 2819 3268 :
2857 3233 2876 3267 ι
2907 3215 3010 3270 hoc
3037 3217 3184 3271 enim
3225 3224 3310 3271 est
3338 3217 3390 3270 in
3437 3215 3645 3286 Spiritu

2059 3317 2250 3364 sancto
2271 3306 2561 3378 baptizari.
2587 3305 2685 3362 Cui
2711 3309 2932 3374 rationi,
2958 3319 3019 3364 ut
3035 3311 3101 3366 de
3125 3311 3502 3380 superioribus
3521 3327 3648 3366 e-sc

2060 3402 2388 3472 baptismum
2423 3399 2804 3462 conﬁrmetur.
2837 3416 2945 3456 non
2977 3403 3258 3458 immerito
3289 3404 3354 3457 ad
3388 3414 3643 3458 sanctum

2062 3496 2325 3566 Spiritum
2350 3495 2651 3568 iungentur
2685 3497 2847 3552 etiam
2886 3513 2905 3547 ι
2957 3511 3110 3566 aquae
3140 3511 3261 3566 quae
3288 3511 3452 3564 super
3474 3497 3647 3553 melos

2061 3596 2206 3654 sunt,
2241 3597 2298 3642 et
2332 3588 2551 3642 laudant
2573 3589 2685 3660 (67)
2721 3603 2916 3643 nomen
2945 3587 3163 3642 Domini
3188 3588 3256 3641 ".
3293 3605 3313 3639 ι
3356 3587 3419 3641 Ει
3450 3602 3646 3656 quam-

2059 3681 2142 3735 vis
2170 3681 2463 3736 secundum
2490 3691 2674 3753 typum
2709 3679 2974 3735 Ecclesiis
3011 3679 3268 3734 traditum
3301 3679 3416 3752 (68)
3452 3694 3647 3736 omnes

2060 3771 2322 3843 baptizati
2350 3773 2520 3828 simus
2552 3775 2606 3827 in
2637 3774 2793 3844 aquis
2813 3772 2936 3828 istis
2959 3772 3288 3838 visibilibus,
3317 3779 3374 3826 et
3410 3773 3462 3826 in
3497 3771 3649 3826 chri-

2059 3877 2233 3920 smate
2262 3866 2492 3932 visibili,
2535 3875 2714 3921 tamen
2761 3866 2853 3935 qui
2895 3874 3144 3920 mortuus
3186 3874 3270 3919 est
3305 3873 3550 3933 peccato,
3587 3871 3644 3916 et

2058 3974 2188 4013 vere
2211 3958 2519 4028 baptizatur
2543 3957 2595 4013 in
2629 3965 2802 4013 morte
2836 3957 3064 4020 Christi,
3095 3965 3151 4011 et
3190 3955 3561 4024 consepelitur
3589 3955 3642 4010 ei

2059 4064 2157 4119 per
2183 4050 2506 4118 baptismum
2533 4049 2587 4103 in
2619 4061 2874 4115 mortem,
2901 4050 3004 4104 iste
3026 4063 3158 4103 vere
3187 4049 3240 4102 in
3274 4047 3480 4117 Spiritu
3516 4061 3644 4102 san-

2060 4150 2149 4196 cto
2181 4149 2238 4196 et
2274 4157 2416 4212 aqua
2453 4142 2518 4197 de
2550 4141 2928 4212 superioribus
2963 4141 3289 4206 baptizatur.
3328 4139 3392 4192 Et
3428 4139 3643 4192 intuere

2059 4233 2238 4288 adhuc
2285 4233 2603 4305 diligentius
2652 4233 2866 4304 mystici
2910 4231 3122 4288 ordinis
3167 4229 3639 4299 consequentiam.

2061 4324 2197 4380 Mori
2232 4326 2384 4394 prius
2429 4334 2645 4395 oportet
2687 4334 2741 4380 te
2775 4333 3037 4394 peccato,
3074 4333 3134 4378 ut
3186 4322 3367 4392 possis
3417 4320 3639 4390 sepeliri

2059 4431 2182 4471 cum
2237 4415 2475 4472 Christo.
2518 4415 2731 4472 Mortuo
2773 4417 2917 4470 enim
2965 4414 3242 4485 sepultura
3279 4414 3527 4468 debetur.
3577 4409 3640 4467 Si

360 4505 415 4560 in
438 4507 522 4560 his
543 4507 706 4561 solvit
729 4507 871 4577 quod
895 4508 1178 4563 videbatur
1199 4509 1686 4575 essecontrarium,
1711 4509 1944 4565 etdicit:
1975 4499 2026 4560 D
2051 4509 2196 4562 enim
2241 4509 2379 4564 vivis
2418 4508 2596 4564 adhuc
2641 4517 2886 4576 peccato,
2944 4504 3266 4574 consepeliri
3327 4518 3430 4557 non
3486 4513 3640 4572 potes

366 4615 388 4651 ε
428 4598 526 4664 Qui
562 4600 707 4652 enim
749 4601 945 4654 mortui
974 4615 1162 4654 sumus
1189 4609 1433 4672 peccato,
1463 4601 1736 4669 quomodo
1787 4600 1941 4656 vive-

361 4703 482 4742 mus
508 4689 686 4743 adhuc
712 4689 764 4742 in
787 4705 854 4744 eo
884 4690 971 4744 “‘P
1006 4709 1024 4743 ι
1047 4690 1203 4747 Nunc
1232 4707 1365 4762 ergo
1399 4691 1585 4747 volens
1615 4693 1781 4748 rebus
1807 4693 1942 4760 ipsis

358 4782 650 4836 03teudere
701 4781 830 4851 quid
864 4792 949 4837 est
990 4793 1268 4840 mortuum
1299 4797 1424 4840 esse
1469 4793 1730 4853 peccato,
1757 4786 1889 4842 dicit
1922 4805 1936 4842 :

467 4921 510 4952 ιο
538 4921 555 4975 l
583 4921 710 4976 Cor.
740 4881 829 4982 ιζ.
869 4921 960 4977 26.
1066 4925 1108 4956 ιτ
1140 4922 1412 4984 llehr.v1.
1454 4924 1567 4980 4-6.

361 4993 520 5060 νι,ί3,
550 4994 606 5046 4.
707 4997 754 5027 ’³
773 4993 928 5046 Rom.
963 5009 1018 5060 v,
1044 4994 1130 5048 15.
1229 4996 1279 5026 ³³
1305 4993 1440 5050 ibid.
1467 4995 1561 5052 30.

357 5061 402 5094 "
435 5059 583 5119 Psal.
606 5078 826 5131 cxuvm,
870 5064 925 5118 4.

431 5186 542 5258 (61)
583 5185 675 5242 Sic
699 5195 847 5240 recte
877 5201 976 5258 ms.
1010 5199 1150 5240 unus
1189 5185 1392 5258 Regius
1428 5203 1581 5244 num.
1613 5186 1772 5243 1659.
1807 5187 1925 5242 Edi-

357 5256 396 5312 ti
422 5256 571 5322 vero,
599 5275 618 5308 ι
653 5258 778 5327 quia
807 5258 887 5329 sic
917 5257 1041 5329 vita;
1072 5256 1306 5329 aeternae
1320 5272 1466 5329 mors
1491 5273 1613 5315 esse
1663 5276 1770 5314 non
1799 5273 1929 5329 pos-

355 5329 429 5381 sit
476 5339 700 5383 aeterna.
734 5346 754 5378 ι
801 5328 998 5382 Caeteri
1049 5342 1179 5399 mss.
1216 5327 1424 5394 :alius,
1459 5346 1478 5380 σ
1531 5331 1659 5399 quia
1711 5332 1756 5384 si
1801 5327 1936 5382 ‘vitaa

356 5409 570 5455 aeternae
594 5408 677 5454 est
697 5413 845 5453 mors
867 5398 1162 5463 contraria,
1186 5413 1310 5453 esse
1336 5412 1442 5452 non
1466 5398 1636 5468 possit
1661 5412 1894 5461 aeterna;
1912 5417 1930 5448 ι

357 5469 517 5534 alius,
550 5487 569 5521 ι
604 5468 731 5539 quia
770 5471 813 5524 si
842 5469 969 5522 vita:
1009 5477 1227 5523 aeternae
1268 5482 1416 5522 mors
1455 5483 1578 5524 esse
1619 5485 1726 5524 non
1771 5472 1940 5536 possit

355 5539 651 5601 contraria,
682 5555 829 5594 mors
857 5553 980 5593 esse
1011 5555 1114 5593 non
1149 5539 1319 5607 possit
1348 5547 1582 5604 aeterna;
1616 5559 1635 5591 ι
1669 5539 1828 5593 male.

380 5678 392 5689 .
425 5609 538 5682 (62)
578 5609 743 5676 Editi,
775 5627 793 5661 ι
838 5611 940 5664 hoc
965 5609 1183 5666 interim
1210 5607 1482 5678 fugiamus
1538 5625 1764 5680 regnum
1793 5623 1936 5663 mor-

356 5687 444 5737 tis.
498 5702 516 5733 ι

427 5753 537 5821 (65)
578 5751 711 5806 Vide
749 5760 876 5806 tom.
907 5767 961 5804 vi
991 5752 1044 5805 in
1070 5751 1352 5822 Joannem,
1408 5766 1556 5807 num.
1603 5750 1696 5820 26,
1723 5750 1811 5808 ubi
1845 5751 1934 5810 hic

357 5820 651 5884 Scriptura:
673 5823 824 5880 locus
848 5824 1160 5886 exponitur.

1683 4926 1725 4957 ¹⁸
1749 4927 1904 4983 noun.
1937 4946 1988 4993 v,
2011 4930 2104 4984 2i.

1667 4996 1712 5028 ’δ
1745 4999 1898 5054 lium.
1934 5015 2009 5065 vi,

2052 4600 2298 4665 Christo,
2337 4615 2436 4656 nec
2476 4601 2529 4655 in
2561 4616 2700 4654 novo
2728 4601 2844 4671 ejus
2883 4599 3136 4669 sepulcro
3175 4597 3464 4662 collocari,
3506 4601 3635 4666 quia

2049 4703 2205 4749 vetus
2230 4695 2394 4749 homo
2416 4703 2540 4748 tuus
2583 4693 2731 4758 vivit,
2764 4704 2818 4748 et
2846 4709 2952 4747 non
2974 4700 3154 4762 potest
3180 4691 3236 4745 in
3279 4691 3522 4745 novitate
3555 4690 3636 4745 vi.-

2053 4795 2120 4842 ιω
2168 4785 2468 4844 ambulare.
2502 4787 2792 4856 Propterea
2821 4800 3052 4856 namque
3082 4798 3226 4840 cura:
3255 4782 3356 4837 fuit
3407 4781 3635 4852 Spiritui

2183 4927 2227 4958 "
2254 4927 2410 4980 Rom.
2444 4941 2520 4992 vi,
2545 4923 2661 4987 2,5.
2689 4923 2775 4980 10.
2854 4922 2900 4954 ³ο
2933 4922 2946 4973 I
2978 4918 3125 4974 Petr.
3156 4916 3320 4992 βιβᾷ.
3395 4917 3439 4949 ⁹¹
3469 4916 3632 4992 Rom.

2056 5001 2113 5054 2.
2186 4998 2234 5032 “
2264 4997 2390 5052 ibid.
2432 4987 2514 5051 5(
2558 4996 2604 5027 ’⁸
2643 4993 2958 5064 Matium,
2987 4992 3074 5045 11.
3152 4990 3222 5020 ’δ’
3259 4987 3418 5045 Joan.
3470 4989 3632 5048 m.5.

2135 5185 2226 5256 61)
2256 5183 2430 5256 Alias,
2475 5201 2495 5234 ι
2533 5182 2622 5237 ubi
2655 5141 3024 5256 etsermonis
3065 5178 3296 5256 id‘quod
3337 5176 3564 5256 dicitur._
3605 5194 3629 5232 ι

2135 5187 2226 5256 61)
2256 5187 2430 5250 Alias,
2475 5201 2495 5234 ι
2533 5187 2622 5237 ubi
2657 5191 2711 5237 et
2754 5187 3024 5236 sermonis
3065 5187 3119 5234 id
3154 5187 3296 5247 quod
3337 5187 3556 5233 dicitur.
3605 5194 3629 5232 ι

2113 5187 2229 5327 (65)
2264 5255 2363 5310 Ms.
2393 5269 2533 5308 unus
2561 5254 2814 5327 omittit'r
2845 5252 3050 5308 denuo.
3081 5269 3100 5303 ι
3129 5249 3332 5304 Deinde
3355 5263 3488 5304 mss.
3513 5246 3635 5317 plu-

2049 5325 2135 5384 res
2171 5325 2372 5381 habent
2401 5342 2421 5376 ι
2458 5325 2733 5379 convenit.
2773 5341 2793 5374 ι

2118 5397 2232 5476 (66)
2261 5395 2496 5476 Terrena
2521 5397 2620 5448 hac
2649 5395 2867 5448 omissa.
2900 5391 3026 5448 llaec
3067 5391 3266 5476 desunt
3297 5388 3350 5443 in
3381 5387 3549 5443 editis
3579 5398 3632 5443 et

2050 5469 2104 5523 in
2139 5468 2417 5536 plerisque
2443 5481 2574 5520 mss.

2118 5529 2231 5610 (67)
2265 5529 2438 5601 Alias,
2463 5555 2483 5588 ‹
2510 5537 2902 5607 junguntur....
2927 5547 3050 5602 qme
3074 5533 3175 5586 sub
3210 5529 3354 5586 cmlo
3384 5539 3535 5595 sunt,
3571 5538 3632 5583 ut

2045 5605 2284 5672 laudent,
2323 5629 2340 5661 ι
2377 5618 2483 5662 etc.

2117 5679 2228 5754 (68)
2269 5671 2434 5754 Editi,
2471 5673 3082 5754 ¢_Ecclesiaetradituiu.
3121 5690 3139 5725 ι
3169 5672 3279 5739 AL,
3319 5691 3336 5724 ‹
3369 5671 3636 5729 ecclesia.

2045 5749 2194 5810 sticae
2211 5749 2558 5809 "traditionis.
2596 5767 2614 5800 ι
