4170 6346
493 303 634 358 ’14⁵59

1986 293 2314 349 ORIGENIS

3628 301 3769 354 ιι)ιο

499 423 688 472 sancto
734 413 948 469 tradere
980 427 1077 484 per
1127 412 1440 484 Scripturas
1484 413 1627 483 quod
1667 422 1724 468 et
1769 413 2077 484 sepulcrum
2109 416 2155 475 Α
2185 411 2267 467 vel
2317 411 2535 466 Patrem
2604 411 2946 474 nominaret,
3010 411 3094 466 vel
3155 409 3417 482 Spiritum
3485 427 3763 467 sanctum.

499 521 700 562 novum
732 504 895 560 fuerit
924 508 976 560 in
1006 520 1116 576 quo
1152 505 1398 576 sepultus
1438 515 1521 561 est
1552 505 1732 571 Jesus,
1773 515 1830 561 et
1862 506 2003 575 quod
2028 506 2079 558 in

500 601 736 656 sindone
766 598 964 653 munda
999 599 1286 653 obvolutus
1319 599 1390 653 sit
1418 601 1499 654 "z
1533 609 1588 653 ut
1619 601 1758 654 sciat
1787 598 1965 654 omnis
1988 597 2080 668 qui

500 692 826 764 consepcliri
856 691 970 746 vult
997 690 1212 747 Christo
1252 705 1349 760 per
1375 691 1723 760 baptismum,
1754 689 1890 745 nihil
1925 699 2083 744 vetu-

497 787 662 842 statis
703 788 770 841 ad
827 783 1134 853 sepulcrum
1179 798 1400 848 n0vum,
1450 783 1584 838 nihil
1630 781 1987 837 immunditiae
2016 781 2083 834 ad

501 878 756 933 tnundam
787 877 1070 931 sindonem
1099 875 1478 931 deferendum.
1515 875 1620 929 lsta
1646 885 1731 930 est
1763 889 1895 943 ergo
1927 875 2082 928 beata

499 985 672 1032 mors,
705 970 772 1024 de
800 984 908 1037 qua
951 969 1080 1024 dicit
1107 967 1422 1037 Apostolus,
1445 967 1571 1036 quia
1613 985 1631 1018 ι
1678 981 1899 1035 semper
1933 980 2080 1019 mor-

500 1067 611 1115 tem
639 1059 764 1116 Jesu
810 1059 1013 1114 Christi
1063 1059 1116 1114 in
1157 1073 1391 1128 corpore
1443 1066 1634 1113 nostro
1686 1075 1705 1108 ι
1743 1056 2085 1112 circumferi-

495 1167 626 1208 mus
656 1153 702 1185 "
735 1169 750 1218 ;
782 1160 837 1207 et
872 1152 1109 1206 iterum:
1144 1171 1162 1204 ι
1200 1150 1455 1218 Quotidie
1493 1151 1695 1204 morior
1734 1149 1798 1204 ³ο.
1843 1168 1861 1201 ι
1897 1147 2002 1202 Sed
2031 1157 2086 1201 et

502 1246 634 1303 illud
656 1260 781 1300 cunt
814 1245 952 1300 dicit
981 1265 994 1298 :
1037 1264 1057 1297 ι
1099 1243 1292 1300 Omnia
1322 1253 1502 1298 vestra
1538 1250 1687 1306 sunt,
1717 1241 1830 1297 sive
1863 1240 2084 1303 Paulus,

502 1341 619 1395 sive
651 1337 864 1408 Apollo,
883 1337 997 1392 sive
1023 1336 1253 1405 Cephas,
1284 1335 1396 1391 sive
1419 1334 1507 1389 hic
1533 1334 1786 1398 mundus,
1808 1331 1926 1387 sive
1953 1333 2083 1396 vita,

504 1435 618 1489 sive
643 1445 791 1486 mors
817 1430 883 1493 ³⁸,
920 1449 938 1482 ι
974 1437 1202 1485 mortem
1240 1429 1377 1482 hanc
1400 1441 1505 1496 qua
1545 1435 1767 1496 peccato
1801 1424 2084 1488 morimur,

504 1538 561 1582 et
599 1524 818 1580 Christo
864 1523 1266 1592 consepclimur
1319 1527 1624 1575 enumerat.
1668 1518 1870 1574 Verum
1911 1522 2090 1586 potest

506 1619 632 1688 quis
701 1618 756 1671 in
804 1616 892 1670 his
964 1613 1096 1669 locis
1162 1616 1441 1683 requirere
1509 1627 1606 1666 cur
1668 1610 1962 1680 Apostolus
2021 1607 2089 1663 de

507 1709 780 1778 baptismo
827 1715 1014 1762 nostro
1043 1703 1158 1775 (69)
1209 1704 1438 1773 loquens
1467 1713 1521 1758 et
1558 1703 1626 1758 de
1650 1701 1800 1769 Jesn,
1829 1701 2029 1757 dixerit
2070 1720 2083 1756 :

2189 525 2208 556 ι
2244 507 2478 561 Verbum
2516 525 2534 558 ι
2570 508 2714 562 enim
2751 527 2770 560 ι
2810 524 2940 563 caro
2968 507 3168 563 factum
3201 517 3283 560 est
3315 506 3382 568 ³⁸,
3426 524 3443 556 ι
3482 517 3538 559 et
3572 505 3769 558 merito

2185 598 2276 652 ubi
2317 615 2447 655 caro
2472 609 2583 665 est,
2626 601 2697 656 ibi
2718 603 2784 656 de
2812 613 2982 656 morte
3014 609 3301 654 tractatur.
3332 596 3442 652 Nec
3474 597 3767 651 convenie-

2186 693 2277 746 bat
2306 701 2365 747 ιιι
2403 693 2608 749 diceret
2646 714 2658 748 :
2697 712 2716 744 ι
2750 694 3074 764 Quicunque
3105 690 3371 761 baptizati
3410 705 3598 744 sumus
3639 708 3656 741 ι
3709 689 3765 742 in

2189 785 2406 840 nomine
2437 783 2642 850 Patris,
2675 785 2758 839 vel
2787 786 2838 839 in
2873 785 3090 839 nomine
3140 781 3378 853 Spiritus
3419 781 3617 846 sancti,
3656 798 3676 831 ι
3712 781 3765 834 in

2187 886 2363 932 morte
2410 877 2581 948 ipsius
2615 878 2874 946 baptizati
2923 891 3131 931 sumus.
3172 894 3190 926 ›
3241 872 3392 927 Unde
3425 873 3766 927 observanda

2186 979 2272 1023 est
2305 985 2368 1023 ex
2419 970 2522 1024 hoc
2563 969 2682 1023 loco
2723 970 2888 1024 etiam
2926 969 2976 1022 in
3020 967 3238 1023 caeteris
3274 965 3387 1036 (74)
3432 966 3771 1020 consuetudo

2188 1067 2450 1135 Apostoli,
2482 1066 2624 1137 quod
2656 1083 2759 1120 non
2784 1082 3001 1137 semper
3025 1081 3147 1120 cum
3173 1065 3379 1134 aliquid
3410 1080 3477 1118 ex
3513 1063 3770 1134 Scriptu-

2191 1159 2265 1212 ris
2289 1160 2536 1224 assumit,
2571 1159 2840 1228 integrum
2878 1169 3083 1212 textum
3126 1157 3416 1212 verborum
3439 1197 3453 1221 ,
3490 1167 3546 1209 ut
3589 1156 3640 1209 in
3673 1171 3772 1210 suo

2189 1250 2308 1306 loco
2333 1252 2542 1321 positus
2566 1260 2673 1313 est,
2702 1252 2967 1314 assumit;
3002 1251 3098 1305 sed
3123 1266 3185 1305 ea
3223 1258 3455 1312 tantum,
3481 1263 3601 1316 qua:
3627 1263 3770 1316 prae-

2192 1345 2365 1400 sentis
2394 1360 2570 1400 causze
2602 1345 2836 1412 requirit
2867 1344 3136 1404 assertio,
3173 1343 3314 1396 sicut
3351 1343 3480 1396 etin
3518 1339 3770 1412 praesenti

2191 1451 2442 1492 sermone
2463 1481 2476 1504 ,
2498 1435 2625 1508 quia
2650 1435 2762 1507 (75)
2805 1437 2872 1492 de
2903 1447 3077 1491 morte
3107 1435 3313 1490 Christi
3361 1435 3557 1489 docere
3585 1434 3772 1502 cupie-

2190 1530 2304 1592 bat,
2337 1527 2551 1583 sull'ecit
2581 1527 2692 1600 (76)
2728 1529 2776 1582 ei
2815 1527 2998 1582 dicere
3031 1547 3044 1582 ε
3086 1545 3105 1578 ι
3144 1526 3464 1595 Quicunque
3509 1525 3770 1594 baptizati

2192 1614 2352 1686 562
2401 1629 2592 1670 sumus
2622 1617 2674 1669 in
2704 1615 2954 1684 Christo,
3001 1617 3053 1670 itt
3097 1625 3274 1670 morte
3306 1616 3476 1686 ipsius
3507 1615 3771 1684 baptizati

2192 1720 2401 1761 sumus.
2445 1725 2462 1756 ι
2502 1705 2626 1758 M-ihi
2658 1721 2786 1759 vero
2820 1722 2887 1759 ne
2927 1705 3056 1759 illttd
3089 1707 3308 1776 quidem
3354 1707 3528 1761 otiose
3560 1707 3774 1776 prsenti-

518 1770 871 1868 (Consepulli
894 1796 942 1850 ei
967 1770 1155 1850 sumus
1176 1770 1613 1865 perbaptismum
1642 1795 1694 1848 in
1725 1800 1953 1847 mortem
1973 1792 2038 1856 ³¹;
2065 1811 2083 1844 ι
2125 1770 2164 1826 Β
2195 1796 2331 1850 sisse
2362 1796 2414 1850 in
2447 1795 2547 1851 hoc
2571 1795 2810 1864 capitulo
2848 1796 3062 1850 videtur
3098 1770 3390 1866 Apostolus
3417 1770 3723 1865 quod-dicit
3752 1813 3768 1828 ο

505 1897 560 1942 et
595 1887 722 1941 item
751 1885 878 1942 alibi
915 1885 1002 1938 "z
1036 1903 1053 1936 ι
1089 1882 1146 1938 Si
1190 1885 1583 1938 eommorimur
1608 1883 1679 1949 ei,
1735 1893 1790 1938 et
1833 1883 2082 1938 convive-

504 1993 656 2044 mus;
697 1997 717 2032 ι
767 1986 822 2032 et
893 1977 1064 2032 item:
1112 1993 1130 2027 ι
1169 1973 1227 2030 Si
1261 1976 1658 2045 compatimttr,
1707 1984 1762 2030 et
1791 1989 2090 2042 conregna-

506 2071 723 2135 bitnus;
774 2088 792 2120 ι
826 2077 882 2124 et
913 2081 1184 2137 nusquam
1230 2065 1369 2121 dixit
1404 2081 1418 2119 :
1448 2065 1670 2120 Christo
1714 2065 2088 2134 conhaptizati

510 2179 736 2230 sumus;
766 2177 891 2218 eum
931 2161 1120 2231 utique
1155 2160 1297 2215 sicut
1327 2173 1473 2213 mors
1505 2159 1686 2224 morti,
1715 2167 1770 2213 et
1794 2159 1902 2212 vita
1936 2160 2088 2222 vitae,

507 2258 581 2312 ita
608 2263 660 2311 et
691 2253 989 2324 baptismus
1007 2249 1276 2320 baptismo
1300 2246 1536 2304 conferri
1555 2247 1806 2303 debuisse
1824 2247 2090 2301 videatur.

511 2351 617 2408 Sed
644 2349 768 2404 vide
794 2347 846 2401 in
889 2343 1136 2414 Apostoli
1171 2342 1366 2397 litteris
1397 2349 1599 2411 quanta
1617 2340 1826 2396 cautela
1859 2341 1930 2395 sit
1963 2357 1978 2406 ;
2017 2339 2094 2394 ait

509 2446 652 2501 enim
705 2462 718 2497 :
761 2460 780 2494 ι
828 2438 1149 2508 Quicunque
1200 2435 1461 2505 baptizati
1529 2449 1716 2489 sumus
1772 2436 1825 2489 in
1877 2434 2093 2490 Christo

510 2535 657 2590 Jesu.
695 2552 712 2585 ι
746 2530 999 2586 Nostrum
1032 2542 1163 2598 ergo
1192 2528 1460 2598 baptisma
1489 2528 1542 2581 in
1565 2525 1786 2582 Christo
1814 2523 1938 2581 Jesu
1973 2539 2093 2580 esse

511 2629 663 2685 dicit.
690 2626 807 2696 Ipse
845 2633 1026 2678 autem
1047 2621 1299 2677 Christus
1331 2635 1361 2674 a
1393 2618 1605 2675 Joanne
1637 2618 1946 2688 baptizatus
1977 2615 2090 2688 (70)

510 2722 766 2782 refertur,
801 2734 906 2775 non
930 2733 996 2773 eo
1019 2716 1346 2786 baptismate
1371 2713 1513 2782 quod
1546 2712 1599 2766 in
1628 2712 1850 2768 Christo
1872 2720 1978 2776 est,
1998 2711 2090 2766 sed

510 2831 577 2872 eo
606 2815 747 2885 quod
799 2814 852 2867 in
894 2812 1015 2882 lege
1054 2821 1161 2865 est.
1196 2807 1273 2862 lta
1313 2807 1458 2864 enim
1498 2815 1551 2862 et
1575 2809 1687 2878 ipse
1713 2808 1790 2861 ait
1818 2806 1883 2860 ad
1921 2804 2091 2860 Joan-

509 2922 636 2962 nem
674 2924 689 2960 :
733 2923 752 2956 ι
791 2903 920 2960 Sine
943 2903 1102 2957 modo
1133 2915 1148 2954 :
1177 2901 1258 2956 sic
1286 2900 1432 2955 enim
1473 2899 1632 2954 decet
1662 2911 1762 2952 nos
1792 2895 2093 2967 adimplere

509 3014 726 3056 omnem
755 2998 1024 3070 justitiam
1057 2996 1123 3048 ³⁸.
1165 3015 1183 3047 ι
1219 2993 1276 3048 In
1309 3008 1418 3064 quo
1445 2993 1705 3053 ostendit,
1737 2991 1884 3061 quod
1912 2991 2094 3060 bapti-

512 3107 664 3148 smus
684 3089 912 3146 Joannis
945 3089 1182 3159 expletio
1208 3097 1326 3142 erat
1353 3095 1624 3150 veterum,
1666 3100 1772 3140 non
1817 3084 2091 3139 inchoatio
2120 3120 2162 3178 Ο

512 3198 800 3240 novorum.
864 3181 1118 3251 Denique"
1148 3178 1386 3235 refertur
1435 3180 1486 3233 in
1538 3179 1764 3233 Actibus
1815 3178 2093 3248 apostolo-

511 3289 632 3330 rum
676 3275 744 3338 ³⁸,
786 3274 930 3341 quod
963 3272 1183 3341 quidam
1229 3286 1300 3328 ex
1347 3270 1629 3341 discipulis
1674 3269 1770 3340 qui
1819 3271 2093 3341 baptismo

500 3367 745 3432 Joannis
770 3366 992 3420 fuerant
1015 3366 1292 3434 haptizati,
1313 3363 1680 3433 apostolorum
1704 3363 1975 3418 sententia
2003 3378 2094 3419 re-

515 3459 779 3530 baptizati
805 3467 932 3514 sunt
961 3457 1012 3510 in
1031 3455 1248 3512 nomine
1265 3454 1480 3509 Domini
1505 3451 1656 3508 Jesu.
1687 3473 1704 3505 ι
1730 3453 2050 3522 Quicunque
2069 3473 2088 3506 ι

512 3567 647 3622 ergo
669 3571 691 3606 σ
715 3548 972 3620 baptizati
1001 3562 1189 3602 sumus
1208 3544 1323 3615 (71)
1347 3546 1401 3600 in
1418 3545 1637 3602 Christo
1663 3545 1815 3613 Jesu,
1838 3546 1892 3601 in
1921 3554 2098 3603 morte

513 3642 684 3713 ipsius
705 3642 963 3711 baptizati
994 3655 1184 3697 sumus
1213 3639 1282 3694 ⁸⁸.
1321 3658 1340 3692 ι
1364 3638 1631 3708 Requiras
1656 3637 1910 3694 fortassis
1927 3639 2095 3694 etiam

514 3733 801 3802 lioc,quod
833 3748 958 3788 cum
992 3733 1105 3802 ipse
1124 3730 1389 3786 Dominus
1415 3730 1616 3785 dixerit
1642 3731 1710 3784 ad
1742 3729 2034 3801 discipulos
2051 3733 2094 3765 ³⁷

514 3839 574 3883 ut
601 3827 946 3897 baptizarent
982 3837 1172 3879 omnes
1205 3833 1393 3894 gentes
1433 3823 1487 3877 in
1539 3824 1759 3878 nomine
1801 3824 2010 3892 Patris,
2044 3834 2099 3880 et

510 3918 660 3981 Filii,
708 3928 760 3973 et
809 3916 1046 3988 Spiritus
1089 3915 1289 3982 sancti,
1327 3929 1426 3970 cur
1473 3915 1563 3971 hic
1607 3913 1900 3985 Apostolus
1929 3916 2098 3973 solius

515 4013 717 4069 Christi
752 4011 804 4065 in
836 4011 1106 4080 baptismo
1125 4022 1318 4064 nomen
1348 4009 1708 4078 assumpserit
1735 4008 1846 4080 (72)
1870 4008 2093 4064 dicens:

520 4123 541 4157 σ
577 4105 898 4172 Quicunque
929 4101 1183 4170 baptizati
1222 4116 1412 4156 sumus
1435 4100 1488 4153 itt
1509 4100 1752 4164 Christo,
1783 4119 1800 4150 ι
1835 4115 1958 4154 cum
1989 4102 2097 4155 uti-

517 4206 624 4260 que
654 4207 757 4245 non
795 4191 1065 4244 habeatur
1098 4189 1402 4260 legitimum
1429 4189 1717 4258 baptisma,
1753 4189 1852 4244 nisi
1877 4189 1976 4244 sub
2009 4206 2100 4245 no-

519 4283 664 4336 mine
687 4281 992 4335 Trinitatis.
1011 4278 1120 4335 Sed
1145 4282 1358 4335 intuere
1383 4280 1724 4348 prudentiam
1753 4279 1930 4346 Pauli,
1959 4296 2097 4350 quo-

520 4376 666 4429 niam
689 4372 908 4442 quidem
943 4373 995 4426 in
1029 4374 1282 4442 praesenti
1311 4371 1432 4427 loco
1474 4388 1579 4427 non
1620 4383 1725 4428 tam
1761 4375 2100 4446 baptismatis

2200 1905 2219 1939 ι
2259 1889 2340 1940 An
2374 1888 2596 1942 nescitis
2627 1889 2740 1959 (77)
2763 1890 2786 1942 ?
2811 1908 2828 1940 ι
2861 1887 2966 1942 Per
2990 1890 3135 1957 quod
3169 1889 3430 1950 ostendit,
3455 1889 3583 1958 quia
3617 1897 3772 1951 tunc,

2193 1979 2297 2033 hoc
2319 1989 2401 2034 est
2445 1981 2812 2048 aposmlornm
2851 1981 3214 2048 temporibus,
3243 1995 3372 2043 non,
3408 1989 3466 2033 ut
3493 1996 3636 2036 nunc
3657 1979 3772 2036 fieri

2193 2071 2459 2136 videmus,
2486 2081 2640 2142 typus
2670 2073 3041 2127 tantummodo
3065 2073 3444 2143 mysteriorum
3465 2072 3548 2127 his
3566 2072 3658 2143 qui
3679 2076 3764 2127 ba-

2195 2165 2556 2233 ptizabantur,
2578 2165 2672 2221 sed
2693 2166 2869 2220 virtus
2896 2181 3082 2220 eorum
3106 2179 3169 2218 ac
3195 2165 3332 2218 ratio
3356 2165 3693 2232 tradebatur,
3717 2176 3773 2220 et

2197 2266 2451 2327 tanquam
2483 2257 2784 2312 scientibus
2805 2268 2860 2312 et
2885 2257 3090 2312 edoctis
3110 2257 3237 2326 quia
3275 2259 3364 2326 qui
3396 2256 3772 2328 baptizantur,

2195 2350 2248 2403 in
2293 2359 2464 2403 morte
2502 2347 2704 2403 Christi
2736 2351 3112 2418 baptizantur,
3154 2360 3209 2405 et
3251 2349 3693 2420 consepcliuntnr
3723 2349 3773 2404 ei

2195 2455 2292 2511 per
2329 2441 2653 2508 baptismum
2681 2441 2734 2494 in
2795 2451 3022 2496 mortem
3057 2459 3072 2507 ;
3125 2452 3179 2498 et
3210 2443 3338 2513 quia
3363 2442 3776 2498 sicuthristus

2195 2532 2432 2586 surrexit
2469 2547 2496 2584 a
2534 2530 2763 2586 mortuis
2799 2547 2897 2601 per
2922 2531 3147 2600 gloriam
3185 2532 3387 2600 Patris,
3428 2533 3502 2587 ita
3537 2533 3588 2587 in
3618 2533 3776 2588 novi-

2199 2631 2307 2678 tate
2353 2621 2464 2692 (73)
2511 2623 2635 2677 vitae
2684 2623 2966 2678 ambulare
2999 2623 3234 2678 debeant
3278 2624 3330 2678 hi
3371 2623 3462 2692 qui
3507 2625 3772 2694 baptizati

2196 2724 2322 2771 sunt
2338 2714 2404 2767 ³⁹.
2427 2713 2549 2769 llaec
2571 2714 2859 2782 Apostolus
2877 2714 3087 2768 scribit.
3118 2714 3308 2769 Adhuc
3336 2713 3580 2770 fortassis
3607 2716 3774 2770 etiarn

2196 2807 2299 2861 hoc
2334 2807 2389 2860 in
2420 2805 2674 2875 praesenti
2706 2803 2942 2873 capitulo
2971 2805 3321 2872 requiratur:
3361 2805 3416 2859 Si
3452 2806 3656 2860 mortui
3683 2822 3777 2860 sn-

2198 2913 2316 2954 mus
2347 2908 2593 2968 peccato,
2625 2905 2680 2951 et
2707 2895 3005 2965 consepulti
3039 2912 3226 2952 sumus
3261 2898 3510 2965 Christo,
3555 2908 3610 2952 et
3648 2914 3778 2953 con-

2196 2994 2540 3049 surreximus
2573 3007 2694 3046 cnm
2729 3005 2817 3054 eo,
2867 2990 3238 3045 necessarium
3276 2991 3551 3046 videbitur
3576 3007 3778 3048 secun-

2196 3087 2324 3142 dum
2357 3085 2498 3140 hanc
2525 3082 2758 3138 formam
2784 3081 2995 3138 ostendi
3023 3083 3294 3151 quomodo
3323 3083 3485 3137 etiam
3511 3097 3633 3137 cum
3664 3085 3780 3153 ipso

2199 3189 2308 3233 tres
2335 3178 2470 3237 dies,
2502 3183 2555 3230 et
2587 3183 2698 3229 tres
2721 3183 2911 3228 noctes
2943 3173 2994 3227 itt
3021 3173 3186 3228 corde
3211 3183 3370 3228 terra:
3402 3174 3597 3245 sepulti
3635 3174 3781 3230 fece-

2199 3271 2370 3324 rimus
2393 3268 2531 3339 (79).
2562 3267 2629 3322 Et
2659 3267 2781 3321 vide
2809 3267 2853 3321 si
2896 3267 3170 3336 possimus
3196 3275 3307 3321 tres
3333 3266 3452 3322 dies
3475 3269 3780 3340 consepulti

2197 3359 2416 3415 Christo
2444 3358 2646 3424 facere,
2673 3373 2799 3413 cum
2825 3355 3038 3425 plenam
3059 3356 3345 3411 Trinitatis
3367 3357 3657 3413 scientiam
3690 3376 3780 3414 ca—

2199 3451 2376 3518 pimus
2407 3467 2419 3502 :
2446 3449 2534 3502 lux
2564 3457 2647 3502 est
2689 3447 2802 3520 (80)
2847 3448 2991 3502 enim
3035 3447 3218 3514 Pater,
3249 3458 3305 3502 et
3341 3448 3395 3501 itt
3431 3447 3634 3504 lumine
3663 3448 3780 3519 ejus

2199 3543 2289 3612 qui
2351 3553 2435 3597 εει
2474 3539 2643 3595 Filius
2687 3539 2868 3594 lumen
2911 3539 3158 3593 videmus
3203 3537 3468 3607 Spiritum
3499 3550 3773 3595 sanctum.

2201 3633 2452 3688 Facimus
2484 3640 2662 3686 autem
2691 3640 2749 3686 et
2777 3639 2887 3685 tres
2917 3639 3106 3684 noctes
3127 3669 3142 3693 ,
3173 3644 3298 3683 cum
3334 3629 3668 3686 destruimus
3704 3641 3783 3686 te-

2201 3725 2495 3780 nebrarum
2525 3732 2580 3779 et
2621 3721 2939 3792 ignorantia:
2965 3731 3173 3791 patrem
3201 3737 3305 3774 una
3333 3737 3459 3776 cum
3497 3725 3782 3779 mendacio

2199 3821 2343 3889 quod
2371 3835 2440 3874 ex
2464 3834 2528 3874 eo
2557 3825 2741 3873 natum
2776 3827 2878 3884 est,
2907 3828 2962 3872 et
3005 3837 3024 3869 ι
3066 3817 3302 3872 mendax
3333 3825 3415 3873 est
3440 3818 3579 3872 sicut
3606 3828 3661 3874 et
3687 3835 3785 3889 pa-

2204 3924 2286 3969 ter
2301 3908 2696 3979 ejus,tetrcum
2726 3911 2966 3980 loquitur
2994 3910 3337 3965 mendacium
3361 3949 3378 3975 ,
3409 3910 3474 3966 de
3503 3911 3618 3966 suis
3655 3927 3784 3980 pro-

2201 4004 2334 4074 priis
2364 4003 2604 4074 loquitur
2632 4001 2698 4052 ⁸ο.
2740 4020 2759 4052 ι
2805 4001 2910 4055 Sed
2944 4009 3000 4054 et
3029 3999 3189 4053 tertio
3213 4000 3335 4054 loco
3363 3999 3613 4069 spiritum
3638 4017 3786 4056 erro-

2203 4092 2280 4146 ris
2301 4090 2654 4154 destruimus,
2685 4089 2775 4158 qtti
2812 4089 3046 4159 inspirat
3083 4088 3588 4158 pseudoprophetas
3625 4093 3785 4146 utdi-

2203 4194 2329 4240 cant
2359 4204 2370 4238 :
2413 4202 2431 4235 ι
2469 4183 2595 4238 Haec
2615 4183 2745 4237 dicit
2777 4183 3054 4245 Dominus,
3097 4197 3234 4250 quos
3261 4182 3523 4238 Dominus
3553 4200 3662 4239 non
3690 4190 3791 4240 mi-

2203 4279 2276 4332 sit
2305 4276 2372 4331 “.
2409 4295 2427 4329 ι
2471 4275 2812 4330 Destruimus
2835 4275 2951 4329 haec
2973 4286 3025 4329 et
3059 4272 3469 4339 conculcamus,
3501 4276 3548 4330 si
3583 4292 3784 4332 conse-

2203 4367 2336 4439 pulti
2384 4382 2571 4423 sumus
2620 4366 2873 4432 Christo,
2917 4367 3088 4420 etiam
3133 4369 3432 4422 secundum
3468 4367 3599 4422 illttd
3641 4368 3788 4438 quod

521 4466 807 4529 rationem,
838 4479 1000 4534 quam
1041 4465 1231 4519 mortis
1262 4465 1464 4520 Christi
1510 4467 1784 4521 discutere
1818 4469 2095 4538 cupiebat,
2132 4475 2174 4530 D
2206 4459 2320 4528 ipse
2357 4458 2532 4514 die“:
2575 4474 2593 4507 ί
2636 4457 2776 4511 Ecce
2817 4456 2938 4510 dedi
2975 4456 3129 4511 νοὺίε
3181 4465 3507 4526 pOleSlalem
3539 4456 3787 4512 calcandi

520 4557 586 4612 ad
621 4555 776 4626 cujus
800 4554 1211 4611 similitudinem
1235 4555 1398 4609 etiam
1437 4571 1534 4610 nos
1560 4557 1814 4611 suaderet
1848 4560 1984 4612 mori
2007 4559 2100 4614 de-

523 4649 649 4704 bere
681 4655 924 4716 peecato,
975 4657 1030 4699 et
1073 4645 1398 4716 consepcliri
1437 4647 1672 4702 Christo.
1726 4647 1789 4700 Et
1831 4664 1935 4702 non
1981 4660 2099 4704 erat

522 4741 707 4810 utique
734 4737 1067 4792 conveniens
1118 4735 1254 4808 (7'5),
1308 4748 1364 4792 ut
1401 4739 1488 4791 ubi
1527 4741 1592 4792 de
1631 4748 1804 4792 morte
1847 4739 2091 4805 dicebat,

594 4878 638 4910 ’⁸
663 4877 852 4933 Matth.
891 4894 1061 4941 xxv",
1100 4876 1188 4939 60,
1222 4878 1312 4932 δι).

524 4949 662 5006 Tim.
697 4965 771 5006 tt.
811 4951 900 5010 Η,
939 4949 1027 5002 12.

1415 4879 1458 4910 '9
1501 4878 1536 4931 ll
1563 4877 1688 4932 Cor.
1718 4895 1792 4934 IV.
1827 4879 1910 4934 l0.

1132 4950 1177 4979 ³⁸
1220 4949 1409 5002 Matth.
1451 4965 1544 5014 l't,
1584 4950 1670 5003 15.

1987 4881 2031 4914 ³ο
2061 4883 2224 4938 lCor.
2268 4895 2357 4941 xv,
2391 4878 2481 4930 51.

1749 4950 1795 4980 ³⁸
1833 4954 1948 5005 Act.
1992 4969 2105 5015 XIX,
2140 4958 2190 5016 3,
2229 4951 2282 5006 5.

2207 4566 2372 4622 super
2415 4559 2695 4621 serpentes
2746 4558 2802 4602 et
2854 4551 3202 4618 scorpiones,
3265 4559 3320 4602 et
3370 4563 3531 4618 super
3566 4563 3788 4604 omnem

2205 4647 2463 4699 virtutem
2495 4644 2698 4698 inimici
2730 4643 2797 4696 δ’.
2841 4661 2857 4693 ι
2898 4642 3026 4707 Quae
3060 4642 3268 4708 singula
3308 4641 3381 4694 ita
3413 4652 3539 4694 sunt
3564 4652 3790 4697 contra-

2206 4739 2287 4793 ria
2320 4738 2600 4800 Trinitati,
2639 4745 2696 4790 ut
2731 4752 2836 4790 nox
2863 4737 2991 4798 diei,
3015 4745 3068 4789 et
3099 4738 3338 4790 tenebr:e
3368 4735 3508 4802 luci,
3536 4747 3591 4790 et
3633 4751 3789 4790 men-

2560 4876 2602 4908 "
2645 4875 2660 4928 I
2702 4873 2826 4929 Cor.
2861 4890 2944 4935 Ill,
2982 4874 3071 4927 22.
3150 4875 3192 4906 θ’
3219 4873 3375 4928 Bonf.
3412 4889 3489 4936 vt,
3536 4874 3589 4926 4.
3670 4875 3716 4905 ³³
3753 4874 3792 4928 ll

2360 4950 2404 4980 ³⁸
2434 4949 2595 5001 Rom.
2635 4964 2708 5007 vt,
2739 4947 2793 4998 5.
2869 4946 2911 4974 ³⁷
2942 4945 3133 5000 Matth.
3163 4961 3366 5008 xxvtn,
3400 4945 3488 4999 l9.
3565 4945 3610 4976 ³⁸
3632 4945 3788 5002 Joan.

525 5037 562 5087 ι,
593 5023 679 5076 14.
756 5021 798 5052 ³⁸
826 5021 980 5072 llum.
1006 5034 1082 5084 Vl,
1111 5020 1165 5084 5,
1190 5021 1243 5072 4.
1320 5019 1364 5050 ⁸ο
1391 5018 1553 5074 Joan.
1588 5035 1704 5084 uti,
1732 5019 1822 5074 44.
1896 5022 1938 5052 ⁸³
1965 5023 2092 5078 Ezet

2198 5039 2316 5087 Mli,
2345 5019 2398 5074 6.
2473 5020 2516 5048 δ’
2551 5019 2680 5073 Luc.
2718 5033 2772 5078 κ,
2813 5017 2900 5071 l9.

597 5167 706 5233 (69)
737 5167 905 5236 Alias.
951 5185 968 5214 ι
1001 5166 1067 5220 de
1115 5166 1406 5236 baptismo
1452 5180 1600 5236 novo?
1651 5165 1769 5236 [al.,
1835 5169 1900 5220 de
1935 5170 2104 5233 bapti-

531 5241 627 5293 smi
678 5235 910 5307 nomine]
971 5237 1196 5304 loquens
1226 5241 1362 5292 etde
1385 5235 1510 5291 Jesu
1529 5277 1544 5300 ,
1585 5235 1682 5308 [aL
1711 5238 1862 5292 deest
1889 5255 1907 5287 ι
1937 5250 1990 5292 et
2016 5239 2090 5308 tl,

527 5315 722 5361 dixerit
755 5325 768 5360 :
803 5308 1105 5374 consepulti
1155 5308 1300 5359 enim
1363 5323 1552 5362 sumus
1595 5323 1691 5378 per
1738 5309 2104 5378 baptiSmum;

524 5391 578 5435 et
613 5395 806 5432 ιιιτιιιιιι
842 5379 989 5429 alibi.
1030 5395 1047 5427 ι

598 5448 708 5518 ('70)
737 5446 1068 5513 Baptizatus.
1107 5447 1264 5501 Deest
1294 5447 1346 5500 in
1381 5449 1617 5502 editione
1638 5446 1997 5506 Genebrardi.

597 5517 712 5586 (7|;
754 5518 972 5574 Sumus.
1005 5517 1063 5569 In
1089 5529 1246 5571 antea
1266 5519 1427 5572 editis
1453 5519 1821 5573 desideratur.

600 5591 714 5656 (7:2)
747 5588 905 5668 E'tilli,
942 5606 957 5636 ι
1009 5589 1150 5656 quod
1187 5589 1301 5658 ipse
1335 5589 1596 5644 Dominus
1641 5590 1872 5644 dixit....
1909 5608 2102 5648 nomen

528 5666 841 5726 assumpsit.
875 5677 893 5710 ι

605 5730 715 5800 (7⁵5)
745 5727 908 5795 Editi,
936 5747 954 5780 ι
991 5738 1045 5784 et
1071 5744 1176 5784 non
1213 5730 1398 5799 utique
1425 5731 1776 5791 conveniens.
1815 5754 1832 5786 ›

2282 5165 2394 5232 (74)
2424 5164 2590 5228 Editi,
2625 5182 2643 5214 ι
2678 5163 2730 5216 in
2755 5164 2858 5216 hoc
2890 5162 3030 5226 loco,
3063 5170 3118 5215 et
3147 5162 3199 5215 in
3219 5161 3454 5215 cmteris.
3493 5179 3513 5212 ι

2283 5230 2395 5308 (75)
2430 5235 2600 5299 Alias,
2641 5251 2660 5284 ι
2699 5235 2839 5288 sicut
2867 5235 2919 5287 in
2955 5233 3209 5302 praesenti
3251 5245 3505 5287 sermone
3531 5230 3797 5302 diximus,

2252 5311 2358 5367 nia,
2396 5324 2412 5355 ι
2447 5315 2551 5357 etc.

2211 5324 2358 5379 qnta,
2396 5324 2412 5355 ι
2447 5324 2551 5357 etc.

2427 5374 2597 5454 Alias,
2637 5372 2914 5454 «sutili-cit.
2951 5393 2970 5424 ι

2283 5442 2398 5516 (77)
2426 5447 2504 5516 An
2536 5442 2782 5498 nescitis?
2805 5445 2913 5510 AL,
2947 5463 2967 5495 ι
3010 5454 3100 5498 aut
3134 5445 3376 5500 nescitis.
3422 5462 3439 5494 ι

2284 5515 2559 5589 (78)lllss.
2611 5517 2878 5589 pleriquel
2923 5534 2939 5564 ι
2981 5518 3130 5589 _sicut
3184 5515 3434 5589 Christus
3476 5529 3712 5587 surgan
3770 5537 3799 5573 a

2217 5584 2445 5643 mortuis
2476 5602 2569 5652 per
2593 5586 2818 5654 gloriam
2847 5584 3048 5648 Patris,
3085 5587 3136 5639 in
3170 5588 3430 5642 novitate.
3465 5605 3482 5636 ι

2289 5658 2400 5727 (79)
2436 5659 2604 5727 Alias,
2648 5676 2666 5707 ι
2703 5657 2900 5721 sepulti
2936 5656 3221 5710 fuerimus.
3266 5677 3284 5708 ι

2291 5724 2404 5785 (80)
2440 5724 2552 5783 list.
2588 5730 2745 5780 Deest.
2777 5729 2826 5780 in
2862 5737 3019 5779 antea
3047 5728 3229 5778 editis.
