4170 6374
414 379 545 436 1041

1407 380 1762 437 COMMENT.
1801 379 1866 433 IN
1909 375 2124 432 EPlST.
2169 377 2256 430 AD
2292 375 2457 430 ROM.
2499 375 2626 430 LIB.
2662 374 2724 428 V.

3536 383 3555 434 1
3569 378 3675 436 019.

412 498 624 553 tlacium
654 498 896 554 veritati.
929 499 1054 554 llmc
1083 499 1297 554 interim
1326 502 1482 556 nobis
1509 501 1621 572 (81)
1647 502 1700 554 in
1734 499 1984 570 praesenti
2017 503 2059 558 Α
2094 510 2232 560 mus,
2277 506 2332 548 et
2379 494 2652 548 induimus
2703 512 2719 544 ι
2752 507 2972 560 novum,
3031 493 3120 562 qui
3175 497 3468 549 secundum
3502 493 3670 549 Deum

411 587 534 644 loco
582 603 871 643 occurrere
918 599 1230 659 potuerunt.
1283 587 1340 643 Si
1386 590 1509 659 quis
1561 599 1741 644 autem
1789 589 1992 658 aliquid

413 678 606 733 melius
630 679 882 744 senserit,
913 695 1019 733 non
1052 681 1232 750 pigeat
1261 679 1346 733 his
1363 680 1584 734 omissis
1612 681 1700 734 illa
1728 680 1992 749 recipere.

414 768 804 826 Verumtamen
837 772 940 825 hoc
954 780 1037 825 est
1067 771 1213 840 quod
1238 771 1514 842 colligitur
1541 788 1607 826 ex
1638 772 1721 826 his
1746 771 1990 841 Apostoli

414 863 574 917 dictis
606 878 701 930 per
729 864 978 918 altiorem
1006 863 1448 935 intelligentiam,
1477 865 1616 933 quod
1656 866 1800 921 sicut
1829 881 1992 922 nemo

414 956 570 1008 vivus
593 964 774 1024 potest
796 955 1017 1024 sepeliri
1044 971 1166 1010 cum
1197 969 1436 1022 mortuo,
1465 958 1539 1012 ita
1576 974 1735 1013 nemo
1768 959 1860 1026 qui
1899 959 1994 1012 ad-

419 1047 525 1101 huc
572 1048 704 1101 vivit
743 1058 988 1117 peccato,
1036 1058 1214 1116 potest
1267 1049 1322 1103 in
1367 1051 1638 1120 baptismo
1669 1051 1990 1120 consepeliri

415 1139 638 1192 Christo
661 1140 751 1209 qui
786 1150 1030 1196 mortuus
1059 1150 1142 1194 est
1175 1150 1435 1210 peccato:
1460 1153 1514 1196 et
1548 1143 1668 1197 ideo
1704 1143 1794 1212 qui
1832 1142 1994 1198 festi-

415 1241 549 1285 nant
599 1233 666 1285 ad
715 1232 1066 1302 baptismum,
1107 1237 1208 1289 hoc
1255 1236 1404 1306 prius
1455 1252 1652 1292 curare
1697 1237 1893 1292 debent
1937 1247 1991 1291 ut

415 1322 720 1376 moriantur
753 1337 878 1380 ante
919 1335 1164 1397 peccato,
1193 1335 1246 1380 et
1293 1327 1372 1381 sic
1416 1327 1625 1396 possint
1667 1326 1991 1396 consepeliri

415 1410 634 1466 Christo
658 1428 753 1482 per
774 1414 1122 1484 baptismum,
1147 1423 1207 1468 ut
1235 1421 1288 1468 et
1319 1414 1418 1483 ipsi
1453 1415 1634 1468 dicant
1661 1431 1674 1468 :
1713 1432 1732 1465 ι
1768 1413 1997 1482 Semper

417 1509 646 1556 mortem
676 1502 802 1559 Jesu
834 1506 1036 1560 Christi
1063 1506 1175 1577 (82)
1207 1508 1257 1561 in
1286 1521 1521 1575 corpore
1547 1513 1737 1560 nostro
1768 1506 1996 1560 circum-

416 1592 678 1663 ferentes,
725 1608 784 1651 ut
827 1612 884 1654 et
931 1599 1038 1652 vita
1081 1597 1210 1653 Jesu
1261 1599 1462 1654 Christi
1515 1596 1899 1653 manifestctur
1940 1599 1992 1652 in

415 1701 583 1740 carne
616 1702 796 1742 neStra
826 1690 1041 1744 mortali
1083 1690 1150 1744 ⁸³.
1185 1709 1202 1742 ι
1240 1690 1522 1757 Quomodo
1552 1699 1730 1744 autem
1767 1689 1996 1742 manife-

414 1786 590 1832 stetur
645 1783 752 1835 vita
803 1780 926 1838 Jesu
967 1783 1168 1838 Christi
1213 1785 1264 1837 in
1323 1798 1580 1852 corpore,
1631 1783 1747 1852 ipse
1796 1781 1996 1837 Paulus

413 1873 654 1926 ostendit
691 1889 817 1928 cum
865 1876 999 1930 dicit
1037 1895 1049 1930 :
1095 1894 1113 1927 ι
1157 1876 1290 1930 Vivo
1326 1887 1540 1938 autem,
1592 1875 1703 1943 jam
1731 1891 1838 1930 non
1869 1891 1992 1944 ego,

414 1961 550 2017 vivit
583 1981 710 2020 vero
748 1968 797 2020 in
833 1983 916 2023 me
946 1968 1201 2023 Christus
1241 1969 1307 2022 δ”.
1353 1987 1371 2019 ›
1408 1967 1519 2023 lloc
1546 1970 1685 2022 idem
1725 1977 1809 2023 est
1852 1967 1994 2036 (ΙυοιΙ

414 2055 690 2122 apostolus
734 2055 973 2112 Joannes
1008 2057 1060 2110 in
1091 2057 1329 2126 Epistola
1365 2074 1460 2112 sua
1487 2059 1702 2123 scribit,
1746 2074 1870 2112 cum
1905 2059 1993 2112 di-

417 2145 493 2198 cit
521 2164 533 2198 :
568 2164 586 2196 ι
611 2145 801 2202 Omnis
834 2148 1056 2218 spiritus
1087 2150 1178 2218 qui
1206 2149 1698 2204 conliteturJesum
1718 2149 1994 2203 Christum

417 2238 471 2292 in
499 2253 664 2294 carne
697 2241 936 2308 venisse,
962 2257 1028 2294 ex
1058 2243 1165 2296 Deo
1195 2253 1277 2296 c5t
1301 2243 1370 2298 ⁸⁵.
1409 2260 1429 2293 ι
1463 2241 1517 2294 In
1548 2257 1654 2311 quo
1683 2241 1867 2309 utique
1889 2257 1992 2295 non

414 2329 466 2385 is
513 2331 604 2399 qui
658 2332 894 2400 syllabas
946 2333 1080 2389 istas
1124 2333 1566 2402 pronuntiaverit
1618 2343 1674 2387 et
1719 2331 1995 2386 communi

414 2423 761 2479 confessione
782 2426 1068 2494 protulerit
1091 2425 1228 2497 (8'5),
1253 2425 1344 2478 Dei
1372 2426 1566 2494 spiritu
1591 2425 1672 2494 agi
1703 2425 1994 2487 videbitur,

412 2519 507 2570 sed
539 2516 628 2586 qui
665 2517 830 2569 vitam
877 2532 1030 2571 suam
1082 2518 1154 2570 ita
1190 2516 1543 2582 formaverit,
1585 2526 1640 2571 et
1681 2517 1754 2570 ita
1785 2516 1995 2572 fructus

411 2608 599 2676 operis
628 2606 904 2673 attulerit,
947 2616 1006 2660 ιιι
1041 2607 1318 2662 Christum
1351 2609 1404 2661 in
1444 2623 1612 2662 carne
1653 2609 1907 2675 venisse,
1943 2619 1998 2664 et

417 2707 691 2752 mortuum
724 2712 845 2752 esse
872 2707 1119 2768 peccato,
1150 2714 1214 2754 ac
1243 2700 1430 2753 vivere
1460 2699 1592 2763 Deo,
1631 2699 1741 2769 ipsa
1774 2715 1994 2770 operum

414 2803 639 2844 suorum
672 2799 728 2845 et
768 2805 1024 2844 sensuum
1066 2791 1331 2861 religione
1360 2794 1767 2848 monstraverit.
1801 2791 1997 2847 Videa-

417 2897 540 2935 mus
571 2896 748 2945 nunc,
778 2890 1132 2950 posteaquam
1166 2883 1295 2952 quid
1323 2883 1394 2937 sit
1427 2885 1750 2954 consepeliri
1778 2883 1998 2940 Christo

419 2988 518 3041 pro
557 2972 765 3026 viribus
798 2973 1136 3041 aperuimus,
1175 2975 1338 3028 etiam
1385 2975 1489 3030 hoc
1525 2977 1670 3046 quod
1701 2977 1778 3030 ait
1815 3001 1829 3034 ;
1865 2997 1883 3030 ι
1929 2978 1999 3034 Ut

417 3067 556 3119 sicut
582 3068 817 3120 surrexit
838 3067 1086 3123 Christus
1111 3081 1141 3119 a
1168 3069 1398 3121 mortuis
1421 3083 1518 3137 per
1542 3069 1774 3140 gloriam
1794 3070 1994 3140 Patris,

416 3159 487 3211 ita
517 3168 571 3213 et
606 3173 704 3212 nos
730 3159 784 3212 in
817 3161 1057 3216 novitate
1088 3161 1211 3214 vitae
1233 3162 1574 3217 ambulemus
1607 3162 1674 3217 ‘5.
1711 3183 1729 3216 ι
1764 3165 1820 3220 Si
1863 3181 1996 3220 con-

414 3249 609 3318 sepulti
640 3250 753 3320 (81)
780 3266 965 3307 sumus
997 3251 1234 3318 Christo,
1267 3255 1564 3308 secundum
1593 3269 1654 3308 ea
1684 3271 1803 3325 qua:
1831 3273 1992 3324 supra

416 3342 679 3406 diximus,
744 3344 798 3399 id
859 3354 964 3410 est,
1023 3346 1320 3400 secundum
1377 3347 1521 3416 quod
1563 3350 1759 3404 mortui
1806 3366 1993 3407 sumus

415 3442 664 3503 peccato,
697 3444 1096 3503 consequenter
1138 3437 1323 3504 utique
1357 3445 1678 3506 resurgeute
1712 3437 1927 3495 Christo
1962 3455 1991 3494 a

419 3526 672 3590 mortuis,
697 3534 752 3580 et
782 3539 882 3580 nos
911 3541 1033 3579 cum
1065 3527 1180 3596 ipso
1213 3526 1376 3581 simul
1406 3541 1778 3598 resurgemus,
1808 3541 1863 3585 et
1901 3531 1994 3587 illo

417 3615 742 3670 ascendente
767 3616 832 3669 ad
861 3614 1026 3670 caelos
1046 3655 1059 3679 ,
1102 3630 1222 3669 cum
1254 3616 1370 3684 ipso
1413 3614 1574 3669 simul
1616 3617 1991 3682 ascendemus,

416 3712 472 3758 et
499 3705 722 3759 sedente
760 3705 877 3775 ipso
917 3706 982 3759 ad
1015 3706 1298 3761 dexteram
1331 3704 1530 3772 Patris,
1556 3721 1676 3760 cum
1701 3707 1816 3778 ipso
1833 3709 1994 3765 simul

417 3796 470 3850 in
494 3797 810 3851 cmlestibus
833 3799 1026 3852 sedere
1061 3798 1323 3864 dicemur,
1357 3797 1655 3852 secundum
1683 3800 1826 3868 quod
1854 3801 1992 3858 idem

416 3887 708 3957 Apostolus
762 3886 815 3941 in
865 3887 982 3941 aliis
1033 3887 1205 3954 dicit,
1267 3887 1394 3956 quia
1446 3905 1464 3938 ι
1510 3890 1834 3944 coexcitavit
1896 3908 1994 3948 nos

413 3980 662 4042 Christo,
703 3979 971 4048 simulque
1017 3979 1147 4034 fecit
1193 3981 1384 4034 sedere
1427 3981 1479 4034 in
1514 3982 1826 4038 coelestibus
1856 3984 1920 4038 ⁸⁷.
1966 4005 1986 4038 ι

417 4073 668 4128 Surrexit
693 4072 944 4127 Christus
965 4087 1062 4140 per
1091 4071 1314 4142 gloriam
1332 4071 1512 4127 Patris
1533 4091 1547 4139 ;
1567 4083 1620 4128 et
1647 4091 1747 4131 nos
1770 4079 1814 4132 si
1849 4094 1994 4132 mor-

421 4167 494 4220 tui
542 4179 728 4220 sumus
767 4172 1031 4232 peccato,
1079 4172 1134 4218 et
1161 4163 1380 4219 Christo
1424 4165 1746 4234 consepulti,
1782 4177 1837 4222 et
1870 4183 1992 4222 om-

418 4266 514 4305 nes
554 4251 664 4320 (85)
690 4249 780 4317 qui
814 4248 998 4304 vident
1035 4263 1198 4317 opera
1244 4259 1430 4303 nostra
1473 4250 1636 4314 bona,
1685 4251 1993 4320 gloriﬁcant

419 4342 631 4396 Patrem
663 4334 908 4395 nostrum
939 4339 1029 4408 qui
1061 4339 1114 4393 in
1147 4338 1299 4394 cmlis
1331 4348 1419 4394 est
1452 4339 1518 4407 ⁸⁸,
1549 4343 1744 4396 merito
1773 4342 1991 4400 Christo

413 4431 826 4487 consurrexisse
850 4445 946 4499 per
967 4430 1191 4498 gloriam
1217 4428 1394 4485 Patris
1422 4430 1666 4486 dicemur
1695 4432 1907 4505 (86),ut
1936 4435 1989 4490 in

2097 594 2311 639 creatus
2333 593 2415 638 est
2434 583 2504 650 “,
2536 601 2554 635 ι
2579 593 2634 637 et
2657 601 2674 634 ι
2699 585 2788 654 qui
2821 585 3174 639 renovaturin
3195 586 3466 654 agnitlone
3498 605 3516 637 ι
3554 583 3669 653 Dei,

2102 696 2120 727 ο
2161 678 2457 730 secundum
2483 675 2773 746 imaginem
2803 675 2922 745 ejus
2954 675 3046 744 qui
3079 680 3283 730 creavit
3311 691 3435 730 eum
3470 679 3604 746 (87).
3650 697 3669 729 ι

2096 765 2281 837 Neque
2309 768 2454 821 enim
2493 776 2648 837 putes
2674 765 2815 834 quod
2851 765 3128 820 iunovatio
3151 767 3297 833 vitae,
3323 783 3442 838 qum
3477 767 3675 822 dicitur

2095 859 2262 913 semel
2303 857 2464 924 facta,
2509 855 2773 924 sulliciat;
2801 857 2895 913 sed
2924 873 3158 928 semper,
3189 868 3243 914 et
3266 860 3508 930 quotidie
3537 858 3671 931 (88),

2097 953 2139 1006 si
2169 951 2273 1006 dici
2306 959 2509 1020 potest,
2545 951 2664 1017 ipsa
2698 949 2914 1004 novitas
2947 949 3247 1004 innovanda
3279 961 3380 1007 est.
3412 951 3505 1006 Sic
3524 953 3697 1006 enim

2096 1044 2227 1098 dicit
2259 1043 2554 1113 Apostolus
2586 1062 2599 1097 :
2639 1061 2656 1094 ι
2691 1041 2825 1096 Nam
2859 1051 2914 1097 et
2943 1043 2986 1098 si
3031 1043 3074 1097 is
3111 1044 3202 1112 qui
3236 1044 3370 1100 loris
3398 1053 3482 1100 est
3512 1045 3676 1099 homo

2097 1144 2281 1190 noster
2309 1135 2681 1203 corrumpitur
2700 1174 2715 1199 ,
2752 1133 2847 1188 sed
2889 1133 2981 1202 qui
3015 1132 3160 1190 intus
3183 1143 3266 1188 est
3289 1143 3581 1189 renovatur
3609 1134 3678 1188 de

2096 1226 2181 1280 die
2216 1226 2268 1280 in
2302 1226 2445 1280 diem
2473 1226 2541 1280 δυ.
2584 1244 2603 1277 ι
2636 1224 2789 1280 Sicut
2833 1227 2980 1280 enim
3015 1236 3170 1280 vetus
3204 1240 3420 1295 semper
3457 1235 3679 1281 vetera-

2096 1319 2220 1388 scit,
2246 1329 2302 1372 ct
2321 1319 2384 1372 de
2415 1317 2502 1373 die
2528 1318 2579 1372 in
2606 1306 2769 1373 diem
2797 1319 3064 1373 vetustior
3085 1317 3336 1385 eliicitur,
3372 1320 3442 1374 ita
3474 1318 3585 1390 (89)
3620 1328 3677 1372 et

2097 1423 2268 1464 novus
2331 1409 2420 1464 hic
2477 1423 2694 1479 semper
2743 1410 3072 1476 innovatur,
3135 1419 3188 1464 ct
3252 1424 3525 1480 nunquam
3592 1419 3678 1464 est

2096 1501 2313 1570 quattth
2349 1517 2456 1556 non
2496 1501 2774 1557 iunovatio
2799 1499 2913 1570 ejus
2956 1513 3233 1570 augescat.
3265 1501 3483 1558 Intuere
3529 1504 3677 1558 deuio

2100 1609 2206 1664 que
2241 1593 2400 1664 563
2435 1608 2528 1648 eos
2561 1593 2653 1664 qui
2687 1593 2739 1648 in
2773 1593 2880 1648 ﬁde
2910 1593 3221 1663 proﬁciunt,
3251 1604 3303 1649 et
3341 1595 3582 1666 quotidie
3622 1597 3674 1650 in

2099 1686 2392 1740 virtutibus
2423 1687 2753 1754 enitescunt,
2783 1686 3055 1756 quomodo
3084 1702 3307 1758 seraper
3344 1689 3507 1744 bouis
3542 1702 3669 1758 ope-

2102 1777 2248 1832 ribus
2287 1774 2546 1845 adjiciunt
2577 1777 2825 1844 meliora,
2867 1789 2921 1835 et
2961 1780 3206 1837 honestis
3245 1781 3456 1836 actibus
3502 1781 3670 1834 hone-

2030 1855 2067 1913 Β
2101 1870 2269 1925 stiora
2301 1870 2651 1940 conquirunt,
2681 1873 2954 1940 quomodo
2983 1873 3036 1926 in
3076 1872 3379 1936 intellectu,
3415 1872 3466 1926 in
3496 1872 3677 1926 scien-

2100 1957 2170 2010 tia
2197 1958 2575 2028 sapientiaque
2610 1959 2909 2028 ditescuut,
2963 1972 3019 2016 ct
3071 1978 3131 2018 ea
3176 1977 3297 2032 qua:
3336 1970 3460 2016 ante
3495 1964 3676 2016 minus

2098 2050 2256 2119 plana
2297 2055 2366 2104 ad
2392 2051 2803 2123 intelligendum
2844 2055 3188 2120 videbantur,
3219 2066 3404 2123 aperta
3439 2063 3674 2124 postmo-

2098 2141 2222 2194 dum
2254 2141 2606 2211 dilucidaque
2653 2143 2994 2214 perspiciunt
3042 2144 3173 2217 (90).
3226 2146 3293 2200 Et
3332 2147 3455 2201 vide
3485 2147 3527 2201 si
3567 2163 3673 2201 non

2099 2233 2263 2288 rebus
2300 2232 2432 2302 ipsis
2468 2233 2775 2303 hujusmodi
2808 2235 3082 2291 hominem
3103 2238 3343 2306 quotidie
3367 2238 3572 2292 dixeris
3595 2237 3678 2291 in-

2100 2327 2312 2393 novari,
2351 2327 2496 2381 sicut
2534 2329 2871 2393 econtrario,
2903 2339 2961 2383 ut
2995 2330 3252 2396 diximus,
3283 2331 3330 2386 si
3361 2332 3486 2402 quis
3522 2341 3677 2386 vetus

2100 2416 2238 2472 efﬁci
2270 2419 2518 2488 cccperit,
2551 2415 2798 2489 proliciet
2829 2420 2880 2474 in
2916 2422 3090 2490 pejus,
3139 2433 3194 2477 et
3246 2423 3489 2492 quotidie
3521 2433 3679 2478 vetu-

2101 2513 2236 2568 suor
2290 2522 2346 2566 et
2371 2513 2666 2581 semetipso
2695 2514 2934 2570 deterior
2975 2515 3303 2571 invenietur.
3351 2516 3405 2570 In
3439 2517 3679 2571 novitate

2103 2618 2231 2672 ergo
2259 2603 2383 2658 vita:
2425 2604 2795 2670 ambulemus,
2825 2607 3178 2662 ostendentes
3211 2609 3570 2678 nosmetipsos
3599 2611 3681 2676 ei,

2099 2697 2188 2764 qui
2226 2711 2322 2748 nos
2345 2710 2467 2750 cum
2500 2695 2720 2752 Christo
2753 2699 3062 2764 suscitavit,
3094 2700 3336 2769 quotidie
3371 2715 3565 2768 novos,
3595 2713 3682 2766 et,

2102 2798 2159 2840 ut
2196 2789 2268 2840 ita
2300 2789 2549 2854 dixerim,
2580 2789 2945 2858 pulchriores,
2981 2793 3232 2847 decorem
3269 2792 3450 2848 vultus
3498 2797 3682 2852 nostri

2102 2883 2154 2935 in
2190 2881 2411 2937 Christo
2460 2893 2722 2954 tanquam
2775 2888 2828 2939 in
2867 2887 3087 2956 speculo
3139 2888 3473 2958 colligentes,
3518 2900 3575 2944 et
3619 2890 3681 2943 in.

2101 2976 2219 3045 ipso
2254 2976 2485 3045 gloriam
2520 2976 2734 3032 Domini
2762 2979 3106 3046 speculantes
3135 2981 3185 3033 iu
3217 2982 3461 3035 eamdem
3491 2981 3687 3051 imagis

2102 3083 2221 3121 nem
2251 3069 2364 3138 (9|)
2401 3069 2855 3124 transformemur
2883 3070 2952 3134 δ’,
2998 3074 3122 3140 quia
3153 3072 3404 3128 Christus
3444 3090 3673 3145 surgens

2100 3175 2127 3212 a
2165 3161 2397 3215 mortuis
2429 3161 2497 3216 ab
2529 3161 2837 3216 humilitate
2895 3173 3137 3228 terrena,
3185 3167 3251 3218 ad
3303 3166 3529 3235 gloriam
3579 3183 3674 3236 pa-

2102 3260 2266 3304 teram
2301 3251 2606 3322 majestatis
2637 3253 2900 3308 ascendit.
2952 3253 3056 3308 Sed
3114 3257 3294 3311 adhuc
3334 3258 3479 3324 quod
3514 3259 3674 3325 dixit,

2103 3359 2120 3391 ι
2155 3340 2208 3394 lu
2242 3342 2481 3397 novitate
2531 3343 2656 3397 vitae
2689 3343 3030 3400 ambulemus
3072 3345 3144 3410 δ’,
3197 3364 3215 3396 ι
3270 3345 3394 3401 vide
3428 3361 3496 3400 ne
3530 3345 3679 3403 forte

2099 3431 2417 3502 mysterium
2461 3431 2591 3488 illud
2615 3433 2894 3500 ostendat,
2923 3436 3064 3504 quod
3089 3436 3259 3489 donec
3283 3434 3394 3506 (92)
3425 3437 3676 3505 proliciat

2097 3525 2241 3592 quis,
2275 3524 2558 3579 ambulare
2587 3525 2824 3582 dicatur.
2867 3525 2977 3581 Nec
3013 3536 3195 3580 tamen
3241 3531 3539 3595 putandum
3587 3541 3673 3583 est

2105 3614 2251 3684 quod
2281 3614 2398 3668 sine
2426 3613 2536 3670 line
2567 3617 2847 3673 ambulare
2900 3619 3114 3674 dicatur
3163 3619 3301 3690 (95),
3345 3618 3440 3673 sed
3487 3619 3677 3674 venire

2053 3751 2058 3755 .
2097 3709 2388 3777 aliquando
2417 3709 2483 3763 ad
2515 3724 2636 3763 eum
2669 3709 2847 3764 locum
2874 3724 2968 3764 eos
2999 3710 3090 3780 qui
3124 3711 3177 3764 in
3215 3711 3300 3764 his
3334 3710 3678 3780 profectibus

2099 3800 2398 3861 ambulant,
2458 3800 2546 3855 ubi
2596 3803 2851 3856 standum
2911 3803 3005 3856 sit.
3059 3801 3152 3857 Sic
3201 3802 3436 3872 denique
3497 3803 3686 3872 primo.

2099 3893 2324 3963 martyri
2357 3893 2638 3963 Stephano
2671 3895 2761 3966 qui
2785 3894 2896 3964 jam
2948 3894 3012 3948 ad
3057 3895 3409 3963 perfectionis
3449 3907 3676 3950 venerat

2095 3985 2344 4054 gradum,
2397 3995 2550 4040 stans
2601 4001 2630 4040 a
2678 3987 2890 4042 dextris
2934 3986 3154 4042 virtutis
3216 3987 3466 4057 apparuit
3515 3984 3675 4040 Jesus

2095 4076 2346 4133 Christus
2371 4078 2416 4110 ⁵³
2446 4095 2460 4145 ;
2485 4089 2542 4132 et
2576 4080 2642 4132 ad
2672 4078 2915 4149 Moysen,
2939 4081 3031 4149 qui
3071 4091 3125 4134 et
3157 4081 3273 4148 ipse
3314 4089 3438 4150 post
3473 4079 3686 4134 multos.

2096 4168 2371 4236 profectus
2400 4169 2467 4221 ad
2505 4167 2898 4237 perfectionem
2931 4179 3278 4239 pervenerat,
3308 4171 3454 4225 dicit.
3478 4170 3668 4224 Domi-

2094 4275 2231 4314 nus:
2261 4277 2280 4311 ι
2312 4260 2392 4314 Tu
2435 4271 2616 4316 autem
2641 4262 2732 4318 hic
2765 4273 2847 4317 sta
2878 4263 3176 4318 mecum“.
3205 4282 3224 4314 ι
3252 4262 3356 4318 Sed
3389 4271 3444 4316 et
3473 4262 3675 4318 l'aulus

2097 4353 2186 4406 ubi
2248 4353 2302 4406 in
2355 4354 2646 4424 semetipso
2726 4356 3248 4411 consummationem
3318 4355 3686 4424 perfectionis-

2093 4445 2332 4512 agnovit,
2360 4447 2495 4501 dicit
2525 4465 2538 4500 :
2569 4465 2589 4499 ι
2614 4447 2846 4503 Cursum
2883 4448 3254 4504 consummavi
3280 4448 3350 4503 ⁸⁸.
3377 4445 3539 4501 «οΙΙίε
3573 4462 3673 4499 au-

415 4524 657 4578 uovitate
684 4524 808 4577 vitae
848 4522 1210 4578 ambulemus.
1240 4519 1466 4578 Novitas
1503 4533 1686 4579 autem
1715 4529 1840 4582 vitae
1871 4541 1987 4597 est,
2022 4569 2068 4629 ο
2095 4546 2202 4594 tem
2235 4537 2326 4607 qui
2357 4552 2414 4592 se
2441 4547 2692 4608 putarent
2724 4541 2998 4612 perfectos
3035 4554 3174 4608 esse,
3215 4555 3316 4596 nec
3349 4551 3528 4594 tamen
3577 4555 3666 4594 es-

412 4617 504 4671 ubi
537 4635 555 4668 ι
590 4626 830 4672 veterem
855 4617 1128 4673 hominem
1157 4632 1279 4673 cum
1303 4619 1512 4675 actibus
1540 4620 1652 4676 suis
1683 4639 1704 4674 ι
1738 4623 1990 4692 deposui-

487 4785 532 4816 ”
561 4785 599 4838 11
619 4784 743 4839 Cor.
772 4801 850 4848 tv,
880 4786 965 4840 10.
1043 4788 1092 4821 “
1125 4787 1482 4853 Galat.u,20.

411 4925 462 4958 “
480 4928 638 4980 Deut.
664 4941 718 4994 v,
742 4927 832 4981 51.
911 4927 956 4958 ⁵⁸
979 4928 1023 4982 ll
1045 4925 1185 4984 Tim.
1214 4944 1292 4995 tv,
1315 4929 1367 4984 7.
1445 4930 1493 4960 ⁸⁸
1528 4931 1547 4985 Ι
1583 4933 1706 4986 Cor.
1735 4949 1789 5000 ιι,
1816 4925 1903 4990 12.

484 5087 597 5159 (81)
637 5085 804 5159 Editi,
839 5104 860 5138 ι
891 5086 1163 5159 contraria
1191 5087 1418 5159 veritati
1465 5098 1520 5143 et
1548 5089 1894 5146 Trinitati....
1926 5103 1986 5148 ιιι

412 5157 648 5212 tenebrae
682 5158 822 5221 luci,
870 5168 930 5212 ut
957 5157 1298 5212 mendacium
1329 5161 1568 5215 veritati.
1609 5159 1736 5217 Hac
1763 5163 1983 5218 interim

411 5244 534 5298 qua:
555 5227 763 5298 nobis,
782 5245 800 5278 ι
839 5237 945 5282 etc.

507 5297 598 5366 82)
625 5297 792 5359 Editi,
820 5315 838 5348 ι
875 5306 1103 5352 mortem
1128 5298 1336 5352 Domini
1361 5301 1533 5354 nostri
1551 5299 1676 5354 Jesu
1696 5301 1922 5356 Christi.
1955 5323 1974 5355 ι

507 5302 598 5366 82)
625 5302 792 5359 Editi,
820 5315 838 5348 ι
875 5306 1103 5352 mortem
1128 5302 1336 5352 Domini
1361 5302 1533 5354 nostri
1551 5302 1676 5354 Jesu
1696 5302 1922 5356 Christi.
1955 5323 1974 5355 ι

480 5302 595 5451 €85)
626 5366 728 5422 Ms.
749 5384 908 5435 unus,
945 5387 964 5420 ι
997 5376 1050 5422 et
1075 5371 1254 5423 omnia
1286 5371 1400 5425 haec
1422 5371 1766 5428 confessione
1793 5383 1982 5443 protu-

635 5507 801 5574 Editi,
837 5525 856 5560 ‹
897 5507 1050 5562 Sicut
1075 5508 1393 5577 consepulti.
1439 5529 1458 5563 ι

481 5575 616 5662 (85)Δ
638 5578 806 5643 Alias,
843 5596 863 5631 ι
904 5581 1029 5648 quia
1058 5575 1269 5634 omnes.
1313 5598 1332 5631 ι
1366 5581 1570 5638 Deinde
1603 5581 1755 5650 editi,
1799 5601 1818 5635 ι
1862 5583 1996 5654 glo-.

412 5650 642 5704 nlicent.
680 5666 700 5699 ι

479 5718 592 5788 (86)
617 5717 782 5781 Editi,
821 5735 840 5768 ι
873 5719 1124 5775 dicimur.
1163 5739 1181 5771 ι

479 5788 600 5850 (.871
621 5788 790 5852 Editi,
837 5809 854 5844 ι
901 5793 954 5848 in
993 5795 1265 5853 agnitione
1307 5793 1400 5852 Dci
1438 5794 1736 5853 secundum
1780 5794 1975 5855 imatti—

1571 4789 1662 4863 ‘f‘_l
1691 4789 1848 4849 Joan.
1892 4812 1967 4863 tv,
1993 4802 2048 4858 2,

415 4855 460 4928 f?
484 4855 690 4909 Coloss.
729 4871 816 4928 ιιι,
837 4857 1015 4928 9,10;
1048 4859 1246 4928 Ephes.
1279 4875 1350 4920 tv,
1381 4858 1471 4911 24.
1506 4861 1551 4891 ⁸ο
1587 4859 1627 4912 11
1656 4863 1779 4918 Cor.
1810 4880 1885 4928 ιν,
1921 4855 2006 4927 lii.

2097 4642 2240 4702 sent,
2273 4635 2440 4690 dicit:
2473 4653 2491 4687 ι
2516 4634 2616 4702 Qui
2635 4649 2692 4689 se
2717 4643 2871 4704 putat
2901 4644 3072 4700 stare,
3092 4636 3268 4690 videat
3291 4650 3358 4689 ne
3375 4633 3614 4687 cadat".
3643 4650 3663 4684 ι

2677 4803 2720 4834 ⁸⁷
2741 4802 2937 4871 Ephes.
2969 4818 3032 4866 ιι,
3073 4802 3126 4856 6.
3203 4799 3248 4831 ⁸⁸
3284 4798 3474 4853 Matth.
3496 4814 3549 4864 v,
3575 4800 3668 4871 16.

2695 4875 2742 4908 ⁵³
2762 4869 2918 4928 Rom.
2946 4889 3023 4938 vt,
3050 4875 3106 4927 4.
3208 4871 3253 4902 ⁵³
3272 4872 3393 4926 Act.
3436 4885 3536 4934 vn,
3570 4869 3679 4928 55..

2154 4804 2198 4836 “
2223 4804 2379 4857 Rom.
2403 4818 2478 4867 vt,
2515 4802 2570 4857 4.

2109 4875 2153 4907 ⁵³
2180 4876 2222 4930 ΙΙ
2242 4876 2370 4930 Cor.
2399 4890 2480 4938 ιιι,
2506 4874 2593 4928 18.

2093 5110 2212 5149 nem
2241 5095 2356 5160 Dei,
2391 5096 2684 5150 secundum
2714 5095 3004 5165 imaginem
3037 5093 3154 5163 ejus
3189 5095 3308 5166 qui,
3344 5113 3364 5147 ι
3397 5105 3506 5154 etc.

2162 5165 2273 5236 (88)
2303 5166 2466 5232 Editi,
2496 5184 2514 5218 ι
2545 5168 2637 5220 sed
2671 5181 2882 5234 semper
2908 5167 3167 5236 quotidie.
3200 5165 3219 5219 ι

2161 5238 2273 5307 (89)
2301 5236 2465 5299 Editi,
2503 5254 2521 5286 ι
2555 5236 2822 5290 vetustior
2860 5237 2939 5301 lit,
2970 5239 3061 5298 ita,
3099 5256 3115 5286 ι
3149 5248 3254 5290 ctc.

2162 5306 2274 5378 (90)
2304 5307 2476 5371 Alias,
2529 5322 2549 5357 ι
2577 5308 2997 5377 conquirant....
3032 5307 3394 5364 ditescant....
3443 5312 3658 5380 perSpi-

2085 5380 2252 5434 ciant.
2289 5395 2309 5428 ι

2159 5447 2274 5518 (91)
2302 5447 2468 5524 Editi,
2505 5465 2524 5524 ι
2556 5447 2891 5524 gloriamque
2930 5448 2983 5502 in
3035 5449 3150 5519 ipso
3200 5448 3427 5507 Domino
3457 5465 3655 5524 specu-

2089 5520 2265 5573 lantes
2291 5519 2479 5573 eadem
2512 5519 2764 5588 imagine.
2797 5535 2817 5568 ο

2161 5588 2276 5660 (92)
2311 5589 2474 5656 Editi,
2503 5609 2522 5642 ι
2553 5587 2730 5644 videte
2761 5601 2828 5642 ne
2872 5587 3014 5644 forte
3042 5590 3268 5660 mystice
3301 5591 3430 5648 illud
3465 5600 3654 5650 osten-

2087 5662 2201 5723 dat,
2236 5672 2295 5714 ut
2324 5661 2512 5716 donec.
2551 5681 2566 5714 ι

2156 5730 2464 5806 (93))Mss.,
2502 5751 2520 5787 ι
2565 5731 2908 5801 ambuletur;
2952 5749 2972 5783 ι
3029 5731 3124 5802 aL,
3156 5751 3173 5785 ι
3240 5733 3535 5790 ambulent.
3597 5751 3618 5786 I
3679 5765 3684 5773 -
