4146 6374
518 320 658 378 1043

1967 321 2292 380 ORIGENlS

3649 321 3784 377 ΙΟΗ

514 434 854 502 Imperfectis
888 449 1018 491 vero
1049 445 1102 490 et
1131 438 1311 494 adlmc
1338 438 1490 495 initia
1526 441 1854 497 habentibus
1897 441 2098 495 dicitur
2127 444 2173 502 Α
2201 439 2247 493 si
2279 437 2439 493 unius
2467 437 2572 492 diei
2603 436 2767 492 fuerit
2796 436 2909 490 vita
2947 436 3065 507 ejus
3087 437 3153 491 “.
3201 455 3220 488 ι
3262 435 3475 493 Idcirco
3504 453 3634 511 ergo
3667 441 3780 511 ipsa

515 541 574 582 ut
603 529 882 585 ambulent
911 539 1030 601 post
1060 531 1345 586 Dominum
1377 533 1544 587 Deum
1573 549 1756 599 suum;
1786 542 1841 587 et
1871 533 1937 587 de
1973 532 2096 587 aliis

511 621 713 675 dicitur
741 638 755 676 :
785 640 804 672 ι
835 621 1118 678 Dimitlere
1149 639 1245 679 eos
1273 625 1488 695 jejunos
1517 625 1662 692 nolo,
1696 639 1765 680 ne
1794 625 1936 679 forte
1960 624 2094 680 deli-

509 711 654 764 ciant
685 713 737 765 in
769 713 938 766 via".
975 733 992 764 ι

577 801 632 857 9.
674 821 692 854 ι
727 804 783 858 Si
812 806 960 862 enim
995 807 1350 877 complantati
1382 809 1510 864 {acti
1536 824 1722 869 sumus
1745 810 2089 866 similitudini

508 893 704 948 mortis
733 894 872 965 ejus,
905 898 1070 952 etiam
1111 900 1537 954 resurrectionis
1562 902 1769 956 erimus
1800 900 1932 973 (94),
1978 902 2090 959 hoc

505 987 770 1054 scientes,
801 989 926 1056 quia
956 999 1112 1045 vetus
1146 991 1310 1046 homo
1359 1002 1548 1047 noster
1594 993 1756 1048 simul
1791 993 2088 1052 cruciﬁxus

505 1089 588 1131 est
621 1079 695 1142 ei,
733 1089 790 1135 ut
824 1082 1143 1136 destruatur
1189 1099 1388 1154 corpus
1435 1087 1675 1153 peccati,
1710 1095 1770 1141 ut
1803 1087 1945 1142 ultra
1979 1103 2088 1143 non

503 1170 810 1227 serviamus
858 1181 1102 1242 peccato.
1167 1175 1270 1243 Qui
1323 1176 1437 1249 (95)
1480 1179 1626 1233 enim
1695 1189 1942 1235 mortuus
1979 1189 2085 1248 est,

501 1262 828 1327 iustilicatus
867 1275 952 1321 est
979 1281 1010 1320 a
1039 1279 1265 1336 peccato
1295 1268 1363 1322 ⁸⁸.
1406 1289 1425 1322 ›
1465 1269 1659 1324 Omnia
1696 1271 1814 1328 haec
1839 1271 1906 1326 ad
1939 1272 2085 1328 illam

501 1354 814 1423 reSpiciunt
847 1359 1231 1428 quaestionem,
1261 1375 1331 1415 ne
1361 1358 1611 1417 videatur
1653 1362 1828 1418 locum
1869 1365 2086 1420 dedisse

501 1445 771 1512 peccandi
803 1446 858 1501 in
886 1463 952 1503 eo
980 1450 1124 1518 quod
1153 1449 1290 1504 dixit
1325 1449 1434 1521 (96)
1463 1469 1476 1505 :
1517 1471 1536 1504 ι
1573 1451 1670 1506 Ubi
1704 1464 1885 1508 autem
1915 1455 2086 1508 abun-

499 1533 651 1588 davit
677 1547 988 1605 peccatum,
1022 1541 1487 1610 superabundavit
1515 1545 1691 1612 gratia
1713 1545 1784 1598 ⁵⁸.
1817 1564 1838 1598 ι
1871 1545 2085 1601 idcirco

501 1641 737 1697 namque
782 1643 837 1685 et
889 1645 1130 1688 mortuos
1190 1649 1288 1689 nos
1329 1636 1463 1690 dicit
1539 1651 1660 1692 esse
1713 1649 1980 1706 peccato,
2029 1649 2084 1696 et

497 1719 808 1794 quicunque
859 1725 1119 1796 haptizati
1165 1745 1354 1784 sumus
1407 1731 1461 1784 in
1513 1730 1757 1797 Christo,
1807 1731 1860 1786 in
1904 1744 2079 1789 morte

2200 530 2420 600 quidem
2474 539 2654 584 morte
2683 544 2792 598 qua
2825 527 2986 584 Jesus
3019 539 3268 584 mortuus
3307 540 3390 585 est
3433 542 3680 600 peccato,
3725 545 3783 588 ut

2199 633 2486 696 peccatum
2525 623 2750 678 omnino
2784 637 2890 675 non
2920 621 3112 675 fecerit
3147 620 3280 692 (99).
3322 635 3424 678 nos
3456 637 3561 676 non
3597 637 3782 692 possu-

2198 731 2322 769 mus
2353 715 2489 770 mori
2523 722 2583 767 ut
2611 713 2834 767 omnino
2865 713 3176 767 nesciamus
3205 722 3492 780 peccatum
3530 732 3544 767 :
3581 715 3778 768 simili~

2196 804 2438 860 tudinem
2470 812 2649 857 tamen
2677 803 2880 857 habere
2905 817 3194 871 possumus
3242 802 3342 874 (l),
3391 813 3452 858 ut
3498 805 3780 860 imitantes

2193 913 2341 967 eum,
2376 905 2431 952 et
2463 897 2692 968 vestigia
2745 893 2863 964 ejus
2897 905 3190 963 sequentes
3208 895 3578 950 abstineamus
3620 912 3719 950 nos
3747 912 3776 950 a

2190 999 2442 1062 peccato.
2474 990 2586 1045 Hoc
2614 999 2698 1044 est
2730 1005 2859 1060 ergo
2888 990 3037 1058 quod
3071 989 3314 1059 recipere
3338 999 3514 1060 potest
3538 991 3775 1046 humana

2191 1093 2414 1146 natura,
2453 1089 2514 1134 ut
2567 1079 2621 1135 in
2677 1079 3097 1134 similitudinem
3145 1081 3339 1134 mortis
3384 1079 3503 1150 ejus
3533 1080 3627 1134 ﬁat
3670 1081 3774 1152 (εἰ),

2189 1176 2318 1232 dum
2350 1175 2528 1247 ipsum
2559 1173 2830 1228 imitando
2877 1187 2987 1228 non
3031 1182 3242 1244 peccat.
3273 1170 3407 1226 Nam
3443 1175 3666 1230 omnino
3704 1191 3773 1232 ex

2188 1267 2404 1340 integro
2458 1266 2675 1322 nescire
2718 1275 3026 1336 peccatum,
3067 1266 3236 1322 solius
3286 1267 3487 1322 Christi
3521 1279 3622 1324 est.
3667 1271 3774 1326 Sed

2189 1357 2292 1414 hoc
2324 1374 2434 1412 non
2468 1357 2838 1426 intelligentes
2883 1358 3103 1427 quidam
3143 1359 3550 1428 haereticorum,
3588 1363 3771 1418 conati

2187 1457 2317 1504 sunt
2348 1464 2414 1504 ex
2463 1449 2568 1503 hoc
2601 1447 2842 1517 Apostoli
2893 1449 3014 1502 loco
3054 1463 3305 1504 asserere
3349 1451 3494 1520 quod
3524 1450 3774 1505 Christus

2188 1541 2353 1614 564
2409 1557 2518 1596 non
2575 1556 2704 1596 vere
2748 1551 2998 1597 mortuus
3052 1544 3147 1608 sit,
3202 1543 3297 1598 sed
3349 1543 3767 1598 similitudinem

2188 1635 2381 1689 mortis
2413 1633 2688 1700 habuerit,
2707 1643 2761 1688 et
2791 1635 2940 1690 visus
2965 1635 3036 1690 sit
3061 1636 3235 1706 magis
3258 1635 3418 1700 mori,
3445 1651 3608 1705 quam
3638 1651 3769 1690 vere

2185 1734 2435 1779 mortuus
2462 1725 2554 1779 sit.
2589 1723 2799 1791 Quibus
2835 1729 3170 1798 respondere
3201 1728 3461 1800 quoniam
3511 1728 3770 1798 perfacile

497 1815 668 1883 ipsius
700 1816 1002 1887 baptizatos
1019 1836 1116 1876 nos
1147 1824 1338 1878 dicit“
1372 1835 1456 1879 :et
1499 1841 1644 1880 nunc
1681 1827 2067 1895 complantatos

2183 1826 2290 1881 est,
2323 1831 2429 1870 non
2470 1824 2600 1886 puto
2627 1818 2999 1872 necessarium
3035 1834 3100 1873 ex
3139 1821 3356 1878 caeteris
3386 1819 3470 1874 vel
3500 1823 3768 1891 Apostoli,

498 1922 600 1962 nos
628 1908 692 1961 ad
731 1912 924 1965 mortis
957 1912 1076 1981 ejus
1103 1914 1513 1970 similitudinem
1540 1918 1734 1973 scribit
1770 1919 1837 1983 “,
1877 1919 2080 1976 addens

498 1997 640 2064 quod
691 1998 737 2052 si
787 1999 1199 2059 similitudinem
1253 2007 1444 2062 mortis
1484 2008 1629 2078 ejus,
1687 2024 1799 2079 qua
1852 2022 2079 2080 peccato

494 2097 744 2143 mortuus
775 2098 883 2154 est,
905 2107 1184 2163 geramus,
1215 2097 1382 2152 etiam
1423 2103 1844 2159 resurrectionis
1875 2105 2067 2161 simili-

494 2179 738 2237 tudinem
769 2197 994 2252 sperare
1016 2188 1334 2246 debeamus.
1372 2189 1478 2247 Sed
1511 2191 1614 2250 hoc
1641 2205 1915 2266 quatenus
1953 2215 2076 2268 pos-

490 2275 561 2326 sit
596 2271 712 2328 lieri
747 2278 982 2332 ostendit
1039 2280 1249 2347 dicens,
1299 2283 1425 2352 quia
1461 2298 1627 2342 vetus
1677 2287 1844 2344 homo
1889 2303 2076 2346 noster

489 2367 846 2437 concrucillgi
897 2370 1010 2440 (97)
1060 2372 1255 2429 debeat
1310 2375 1531 2432 Christ-0
1570 2380 1638 2433 “.
1689 2380 1856 2437 Vetus
1889 2394 2070 2437 autem

490 2455 653 2513 homo
686 2470 876 2517 noster
905 2463 1292 2534 intelligendus
1323 2480 1407 2524 est
1436 2471 1544 2524 vita
1583 2471 1734 2541 prior
1774 2489 1941 2545 quam
1974 2476 2074 2531 du-

488 2548 670 2602 ximus
704 2551 756 2606 in
795 2555 1062 2622 peccatis,
1098 2557 1254 2625 cujus
1282 2559 1442 2615 linem
1474 2573 1528 2616 et
1558 2563 1840 2621 interitum
1875 2583 2070 2638 quem-

489 2643 613 2696 dam
647 2643 876 2702 facimus
895 2647 983 2702 ubi
1015 2651 1311 2721 recipimus
1341 2654 1394 2709 in
1429 2657 1585 2712 nobis
1619 2658 1779 2714 (idem
1809 2661 1924 2732 (98)
1946 2677 2072 2718 cru-

487 2732 570 2788 cis
602 2733 828 2802 Christi,
854 2752 954 2807 per
975 2753 1139 2808 quam
1165 2741 1240 2796 ita
1271 2745 1578 2801 destruitur
1603 2763 1805 2820 corpus
1835 2754 2066 2821 peccati,

486 2835 547 2880 ut
580 2827 822 2883 membra
850 2841 1061 2898 nostra,
1088 2847 1208 2902 quae
1235 2839 1550 2897 serviebant
1574 2855 1822 2912 peccato,
1854 2847 1992 2902 ultra
2017 2849 2066 2903 ei

487 2933 592 2972 non
628 2921 893 2990 serviant,
914 2927 1006 2979 sed
1033 2925 1169 2986 Deo.
1203 2929 1310 2986 Sed
1339 2947 1483 2989 nunc
1517 2944 1830 3005 repetentes
1860 2955 2068 2998 sermo-

486 3021 631 3074 nem,
662 3011 946 3069 videamus
990 3018 1122 3087 quid
1173 3029 1260 3076 est
1311 3023 1673 3094 complantari
1719 3029 2065 3087 similitudini

486 3104 680 3159 mortis
707 3105 935 3173 Christi,
966 3108 1018 3162 in
1050 3125 1160 3180 quo
1193 3112 1340 3169 velut
1369 3115 1608 3186 plantam
1637 3120 1868 3192 alicujus
1899 3126 2064 3182 arbo-

482 3193 560 3248 ris
585 3197 824 3252 ostendit
860 3211 1092 3258 mortem
1119 3205 1348 3276 Christi,
1389 3210 1478 3265 cui
1525 3226 1627 3267 nos
1663 3215 2063 3286 complantatos

482 3285 598 3342 vult
632 3302 774 3354 esse,
816 3300 876 3344 ut
908 3306 975 3346 ex
1009 3308 1181 3352 succo
1218 3299 1419 3356 radicis
1463 3301 1583 3371 ejus
1642 3285 1801 3358 radix
1847 3322 2063 3379 quoque

479 3387 666 3434 nostra
699 3383 1004 3454 suscipiens
1055 3389 1321 3457 producat
1362 3408 1544 3449 ramos
1581 3393 1830 3463 iustitiae,
1862 3412 1917 3455 et
1948 3401 2062 3454 fru-

479 3484 602 3530 ctus
629 3475 823 3532 afferat
857 3479 1002 3534 vitae.
1030 3481 1182 3549 Quod
1228 3485 1274 3538 si
1324 3485 1408 3542 vis
1438 3488 1506 3541 de
1542 3485 1844 3560 Scripturis
1890 3510 2061 3566 agno-

478 3579 634 3622 scere
669 3585 792 3640 quae
829 3573 930 3626 ista
964 3574 1035 3628 sit
1063 3574 1244 3642 planta
1275 3577 1364 3633 cui
1397 3580 1751 3650 complantati
1795 3599 1918 3641 esse
1962 3587 2062 3642 de-

477 3655 729 3746 beamus,
774 3671 831 3715 et
882 3663 1036 3733 cujus
1069 3667 1289 3734 generis
1323 3669 1510 3738 arbor,
1541 3674 1665 3729 audi
1700 3675 1832 3746 quid
1869 3677 1934 3731 de
1963 3675 2064 3732 Sa-

476 3745 683 3817 pientia
720 3751 1016 3808 scribitur:
1043 3773 1062 3807 ι
1092 3755 1293 3824 Arbor,
1315 3758 1511 3829 inquit,
1541 3763 1664 3818 vita:
1694 3745 1776 3819 est
1804 3767 2058 3847 omnibus

477 3841 828 3908 sperantibus
858 3843 910 3897 in
946 3859 1040 3911 se;
1079 3855 1135 3901 et
1176 3850 1266 3916 qui
1299 3852 1585 3908 conlidunt
1611 3855 1664 3909 in
1692 3870 1754 3912 ea
1794 3841 2051 3927 tanquam

479 3927 534 3982 in
569 3929 800 3985 DOIIIiIIO
838 3933 904 3987 ⁸³.
949 3953 969 3988 s
1023 3935 1282 3994 Christus
1321 3955 1454 4012 ergo
1492 3944 1588 3999 Dei
1626 3946 1823 4014 virtus,
1865 3957 1921 4003 et
1961 3949 2054 4005 Dei

475 4021 746 4090 Sapientia
777 4023 844 4089 ⁸⁵,
885 4025 999 4095 ipse
1043 4038 1128 4083 est
1165 4031 1332 4088 arbor
1369 4035 1520 4103 vitae,
1563 4038 1650 4092 cui
1695 4039 2058 4110 complantari

477 4109 762 4182 debemus,
793 4120 846 4170 et
875 4133 1014 4172 novo
1047 4120 1282 4188 quodam
1324 4133 1490 4195 atque
1525 4128 1744 4184 amabili
1781 4109 1873 4186 Dei
1916 4131 2058 4188 dono

477 4221 628 4261 mors
676 4208 820 4266 illius
865 4212 1020 4267 nobis
1061 4213 1225 4268 arbor
1257 4217 1381 4273 vitae
1406 4217 1662 4276 efﬁcitur.
1692 4221 1839 4278 Bene
1871 4234 2054 4281 autent

474 4300 792 4371 Apostolus,
835 4304 1014 4362 sciens
1043 4323 1102 4363 se
1131 4309 1183 4363 in
1208 4315 1464 4381 praesenti
1504 4314 1624 4372 loco
1669 4331 1780 4371 non
1810 4318 1876 4373 de
1905 4334 2056 4373 com-

475 4390 624 4446 muni
659 4393 785 4460 hac,
824 4396 921 4451 sed
952 4397 1019 4452 de
1056 4403 1266 4468 peccati
1318 4416 1494 4462 morte
1543 4417 1801 4477 tractare,
1832 4427 1938 4466 non
1972 4412 2054 4468 di-

2182 1909 2266 1966 vel
2305 1908 2733 1980 Evangeliorum
2761 1910 2944 1976 dictis,
2975 1912 3064 1966 ubi
3092 1912 3416 1982 simpliciter
3445 1931 3595 1970 mors
3621 1915 3765 1985 eius,

2179 2007 2235 2056 et
2274 2016 2383 2055 non
2418 2001 2730 2056 similitudo
2773 2003 2964 2056 mortis
2996 2004 3285 2070 scribitur,
3321 2006 3765 2062 testimoniorum

2178 2093 2390 2163 pondus
2420 2091 2708 2158 adhibere,
2749 2109 2871 2148 cum
2912 2096 3182 2164 possimus
3219 2099 3286 2152 ad
3315 2114 3411 2153 eos
3440 2099 3624 2154 dicere
3659 2117 3674 2154 :
3707 2101 3764 2156 Si

2178 2185 2480 2241 similitudo
2510 2187 2704 2242 mortis
2733 2185 2857 2254 luit,
2890 2198 2946 2242 et
2982 2205 3092 2243 non
3122 2205 3252 2245 vera
3311 2196 3669 2260 resurrectio,
3710 2203 3768 2251 et

2178 2279 2282 2335 nes
2322 2293 2454 2348 ergo
2483 2279 2798 2336 videbimur
2825 2296 3134 2350 resurgere,
3191 2295 3245 2338 et
3293 2299 3398 2339 non
3425 2300 3554 2342 vere
3581 2303 3765 2342 resur-

2175 2385 2368 2440 gemus
2410 2389 2424 2424 :
2466 2380 2522 2426 et
2563 2372 2876 2426 videbimur
2919 2373 3057 2428 mori
3111 2386 3359 2444 peccato,
3394 2387 3448 2432 et
3486 2394 3596 2433 non
3635 2395 3763 2434 vere

2177 2459 2496 2514 moriemur.
2529 2459 2596 2514 Et
2625 2475 2790 2516 omne
2818 2474 2951 2530 ergo
2977 2467 3121 2531 quod
3151 2475 3364 2532 gestum
3393 2476 3499 2533 est,
3531 2479 3587 2522 et
3617 2471 3764 2538 geri-

2179 2558 2290 2616 tur,
2319 2551 2502 2607 visum
2531 2560 2615 2606 est
2640 2553 2779 2622 geri,
2811 2553 2905 2606 sed
2946 2570 3051 2608 non
3091 2565 3176 2610 est
3221 2567 3456 2626 gestum.
3504 2559 3762 2630 Superest

2173 2641 2346 2712 igitur
2378 2653 2440 2698 ut
2465 2653 2522 2698 et
2550 2645 2697 2713 quod
2733 2643 2925 2699 salvati
2958 2661 3170 2712 sumus,
3203 2649 3302 2703 visi
3329 2650 3504 2705 simus
3533 2653 3758 2721 Salvari,

2171 2738 2268 2791 sed
2299 2751 2407 2790 non
2437 2750 2566 2790 vere
2593 2735 2786 2790 salvati
2812 2733 3011 2792 simus.
3049 2737 3201 2793 Unde
3225 2741 3479 2810 quoniam
3509 2743 3623 2800 haec
3649 2755 3758 2798 tam

2170 2829 2406 2882 absurda
2444 2839 2593 2896 sunt,
2625 2839 2684 2883 ut
2719 2845 2824 2885 non
2862 2831 3142 2902 indigeant
3179 2835 3616 2902 probationibus,
3659 2855 3758 2893 nos

2173 2922 2242 2976 ad
2271 2921 2716 2992 explanationem
2750 2939 2944 2979 eorum
2975 2939 3099 2994 quae
3131 2925 3404 2982 habentur
3431 2929 3483 2984 in
3518 2946 3756 3001 sequen-

2173 3016 2319 3070 tibus
2372 3025 2783 3072 convertamur.
2842 3016 3017 3088 lgitur
3071 3019 3432 3090 complantari
3487 3039 3588 3080 nos
3643 3025 3758 3081 vult

2173 3107 2362 3164 mortis
2394 3107 2511 3177 ejus
2564 3109 2927 3174 similitudini,
2973 3123 3079 3178 qua
3133 3122 3360 3180 peccato
3408 3128 3656 3173 mortuus
3675 3129 3761 3176 est

2172 3200 2362 3265 semel,
2389 3210 2446 3254 ut
2483 3201 2754 3270 possimus
2773 3213 2828 3256 et
2869 3205 3260 3259 resurrectioni
3299 3206 3416 3276 ejus
3451 3224 3572 3265 esse
3595 3227 3750 3266 com-

2169 3292 2399 3362 plantati
2421 3292 2580 3348 ".Ad
2610 3303 2900 3364 utrumque
2916 3296 3062 3352 enim
3086 3301 3364 3354 subaudiri
3389 3302 3550 3356 debet
3567 3320 3586 3354 ι
3606 3319 3756 3359 com-

2169 3384 2420 3454 plantati.
2450 3403 2470 3436 ι
2509 3383 2575 3440 Ει
2609 3385 2729 3441 vide
2757 3403 2922 3458 quam
2958 3391 3280 3446 necessario
3328 3393 3560 3448 formam
3603 3394 3757 3466 plan-

2171 3478 2394 3533 tationis
2444 3481 2821 3547 assumpserit.
2879 3481 3073 3538 Omnis
3123 3485 3330 3539 etenim
3392 3485 3578 3556 planta
3634 3496 3756 3557 post

2166 3571 2363 3628 hiemis
2405 3581 2634 3626 mortem
2675 3576 3128 3630 resurrectionem
3163 3577 3306 3631 veris
3355 3589 3656 3648 exspectat.
3693 3581 3752 3634 Si

2166 3677 2300 3733 ergo
2330 3674 2385 3718 et
2416 3678 2517 3719 nos
2551 3663 2606 3717 in
2637 3663 2839 3720 Christi
2867 3677 3042 3722 morte
3080 3668 3435 3737 complantati
3481 3685 3669 3727 sumus
3694 3672 3749 3726 in

2166 3755 2346 3810 hieme
2385 3754 2567 3811 saeculi
2597 3754 2755 3824 hujus
2782 3766 2837 3811 et
2862 3759 3150 3828 praesentis
3179 3760 3325 3824 vitae,
3353 3761 3518 3816 etiam
3560 3764 3626 3818 ad
3657 3763 3748 3818 l‘u-

2165 3856 2347 3902 turum
2378 3863 2476 3902 ver
2509 3849 2854 3904 inveniemur
2874 3850 3086 3906 fructus
3111 3852 3334 3923 justitiaa
3363 3869 3430 3908 ex
3461 3857 3628 3926 ipsius
3663 3872 3748 3910 ra-

2163 3938 2283 3994 dice
2317 3937 2658 4008 prol‘erentes
2689 3956 2702 4006 ;
2731 3950 2786 3996 et
2815 3943 2860 3997 si
2917 3944 3272 4011 complantati
3310 3962 3500 4002 sumus
3536 3949 3609 4014 ei,
3647 3967 3744 4006 ne-

2161 4047 2314 4090 cesse
2364 4044 2450 4089 est
2502 4044 2560 4089 ut
2615 4024 2781 4089 Pater
2837 4035 3072 4106 agricola
3108 4049 3304 4108 purget
3341 4055 3440 4094 nos
3482 4050 3744 4113 tanquam

2159 4124 2412 4195 palmites
2444 4127 2568 4182 vitis
2596 4142 2758 4194 verm,
2812 4140 2869 4184 ut
2920 4132 3157 4185 t‘ructum
3205 4130 3502 4198 plurimum
3549 4136 3746 4190 alieru-

2158 4232 2298 4284 mus,
2335 4219 2477 4273 sicut
2501 4229 2556 4274 et
2587 4219 2703 4289 ipse
2736 4222 2787 4275 in
2826 4222 3134 4293 Evangeliis
3172 4225 3306 4280 dicit
3339 4243 3352 4281 :
3406 4243 3426 4279 ι
3476 4225 3588 4297 Ego
3621 4244 3740 4284 smn

2157 4310 2285 4366 vitis
2317 4326 2466 4377 vera,
2493 4327 2589 4369 vos
2617 4314 2895 4384 palmites,
2925 4328 2980 4371 et
3003 4316 3170 4373 Pater
3191 4336 3344 4375 meus
3373 4322 3612 4390 agricola
3635 4333 3740 4378 est.

2158 4400 2386 4457 Omnem
2446 4405 2722 4476 palmitem
2773 4409 2866 4478 qui
2908 4411 2961 4462 in
2997 4425 3083 4466 me
3117 4427 3225 4466 non
3272 4419 3480 4482 m‘anet,
3528 4416 3742 4472 excidet

474 4483 594 4540 xit:
631 4503 650 4537 ι
687 4485 908 4542 Sienim
938 4493 1294 4563 complantati
1323 4512 1512 4553 sumus
1542 4517 1560 4552 ι
1590 4502 1754 4557 morti
1775 4500 1915 4571 ejus,
1933 4506 2051 4571 sed,
2085 4523 2130 4579 ι)
2161 4494 2310 4549 illum
2341 4495 2507 4552 Pater
2538 4513 2712 4554 meus.
2754 4499 2857 4567 Qui
2891 4512 3073 4556 autem
3099 4515 3283 4559 manet
3319 4506 3371 4559 in
3406 4522 3513 4573 me,
3543 4523 3742 4579 purga-

477 4595 496 4628 ι
521 4579 865 4638 similitudini
898 4586 1092 4641 mortis
1122 4587 1263 4656 ejus.
1297 4609 1316 4643 ι
1353 4589 1610 4650 Christus
1649 4595 1795 4650 enim
1839 4596 1912 4650 ita
1965 4613 2052 4653 se-

470 4674 578 4726 mel
612 4684 862 4732 mortuus
893 4689 977 4733 est
1009 4692 1258 4750 peccato,
1293 4693 1352 4738 ut
1379 4695 1662 4754 peccatum
1690 4688 1912 4743 omnino
1939 4705 2050 4745 non

471 4766 683 4831 lecerit,
735 4779 836 4826 nec
909 4772 1066 4830 dolus
1119 4776 1375 4832 inventus
1437 4779 1510 4834 sit
1567 4780 1620 4834 in
1677 4795 1772 4836 ore
1816 4783 1934 4852 ejus
1979 4783 2047 4837 ⁸⁵.

471 4858 632 4924 Quod
660 4861 712 4913 in
750 4863 859 4918 alio
900 4865 1125 4923 homine
1176 4881 1241 4923 ex
1294 4869 1508 4942 integro
1558 4871 1790 4926 inveniri
1824 4873 2049 4931 omnino

463 4965 572 5005 non
607 4955 826 5020 poterit.
862 4975 880 5008 ι
913 4955 1082 5014 Nemo
1106 4963 1285 5016 senim
1309 4979 1328 5013 ι
1359 4963 1592 5018 mundus
1618 4975 1912 5033 apeccato,
1947 4981 2048 5021 nec

535 5043 580 5122 ξ’
605 5044 798 5102 Matth.
831 5065 923 5122 xv,
947 5052 1038 5122 32.
1145 5055 1193 5086 ⁸⁸
1240 5055 1396 5110 Rom.
1431 5071 1506 5122 Vt,
1535 5056 1649 5110 5-7.

461 5113 509 5240 ;'
533 5113 692 5238 ξιον.
724 5133 806 5187 ιιι,
840 5113 924 5177 l8.
1000 5121 1048 5154 “
1072 5122 1093 5176 Ι
1121 5123 1248 5181 Cor.
1273 5125 1426 5192 1,25.
1492 5113 1505 5122 ’
1533 5126 1578 5158 ⁸⁸
1605 5127 1621 5180 l
1647 5125 1793 5184 Pelr.
1817 5145 1876 5195 II.
1911 5128 2002 5183 22-

682 5281 854 5372 lA‘lias,
889 5285 1196 5372 insimulet
1226 5291 1642 5372 resurrectionis
1673 5293 1901 5347 erimus.
1944 5309 1963 5345 ι

531 5347 645 5420 (95)
680 5347 786 5414 Qui
815 5355 954 5407 enim
989 5367 1229 5411 mortuus
1260 5370 1359 5422 est,
1383 5359 1715 5428 justi/iectus
1752 5372 1828 5416 est
1859 5380 1892 5416 a
1920 5379 2042 5432 pec-

457 5433 596 5472 cato.
631 5420 756 5477 lltrc
781 5426 947 5478 verba
988 5427 1186 5490 desunt
1215 5427 1267 5482 in
1293 5430 1548 5487 omnibus
1588 5448 1722 5488 mss.
1758 5434 2042 5489 codicibus

458 5491 682 5554 nostris,
716 5496 810 5546 sed
837 5504 1054 5549 exstant
1083 5499 1134 5549 in
1166 5498 1353 5554 editis.

528 5561 619 5624 (96
671 5561 836 5627 Editi,
863 5583 880 5615 ι
914 5565 1176 5623 diximus.
1203 5587 1223 5620 ο

528 5562 641 5700 (ini
674 5630 803 5687 Mss.
837 5637 1041 5700 plures,
1065 5655 1084 5689 ι
1115 5637 1400 5700 cruciﬁxi:
1435 5661 1453 5697 ι
1486 5643 1640 5700 editi.
1667 5663 1686 5699 ι
1717 5644 1762 5700 si

455 5630 803 5769 ωξὲἧέεῗεὶε.
837 5637 1041 5705 plures,
1065 5655 1084 5689 ι
1115 5637 1400 5711 cruciﬁgi;
1435 5661 1453 5697 ι
1486 5643 1640 5716 editi,
1667 5663 1686 5699 ι
1717 5644 1880 5704 simul
1910 5660 2042 5704 con-

528 5741 831 5836 i‘diiioéditi,
874 5794 893 5828 ι
923 5775 1112 5841 linem.
1143 5797 1165 5835 ι
1199 5781 1358 5862 male.

1766 5057 1810 5090 ¹⁹
1845 5057 2002 5113 Rom.
2036 5075 2090 5126 ν,
2123 5058 2214 5112 20.
2329 5057 2373 5089 ⁶⁰
2401 5057 2556 5112 ιὶοιιι.
2581 5075 2605 5112 v

1766 5144 1793 5184 '.
1817 5145 1876 5193 ιι,
1911 5128 2002 5183 22.
2110 5129 2155 5161 ⁸⁸
2182 5128 2284 5185 Job
2334 5143 2445 5193 xw,
2473 5129 2527 5192 4,
2552 5128 2605 5184 5.

2159 4590 2239 4644 bit
2281 4606 2426 4654 eum,
2467 4603 2526 4646 ut
2571 4591 2811 4648 fructum
2859 4593 3154 4663 plurimum
3203 4597 3396 4654 aﬂ'erat
3440 4599 3510 4656 ⁸⁸.
3555 4621 3577 4656 ι
3627 4601 3741 4658 Hoc

2157 4697 2291 4752 ergo
2318 4682 2480 4738 modo
2514 4686 2870 4755 complantati
2910 4701 3102 4745 sumus
3150 4691 3493 4748 similitudini
3549 4699 3741 4750 mortis

2154 4775 2296 4846 ejus.
2358 4785 2416 4831 ut
2450 4786 2507 4831 et
2564 4779 2983 4834 resurrectionis
3028 4781 3147 4851 ejus
3193 4785 3536 4841 similitudini
3585 4803 3738 4842 com-

2153 4870 2383 4940 plantati
2440 4872 2636 4926 simus.
2669 4872 2807 4939 Quid
2837 4872 3105 4930 sitautem
3153 4877 3495 4934 similitudini
3548 4897 3738 4937 resur-

2155 4964 2413 5018 rectionis
2447 4963 2566 5030 ejus
2589 4979 2712 5019 esse
2742 4967 3173 5034 complantatqu
3227 4968 3465 5027 Joannes
3510 4985 3738 5043 aposto-

2329 5057 2373 5089 ⁶⁰
2401 5057 2556 5112 ιὶοιιι.
2581 5074 2657 5124 γι,
2683 5058 2739 5119 2,
2765 5059 2820 5112 5.
2932 5060 2973 5091 ⁸³
3002 5058 3160 5117 Rom.
3190 5077 3265 5127 νι,
3285 5063 3341 5118 5.
3452 5064 3497 5095 “
3525 5066 3657 5122 ibid.
3681 5068 3734 5123 6.

2719 5128 2762 5162 "'
2794 5129 2952 5184 Rom.
2985 5146 3058 5197 vi,
3097 5131 3148 5197 5,
3181 5135 3265 5188 10.
3381 5133 3427 5165 ⁸³
3449 5133 3608 5194 Joan.
3642 5153 3734 5204 xv,

2219 5293 2331 5368 (99)
2358 5291 2424 5368 ι
2452 5302 2724 5368 pensatum
2750 5297 2963 5368 omnino
2997 5314 3099 5350 non
3126 5297 3329 5368 fecerit.
3373 5297 3500 5356 Haec
3533 5301 3730 5357 desunt

2152 5364 2208 5418 in
2247 5365 2434 5435 editis,
2459 5375 2515 5419 et
2543 5365 2597 5418 in
2625 5367 2900 5435 plet-isque
2924 5383 3055 5422 mss.

2219 5435 2294 5505 (l)
2329 5431 2396 5488 Ut
2437 5431 2648 5488 omnino
2682 5431 2975 5490 nesciamus
2997 5447 3286 5504 peccatum,
3325 5439 3732 5496 similitudinem

2147 5515 2321 5558 tamen
2350 5506 2541 5558 habere
2571 5522 2873 5573 possumus.
2909 5505 3037 5563 Haec
3059 5511 3443 5565 desiderantur
3482 5512 3538 5566 in
3575 5515 3732 5568 libris

2146 5586 2304 5628 antea
2337 5577 2518 5629 editis.

2219 5645 2302 5723 (2)_
2330 5645 2469 5723 Editi
2501 5647 2769 5723 plerique,
2807 5667 2826 5704 ι
2854 5658 2916 5706 ιιι
2960 5648 3031 5707 ad
3072 5649 3487 5710 similitudinem
3533 5653 3732 5712 mortis

2147 5716 2391 5790 ejushoc
2419 5716 2532 5772 liat.
2561 5737 2582 5771 ι
