4146 6424
409 352 551 410 1045

1397 351 1751 410 COMMENT.
1787 352 1855 408 IN
1885 352 2101 411 EPIST.
2129 357 2223 412 ΑΙ)
2250 356 2415 413 ROM.
2456 357 2583 412 LIB.
2628 356 2690 412 V.

3530 368 3678 424 1οίίῖ

412 471 499 525 lus
526 469 686 525 docet
713 486 728 524 :
758 487 777 520 ι
808 467 986 525 Filioli
1019 466 1122 540 (5),
1158 469 1398 529 nondum
1429 473 1636 529 scimus
1663 475 1791 545 quid
1824 474 1991 529 futuri
2022 486 2068 541 Α
2098 479 2240 533 mitti
2281 489 2481 548 potest,
2523 480 2592 534 de
2622 488 2853 547 utroque
2881 478 3008 548 quid
3035 479 3193 537 nobis
3222 482 3472 539 videatur
3492 500 3666 555 expo-

413 577 624 619 sumus.
660 561 717 617 Si
753 573 934 617 autem
962 564 1233 620 revelatus
1267 565 1423 620 nobis
1467 566 1653 635 fuerit,
1680 568 1885 624 similes
1913 569 1991 623 illi

414 657 619 712 erimus
639 657 706 711 ⁸⁸.
746 673 770 707 ι
800 656 869 711 Et
903 658 1099 712 iterum
1133 657 1251 727 ipse
1278 656 1528 715 Salvator
1552 661 1749 716 dicit"
1785 680 1800 717 :
1834 680 1854 714 ι
1886 662 1990 719 Pa-

417 760 522 814 ter,
552 749 676 805 volo
711 758 770 802 ut
800 749 892 804 ubi
919 763 1021 819 ego
1058 764 1201 816 sum,
1224 757 1280 804 et
1311 753 1396 804 isti
1430 752 1539 807 sint
1567 756 1872 827 mecum(4)
1908 773 1924 817 ς
1965 775 1987 809 ι

414 851 472 901 et
497 844 693 897 iterum
724 859 738 896 :
769 860 791 894 ι
823 841 978 898 Sicut
1011 857 1112 909 ego
1143 842 1198 896 in
1233 853 1305 911 te,
1330 854 1385 899 et
1412 856 1464 900 tu
1499 846 1554 901 in
1593 861 1701 912 me,
1734 858 1793 904 ut
1821 859 1876 905 et
1900 851 1990 906 isti

414 934 470 990 in
506 935 663 991 nobis
690 950 855 989 unum
886 933 1087 990 sint“.
1120 953 1138 986 ι
1176 934 1328 1002 Quod
1374 938 1565 1007 utique
1593 939 1658 995 de
1703 940 1812 997 illis
1836 941 1989 1009 dicit,

413 1030 510 1093 qui
552 1029 604 1082 in
641 1028 895 1097 prtesenti
942 1028 1053 1082 vita
1103 1030 1457 1099 complantati
1500 1031 1706 1087 fuerint
1733 1033 1991 1089 similitu-

414 1116 531 1174 dini
560 1118 751 1174 mortis
778 1117 917 1186 ejus.
957 1119 1095 1174 Puto
1126 1129 1309 1174 autem
1341 1123 1486 1190 quod
1512 1134 1667 1190 grate
1695 1127 1799 1180 hoc
1841 1139 1895 1182 et
1925 1127 1992 1183 de

416 1211 508 1266 illo
538 1212 751 1267 latrone
779 1213 887 1267 dici
917 1214 1115 1283 possit,
1148 1214 1238 1281 qui
1273 1214 1436 1268 simul
1465 1214 1518 1270 in
1548 1231 1713 1274 cruce
1738 1221 1994 1290 pependit

413 1320 535 1358 cum
578 1303 706 1359 Jesu
746 1320 763 1369 ;
815 1313 863 1359 et
918 1320 1016 1374 per
1066 1304 1462 1360 confessionem
1506 1323 1658 1363 suam
1694 1326 1801 1381 qua
1832 1313 1988 1381 dixit,

417 1412 440 1450 ι
480 1395 753 1451 Memento
783 1396 910 1461 mei,
958 1395 1207 1462 Domine,
1241 1411 1362 1451 cum
1393 1401 1609 1455 veneris
1658 1400 1712 1456 in
1765 1417 1989 1473 regnum

414 1499 565 1545 tuum
597 1489 667 1555 ⁷³,
702 1508 721 1541 ι
757 1497 811 1543 et
835 1486 999 1542 alium
1034 1487 1498 1557 blasphemantem
1526 1493 1814 1563 corripuit,
1843 1509 1995 1549 com-

410 1581 651 1653 plaulari
682 1595 782 1650 per
818 1581 935 1636 haec
971 1580 1123 1636 visus
1145 1582 1219 1636 sit
1244 1583 1587 1640 similitudini
1618 1586 1810 1641 mortis
1839 1587 1987 1657 ejus:

410 1672 507 1727 sed
535 1682 591 1725 et
618 1672 1008 1727 resurrectioni
1040 1670 1158 1739 ejus
1194 1674 1596 1744 complantatus
1648 1675 1720 1730 sit
1754 1691 1851 1747 per
1889 1679 1991 1732 hoc

410 1764 556 1833 quod
612 1765 662 1818 ei
715 1764 968 1818 dicitur:
1015 1782 1035 1816 ι
1080 1762 1250 1819 llodie
1295 1780 1510 1821 mecum
1560 1766 1671 1822 eris
1716 1766 1769 1821 in
1829 1783 1991 1840 para-

2096 586 2308 630 nemus.
2350 572 2561 631 Etenim
2592 588 2637 627 st
2668 572 2947 643 prepriunt
2980 588 3182 643 corpus
3224 589 3493 644 ponamus
3543 594 3666 633 esse

2094 663 2328 732 peccati,
2370 664 2643 725 videbitur
2669 664 2810 733 quod
2839 663 2983 718 sicut
3012 665 3079 720 de
3118 666 3203 721 his
3234 667 3329 737 qui
3377 668 3433 724 in
3464 684 3666 724 novum

2096 753 2370 808 hominem
2405 757 2643 825 reparati
2670 764 2800 812 sunt
2827 755 3034 813 dictum
3066 767 3174 823 est,
3198 759 3323 826 quia
3363 777 3384 815 ι
3407 775 3505 818 vos
3533 762 3666 816 estis

2095 860 2294 913 corpus
2326 845 2552 912 Christi,
2582 858 2639 902 et
2669 851 2915 908 membra
2935 865 3000 904 ex
3027 859 3181 920 parte
3202 851 3249 883 ⁷⁸
3297 850 3404 923 (8),
3448 869 3468 905 ι
3507 854 3581 907 ita
3612 863 3670 908 et

2095 936 2159 991 de
2190 936 2275 991 his
2297 937 2390 1006 qui
2425 948 2663 993 veterem
2688 940 2962 996 hominem
2987 942 3224 997 nondum
3247 943 3666 1010 cruciﬁxerunt,

2094 1031 2203 1083 dici
2239 1043 2402 1098 posse
2438 1032 2584 1100 quod
2612 1030 2723 1086 sint
2747 1047 2950 1102 corpus
2967 1035 3177 1102 peccati
3206 1044 3260 1088 et
3285 1036 3549 1100 membra,
3580 1050 3671 1088 cu-

2089 1122 2178 1193 jus
2219 1123 2463 1193 corporis
2506 1124 2584 1195 (9)
2614 1136 2778 1194 caput
2825 1128 2899 1182 sit
2944 1128 3212 1193 diabolus,
3245 1127 3388 1183 sicut
3416 1127 3669 1183 Christus

2094 1223 2252 1280 caput
2294 1222 2378 1268 est
2416 1215 2664 1284 corporis
2706 1216 2963 1273 Ecclesiae
3017 1232 3124 1274 non
3178 1218 3431 1273 habentis
3478 1233 3669 1272 macu-

2095 1303 2201 1357 lam
2223 1313 2319 1358 aut
2342 1320 2527 1375 rugam
2555 1307 2621 1360 ’9.
2642 1306 2878 1365 Possunt
2902 1318 3080 1364 autem
3107 1308 3351 1365 membra
3376 1323 3442 1362 ex
3473 1309 3672 1378 quibus

2095 1409 2292 1463 corpus
2326 1397 2469 1451 istud
2513 1399 2725 1466 peccati
2780 1409 3019 1464 constat,
3071 1400 3164 1456 illa
3221 1402 3391 1456 videri
3426 1417 3546 1471 quae
3574 1417 3672 1456 su-

2096 1485 2279 1554 perius
2327 1485 2488 1558 565
2536 1492 2877 1544 cnumeravit
2917 1489 3031 1563 (10)
3091 1491 3382 1561 Apostolus
3427 1492 3669 1547 membra

2056 1618 2059 1621 .
2093 1589 2213 1630 esse
2260 1590 2422 1646 super
2470 1586 2669 1633 terram
2691 1618 2708 1644 ,
2741 1578 2792 1634 id
2820 1589 2903 1635 est
2927 1579 3363 1649 fornicationem,
3425 1583 3664 1639 immun-

2096 1665 2285 1721 ditiam
2305 1706 2322 1735 ,
2374 1668 2812 1741 impudicitiam,
2865 1672 3152 1727 avaritiam
3175 1711 3192 1739 ,
3239 1676 3618 1731 contentiones
3642 1712 3660 1737 ,

2097 1760 2253 1829 iram,
2314 1760 2486 1826 dolos,
2533 1763 2704 1828 rixas,
2757 1761 3151 1827 dissensiones,
3209 1764 3470 1832 haereses,
3527 1766 3670 1822 invi-

410 1830 533 1913 diso
554 1857 621 1912 ⁷³.
655 1874 675 1908 ι
711 1857 879 1927 Digna
908 1871 1145 1926 namque
1195 1867 1317 1913 erat
1343 1856 1528 1929 planta
1561 1830 1988 1931 paradisi,'qum
2022 1830 2066 1885 Β
2093 1852 2264 1919 diam,
2299 1855 2720 1911 comessationes
2742 1855 2812 1921 ⁸ο,
2857 1866 2914 1915 et
2949 1856 3036 1912 his
3082 1856 3280 1912 similia
3317 1874 3422 1914 :ex
3456 1830 3662 1930 quibus

410 1950 598 2006 arbori
630 1949 759 2003 vitae
790 1949 998 2003 sociata
1024 1957 1127 2004 est.
1165 1946 1460 2019 Propterea
1494 1964 1623 2019 ergo
1654 1954 1800 2022 quod
1835 1953 1988 2009 dixe-

411 2052 495 2097 rat
523 2043 817 2111 Apostolus
841 2043 1201 2115 complantari
1242 2041 1589 2099 similitudini
1619 2044 1813 2099 mortis
1837 2044 1991 2100 Chri-

409 2134 505 2198 sti,
536 2133 642 2186 alia
673 2146 864 2189 rursus
887 2132 1059 2202 ﬁgura
1088 2131 1399 2203 repetit(5),
1417 2141 1471 2187 et
1492 2133 1623 2187 dicit
1649 2152 1664 2188 :
1695 2151 1715 2187 ι
1739 2135 1873 2201 Quia
1896 2148 1990 2189 ve-

413 2234 502 2279 tus
530 2225 695 2279 homo
717 2234 903 2279 noster
924 2222 1088 2276 simul
1114 2222 1407 2278 cruciﬁxus
1435 2232 1518 2279 est
1547 2225 1620 2288 ei,
1652 2234 1710 2280 ut
1743 2227 1987 2282 destrua-

411 2323 503 2372 tur
554 2329 753 2384 corpus
799 2314 1007 2386 peccati
1039 2311 1105 2368 ⁷⁸.
1140 2332 1159 2365 ι
1192 2312 1249 2367 ln
1280 2315 1491 2381 multis,
1516 2324 1573 2370 et
1602 2331 1745 2386 saepe
1765 2316 1878 2388 jam
1907 2319 1990 2374 di-

412 2408 615 2472 ximus,
653 2408 781 2478 quid
815 2416 901 2462 est
927 2404 1275 2476 concruciﬁgi
1312 2407 1536 2462 Christo
1570 2425 1587 2476 ;
1633 2422 1688 2465 et.
1723 2410 1789 2464 de
1817 2411 1988 2465 veteri

411 2499 632 2555 homine
660 2515 807 2571 saepe
838 2500 1193 2555 tractavimus
1237 2516 1254 2566 ;
1307 2500 1451 2554 unde
1487 2498 1728 2556 breviter
1766 2503 1819 2556 in
1853 2519 1990 2573 prte-

410 2592 551 2645 senti
581 2590 702 2646 loco
734 2600 978 2645 veterem
1027 2591 1309 2645 hominem
1357 2591 1611 2657 dicimus,
1661 2593 1752 2662 qui
1795 2608 1991 2651 secun-

411 2683 538 2738 dum
571 2683 744 2737 Adam
799 2683 934 2739 vixit
986 2681 1428 2752 prmvaricationi
1480 2684 1749 2740 obnoxius
1777 2696 1833 2739 et
1860 2701 1989 2756 pec-

410 2784 558 2843 cato,
589 2786 645 2832 et
682 2776 770 2830 cui
810 2774 1093 2830 dominata
1151 2785 1233 2831 est
1286 2789 1436 2830 mors
1490 2778 1720 2845 peccati,
1768 2777 1835 2833 de
1883 2792 1992 2848 quo

417 2867 784 2937 chirographa
816 2866 1026 2939 peccati
1061 2867 1235 2923 tenuit
1266 2866 1355 2923 ille
1383 2869 1477 2938 qui
1523 2868 1758 2924 habebat
1799 2870 1992 2926 mortis

415 2961 700 3032 imperium
729 2979 745 3017 :
776 2978 897 3032 qua:
919 2963 1045 3032 quia
1078 2963 1330 3019 Christus
1369 2962 1637 3032 sanguine
1674 2976 1773 3017 suo
1805 2963 1991 3020 delens

412 3055 565 3111 cruci
615 3069 726 3111 sua
757 3054 925 3111 alﬁxit
951 3057 1021 3122 ⁷³,
1060 3058 1226 3112 etiam
1278 3070 1376 3110 nos
1410 3055 1705 3109 secundum
1748 3065 1990 3112 veterem

416 3146 694 3203 hominem
730 3146 821 3216 qui
854 3146 1381 3215 peccato'obnoxius
1424 3145 1546 3210 fuit,
1588 3145 1836 3202 cruciﬁxi
1870 3163 1992 3202 esse

416 3243 703 3309 debemus,
757 3259 777 3294 ι
816 3251 878 3297 ιιι
922 3241 1245 3297 destruatur
1294 3256 1492 3311 corpus
1540 3242 1772 3312 peccati,
1824 3252 1880 3297 et
1912 3243 1994 3298 ul-

416 3343 501 3394 tra
528 3335 608 3408 (6)
644 3351 755 3392 non
791 3336 1097 3392 serviamus
1128 3343 1353 3405 peccato
1387 3334 1455 3388 ⁷⁸.
1501 3352 1523 3387 ι
1577 3332 1993 3393 Observandum

344 3490 347 3495 ,
414 3439 603 3489 autem
638 3439 770 3500 puto
800 3427 945 3500 quod
975 3426 1267 3497 Apostolus
1297 3425 1389 3480 ubi
1432 3425 1568 3480 dicit
1605 3425 1993 3483 destruendum

414 3540 537 3582 esse
570 3543 590 3576 ι
616 3537 836 3593 corpus,
873 3539 892 3574 ι
928 3521 1082 3591 ponit
1122 3537 1142 3572 ι
1172 3519 1422 3590 peccati:
1466 3537 1486 3571 ι
1541 3518 1629 3573 ιιιιί
1663 3528 1846 3573 autem
1886 3532 1993 3574 non

414 3617 551 3672 dicit
586 3614 1006 3679 destruendum,
1031 3627 1140 3667 non
1177 3630 1196 3665 ι
1223 3625 1423 3681 corpus
1450 3609 1684 3680 peccati,
1721 3627 1743 3661 ι
1777 3610 1871 3664 sed
1895 3623 1994 3664 nos

417 3707 565 3776 ipsos
603 3707 734 3761 dicit
766 3720 890 3761 esse
926 3704 1021 3775 qui
1053 3717 1159 3757 non
1196 3703 1502 3757 serviamus
1531 3707 1780 3767 peccato,
1815 3708 1875 3751 ut
1907 3712 1995 3751 os-

417 3801 602 3856 tendat
634 3799 761 3869 quia
810 3800 854 3855 si
910 3799 1248 3853 destructum
1305 3792 1720 3860 fueritcorpus
1757 3788 1994 3858 peccati,

410 3892 525 3964 jam
558 3907 656 3950 nos
691 3907 798 3947 non
824 3891 1132 3946 serviamus
1156 3894 1408 3957 peccato,
1447 3883 1535 3938 cui
1573 3881 1783 3937 scilicet
1824 3879 1997 3936 servi-

415 3986 597 4045 vimus
645 3988 817 4041 donec
869 3982 922 4038 in
971 3981 1132 4038 nobis
1170 3993 1278 4035 non
1326 3984 1446 4032 erat
1492 3974 1850 4038 destructum,
1894 3987 1996 4027 nec

415 4087 577 4134 erant
603 4074 937 4133 mortiﬁcata
979 4072 1223 4127 membra
1279 4081 1472 4125 nostra
1512 4081 1635 4137 qua:
1675 4074 1803 4120 sunt
1834 4078 1996 4134 super

398 4152 622 4225 'terram
667 4167 734 4220 ⁷⁷.
777 4165 885 4222 Sed
924 4164 1238 4234 diligentius
1288 4164 1466 4218 adhuc
1507 4158 1865 4230 repetendum
1911 4165 1997 4213 est

415 4262 689 4331 quomodo
714 4259 916 4317 dixerit
947 4276 966 4310 ι
1001 4271 1199 4326 corpus
1224 4253 1457 4325 peccati.
1493 4271 1513 4306 ι
1548 4248 1610 4307 In
1650 4264 1763 4320 quo
1798 4248 1995 4319 duplex

415 4353 536 4411 dari
574 4354 787 4410 videtur
831 4349 1169 4414 intellectus,
1212 4347 1299 4402 vel
1334 4346 1468 4415 quia
1498 4353 1750 4401 nostrum
1795 4356 1996 4412 corpus

416 4442 628 4514 peccati
657 4455 780 4497 esse
814 4439 1013 4496 dixerit
1052 4452 1250 4508 corpus
1281 4434 1360 4505 (7)
1399 4451 1415 4502 ;
1465 4433 1550 4488 vel
1598 4432 1727 4503 quia
1776 4432 1992 4501 peccati

2096 1945 2351 2001 omnibus
2394 1945 2655 2003 membris
2709 1947 2869 2016 digne
2919 1949 3134 2004 dicatur
3164 1963 3364 2020 corpus
3413 1960 3671 2007 constare

2093 2037 2330 2104 peccati,
2364 2047 2420 2094 et
2467 2039 2570 2093 hoc
2599 2053 2799 2109 corpus
2827 2049 2982 2095 vetns
3027 2039 3191 2096 homo
3227 2041 3337 2114 (li)
3380 2042 3667 2113 appellari.

2097 2130 2248 2195 Quod
2281 2130 2326 2184 si
2355 2129 2476 2199 quis
2517 2144 2613 2200 per
2655 2144 2874 2189 crucem
2901 2130 3104 2188 Christi
3144 2134 3387 2191 destruat
3423 2134 3577 2203 (12),
3611 2145 3667 2189 et

2097 2223 2150 2277 in
2182 2237 2380 2277 novum
2407 2222 2679 2277 hominem
2709 2221 2801 2292 qui
2822 2224 3119 2279 secundum
3151 2225 3314 2279 Deum
3343 2235 3564 2280 creatus
3584 2233 3672 2281 est

2095 2326 2461 2373 commutetur
2486 2314 2557 2380 ⁸⁸,
2586 2314 2725 2368 ultra
2787 2329 2894 2372 non
2927 2314 3139 2370 dicetur
3171 2316 3379 2372 servire
3417 2326 3666 2387 peccato,

2095 2408 2180 2462 cui
2207 2408 2328 2465 sine
2359 2407 2526 2463 dubio
2559 2407 2731 2462 servit
2765 2407 2939 2462 donec
2973 2406 3133 2463 alicui
3185 2408 3382 2463 horum
3421 2409 3671 2478 subjacet

2096 2512 2216 2569 quae
2260 2513 2426 2567 supra
2476 2498 2833 2569 exposuimus
2881 2500 3126 2556 membra
3181 2513 3304 2554 esse
3335 2498 3574 2569 peccati.
3610 2498 3671 2557 Si

2096 2604 2227 2644 vero
2264 2590 2434 2659 magis
2482 2589 2585 2645 hoc
2623 2604 2825 2659 corpus
2872 2600 3119 2646 nostrum
3152 2591 3356 2647 dixisse
3391 2592 3669 2661 intelliga-

2100 2691 2187 2739 tur
2212 2681 2502 2750 Apostolus
2533 2696 2730 2749 corpus
2758 2682 2992 2750 peccati,
3024 2683 3320 2738 secundum
3353 2683 3500 2737 illam
3541 2698 3668 2753 pro.

2099 2772 2242 2827 lecto
2290 2772 2594 2840 accipietur
2643 2772 3096 2843 intelligentiam,
3127 2790 3231 2844 qua
3285 2786 3340 2829 et
3381 2775 3552 2829 David
3603 2777 3672 2830 de

2097 2865 2390 2934 semetipso
2430 2865 2584 2929 dicit,
2621 2865 2747 2934 quia
2797 2882 2816 2916 ι
2848 2863 2902 2918 in
2953 2865 3333 2935 iniquitatibus
3375 2874 3675 2935 conceptus

2098 2973 2241 3023 sum,
2273 2968 2329 3013 et
2359 2959 2410 3012 in
2439 2957 2678 3027 peccatis
2706 2960 2954 3027 concepit
2978 2973 3063 3013 me
3091 2967 3263 3013 mater
3279 2971 3399 3013 mea
3418 2956 3487 3011 θ’.
3512 2977 3531 3008 ι
3562 2955 3674 3017 Sed

2096 3061 2153 3105 et
2184 3051 2298 3120 ipse
2322 3050 2613 3119 Apostolus
2643 3050 2697 3104 in
2730 3051 2854 3106 aliis
2876 3052 3006 3107 dicit
3038 3069 3054 3105 :
3084 3070 3103 3107 ι
3131 3050 3264 3119 Quis
3302 3066 3389 3106 me
3418 3050 3673 3107 liberabit

2098 3142 2165 3196 de
2212 3157 2441 3211 corpore
2491 3143 2685 3199 mortis
2738 3143 2900 3212 hujus
2922 3144 3004 3199 εει
3036 3163 3056 3198 ι
3092 3151 3147 3199 et
3195 3144 3390 3199 iterum
3427 3161 3447 3196 ι
3471 3159 3672 3213 corpus

2099 3232 2426 3288 humilitatis
2447 3251 2467 3286 ι
2503 3233 2748 3289 nominat
2783 3248 2985 3304 corpus
3018 3232 3346 3293 nostrum“.
3376 3233 3484 3289 Sed
3519 3244 3574 3288 et
3604 3235 3677 3289 de

2099 3323 2384 3379 Salvatore
2407 3324 2639 3393 quodam
2672 3324 2794 3385 loco
2826 3326 2974 3392 dicit,
3005 3326 3131 3396 quia
3159 3326 3371 3381 venerit
3394 3342 3414 3375 ι
3441 3327 3496 3380 in
3516 3325 3676 3379 simi-

2098 3414 2380 3477 litudinem
2409 3417 2590 3471 carnis
2615 3417 2845 3488 peccati,
2872 3435 2894 3471 ι
2934 3424 2994 3471 ut
3032 3437 3052 3471 ι
3079 3417 3146 3472 de
3190 3428 3417 3488 peccato
3442 3436 3462 3470 ι
3513 3419 3669 3472 dam-

2099 3515 2252 3561 naret
2285 3524 2304 3558 ι
2327 3518 2610 3576 peccatum
2634 3509 2689 3564 in
2706 3524 2873 3565 carne
2895 3510 2963 3567 ⁸⁸.
2990 3527 3010 3564 ι
3045 3509 3103 3564 ιιι
3129 3524 3236 3578 quo
3267 3509 3504 3564 ostendit
3525 3508 3673 3577 quod

2097 3608 2282 3655 nostra
2318 3600 2536 3668 quidem
2572 3616 2705 3657 caro
2730 3603 2936 3672 peccati
2970 3603 3047 3658 sit
3070 3617 3222 3667 caro,
3255 3600 3455 3659 Christi
3488 3611 3670 3655 autem

2098 3705 2232 3747 caro
2263 3691 2458 3748 similis
2481 3694 2554 3749 sit
2582 3694 2734 3750 carni
2764 3696 2999 3764 peccati.
3034 3694 3152 3749 Non
3178 3693 3328 3750 enim
3355 3708 3423 3749 ex
3463 3695 3673 3749 semine

2096 3785 2200 3841 viri
2234 3794 2500 3858 concepta
2537 3798 2645 3853 est,
2684 3789 2779 3844 sed
2801 3789 3041 3858 Spiritus
3070 3798 3293 3844 sanctus
3318 3788 3468 3843 venit
3504 3804 3673 3857 super

2097 3878 2347 3947 Mariam,
2370 3892 2425 3935 et
2446 3880 2619 3936 virtus
2650 3881 2913 3936 Altissimi
2947 3880 3296 3936 obumbravit
3329 3880 3402 3946 ei,
3434 3888 3490 3934 ut
3526 3880 3676 3949 quod

2099 3970 2431 4026 nascebatur
2468 3986 2535 4026 ex
2569 3986 2658 4040 ea,
2698 3971 2872 4031 Filius
2904 3980 3194 4028 vocaretur
3246 3970 3459 4028 Excelsi
3481 3971 3548 4027 ⁸⁸.
3576 3971 3673 4026 Sic

2096 4078 2227 4133 ergo
2272 4062 2477 4123 Paulus
2526 4080 2623 4135 per
2662 4063 2992 4121 inellabilem
3051 4066 3143 4121 Dei
3181 4066 3527 4136 sapientiam,
3550 4081 3676 4134 qua:

2096 4158 2223 4211 data
2273 4165 2359 4213 est
2385 4158 2457 4224 ei,
2485 4174 2740 4213 arcanum
2781 4159 2967 4214 nescio
2998 4159 3126 4228 quid
3153 4160 3365 4214 intuens
3396 4169 3454 4214 et
3484 4174 3683 4214 recou-v

2099 4250 2293 4317 ditum,
2315 4251 2512 4321 corpus
2544 4260 2791 4308 nostrum
2815 4267 3044 4323 «corpus
3064 4253 3324 4321 peccati,»
3350 4263 3405 4307 et
3430 4272 3449 4305 ι
3477 4268 3687 4323 corpus

2099 4343 2310 4409 mortis,
2341 4360 2361 4395 ι
2399 4352 2455 4399 et
2491 4361 2510 4397 ι
2535 4357 2735 4414 corpus
2779 4344 3106 4400 humilitatis
3133 4363 3153 4398 ι
3189 4345 3447 4416 appellat.
3482 4343 3591 4400 Sed
3621 4356 3680 4401 et.

2101 4432 2268 4489 David
2295 4434 2360 4488 de
2393 4435 2586 4489 eodem
2612 4435 2822 4506 Spiritu
2855 4444 3190 4492 secretorum
3208 4438 3511 4493 cmlestium
3539 4454 3677 4509 gna-

417 4535 591 4605 lpsius
636 4535 787 4591 dicat
828 4547 950 4589 esse
1007 4530 1290 4601 proprium
1331 4525 1548 4597 aliquod
1592 4538 1817 4593 corpus,
1848 4523 1991 4591 quod
2027 4527 2072 4581 D
2104 4539 2194 4578 rus
2228 4524 2445 4580 dicebat
2482 4524 2551 4581 de
2589 4541 2861 4598 corpore:
2893 4527 3004 4583 tEt
3046 4530 3100 4582 in
3150 4530 3431 4600 pulverem
3481 4531 3676 4585 mortis

419 4623 815 4680 destruendum
850 4625 922 4681 sit
966 4623 1052 4679 his
1097 4622 1190 4692 qui
1241 4632 1349 4675 non
1382 4616 1580 4673 debent
1608 4614 1746 4669 ultra
1790 4616 1995 4670 servire

419 4724 666 4784 peccato.
704 4715 841 4784 Quia
877 4730 1009 4785 ergo
1041 4724 1271 4768 uterque
1305 4723 1497 4764 sensus
1528 4708 1581 4760 in
1613 4705 1716 4760 hoc
1750 4704 1870 4775 loco
1897 4708 1993 4761 ad-s

531 4852 576 4885 ⁸⁸
603 4851 623 4905 1
654 4850 809 4905 Joan.
838 4867 920 4913 ιιι,
946 4850 1005 4904 2.
1117 4850 1165 4881 "°
1192 4847 1350 4901 Joan.
1381 4860 1511 4908 χιιι,
1534 4842 1626 4897 24.

421 4992 636 5049 Coloss.
664 5007 747 5055 ιιι,
789 4992 845 5047 5.
944 4992 988 5025 ⁸¹
1026 4991 1224 5058 Ephes.
1265 4981 1340 5050 tv,
1364 4987 1513 5058 24.“
1541 4982 1768 5058 f’Psal.
1808 4997 1860 5046 1.,

421 5061 470 5105 "9
493 5064 629 5119 Luc.
654 5078 698 5129 ι,
735 5052 831 5118 55.
907 5062 952 5094 ⁸⁷
986 5052 1129 5114 Psal.
1163 5073 1279 5123 χιιι,
1310 5058 1395 5113 16.
1470 5054 1517 5087 ⁸⁸
1537 5053 1683 5108 Psat.
1718 5067 1872 5116 smn,
1903 5052 1995 5108 25.

499 5181 776 5264 simias»
816 5178 1004 5246 «ριιίά
1036 5186 1343 5264 estesse}!
1375 5169 2003 5264 E‘“l‘_'i‘_“.f'§9i-{‘i§‘fi.'f:

422 5241 623 5308 etionis
649 5241 773 5321 ejus
793 5241 918 5307 esse
949 5250 1347 5318 complantatos
1375 5244 1399 5298 ‘l
1451 5242 1692 5305 Joannes
1723 5241 2001 5310 apostolus

425 5324 562 5394 dicit
584 5321 841 5394 :gl‘ilioli,
869 5340 891 5373 ι
922 5333 1054 5394 etc._
1088 5388 1100 5394 _
1175 5386 1221 5394 __
1597 5380 1611 5393 ,
1634 5381 1648 5394 ,

496 5392 576 5464 (4)
600 5392 693 5448 Sic
725 5380 855 5448 mss.
887 5401 943 5446 et
970 5388 1126 5446 editi.
1174 5386 1274 5464 Ms.
1303 5394 1487 5451 tamen
1520 5380 1767 5453 quidam,
1812 5397 1832 5437 ι
1885 5380 1997 5440 illic

423 5457 865 5536 sit'etntinister
899 5475 1073 5525 meus,
1107 5479 1126 5510 ι
1162 5457 1325 5536 male.
1402 5524 1414 5536 _
1764 5527 1803 5536 Δ
1845 5534 1859 5536 Α

498 5533 574 5604 (5)
605 5532 682 5588 lta
714 5542 860 5586 recte
889 5546 1019 5604 mss.
1046 5522 1204 5582 unus.
1222 5524 1415 5604 Casteri
1438 5537 1568 5580 vero
1598 5535 1731 5585 mss,
1755 5527 1807 5574 el
1836 5522 1989 5591 editi,

431 5620 454 5657 ι
485 5599 647 5656 aliam
683 5617 874 5656 rursus
907 5601 1134 5671 ﬁguram
1176 5599 1392 5671 repetit.
1418 5614 1438 5646 ι

500 5672 578 5743 (6)
598 5673 773 5737 Alias,
812 5689 831 5723 ι
858 5673 1022 5743 etiam
1058 5684 1156 5743 nos
1184 5670 1281 5743 qui
1315 5676 1542 5737 peccato
1564 5671 1867 5743 secundum
1901 5681 1996 5743 ve-

433 5738 604 5798 terem
626 5743 899 5798 hominem
929 5741 1148 5798 obnoxii
1175 5739 1396 5807 luimus,
1425 5742 1670 5797 cruciﬁxi
1697 5757 1820 5800 esse
1836 5738 1998 5799 debe-

435 5828 647 5873 mus....
682 5822 742 5869 ut
770 5812 929 5868 ultra.
966 5830 995 5865 ι

1732 4842 1777 4873 ⁷³
1804 4839 1932 4896 ibid.
1959 4843 2050 4896 21.

419 4921 468 4955 ’⁸
494 4922 704 4977 Coloss.
741 4937 801 4980 tt.
833 4912 925 4976 14.
1000 4920 1044 4951 ⁷⁸
1072 4920 1226 4973 nutu.
1263 4933 1333 4982 Vl,
1367 4917 1420 4969 6.
1494 4916 1539 4948 ⁷⁷
1575 4913 1782 4966 tzoloss.
1825 4927 1907 4975 ιιι,
1942 4913 1992 4966 5.

421 4992 636 5042 Coloss.
664 5007 747 5042 ιιι.
789 4992 845 5042 5.
944 4992 988 5025 εί
1026 4991 1224 5042 Euhes.
1265 5004 1340 5042 tv.
1364 4987 1455 5040 24.
1559 4984 1604 5015 ⁸³
1624 4982 1768 5037 Psal.
1808 4997 1860 5042 L,
1892 4981 1947 5035 7.

2095 4913 2115 4944 ³
2140 4912 2158 4965 l
2188 4916 2315 4975 Cor.
2346 4932 2443 4982 xtl,
2480 4918 2570 4974 27.

2130 4985 2288 5041 item.
2328 5002 2420 5042 vn.
2448 4988 2538 5042 24.

2103 4614 2372 4671 deduxisti
2401 4617 2579 4685 me";
2606 4636 2626 4670 ι
2661 4628 2717 4673 et
2743 4619 2937 4677 iterum
2965 4633 2980 4671 :
3006 4635 3024 4670 ι
3052 4617 3342 4674 llumiliata
3371 4630 3454 4675 est
3475 4619 3531 4675 in
3558 4620 3679 4690 pul-

2104 4720 2231 4765 vere
2284 4710 2465 4771 anima
2512 4710 2784 4775 nostra“.
2815 4730 2834 4765 ι
2880 4711 3148 4771 Jeremias
3203 4726 3420 4782 quoque
3480 4712 3678 4768 similis

2821 4849 2869 4881 ⁷³
2903 4850 3034 4905 ibid.
3062 4849 3151 4902 45.

2678 4920 2722 4952 ⁷³
2755 4920 2953 4988 Ephes.
2988 4935 3039 4986 v,
3064 4919 3156 4973 27.

2645 4988 2691 5020 ⁸⁸
2715 4989 2912 5059 Philip.
2944 5005 3027 5053 ιιι,
3052 4989 3104 5042 2.

2154 4843 2200 4874 ⁷³
2227 4843 2359 4901 Luc.
2427 4861 2586 4912 xxiii,
2624 4847 2716 4902 49..
2821 4849 2869 4881 ⁷³
2903 4850 3034 4905 ibid.
3062 4849 3151 4902 4'5.
3259 4847 3306 4879 ⁷⁵
3331 4847 3489 4904 Rom.
3519 4864 3594 4909 vt,
3618 4849 3676 4907 6.

2154 4912 2158 4965 Ι
2188 4916 2315 4973 Cor.
2346 4932 2443 4973 xtl.
2480 4918 2570 4973 27.
2678 4920 2722 4952 ⁷³
2755 4920 2953 4973 thes.
2988 4935 3039 4973 v.
3064 4919 3156 4973 27.
3257 4917 3302 4951 ⁸⁸
3329 4918 3487 4973 Rom.
3516 4919 3674 4973 ι.2υ;

3208 4988 3253 5020 ⁸³
3282 4990 3439 5043 Rom.
3474 5005 3592 5057 Vttt,
3619 4994 3681 5044 5.

2185 5176 2263 5250 (7)
2297 5176 2473 5250 Alias,
2512 5197 2531 5231 ι
2553 5179 2636 5234 vel
2666 5181 2791 5247 quia
2822 5190 3064 5243 nostrum
3092 5194 3297 5248 corpus
3332 5179 3548 5247 peccati.
3593 5179 3684 5249 ip-

2107 5249 2571 5335 sittsndicatesse,
2607 5250 2688 5302 vel
2728 5253 3007 5335 proprium
3037 5250 3562 5335 aliquodcorp‘us.»

2180 5318 2261 5390 (8)
2288 5318 2451 5386 Editi,
2487 5339 2507 5372 ι
2537 5334 2634 5375 vos
2666 5318 2799 5377 estis
2830 5318 3072 5377 inembra
3106 5318 3334 5385 Christi,
3380 5318 3436 5374 et
3480 5334 3685 5390 corpus

2104 5402 2170 5441 ex
2212 5405 2273 5444 Da
2283 5398 2383 5444 rte.
2415 5408 2434 5441 ι

2176 5405 2564 5530 (dirigam.
2596 5460 2756 5516 Deest
2778 5461 2830 5514 in
2858 5460 3010 5517 libris
3040 5471 3201 5517 antea
3232 5461 3423 5518 editis.
3477 5483 3484 5491 -

2170 5529 2279 5602 (id)
2309 5529 2477 5602 Alias,
2510 5548 2530 5581 ι
2556 5533 2891 5587 memoravit.
2916 5549 2935 5583 ι

2172 5599 2286 5672 (lt)
2321 5599 2484 5672 Editi,
2520 5619 2539 5652 ι
2561 5611 2615 5655 et
2644 5605 2745 5657 hoc
2768 5617 2968 5671 corpus
2996 5601 3203 5672 peccati
3240 5606 3401 5655 vetus
3441 5601 3628 5669 homo,
3650 5620 3679 5658 ι

2103 5671 2255 5739 etc.;
2289 5671 2385 5735 aL,
2421 5690 2439 5723 ι
2463 5684 2518 5727 et
2557 5674 2662 5726 hoc
2693 5687 2888 5741 corpus
2915 5671 3113 5728 veteris
3142 5672 3443 5740 hominis,»
3479 5683 3596 5732 etc.

2177 5741 2299 5815 (l2),
2323 5742 2492 5810 Editi,
2524 5760 2555 5795 ι
2568 5741 2903 5799 destruatur.
2933 5762 2965 5796 ι
