4146 6448
467 361 606 420 1047

1920 352 2240 412 ORIGENIS
2320 330 2327 337 ’

3587 343 3722 399 tuas

469 478 713 549 mysterii
743 490 841 547 per
878 477 972 533 Dei
1030 477 1293 547 Spiritum
1345 476 1617 543 conscius,
1648 478 1702 532 in
1756 477 2045 532 Lamenta-
2075 479 2118 535 Α
2148 474 2313 545 pleta.
2343 470 2628 528 Generalis
2673 478 2856 525 autem
2899 467 2992 523 illa
3039 462 3578 521 carnis'resurrectio
3605 478 3721 530 quae

470 571 709 625 tionibus
737 569 854 624 suis
882 569 1040 636 dicit,
1066 569 1193 638 quia
1242 569 1411 624 vincti
1446 568 1560 641 (t5)
1592 578 1755 624 terra:
1789 568 1898 623 sint
1926 582 2046 622 om-

468 677 568 718 nes
616 663 885 726 homines,
917 665 1164 732 corporis
1202 661 1413 716 scilicet
1455 676 1641 728 causa,
1671 669 1729 717 et
1770 661 1890 716 ait:
1924 680 1943 712 ι
1974 659 2046 715 Ut

470 755 717 810 lmmiliet
742 756 844 811 sub
861 755 1087 824 pedibus
1112 753 1232 823 ejus
1254 769 1444 809 omnes
1472 754 1680 811 vinctos
1712 765 1893 818 terrm,
1918 754 2043 823 quia

470 845 888 900 declinaverunt
904 843 1170 915 judicium
1201 847 1303 902 viri
1333 847 1385 901 in
1417 854 1715 915 conspectu
1749 844 2042 913 Altissimi,

475 945 534 990 et
557 939 1060 993 condemnat-erunt
1085 938 1356 993 hominem
1382 939 1431 992 in
1458 936 1828 1007 iudicando”.
1862 956 1882 989 ι
1910 935 2045 992 Cor-

472 1045 573 1097 pus
632 1045 764 1098 ergo
810 1031 1015 1100 peccati
1070 1040 1158 1085 est
1203 1045 1407 1098 corpus
1449 1037 1735 1095 nostrum;
1768 1029 1896 1099 quia
1948 1043 2047 1084 nec

469 1118 645 1172 Adam
677 1118 941 1175 scribitur
981 1119 1304 1189 cognovisse
1337 1117 1503 1171 Evam
1540 1131 1764 1173 uxorem
1813 1132 1964 1172 suam
1992 1126 2048 1172 et

473 1211 725 1278 genuisse
768 1210 903 1266 Cain
925 1211 998 1278 ’°,
1041 1211 1144 1267 nisi
1195 1221 1316 1283 post
1371 1222 1679 1283 peccatum.
1718 1210 1962 1279 Denique
1993 1218 2048 1263 et

474 1305 526 1357 in
558 1303 675 1372 lege
694 1303 737 1334 “
770 1316 870 1373 pro
897 1303 1125 1373 parvulo
1160 1304 1251 1372 qui
1294 1314 1453 1358 natus
1501 1303 1663 1358 fuerit
1685 1301 1798 1373 (M)
1825 1301 2048 1372 jubetnr

471 1392 656 1449 olferri
692 1393 893 1461 hostia,
941 1409 1040 1463 par
1079 1403 1368 1460 turturmn,
1401 1406 1494 1449 aut
1526 1395 1635 1449 duo
1664 1393 1792 1464 pulli
1834 1393 2045 1450 colum-

474 1486 587 1539 bini
622 1504 635 1540 :
662 1501 729 1542 ex
763 1486 959 1555 quibus
986 1500 1125 1540 unus
1154 1500 1252 1554 pro
1286 1495 1528 1554 peccato,
1553 1495 1607 1539 et
1640 1485 1781 1539 alius
1815 1484 1868 1538 in
1897 1483 2051 1538 holo-

472 1585 830 1632 caustomate.
877 1576 982 1632 Pro
1032 1592 1139 1646 quo
1186 1587 1416 1647 peccato
1465 1577 1693 1632 oﬂ'ertur
1729 1577 1821 1632 hic
1871 1575 2050 1646 pullus

474 1669 658 1723 unus?
689 1666 941 1738 Nunquid
973 1684 1141 1738 nuper
1172 1669 1352 1725 editus
1386 1668 1645 1739 parvulus
1674 1682 1906 1740 peccare
1932 1665 2047 1735 jam

473 1760 695 1830 potuit?
726 1761 790 1815 Et
823 1770 1000 1816 tamen
1039 1760 1206 1817 habet
1247 1771 1530 1830 peccatum
1570 1776 1671 1829 pro
1714 1776 1823 1832 quo
1862 1761 2045 1815 hostia

470 1850 692 1920 jubetur
711 1849 897 1908 oﬂ‘erri
926 1866 955 1905 a
986 1865 1093 1920 quo
1120 1853 1358 1906 mundus
1380 1860 1606 1921 negatur
1633 1853 1759 1921 quis
1784 1865 1925 1915 esse,
1949 1864 2049 1905 nec

474 1944 519 1996 si
548 1943 708 1998 unius
756 1943 862 1998 diei
907 1943 1074 2000 fuerit
1109 1942 1222 1997 vita
1251 1940 1368 2011 ejus
1386 1943 1455 1996 θ’.
1486 1941 1562 1997 De
1595 1944 1698 1997 hoc
1725 1956 1856 2012 ergo
1888 1942 2051 1996 etiam

476 2035 646 2090 David
697 2035 899 2091 dixisse
929 2035 1237 2092 credendus
1272 2043 1357 2090 est
1403 2033 1532 2089 illud
1566 2035 1710 2102 quod
1744 2047 1909 2103 supra
1940 2046 2053 2087 me.

477 2125 830 2191 moravimus,
872 2127 997 2194 quia
1037 2144 1056 2177 ι
1088 2125 1142 2180 in
1175 2123 1420 2195 peccatis
1472 2117 1727 2193 concepit
1756 2137 1842 2178 me
1877 2133 2054 2178 mater

475 2218 720 2272 mea”.i
762 2216 1072 2273 Secundum
1122 2216 1410 2272 historiam
1439 2215 1582 2270 enim
1620 2214 1823 2269 nullum
1862 2215 2054 2269 matris

474 2309 592 2381 ejus
625 2309 935 2365 declaratur
968 2317 1273 2380 peccatum.
1311 2306 1420 2362 Pro
1470 2308 1575 2362 hoc
1609 2315 1666 2362 et
1709 2306 1949 2362 Ecclesia
1983 2305 2052 2360 ab

475 2400 738 2470 apostolis
771 2399 1121 2455 traditionem
1153 2398 1422 2468 suscepit,
1454 2397 1620 2453 etiam
1656 2397 1897 2467 parvulis
1953 2398 2051 2452 ba-

475 2493 733 2562 ptismum
761 2493 912 2547 dare.
941 2490 1203 2547 Sciebant
1234 2491 1380 2546 enim
1420 2490 1494 2545 illi
1531 2490 1728 2562 quibus
1767 2491 2053 2562 mysterio-

479 2600 599 2640 rum
627 2593 843 2640 secreta
869 2581 1160 2637 commissa
1185 2591 1312 2637 sunt
1343 2581 1674 2647 divinorum,
1700 2582 1841 2651 quod
1869 2590 2054 2637 essent

475 2678 532 2731 in
552 2676 804 2731 onmibns
834 2675 1083 2745 genuinus
1104 2674 1293 2728 sordes
1325 2675 1559 2743 peccati,
1583 2688 1703 2743 qua:
1734 2689 1831 2743 per
1856 2688 2050 2743 aquam

473 2777 530 2823 et
576 2766 841 2838 Spiritum
890 2763 1036 2821 ablui
1089 2765 1400 2832 deberent;
1430 2776 1655 2835 pmpter
1704 2780 1844 2834 quas
1881 2767 2049 2821 etiam

475 2874 677 2929 corpus
725 2859 901 2929 ipsum
949 2871 1147 2927 corpus
1193 2855 1402 2925 peccati
1461 2855 1794 2920 nominatur,
1832 2870 1936 2911 non
1970 2855 2051 2927 (ut

475 2961 671 3023 putant
708 2952 877 3020 aliqui
906 2966 1095 3005 eorum
1142 2949 1236 3019 qui
1264 2946 1576 3002 animarum
1621 2948 2051 3018 transmigratio.

477 3060 600 3099 nem
624 3044 678 3099 in
704 3046 851 3100 varia
872 3058 1101 3114 corpora
1131 3044 1481 3104 introducunt
1504 3044 1621 3119 [15]
1648 3049 1667 3117 )
1694 3061 1793 3117 pro
1821 3047 1906 3101 his
1930 3061 2052 3117 quae

2146 565 2215 620 ad
2245 580 2439 620 omnes
2466 563 2727 634 pertinet,
2766 562 2949 617 adhuc
2986 558 3166 613 futura
3203 567 3286 611 est
3311 573 3324 609 :
3352 555 3479 624 quia
3528 554 3639 607 haec
3672 555 3722 605 in

2146 659 2345 728 primo,
2376 658 2465 713 illa
2501 660 2555 713 in
2589 655 2828 713 secundo
2867 651 3079 708 Domini
3103 646 3462 720 complebitur
3484 644 3596 717 (18)
3630 643 3722 697 ad-

2148 760 2331 805 ventu.

2219 841 2307 896 10.
2340 858 2359 893 ι
2385 839 2441 896 Si
2491 850 2671 894 autem
2704 836 2904 894 mortui
2951 850 3138 891 sumus
3167 846 3291 889 cum
3325 831 3568 894 Christo,
3601 844 3724 883 cre-

2145 933 2328 988 dimus
2365 932 2492 1002 quia
2540 941 2596 986 et
2640 931 2993 986 convivemus
3026 927 3077 983 ei
3110 925 3247 998 (19),
3298 925 3537 980 scientes
3593 921 3722 991 quia

2146 1027 2395 1083 Christus
2431 1042 2660 1097 surgens
2683 1043 2712 1080 a
2747 1029 2979 1080 mortuis
3001 1023 3113 1091 jam
3144 1037 3249 1075 non
3291 1018 3543 1079 moritur,
3577 1029 3725 1069 mors

2147 1120 2197 1175 ci
2227 1118 2341 1190 jam
2374 1119 2516 1173 ultra
2563 1134 2668 1174 non
2701 1116 3095 1172 dominabitur.
3122 1113 3276 1180 Quod
3305 1111 3448 1165 enim
3476 1119 3724 1162 mortuus

2148 1220 2233 1267 est
2257 1221 2499 1280 peccato,
2537 1219 2784 1265 mortuus
2815 1219 2899 1264 est
2931 1207 3098 1263 semel
3132 1228 3142 1262 :
3176 1205 3319 1275 quod
3349 1211 3528 1258 autem
3565 1201 3722 1264 vivit,

2148 1302 2280 1358 vivit
2316 1302 2426 1357 Deo
2445 1302 2512 1355 ⁸⁸.
2545 1320 2564 1353 ι
2608 1301 2664 1355 in
2704 1301 2961 1355 omnibus
2992 1315 3111 1370 qua:
3139 1313 3299 1367 supra
3332 1295 3467 1351 dixit
3494 1294 3724 1364 Aposto~

2150 1395 2253 1464 lus,
2281 1396 2388 1451 hoc
2408 1394 2692 1450 ostendere
2714 1392 2900 1456 voluit,
2938 1393 3064 1461 quia
3098 1391 3140 1445 si
3173 1389 3424 1444 Christus
3463 1394 3715 1440 mortuus

2156 1498 2241 1545 est
2270 1489 2418 1557 prior
2448 1494 2690 1557 peccato,
2713 1495 2766 1539 et
2790 1499 2889 1539 nos
2916 1482 3114 1537 mortui
3143 1495 3330 1535 sumus
3355 1486 3576 1547 peccato
3603 1491 3724 1530 cum

2149 1581 2284 1651 ipso.
2322 1580 2387 1634 Et
2422 1594 2544 1635 cum
2592 1577 2722 1633 dicit
2754 1594 2766 1631 :
2802 1575 2965 1647 566
2996 1598 3014 1625 ι
3040 1575 3093 1627 lu
3124 1582 3298 1627 morte
3323 1571 3497 1641 ipsius
3544 1569 3724 1638 bapti-
3767 1560 3777 1571 ’

2126 1675 2256 1729 .zati
2287 1687 2509 1739 sumus;
2541 1690 2558 1723 ι
2597 1679 2673 1736 et,
2709 1667 3113 1738 (Complantati
3155 1679 3343 1720 sumus
3381 1660 3724 1717 similitmliui

2152 1764 2344 1821 mortis
2378 1762 2496 1832 ejus
2519 1763 2589 1830 ’9,
2618 1781 2637 1815 ι
2673 1773 2771 1830 per
2804 1760 2921 1815 hmo
2951 1759 3132 1814 omnia
3157 1756 3394 1813 ostendit
3422 1754 3549 1825 quia
3584 1768 3728 1805 mor-

2157 1858 2233 1913 tui
2270 1870 2459 1912 sumus
2485 1870 2608 1911 cum
2648 1854 2868 1911 Christo
2910 1862 3154 1922 peccato,
3188 1866 3253 1904 ex
3296 1865 3365 1905 eo
3398 1849 3540 1918 quod
3569 1847 3727 1903 Chri-

2155 1961 2274 2006 stus
2314 1948 2532 2019 quidem
2574 1960 2671 2017 pro
2714 1946 2956 2016 peccatis
2997 1943 3199 1998 nostris
3252 1951 3498 1995 mortuus
3525 1948 3608 1993 est
3636 1952 3729 1991 se-

2155 2042 2391 2097 cundum
2424 2039 2772 2109 Scripturas;
2803 2044 2858 2092 et
2887 2034 3178 2105 unicuique
3210 2031 3548 2086 credentium
3579 2044 3730 2083 mor-

2155 2145 2264 2190 tem
2298 2132 2505 2204 peccati
2558 2129 2731 2199 ipsius
2778 2136 3034 2195 tanquam
3077 2142 3274 2179 munus
3304 2124 3575 2194 quoddam
3606 2119 3728 2174 ﬁdei

2155 2241 2218 2280 ex
2252 2238 2347 2280 sua
2375 2229 2550 2277 morte
2583 2217 2832 2282 donavit,
2861 2216 2949 2271 his
2979 2215 3188 2272 scilicet
3226 2215 3315 2284 qni
3366 2230 3488 2267 cum
3523 2212 3640 2281 ipso
3671 2227 3729 2266 se

2157 2328 2400 2372 mortuos
2426 2322 2483 2372 et
2504 2313 2797 2370 cruciﬂxos
2830 2321 2885 2366 et
2914 2306 3263 2378 consepultus
3294 2305 3344 2360 ei
3382 2307 3637 2370 credunt,
3673 2312 3731 2357 ct

2155 2426 2253 2481 per
2282 2411 2418 2474 haec,
2452 2413 2728 2478 peccatum
2762 2405 2815 2458 in
2855 2403 2936 2458 eis
2976 2412 3234 2469 tanquam
3267 2401 3318 2453 iu
3358 2397 3591 2453 mortuis
3619 2412 3728 2450 non

2155 2512 2332 2574 potest
2375 2500 2611 2570 operari,
2655 2509 2819 2568 atquc
2849 2496 2921 2551 ita
2959 2496 3213 2547 dicuntur
3243 2490 3355 2561 (‘20)
3385 2488 3581 2545 mortui
3609 2500 3732 2541 esse

2155 2604 2397 2667 peccato.
2437 2591 2646 2647 Idcirco
2671 2603 2801 2658 ergo
2834 2587 3087 2658 praesenti
3135 2597 3388 2639 sermone
3434 2578 3732 2650 Apostolus

2155 2686 2558 2742 conclusionem
2610 2682 2740 2737 facit
2789 2680 3032 2737 omnium
3090 2694 3210 2748 qua:
3258 2677 3311 2731 in
3360 2674 3731 2747 superioribus

2153 2787 2483 2840 astruxerat,
2563 2782 2618 2829 et
2652 2773 2823 2829 dicit:
2859 2792 2877 2825 ι
2918 2773 2974 2828 Si
3033 2781 3214 2825 autem
3268 2767 3465 2823 mortui
3532 2781 3722 2821 sumus

2154 2885 2277 2926 cum
2304 2867 2548 2934 Christo,
2580 2884 2599 2919 ι
2627 2881 2721 2937 per
2744 2865 2858 2921 haec
2889 2864 3101 2920 scilicet
3128 2877 3248 2931 qua:
3271 2859 3520 2929 superius
3549 2869 3729 2913 osten-

2153 2962 2356 3025 dimus,
2398 2977 2417 3009 ι
2443 2959 2716 3014 credimus
2754 2957 2881 3027 quia
2937 2964 2992 3011 ct
3024 2955 3376 3010 convivemus
3414 2950 3524 3005 ei’.
3550 2968 3569 3002 ι
3613 2950 3728 3003 Non

2153 3050 2775 3113 dixit:etconviximus,
2827 3048 2967 3102 sicut
2993 3046 3150 3110 dixit,
3182 3063 3201 3097 ι
3232 3044 3428 3098 mortui
3461 3057 3676 3104 sumus;
3705 3060 3725 3093 ι

476 3136 530 3189 in
562 3134 672 3190 alio
691 3149 922 3205 corpore
952 3136 1124 3206 posita
1154 3138 1337 3192 anima
1363 3137 1680 3205 deliquerit,
1710 3139 1803 3192 sed
1823 3152 1921 3208 pro
1947 3138 2051 3192 hoc

2155 3148 2274 3212 sed,
2308 3165 2327 3198 ι
2349 3146 2725 3207 convivemus,
2753 3159 2772 3193 ι
2804 3137 3133 3195 utostendat
3158 3136 3283 3206 quia
3334 3149 3481 3189 mors
3521 3134 3575 3187 in
3600 3147 3733 3201 pra:-

479 3228 598 3296 ipso
642 3227 785 3297 quod
841 3229 895 3283 in
935 3242 1168 3299 corpore
1215 3230 1423 3300 peccati
1472 3240 1529 3285 et
1570 3244 1799 3300 corpore
1856 3231 2052 3286 mortis

478 3328 644 3389 atque
674 3319 996 3376 humilitatis
1025 3319 1214 3377 eﬂecta
1245 3322 1422 3387 sit;et
1452 3323 1594 3378 sicut
1621 3322 1714 3377 ille
1736 3322 1894 3385 dixit,
1926 3323 2051 3391 quia

484 3428 502 3460 ι
528 3409 827 3464 humiliasti
856 3411 908 3464 in
943 3411 1168 3480 pulvere
1215 3411 1451 3466 animam
1508 3422 1754 3468 nostram
1779 3412 1846 3466 ἰ.
1876 3432 1896 3465 ι
1930 3412 2055 3469 llmc

482 3500 694 3555 interim
742 3502 808 3554 ad
857 3516 1100 3571 praesens
1144 3502 1213 3558 de
1242 3515 1476 3574 corpore
1510 3504 1720 3573 peccati
1757 3503 1913 3560 nobis
1958 3519 2054 3558 oc-

480 3607 707 3648 currere
737 3602 1055 3663 potuerunt.
1092 3594 1226 3662 Quae
1274 3605 1457 3650 autem
1498 3610 1530 3649 e
1577 3595 1787 3652 duabus
1836 3600 2054 3667 exposi—

484 3685 559 3737 tio
586 3684 701 3755 (16)
729 3686 913 3740 sensui
943 3688 1237 3742 conveniat
1269 3687 1589 3757 apostolico,
1619 3698 1716 3745 aut
1749 3691 1796 3745 si
1838 3700 2053 3759 neutra,

484 3777 677 3847 probet
710 3780 804 3847 qui
833 3778 981 3850 legit.
1015 3778 1169 3846 Quod
1198 3788 1379 3837 autem
1414 3783 1467 3836 in
1494 3781 1615 3838 aliis
1647 3782 1786 3839 dicit
1820 3781 2057 3852 Aposto-

482 3865 634 3923 lus"
673 3869 1081 3925 consurrexisse
1112 3869 1223 3939 jam
1278 3886 1375 3928 nos
1395 3870 1644 3938 Christo,
1673 3882 1728 3928 et
1764 3874 1927 3929 simul
1965 3889 2057 3929 co-

479 3960 771 4025 excitatos,
820 3960 1094 4032 simulque
1141 3963 1333 4019 sedere
1396 3965 1450 4020 in
1504 3965 1840 4033 ccelestibus,
1875 3977 1930 4023 et
1968 3967 2057 4023 hic

481 4052 653 4108 dicit:
690 4050 788 4106 (Si
844 4053 988 4108 enim
1038 4055 1388 4125 complantati
1438 4071 1627 4111 sumus
1710 4057 2054 4114 similitudini

484 4147 677 4201 mortis
710 4148 850 4216 ejus,
899 4148 1062 4203 etiam
1100 4148 1519 4203 resurrectionis
1567 4149 1770 4205 erimus
1788 4151 1853 4217 ",
1883 4170 1903 4204 ο
1956 4153 2058 4208 hoc

482 4249 590 4305 est,
623 4240 766 4309 quod
794 4240 919 4295 alibi
949 4241 1063 4307 jam
1093 4240 1297 4297 factum
1331 4242 1487 4309 dixit,
1524 4244 1611 4298 hic
1641 4258 1785 4299 nunc
1814 4243 2056 4300 futurum

481 4341 535 4385 et
569 4331 893 4401 sperandum
919 4331 1074 4397 dicit,
1107 4332 1196 4386 illa
1227 4341 1314 4387 est
1342 4347 1528 4399 causa,
1556 4337 1702 4405 quod
1740 4335 1937 4405 duplex
1973 4338 2056 4391 in-

484 4422 744 4492 telligitur
780 4425 1146 4479 resurrectio;
1179 4440 1284 4479 una
1318 4440 1421 4495 qua
1476 4438 1660 4481 mente
1692 4438 1748 4483 et
1780 4430 2058 4498 praposito

2155 3241 2297 3297 senti
2326 3246 2604 3308 operatur,
2636 3234 2745 3289 vita
2777 3244 2958 3288 autem
3014 3232 3071 3286 in
3123 3230 3328 3292 futuro,
3363 3238 3492 3281 tunc
3521 3226 3731 3282 scilicet

2161 3354 2179 3387 ι
2200 3348 2321 3389 cum
2359 3331 2609 3386 Christus
2631 3327 3010 3381 manifestatus
3039 3322 3223 3388 fuerit,
3253 3320 3344 3389 qui
3372 3329 3457 3375 est
3481 3320 3591 3373 vita
3628 3332 3728 3372 no-

2155 3435 2269 3481 stra
2328 3419 2650 3478 abscondita
2705 3417 2760 3472 in
2814 3416 2926 3471 Deo
2945 3416 2987 3469 ⁸.
3014 3434 3032 3467 ι
3069 3413 3224 3468 Nunc
3259 3431 3277 3465 ι
3305 3426 3456 3480 ergo,
3478 3429 3497 3463 ι
3527 3421 3583 3463 ιιι
3618 3410 3733 3479 ipse

2159 3515 2355 3572 Paulus
2382 3515 2562 3579 docet,
2599 3529 2618 3563 ι
2642 3524 2792 3565 mors
2843 3508 2897 3563 in
2933 3506 3091 3561 nobis
3117 3513 3378 3574 operatur
3400 3504 3445 3558 ³.
3476 3522 3495 3555 ι
3533 3501 3642 3556 Sed
3675 3509 3732 3555 et

2159 3610 2273 3680 ipsa
2308 3621 2453 3663 mors
2474 3620 2596 3676 qua:
2623 3610 2887 3672 operatur
2917 3600 2969 3655 in
3005 3599 3182 3664 nobis,
3217 3597 3431 3651 videtur
3461 3595 3592 3649 mihi
3635 3593 3733 3646 ali-

2158 3715 2292 3772 quas
2337 3699 2540 3754 habere
2585 3693 2941 3751 diﬂ'erentias.
2999 3689 3172 3745 Sicnt-
3202 3688 3348 3743 enim
3404 3688 3457 3742 in
3510 3687 3734 3741 Cbrism

2157 3793 2305 3849 aliud
2348 3790 2447 3846 fuit
2479 3799 2693 3858 tempus
2723 3785 2939 3851 mortis,
2976 3783 3046 3839 de
3079 3798 3186 3853 qua
3212 3781 3456 3836 dicitur:
3491 3797 3510 3830 ι
3539 3778 3606 3832 Et
3635 3795 3735 3833 ex-

2156 3888 2395 3943 clamans
2423 3895 2555 3938 voce
2582 3893 2779 3949 magna
2810 3874 3166 3947 exspiravit‘,
3198 3892 3219 3927 »
3256 3883 3313 3928 et
3340 3872 3485 3927 aliud
3504 3881 3589 3927 est
3610 3886 3733 3926 cum

2159 3982 2212 4037 in
2244 3977 2498 4048 sepulcro
2526 3973 2737 4045 positus
2765 3971 2954 4027 clauso
2987 3969 3131 4024 ostio
3166 3966 3403 4037 jacuit',
3436 3963 3578 4019 aliud
3603 3978 3734 4018 vero

2158 4085 2280 4126 cum
2333 4066 2635 4138 requisitos
2684 4063 2737 4117 in
2785 4068 3138 4115 monumento
3185 4073 3290 4112 non
3334 4065 3421 4112 est
3455 4056 3732 4119 inventus,

2159 4162 2283 4233 quia
2305 4161 2418 4230 jam
2446 4163 2843 4220 resurrexerat,
2876 4152 3032 4221 cujus
3064 4147 3482 4205 resurrectionis
3519 4147 3733 4201 initium

2159 4252 2373 4309 visibile
2399 4248 2531 4305 nulli
2560 4247 2844 4303 hominum
2876 4243 3011 4308 fuit;
3050 4243 3121 4296 ita
3151 4242 3314 4296 etiam
3356 4240 3409 4293 in
3451 4238 3607 4293 nobis
3640 4236 3734 4307 qui

2158 4347 2432 4401 credimus
2457 4343 2505 4396 ei
2534 4341 2671 4412 (2i),
2711 4337 2905 4408 triplex
2954 4337 3056 4390 ista
3099 4334 3238 4389 ratio
3263 4332 3456 4387 mortis
3488 4330 3735 4385 habenda

2160 4448 2263 4495 est.
2294 4437 2360 4493 Et
2386 4438 2563 4507 primo
2590 4432 2809 4503 quidem
2842 4427 3184 4484 confessione
3230 4426 3378 4480 vocis
3404 4423 3736 4479 ostendenda

484 4531 548 4570 ac
581 4514 689 4573 tida
729 4530 851 4570 cum
883 4515 1103 4571 Christo
1146 4531 1177 4571 a
1227 4518 1457 4573 terrenis
1489 4520 1823 4589 resurgimus
1858 4529 1916 4574 ut
1942 4536 2051 4578 caa-

2167 4532 2220 4586 in
2248 4530 2407 4585 nobis
2433 4537 2517 4582 cst
2545 4540 2692 4581 mors
2714 4521 2939 4587 Christi,
2969 4535 3092 4574 cum
3128 4537 3146 4570 ι
3168 4518 3333 4572 corde
3371 4516 3588 4586 quidem
3616 4531 3738 4572 cre-

484 4610 637 4666 lestia
686 4613 987 4682 cogitemus
1026 4621 1082 4667 et
1127 4611 1308 4666 futura
1354 4615 1732 4684 requiramus;
1784 4616 1889 4671 alia
1937 4632 2058 4686 quae

484 4703 753 4773 generalis
800 4704 1045 4759 omnium
1085 4704 1191 4759 erit
1231 4704 1286 4759 in
1319 4719 1485 4761 carne
1532 4708 1882 4765 resurrectio.
1916 4709 2057 4780 Ergo

486 4810 606 4865 qua:
643 4797 941 4851 secundum
991 4804 1225 4851 mentem
1278 4804 1362 4851 est
1414 4812 1482 4851 ex
1539 4796 1644 4852 fide
1702 4803 2056 4867 resurrectio,

485 4888 591 4957 jam
618 4886 731 4959 (l7)
768 4886 820 4942 in
854 4888 939 4944 his
967 4888 1057 4958 qui
1097 4905 1115 4939 ι
1140 4902 1202 4942 ea
1230 4901 1351 4956 qum
1379 4902 1593 4941 sursum
1619 4898 1742 4944 sunt
1770 4909 1788 4942 ι
1820 4891 2055 4961 sapiunt,

489 4998 509 5034 ι
537 4980 629 5034 ubi
659 4980 911 5035 Christus
962 4989 1044 5035 est
1086 4980 1138 5034 in
1173 4980 1394 5034 dextera
1444 4979 1534 5033 Dei
1561 4981 1625 5047 9’,
1661 5000 1678 5033 ι
1709 4983 1926 5038 videtur
1964 4987 2059 5040 im-

590 5074 637 5107 ”
660 5072 1089 5159 Ihreuuntgﬁﬁ,
1119 5075 1208 5129 '56.
1263 5074 1355 5159 n"
1382 5073 1622 5159 ϐας-πλη,
1664 5077 1715 5130 1.

487 5159 642 5210 sunt,
672 5144 765 5198 95.
871 5143 919 5179 ³⁸
947 5145 1143 5213 Ephes.
1174 5160 1233 5210 ιι,
1260 5144 1313 5201 6.

487 5217 503 5249 ί
532 5216 664 5270 ibid.
711 5213 764 5269 8.
861 5217 881 5247 ²
906 5216 1113 5271 Coluss.
1143 5230 1222 5278 ιιι,
1240 5214 1296 5279 3,
1324 5215 1380 5272 ὁ.

485 5279 503 5310 '
525 5287 735 5340 Coloss.
766 5300 848 5350 ιιι,
885 5285 939 5343 5.
1014 5286 1035 5317 ⁸
1070 5285 1109 5339 ll
1142 5287 1266 5341 Cor.
1297 5302 1371 5351 iV,
1410 5285 1489 5340 lO.

564 5379 679 5449 (13)
706 5380 871 5446 Editi,
917 5401 936 5434 ι
963 5382 1154 5451 juncti,
1187 5402 1205 5436 ι
1239 5382 1402 5437 male.

560 5452 868 5522 {15)Alias,
896 5468 1205 5521 perperam,
1241 5472 1259 5504 ι
1292 5467 1389 5521 pro
1418 5451 1507 5506 illo
1530 5452 1621 5522 qui
1647 5459 1808 5505 natus
1838 5452 2052 5506 fuerit.»

558 5523 672 5589 (15)
705 5521 835 5578 Mss.
865 5525 1058 5590 nostri,
1103 5541 1121 5574 ι
1144 5524 1236 5593 qui
1271 5521 1771 5579 metensomatosim
1800 5523 2051 5579 introdu-

486 5605 636 5653 cunt.
668 5612 685 5643 ι

560 5666 575 5736 (_
590 5665 673 5736 t9)
690 5664 853 5736 Alias,
884 5662 1052 5736 ςρυω
1078 5672 1257 5736 autem
1279 5677 1310 5718 e
1334 5660 1542 5736 duabus
1566 5663 2050 5736 expositionibus.»

559 5734 672 5797 (t7)
706 5732 855 5791 lam.
892 5735 1053 5789 Deest
1081 5734 1133 5786 in
1175 5743 1333 5787 antea
1357 5733 1544 5789 editis.

560 5802 672 5863 118)
707 5803 834 5863 Mss.
867 5805 1088 5862 aliuuot.
1127 5821 1145 5857 ι
1172 5804 1489 5865 completur.
1520 5825 1541 5860 ι

1422 5145 1468 5177 ⁸⁸
1498 5143 1656 5201 Rom.
1683 5163 1759 5211 vt,
1795 5149 1848 5202 5.

1490 5217 1510 5247 ³
1543 5215 1585 5269 ll
1612 5216 1736 5272 Cor.
1772 5234 1848 5285 tv,
1879 5220 1967 5277 12.

1822 5081 1864 5112 ’³
1892 5077 2068 5138 Levit.
2097 5099 2199 5147 ιιι,
2227 5080 2281 5137 8.

1949 5152 1991 5182 ⁸⁷
2024 5153 2231 5207 Coluss.
2264 5166 2347 5212 ιιι,
2380 5151 2430 5211 1,
2453 5147 2508 5201 2.
2597 5148 2604 5178 ¹

1954 5263 1967 5277 .
2060 5223 2082 5254 ⁸
2108 5223 2298 5277 Matth.
2331 5233 2502 5277 xxvtt.
2535 5216 2604 5272 50

2162 5237 2298 5277 attn.
2331 5237 2502 5286 xxvu,
2535 5237 2623 5272 ou.

2166 4622 2311 4679 ditur
2336 4619 2402 4675 ad
2426 4616 2715 4686 justitiam,
2741 4628 2835 4668 ore
2864 4620 3043 4667 autem
3074 4607 3346 4663 confessio
3397 4609 3452 4662 lit
3491 4606 3554 4662 ad
3588 4605 3735 4660 salu-

2167 4726 2272 4771 tem
2296 4714 2338 4769 '.
2363 4732 2384 4767 ι
2417 4709 2672 4767 Secundo
2701 4722 2857 4771 vero,
2901 4706 2955 4759 in
3005 4702 3429 4758 mortiﬁcatione
3466 4698 3739 4754 membro-

2166 4822 2284 4862 rum
2309 4818 2430 4874 quas
2456 4809 2585 4858 sunt
2612 4812 2776 4867 super
2805 4807 3005 4850 terram
3027 4795 3071 4860 ⁷,
3102 4809 3225 4848 cum
3265 4807 3480 4860 semper
3504 4789 3737 4844 mortiti-

2164 4896 2436 4953 cntionem
2468 4890 2669 4948 Christi
2702 4889 2756 4941 in
2800 4900 3028 4957 corpore
3079 4894 3271 4938 nostro
3316 4896 3460 4936 nunc
3485 4879 3598 4951 (ἓῖ)
3626 4879 3740 4934 cir-

2163 4982 2558 5044 cumferimus‘
2582 4999 2597 5049 ;
2624 4989 2679 5036 et
2709 4981 2812 5035 hoc
2833 4988 2919 5034 est
2944 4976 3086 5047 quod
3111 4976 3264 5040 dicit,
3299 4974 3426 5041 quia
3459 4990 3478 5025 ι
3505 4988 3651 5027 mors
3683 4972 3738 5026 in

2387 5079 2433 5111 θ’
2472 5075 2573 5131 Job
2621 5090 2733 5135 xw,
2766 5072 2822 5136 4,
2851 5071 2904 5126 5.
3008 5069 3055 5101 σε
3082 5068 3222 5123 Psal.
3256 5084 3307 5123 ι..
3344 5066 3401 5119 7.
3512 5064 3561 5097 οι
3591 5062 3736 5136 P_sa_l.

2597 5147 2644 5179 ⁸⁸
2673 5133 2927 5204 Βιιηιζνι,
2978 5139 3127 5196 8-10.
3195 5138 3241 5170 ³⁸
3296 5137 3452 5190 Rom.
3495 5150 3565 5195 vi,
3619 5133 3737 5204 5-5.

2722 5214 2745 5246 ⁸
2770 5203 3091 5279 Luc.xxm,
3115 5208 3206 5265 46.
3317 5207 3337 5238 ⁸
3368 5204 3526 5258 Korn.
3562 5220 3619 5270 ι,
3650 5203 3738 5260 10.

2240 5381 2354 5451 (19)
2391 5378 2734 5435 Convivemus
2766 5376 2834 5451 ei.
2872 5373 2966 5430 Sic
2985 5388 3131 5451 .mss.
3171 5371 3312 5451 Editi
3358 5385 3513 5451 vero,
3542 5367 3739 5422 rsimnl

2167 5442 2413 5507 vivemus
2434 5465 2558 5505 cum
2603 5464 2703 5516 eo;
2728 5466 2746 5499 ι
2780 5447 2876 5513 al.,
2912 5462 2931 5495 ι
2954 5443 3112 5500 simul
3146 5444 3312 5496 etiam
3351 5442 3592 5496 vivemus
3617 5453 3744 5493 cum

2167 5524 2407 5578 Christo.
2440 5541 2457 5574 ι

2203 5599 2218 5608 ’
2240 5592 2354 5662 (20)
2382 5591 2545 5653 Editi,
2571 5607 2591 5642 ι
2621 5588 2933 5662 dicentur.)

2262 5601 2354 5662 stt)
2382 5601 2545 5653 tsuiti,
2571 5607 2591 5642 ι
2621 5601 2892 5644 arcentur.
2914 5602 2933 5636 ι

2239 5601 2349 5735 2‘21)
2506 5662 2665 5735 Deest
2703 5660 2755 5714 in
2786 5656 2967 5735 editis.

2243 5726 2355 5807 (ἓξ)
2391 5732 2518 5788 Mss.
2551 5731 2736 5804 plures
2763 5726 3019 5785 omittunt
3058 5740 3076 5776 ι
3098 5736 3305 5779 ιιιιιιο.»
