4146 6442
388 388 531 447 18411

1347 385 1707 446 COMMENT.
1750 387 1814 441 IN
1850 384 2069 443 EPIST.
2109 386 2201 441 AD
2234 386 2404 443 ROM.
2442 386 2570 443 LIB.
2613 386 2676 442 V.

3526 389 3669 446 1050

389 506 547 561 nobis
586 516 850 576 operatur
874 508 922 562 ’.
951 525 971 560 ι
1016 505 1206 563 Tertio
1235 523 1388 574 vero,
1415 524 1537 563 cum
1574 509 1688 579 jam
1718 507 1962 578 resurgi-
1995 511 2036 567 Α
2069 522 2228 575 quem
2276 509 2370 577 qui
2415 523 2538 563 eum
2583 506 2761 577 possit
2799 506 2852 559 in
2893 519 3083 560 amore
3123 503 3325 560 Christi
3359 521 3659 576 superare:

389 615 512 653 mus
545 612 572 653 a
607 599 861 665 mortuis,
891 609 948 655 et
986 600 1039 654 in
1078 601 1320 655 novitate
1368 602 1494 656 vitze
1545 601 1884 656 ambulamus
1910 600 1976 652 ¹⁰.

393 689 457 742 Et
501 696 559 743 ut
593 689 813 744 brevius
859 705 924 745 ac
973 689 1207 746 lucidius
1251 691 1609 760 explicemus,
1648 692 1823 759 prima
1863 690 1981 745 dies

392 783 587 835 mortis
643 790 728 836 est
792 783 1144 838 renuntiasse
1197 784 1431 850 saeculo;
1469 786 1733 850 secunda,
1773 800 1981 839 renun-

394 872 560 928 tiasse
590 874 756 928 etiam
785 874 935 931 vitiis
965 875 1150 930 carnis
1172 894 1187 943 ;
1212 875 1495 945 plenitudo
1537 891 1666 931 vero
1695 875 1983 947 perfectio-

393 966 477 1020 nis
526 968 578 1021 in
617 968 820 1024 lumine
877 967 1182 1037 sapientiae,
1240 969 1401 1023 tertia
1435 969 1855 1024 resurrectionis
1898 978 1981 1024 est

393 1058 532 1113 dies.
578 1060 724 1127 Quas
761 1069 941 1114 tamen
986 1061 1040 1115 in
1087 1075 1416 1130 unoquoque
1448 1062 1792 1117 credentium
1830 1060 1981 1116 difl'e-

397 1152 620 1218 rcntias,
651 1162 706 1205 et
744 1151 1085 1222 profectuum
1115 1154 1318 1223 gradus
1343 1152 1493 1208 solus
1516 1153 1604 1208 ille
1633 1162 1813 1222 potest
1837 1154 1979 1209 scire

393 1254 449 1298 ct
488 1245 823 1308 discernere,
862 1245 949 1299 cui
992 1245 1093 1299 soli
1138 1253 1328 1315 patent
1378 1244 1562 1300 cordis
1593 1245 1830 1300 occulta.
1869 1246 1975 1301 Ve-

398 1352 516 1389 rum
554 1345 607 1389 tu
637 1337 762 1391 vide
798 1335 951 1391 Pauli
985 1336 1040 1391 in
1093 1337 1388 1392 scribendo
1416 1336 1761 1406 sapientiam,
1792 1338 1884 1405 qui
1909 1339 1975 1391 ad

395 1429 744 1484 'l‘imotheum
793 1428 1042 1484 scribens
1070 1425 1245 1494 dixit,
1278 1430 1405 1500 quia
1445 1431 1526 1483 «si
1566 1431 1976 1494 commnrimur,

394 1528 449 1575 ct
478 1521 837 1576 convivemus
857 1521 933 1589 “;
961 1541 979 1574 ι
1012 1520 1214 1591 quique
1240 1523 1728 1576 commorientibus
1760 1522 1980 1577 Christo

395 1613 548 1681 quasi
599 1627 942 1682 consequens
982 1623 1037 1667 et
1071 1606 1443 1668 necessarium
1494 1629 1618 1667 cum
1646 1615 1829 1684 juuxit
1864 1613 1978 1687 (25)

393 1702 536 1771 quod
560 1704 857 1760 convivant
878 1706 950 1770 ei,
978 1705 1068 1760 hic
1088 1706 1313 1771 addidit,
1341 1708 1702 1771 «credimus,»
1726 1717 1782 1760 ut
1800 1717 1980 1762 osten-

393 1798 544 1851 deret
577 1796 704 1866 quia
733 1799 982 1867 quamvis
1034 1813 1384 1869 consequens
1416 1810 1469 1854 et
1505 1801 1875 1855 necessarium
1909 1801 1977 1855 sit

392 1892 773 1947 commorieuti
823 1892 1136 1959 convivere,
1176 1892 1282 1949 ﬁde
1332 1905 1515 1949 tamen
1568 1895 1672 1949 hoc
1716 1893 1892 1948 media
1924 1904 1978 1949 et

394 1984 727 2039 credulitate
769 1986 1074 2056 perficitur,
1116 1989 1288 2054 certi,
1344 1988 1542 2058 inquit,
1577 1999 1632 2041 et
1688 2005 1708 2039 ι
1735 1988 1979 2042 scientes

393 2077 521 2143 quia
558 2076 809 2134 Christus
848 2094 1081 2150 surgens
1119 2097 1148 2135 a
1195 2082 1430 2136 mortuis
1483 2079 1596 2149 jam
1647 2095 1755 2135 non
1807 2080 1977 2134 mori-

400 2176 491 2221 tur
520 2169 624 2224 ³³.»
656 2168 713 2223 Si
749 2170 895 2224 enim
950 2171 1147 2226 iterum
1206 2181 1538 2237 moreretur,
1586 2172 1730 2225 sicut
1784 2185 1979 2226 conse-

393 2274 566 2326 quens
593 2268 649 2314 et
675 2264 1042 2317 necessarium
1069 2264 1412 2320 ostendimus
1447 2264 1592 2335 quod
1625 2264 1678 2318 hi
1711 2263 1801 2333 qui
1829 2277 1979 2317 eom-

394 2353 702 2407 moriuntur
728 2354 893 2407 etiam
931 2355 1225 2411 convivent
1253 2357 1327 2421 ei,
1374 2357 1456 2412 ita
1485 2357 1607 2413 sine
1649 2357 1814 2411 dubio
1844 2371 1978 2411 con-

393 2457 633 2510 sequens
670 2444 957 2499 videbatur
994 2445 1134 2517 (24),
1169 2454 1230 2501 ut
1273 2447 1319 2501 si
1355 2456 1479 2518 post
1517 2447 1976 2503 resurrectionem

393 2546 449 2590 et
479 2537 648 2590 vitam
690 2538 890 2591 iterum
914 2547 1244 2605 moreretur,
1281 2537 1450 2593 etiam
1479 2538 1535 2593 hi
1564 2539 1655 2608 qui
1691 2539 1979 2595 convivent

393 2629 465 2689 ei,
496 2627 695 2682 iterum
747 2630 1001 2684 morienti
1032 2640 1533 2687 commorerentur.
1573 2632 1783 2687 Idcirco
1814 2633 1981 2704 igitur

393 2719 640 2775 absoluta
692 2722 967 2775 sententia
1006 2721 1198 2777 definit
1231 2722 1532 2793 Apostolus
1559 2725 1705 2794 quod
1732 2725 1981 2781 Christus

392 2811 502 2883 jam
527 2826 632 2867 non
659 2813 892 2867 moritur
927 2812 1065 2884 (25),
1093 2822 1151 2868 ιιι
1183 2824 1238 2869 et
1271 2815 1326 2869 hi
1356 2816 1449 2884 qui
1484 2816 1781 2871 convivent
1806 2818 1876 2881 ei,
1913 2816 1980 2872 de

397 2904 703 2960 mternitate
748 2905 872 2959 vita:
910 2905 1087 2961 securi
1120 2904 1254 2960 sint.
1286 2905 1418 2960 Post
1456 2906 1570 2961 haec
1599 2916 1782 2962 autem
1820 2910 1981 2976 (utet

394 3010 496 3067 ego
520 2996 693 3066 ipsius
715 2997 961 3067 Apostoli
998 2996 1180 3052 verbis
1217 3008 1358 3064 utar,
1391 2999 1589 3068 quihus
1614 2998 1729 3053 ait:
1765 3017 1783 3051 ι
1811 3000 1979 3054 Isaias

394 3096 575 3142 autem
604 3087 766 3141 audet
788 3087 1109 3159 etdicit"),
1136 3106 1155 3140 ι
1185 3097 1240 3142 et
1256 3104 1356 3160 ego
1374 3089 1530 3144 dico:
1566 3087 1765 3144 Paulus
1796 3101 1978 3145 autem

2087 600 2230 654 unde
2277 614 2380 656 nec
2413 601 2691 669 putandus
2720 606 2807 654 est
2842 598 3050 667 aliquid
3094 598 3163 652 de
3191 611 3257 650 eo
3283 607 3471 652 contra
3497 614 3666 667 quam

2088 692 2206 760 ipso
2233 692 2456 761 dignum
2484 700 2569 746 est
2592 691 2910 761 prolocutus
2930 704 3049 745 esse
3069 689 3283 761 (3|).Et
3305 691 3429 746 ideo
3451 690 3669 761 indage-

2083 801 2205 840 mus
2247 784 2500 840 subtilius
2531 800 2628 854 per
2658 785 2891 854 gratiam
2942 785 3118 839 sancti
3171 785 3409 853 Spiritus
3435 785 3663 838 verbum

2081 878 2368 949 sapientiae
2409 893 2518 947 quo
2552 892 2775 934 sensum
2822 877 2972 932 Pauli
3018 879 3292 947 possimus
3339 877 3657 942 advertere,

2078 971 2189 1027 imo
2213 985 2429 1026 sensum
2452 969 2657 1025 Christi
2675 971 2770 1041 qui
2797 970 2847 1024 in
2863 984 2928 1025 eo
2949 980 3051 1035 est,
3068 969 3365 1025 secundum
3385 970 3528 1040 quod
3547 968 3665 1035 ipse

2079 1064 2363 1134 profitetur
2380 1064 2424 1095 ¹⁶
2450 1082 2463 1118 :
2492 1081 2511 1115 ι
2538 1062 2648 1117 Nos
2665 1071 2846 1117 autem
2870 1077 3088 1117 sensum
3112 1060 3312 1116 Christi
3341 1060 3657 1116 habemus.»

2080 1156 2240 1228 567
2267 1155 2451 1211 Potest
2474 1170 2606 1227 ergo
2634 1155 2749 1231 (52)
2773 1154 2895 1226 quis
2921 1152 3363 1223 compendiosius
3389 1153 3442 1207 in
3466 1153 3552 1207 his
3580 1151 3662 1206 di-

2078 1264 2207 1305 cere
2233 1249 2361 1320 quia
2391 1249 2481 1304 hic
2500 1262 2761 1315 mortem,
2787 1263 3131 1304 communem
3160 1248 3303 1301 hanc
3324 1246 3531 1301 dicitet
3551 1259 3666 1299 me-

2078 1342 2224 1396 diam
2252 1357 2357 1412 qua
2388 1361 2406 1395 ι
2441 1353 2691 1398 mortuus
2717 1353 2820 1408 est,
2845 1362 2863 1394 ι
2899 1343 3042 1398 sicut
3074 1343 3215 1397 idem
3254 1340 3550 1408 Apostolus
3577 1339 3664 1393 di-

2080 1435 2177 1500 cit,
2208 1453 2226 1486 ι
2254 1435 2552 1490 secundum
2606 1435 2922 1506 Scripturas
2947 1436 3011 1501 ¹⁷,
3035 1454 3055 1487 ι
3106 1443 3164 1490 et
3201 1433 3335 1489 nihil
3366 1430 3664 1486 absurdum

2081 1526 2276 1594 videri,
2303 1527 2346 1581 si
2384 1527 2430 1582 is
2451 1528 2543 1596 qui
2578 1527 2810 1582 formam
2846 1529 2990 1583 servi
3041 1534 3377 1595 susceperat,
3414 1523 3664 1579 domina-

2084 1632 2195 1674 tum
2246 1620 2533 1690 pertulerit
2581 1620 2795 1682 mortis,
2824 1635 2944 1690 quae
2978 1619 3095 1674 sine
3145 1618 3308 1674 dubio
3352 1616 3669 1673 dominatur

2079 1711 2331 1769 omnibus
2358 1712 2448 1782 qui
2479 1712 2530 1766 in
2558 1726 2728 1768 carne
2774 1712 2935 1782 positi
2978 1713 3080 1767 sub
3113 1711 3297 1767 servili
3326 1710 3504 1765 forma
3530 1722 3663 1764 cen-

2081 1813 2290 1860 sentur.
2323 1805 2430 1858 Sed
2470 1813 2525 1858 et
2558 1803 2693 1859 illud
2727 1804 3022 1860 assertioui
3080 1803 3207 1858 huic
3251 1802 3488 1873 adjacet,
3520 1799 3666 1868 quod

2080 1907 2365 1966 propterea
2413 1894 2592 1951 forma
2623 1895 2739 1951 haec
2771 1895 2942 1962 servi,
2970 1894 3024 1948 id
3060 1901 3144 1948 est
3192 1895 3309 1962 ipsa
3353 1891 3466 1963 (55)
3495 1891 3663 1945 etiam

2081 2000 2266 2043 nostra
2290 2003 2445 2053 caro,
2476 1987 2779 2042 seminatur
2810 1987 2863 2041 in
2892 1985 3267 2055 corruptione,
3298 1992 3354 2038 ut
3379 1990 3569 2053 surgat
3606 1981 3662 2035 in

2082 2081 2505 2149 incorruptione,
2555 2089 2611 2135 et
2640 2080 2945 2135 seminatur
2989 2079 3043 2134 in
3080 2078 3416 2140 infirmitate,
3450 2086 3510 2130 ut
3539 2090 3664 2130 sur-

2081 2184 2174 2245 gat
2208 2175 2261 2229 in
2293 2174 2516 2242 virtute,
2551 2183 2606 2228 et
2644 2174 2953 2230 seminatur
2986 2173 3039 2228 in
3069 2170 3424 2233 contumelia,
3455 2179 3513 2223 ut
3542 2182 3660 2222 sur-

2081 2273 2174 2334 gat
2204 2266 2259 2318 in
2291 2264 2485 2335 gloria,
2516 2272 2572 2318 et
2611 2262 2921 2320 seminatur
2964 2275 3166 2330 corpus
3200 2255 3452 2324 animale,
3483 2264 3540 2309 ut
3571 2267 3661 2308 re-

2082 2365 2269 2426 surgat
2301 2371 2501 2425 eorpus
2547 2354 2796 2426 spiritale
2826 2353 2892 2421 ‘3,
2924 2353 3046 2408 siue
3081 2351 3246 2406 dubio
3277 2358 3339 2404 ut
3384 2362 3532 2403 mors
3559 2344 3666 2417 ipsi

2082 2449 2226 2505 ultra
2262 2464 2369 2504 non
2398 2448 2732 2513 dominetur,
2770 2461 2895 2516 qua:
2926 2445 3203 2501 dominata
3239 2452 3323 2498 est
3345 2442 3393 2498 ei
3424 2444 3549 2496 dum
3579 2454 3666 2495 es-

2081 2551 2161 2595 set
2195 2540 2248 2594 in
2276 2538 2619 2603 iutirmitate,
2652 2546 2705 2594 et
2731 2535 3084 2602 contumelia,
3110 2545 3166 2590 et
3193 2533 3564 2603 corruptione.
3586 2529 3667 2584 De

2084 2633 2174 2687 tali
2198 2631 2343 2687 enim
2379 2645 2546 2686 carne
2567 2645 2689 2700 qua:
2712 2630 2891 2685 adhuc
2924 2630 2976 2684 in
3011 2628 3097 2684 his
3127 2636 3211 2683 est
3241 2628 3554 2696 passionum
3586 2621 3670 2677 vi-

2084 2726 2193 2789 tiis,
2221 2724 2335 2794 ipse
2368 2722 2571 2779 Paulus
2625 2722 2761 2778 dicit
2789 2740 2802 2777 :
2843 2741 2860 2775 ι
2894 2722 3030 2790 Quia
3057 2736 3186 2777 caro
3216 2729 3270 2775 et
3316 2717 3539 2787 sanguis
3573 2729 3666 2770 re-

2082 2833 2246 2888 gnum
2276 2817 2369 2871 Dei
2410 2816 2691 2886 possidere
2729 2831 2834 2870 non
2872 2825 3124 2884 possunt,
3157 2827 3333 2882 neque
3384 2806 3665 2877 corruptio

2084 2911 2548 2980 incorruptionem
2573 2908 2878 2980 possidebit
2901 2909 2965 2964 ³⁸.
2988 2927 3007 2960 ι
3048 2907 3155 2963 Sed
3189 2915 3245 2962 et
3286 2904 3430 2973 quod
3463 2901 3589 2957 alibi
3615 2900 3664 2934 ”

2084 3005 2224 3058 idem
2264 3004 2556 3073 Apostolus
2600 3016 2796 3073 corpus
2829 3020 2848 3054 ι
2876 3000 3065 3056 mortis
3090 3018 3109 3053 ι
3145 2997 3467 3061 nominavit,
3495 2995 3541 3050 is
3572 2993 3663 3064 qui

2082 3096 2199 3151 haec.
2227 3097 2449 3160 asserit,
2484 3095 2644 3164 hujus
2673 3093 2866 3148 medias
2913 3092 3105 3147 mortis
3139 3088 3552 3159 intelligendum
3581 3085 3669 3140 di-

396 3180 561 3234 audet
591 3188 647 3233 et
672 3179 808 3234 dicit
834 3195 849 3233 :
880 3197 900 3231 ι
922 3179 1070 3235 Mors
1108 3180 1156 3235 ei
1190 3179 1332 3234 ultra
1358 3196 1464 3236 non
1485 3180 1966 3237 dominabitur‘m
2004 3221 2047 3279 c
2080 3189 2178 3252 cit,
2202 3202 2323 3258 qum
2354 3186 2724 3253 hujuscemodi
2752 3184 2973 3254 corpori
3000 3183 3315 3238 dominatur
3338 3181 3512 3234 donec
3540 3176 3665 3232 ani-

396 3270 637 3327 lloccine
679 3285 846 3326 ausus
881 3286 941 3327 es
965 3270 1105 3342 (26),
1138 3285 1169 3326 ο
1199 3270 1393 3337 Paule,
1420 3270 1605 3326 dicere
1631 3270 1699 3325 de
1728 3270 1977 3336 Christo,

397 3382 418 3416 ι
441 3364 588 3420 Mors
624 3363 676 3419 ei
704 3363 843 3418 ultra
877 3378 981 3417 non
1017 3362 1415 3428 dominabitur,
1441 3380 1461 3415 ι
1496 3363 1650 3433 quasi
1686 3363 1979 3433 aliquando

394 3457 675 3513 dominata
708 3456 817 3512 sit?
843 3455 1014 3525 Cujus
1043 3471 1149 3510 vox
1176 3455 1461 3525 Evangelii
1488 3456 1665 3510 fertur
1694 3472 1792 3526 per
1817 3472 1980 3515 omne

394 3564 595 3620 corpus
613 3549 874 3604 Ecclesiae
900 3547 1024 3604 luce
1056 3547 1257 3603 clarior
1290 3545 1425 3619 (27),
1466 3563 1572 3618 qua
1608 3548 1741 3603 dicit
1770 3566 1783 3603 :
1815 3567 1835 3600 ι
1883 3549 1982 3606 Ne-

397 3659 488 3698 mo
529 3644 671 3699 tollit
713 3658 742 3697 a
789 3656 875 3698 me
909 3645 1147 3698 animam
1190 3657 1367 3699 meam
1392 3643 1530 3714 (9.8),
1565 3641 1662 3698 sed
1708 3657 1810 3713 ego
1839 3658 1981 3713 pono

396 3751 540 3800 eam,
568 3745 624 3789 et
657 3742 986 3804 potestatem
1018 3734 1197 3790 habeo
1217 3735 1454 3803 ponendi
1476 3749 1621 3800 eam,
1654 3743 1711 3789 et
1741 3744 1981 3804 potesta-

398 3837 506 3881 tem
561 3828 735 3882 habeo
790 3826 989 3881 iterum
1042 3827 1297 3882 sumendi
1358 3827 1610 3882 eam”.r
1672 3826 1808 3883 Huic
1851 3842 1982 3899 ergo

399 3927 631 3975 mortem
671 3918 808 3973 dicis
846 3933 970 3974 esse
1011 3918 1385 3983 dominatam,
1436 3919 1527 3990 qui
1575 3919 1814 3972 animam
1872 3932 1980 3972 non

397 4013 573 4068 solum
594 4010 873 4066 voluntate
894 4011 1094 4081 posuit,
1118 4010 1276 4066 sedet
1294 4017 1563 4081 potestate
1586 4011 1825 4081 suscepit
1845 4009 1986 4083 (29)?

395 4106 488 4177 qui
512 4105 661 4161 solus
687 4104 814 4158 fuitt
843 4104 986 4157 inter
1020 4112 1262 4157 mortuos
1284 4103 1426 4160 liber
1451 4104 1542 4171 η’,
1572 4123 1592 4156 ι
1618 4113 1672 4159 et
1701 4118 1863 4172 quem
1890 4119 1982 4160 so-

400 4199 508 4252 hnu
541 4214 688 4253 mors
719 4207 905 4252 tenere
930 4211 1036 4252 non
1068 4197 1283 4264 potuit?
1310 4195 1454 4259 Haec,
1485 4208 1545 4251 ut
1570 4198 1788 4266 opinor,
1819 4207 1872 4253 et
1895 4196 1984 4252 his

399 4293 601 4350 similia
639 4290 933 4346 movebunt
973 4290 1234 4345 adversus
1266 4288 1490 4344 Paulum
1527 4289 1581 4343 hi
1615 4288 1707 4358 qui
1737 4288 1852 4359 (50)
1885 4300 1973 4344 te-

402 4404 536 4443 nero
580 4401 708 4457 erga
745 4383 929 4441 Jesum
979 4393 1235 4438 tenentur
1273 4380 1491 4444 aﬂ'ectu.
1546 4388 1604 4436 et
1652 4381 1789 4436 nihil
1818 4383 1889 4439 de
1917 4398 1985 4439 eo

403 4480 625 4542 humile,
653 4478 788 4534 nihil
817 4478 1096 4547 indignum
1125 4474 1410 4544 patiuntur
1433 4473 1643 4529 audire.
1665 4473 1772 4529 Sed
1803 4482 1858 4528 et
1880 4489 1985 4531 nos

2080 3282 2222 3338 male
2256 3290 2340 3337 est
2377 3290 2434 3336 et
2485 3277 2867 3348 corruptibile,
2905 3283 2962 3331 et
3001 3274 3229 3330 necdum
3268 3286 3364 3343 per
3416 3283 3671 3326 resurre-

2080 3373 2279 3431 ctionis
2326 3373 2552 3443 gloriam
2581 3377 2995 3435 commutatum,
3031 3376 3194 3435 atque
3223 3379 3287 3417 ex
3329 3360 3669 3431 corruptibili

2082 3464 2499 3532 incorruptibile
2548 3462 2826 3527 effectum,
2860 3471 2919 3517 et
2962 3474 3030 3515 ex
3064 3456 3287 3527 ignobili
3338 3454 3661 3526 gloriosum.

2081 3557 2216 3613 Illud
2246 3566 2425 3611 autem
2458 3555 2601 3625 quod
2631 3554 2757 3609 huic
2788 3551 3085 3609 assertioui
3120 3549 3235 3621 (54)
3263 3549 3420 3603 valde
3443 3556 3666 3602 contra-

2083 3654 2224 3706 rium
2266 3660 2348 3705 est
2378 3649 2451 3721 (id
2479 3659 2596 3709 est,
2618 3649 2762 3716 quod
2794 3644 2996 3700 mortui
3044 3657 3232 3698 sumus
3267 3657 3390 3696 cum
3418 3640 3665 3707 Christo,

2081 3754 2137 3798 et
2173 3741 2474 3810 consepulti
2508 3755 2698 3796 sumus
2726 3740 2809 3806 ei;
2843 3739 2987 3807 quod
3012 3737 3199 3805 utique
3224 3733 3373 3789 nullo
3406 3734 3567 3788 modo
3593 3731 3663 3785 de

2083 3838 2355 3893 communi
2396 3836 2502 3890 hac
2524 3845 2700 3890 morte
2728 3842 2908 3903 potest
2936 3828 3214 3899 intelligi),
3243 3830 3346 3883 hoc
3380 3826 3541 3882 modo
3565 3841 3667 3880 ex-

2082 3928 2307 3999 planare
2360 3927 2651 3983 conabitur
2683 3924 2819 3995 (55),
2858 3932 2919 3978 ιιι
2959 3922 3102 3977 sicut
3157 3923 3213 3976 in
3264 3919 3666 3990 superioribus,

2085 4037 2206 4077 cum
2234 4021 2301 4075 de
2326 4020 2645 4075 diversitate
2667 4017 2843 4088 legum
2871 4029 3299 4085 exponeremus,
3325 4008 3668 4066 ostendimus

2084 4113 2403 4184 Apostolum
2438 4111 2491 4165 in
2524 4123 2631 4164 uno
2665 4109 2967 4176 eodemque
2997 4106 3118 4161 loco
3169 4105 3338 4173 legem
3378 4114 3523 4155 nunc
3567 4117 3669 4156 na-

2089 4205 2343 4268 tttralem,
2377 4218 2523 4258 nunc
2558 4200 2750 4272 Moysi,
2788 4214 2932 4254 nunc
2981 4198 3146 4253 etiam
3178 4195 3386 4266 peccati
3420 4192 3667 4247 nomina-

2087 4312 2166 4363 re,
2197 4307 2253 4351 et
2283 4295 2385 4351 hoc
2415 4296 2469 4347 in
2503 4309 2604 4347 usu
2641 4306 2762 4348 esse
2808 4290 3109 4360 Scriptura:
3157 4287 3354 4341 divinat
3401 4282 3567 4340 etiam
3599 4297 3667 4336 ex

2089 4389 2209 4444 aliis
2243 4387 2374 4441 locis
2408 4384 2671 4440 adhibitis
2701 4383 2986 4438 docuimus
3020 4379 3371 4443 testimoniis,
3402 4377 3474 4430 ita
3521 4383 3576 4428 et
3614 4375 3668 4427 iu

2086 4480 2340 4552 praesenti
2382 4493 2526 4534 nunc
2577 4488 2806 4533 mortem
2854 4488 3224 4538 communem,
3256 4484 3405 4525 nunc
3437 4466 3669 4537 peccati,

400 4588 525 4625 cum
569 4571 889 4641 respicimus
918 4571 985 4624 ad
1019 4567 1268 4631 Paulum.
1305 4582 1413 4622 non
1446 4575 1700 4635 Dltlamlls
1726 4580 1845 4621 esse
1876 4567 1981 4621 ali-
2015 4566 2058 4621 D
2090 4588 2232 4628 nunc
2260 4572 2424 4626 etiam
2458 4570 2634 4641 ipsum
2660 4578 2939 4624 auctorem
2967 4567 3182 4633 mortis,
3217 4564 3310 4634 qui
3340 4570 3394 4618 et
3434 4558 3669 4615 novissi-

468 4665 490 4697 ⁸
519 4663 557 4716 ll
586 4665 796 4727 Cor.tv,
836 4663 923 4718 12.

402 4735 446 4773 ιε
474 4734 628 4788 Joan.
669 4749 727 4797 x,
768 4734 854 4787 18.

402 4805 447 4842 ³³
480 4805 637 4859 Rom.
669 4819 765 4869 vn,
792 4804 883 4859 24.

473 4894 591 4966 (25)
621 4894 783 4959 Editi,
821 4912 840 4945 ι
861 4903 918 4966 et
948 4891 1324 4966 necessarium
1364 4892 1458 4957 sit,
1496 4889 1802 4959 conjunxit,
1828 4908 1846 4943 ι
1880 4901 1988 4948 etc.

473 4963 588 5037 (24)
619 4966 785 5037 Editi,
824 4981 843 5015 ι
867 4963 1155 5037 videbitur.
1185 4981 1204 5014 ι

471 5032 588 5102 (25)
628 5036 799 5098 Alias,
832 5053 852 5086 ι
879 5034 1172 5098 morietur;
1197 5052 1215 5085 ι
1255 5032 1354 5096 al.,
1393 5051 1412 5084 ι
1436 5040 1757 5087 moreretur.
1786 5051 1804 5085 ι

475 5102 592 5181 (26)
622 5105 1030 5181 Sie_Rabanus.
1060 5103 1231 5181 _Ed_i_t_i
1283 5117 1435 5181 vero,
1466 5121 1488 5181 ς
1514 5102 1611 5156 llic
1642 5102 1693 5155 in
1720 5118 1785 5156 eo
1817 5117 1985 5158 ausus

404 5172 535 5244 es,s
569 5172 688 5230 'ete.
727 5175 857 5230 Mss.
902 5174 1076 5229 nostri
1124 5172 1242 5238 alii,
1283 5172 1519 5244 cllocin
1543 5187 1609 5225 eo
1633 5188 1800 5228 ausus
1827 5187 1927 5240 es;
1955 5193 1974 5226 ι

402 5241 498 5309 aL,
533 5266 551 5300 ι
573 5246 688 5301 Hoc
712 5247 849 5301 adeo
878 5259 1044 5300 ausus
1073 5257 1170 5308 es;
1204 5261 1224 5294 ι
1258 5241 1355 5304 a|.,
1400 5262 1419 5295 ι
1451 5242 1565 5297 Hoc
1592 5257 1754 5296 ausus
1778 5258 1856 5298 es.
1889 5263 1908 5295 ι

475 5319 594 5392 (27)
629 5316 722 5373 Sic
751 5326 898 5371 recte
914 5330 1036 5392 lus.
1078 5327 1219 5367 unus
1237 5312 1450 5392 Regius
1482 5327 1633 5367 num.
1670 5312 1980 5392 l_§39..Cae-

404 5382 507 5446 teri
537 5382 668 5443 vero
704 5401 863 5451 mss.,
914 5385 1193 5442 Rahanus.
1237 5383 1558 5437 Salodianus
1590 5392 1645 5437 et
1690 5382 1978 5450 Merlinus,

411 5460 611 5528 «cujus
661 5472 764 5511 vox
810 5472 907 5528 per
958 5453 1308 5528 Evangeliqu
1348 5453 1523 5528 fertur
1570 5454 1717 5528 omni
1753 5468 1983 5528 corpore

411 5475 611 5528 (Clljlls
661 5472 764 5511 VOX
847 5472 907 5512 et‘
958 5472 1308 5523 DVaIIgelllllll
1348 5472 1523 5509 lCl'llll'
1570 5472 1717 5507 0111111
1753 5472 1980 5521 601⁸1101·ιὲ

406 5530 674 5597 lucidior;
702 5545 722 5580 ι
775 5472 871 5594 at,
908 5524 1300 5597 tcollucidior;
1335 5544 1356 5597 ι
1391 5524 1489 5597 al._,
1521 5522 1928 5597 «perlucidior.
1961 5541 1980 5575 ι

408 5599 588 5656 Editio
615 5593 748 5653 vero
781 5593 1141 5659 Genebrardi,
1177 5611 1196 5644 ι
1217 5596 1363 5648 omni
1403 5594 1518 5648 sole
1550 5593 1798 5648 lucidior.
1827 5611 1848 5646 ι
1885 5593 1986 5648 Ms.

408 5671 609 5739 Regius
639 5684 789 5723 num.
828 5666 1047 5739 1641,:
1072 5664 1219 5718 omni
1258 5679 1488 5720 corusco
1519 5661 1771 5739 lucidior.
1802 5681 1822 5716 ι

477 5734 591 5811 (ἰ8)
626 5739 682 5795 lu
708 5738 869 5794 editis
915 5738 1244 5793 omittuntur
1290 5754 1309 5787 ι
1338 5748 1537 5800 meam,
1578 5734 1671 5788 sed
1701 5747 1803 5801 ego
1836 5748 1977 5803 pono

405 5827 546 5868 eam.
570 5830 593 5868 δ

477 5879 590 5949 (2‘4)
622 5879 712 5939 Sic
746 5887 896 5940 recte
922 5894 1027 5937 ms.
1069 5891 1210 5935 unus
1234 5876 1435 5944 Regius
1478 5891 1629 5935 num.
1671 5874 1828 5932 1659.
1863 5875 1980 5933 (ἰω-

1034 4661 1079 4694 ¹⁹
1106 4660 1261 4714 Rom.
1295 4675 1367 4723 vt,
1408 4658 1461 4714 4.

1567 4658 1607 4689 ¹¹
1640 4655 1681 4709 11
1708 4657 1848 4713 Ἰίιιι.
1874 4674 1936 4723 ll,
1967 4662 2052 4716 11.

934 4730 1165 4787 “‘Psal.
1215 4727 1541 4794 uxxvtt,5.
1618 4727 1697 4781 ³⁵1
1750 4728 1879 4785 COI'.
1912 4746 1974 4797 11,
2016 4735 2104 4790 16.

2676 4660 2720 4692 ¹³
2751 4659 2906 4713 Rom.
2952 4674 3008 4719 χ.
3042 4656 3135 4711 ‘20.
3214 4656 3259 4687 ¹¹⁶
3305 4655 3461 4707 Rom.
3514 4667 3586 4715 vr,
3618 4651 3675 4706 9.

2163 4665 2205 4697 “
2232 4664 2391 4718 Rom.
2414 4678 2491 4724 vr,
2522 4661 2577 4716 9.
2676 4661 2720 4692 ’³
2751 4661 2906 4713 Rom.
2952 4674 3008 4719 χ.
3042 4661 3135 4711 ‘20.
3214 4661 3259 4687 "
3305 4661 3461 4707 Rom.
3514 4667 3586 4715 vr,
3618 4661 3674 4706 υ.

2183 4735 2225 4767 ¹⁷
2251 4735 2272 4790 l
2295 4736 2422 4790 Cor.
2456 4749 2546 4796 xv,
2568 4733 2622 4788 5.
2702 4730 2787 4784 ⁸⁸1
2815 4731 2939 4786 Cor.
2964 4746 3058 4796 xv,
3084 4726 3272 4783 42-44.
3349 4726 3392 4758 ¹⁹
3420 4723 3548 4779 ibid.
3580 4721 3674 4778 50.

2183 4735 2225 4767 ¹⁷
2251 4735 2272 4790 l
2295 4736 2422 4790 Cor.
2456 4749 2546 4799 xv,
2568 4733 2622 4788 5.

2104 4893 2204 4948 teri
2228 4905 2358 4947 vero
2398 4905 2555 4955 mss.,
2584 4888 2845 4943 Rabanns
2868 4895 2923 4940 et
2948 4885 3100 4950 editi,
3140 4904 3159 4936 ι
3186 4884 3285 4955 qui
3303 4896 3422 4955 eam
3447 4896 3551 4935 non
3583 4894 3675 4935 so—

2100 4963 2210 5018 lum
2238 4954 2657 5025 voluntate,sed
2685 4972 2740 5014 et
2780 4965 3048 5027 potestate
3074 4954 3350 5024 suscepit?
3376 4971 3393 5000 ι

2171 5034 2286 5101 (30)
2316 5032 2481 5095 Eddi,
2520 5049 2540 5083 ι
2570 5045 2665 5101 eos
2696 5029 2812 5097 qtti,
2833 5047 2851 5079 ι
2889 5027 3051 5101 ιῐιειιθζ

2170 5091 2284 5175 (5t)
2318 5102 2423 5175 ius.
2460 5091 2612 5175 unus
2630 5091 2848 5175 Regius,
2876 5111 2981 5151 ms.
3019 5093 3392 5175 Vallis—Clara:
3419 5100 3473 5175 et
3499 5091 3672 5175 editio

2096 5163 2307 5230 Veneta
2336 5171 2638 5231 Salodiani,
2675 5163 2868 5222 (unde
2902 5180 3001 5222 nec
3024 5167 3323 5235 putandum
3356 5172 3440 5218 est
3458 5163 3670 5235 aliquid

2097 5246 2165 5300 de
2190 5260 2256 5299 eo
2280 5254 2474 5298 contra
2524 5242 2649 5311 quia
2680 5249 2741 5311 ut
2781 5240 2896 5308 ipso
2949 5233 3172 5311 dignum
3218 5245 3297 5311 est
3353 5233 3671 5311 prolocutus

2091 5325 2197 5371 est.
2228 5334 2247 5367 ›
2281 5313 2358 5367 lta
2382 5303 2556 5366 etiam
2575 5303 2837 5365 Merlinus
2857 5322 2922 5363 ac
2944 5303 3353 5367 Genebrardus,
3386 5304 3488 5357 nisi
3516 5303 3662 5373 quod

2092 5387 2145 5440 iu
2189 5387 2295 5439 fine
2319 5384 2584 5444 habeant,
2617 5399 2635 5432 ι
2664 5389 2856 5435 contra
2883 5392 3048 5448 quam
3077 5387 3132 5430 et
3162 5377 3278 5446 ipso
3308 5375 3532 5448 dignum
3565 5382 3669 5436 est,

2092 5456 2450 5526 prolocutum
2472 5443 2634 5506 esse:
2666 5451 2730 5505 Et
2752 5443 3333 5526 _ideo'indagabimus.
3364 5463 3383 5496 ι
3421 5443 3531 5498 Sed
3578 5455 3671 5499 re-

2095 5520 2235 5581 ctius
2268 5523 2455 5578 ca-teri
2498 5537 2630 5577 mss.
2662 5530 2719 5575 ut
2751 5520 2804 5573 in
2837 5527 3022 5575 nostro
3059 5526 3233 5570 textu.

2164 5594 2281 5662 (32)
2320 5591 2949 5662 Ergo.,Desideraturiu
2977 5598 3145 5662 antea
3178 5585 3364 5662 editis.

2164 5657 2277 5731 (3'5)
2312 5657 2466 5729 Pps'a.
2499 5661 2774 5731 Nusquam
2814 5660 3086 5731 reperitur
3123 5657 3177 5731 in
3205 5657 3391 5731 editis.

2162 5720 2282 5808 (ὅτι)
2322 5720 2490 5808 Editi,
2526 5750 2545 5785 ι
2570 5720 2960 5808 quiudaddi'dit
2983 5728 3299 5796 assertioui,
3326 5744 3345 5781 ι
3377 5735 3489 5785 etc.

2162 5802 2280 5880 (‘55)
2312 5805 2495 5883 Alias,‘
2508 5821 2527 5858 ι
2546 5802 2885 5862 conabimur.
2904 5818 2929 5882 ι
