4146 6392
553 345 694 396 11151

2049 334 2210 390 ORlG
2220 333 2373 388 ΕΝΙὸ

3688 324 3830 376 1032

551 469 676 513 rans
727 456 1095 511 destruendus
1148 455 1353 511 dicitur
1391 455 1648 512 inimicus
1671 458 1738 523 ²¹,
1793 471 1938 511 nunc
1977 457 2143 511 etiam
2175 461 2220 516 Α
2251 453 2411 508 bebat
2440 451 2630 505 mortis
2655 445 2970 519 imperium,
3006 442 3062 498 id
3094 451 3182 496 est
3209 439 3597 509 diabolum,'ut
3623 439 3829 494 libera~

552 545 730 600 locum
762 545 984 615 inferni,
1010 545 1063 601 in
1099 561 1208 615 quo
1238 546 1430 600 mortis
1457 547 1661 602 habere
1691 549 1978 617 imperium
2019 548 2140 603 dia—

561 637 718 692 bolus
745 638 966 702 dicitur,
1009 639 1298 692 confirmet
1345 639 1414 692 ab
1451 639 1710 707 Apostolo
1747 640 2036 694 nominari.
2074 639 2142 695 Et

553 731 645 785 hic
675 747 808 802 ergo
838 731 952 803 (36)
988 732 1131 801 quod
1158 731 1235 784 ait
1269 749 1282 784 :
1319 749 1337 782 ι
1364 729 1510 786 Mors
1536 731 1585 786 ei
1623 731 1763 784 ultra
1812 747 1917 786 non
1961 731 2139 786 domi-

557 823 857 887 nabitur",
885 841 902 873 ι
935 823 1002 876 de
1030 822 1130 876 ista
1181 830 1357 876 morte
1396 823 1600 876 dictum
1633 821 2003 885 conﬁrmabit,
2031 837 2139 891 qua

553 915 917 970 communiter
942 923 1192 970 mortuus
1214 915 1458 970 creditur
1480 914 1759 969 Christus.
1785 916 1917 982 Quae
1952 924 2136 970 tamen

552 1007 786 1062 assertio
805 1022 969 1076 quam
997 1007 1070 1062 sit
1087 1007 1291 1072 valida,
1315 1009 1506 1078 probet
1531 1008 1622 1076 qui
1645 1007 1797 1077 legit.
1823 1008 1980 1062 Alius
2005 1022 2136 1062 vero

551 1098 644 1164 qui
699 1097 1106 1166 profundiorem
1153 1102 1204 1154 in
1258 1100 1346 1154 his
1379 1099 1533 1154 Pauli
1577 1114 1799 1155 sensum
1855 1101 1907 1154 in
1937 1101 2139 1154 virtute

553 1185 793 1254 Spiritus
823 1200 1131 1256 contuetur,
1155 1192 1298 1246 dicet
1323 1193 1454 1262 quia
1481 1207 1632 1246 mors
1662 1192 1749 1247 hic
1774 1191 1910 1260 (57),
1934 1193 2001 1245 de
2030 1207 2136 1260 qua

548 1279 750 1335 dicitur
801 1285 944 1353 quod
997 1285 1140 1340 ultra
1185 1300 1292 1341 non
1344 1286 1721 1343 dominabitur
1765 1285 2010 1354 Christo,
2047 1287 2137 1342 ille

550 1369 666 1438 ipse
700 1372 1080 1444 intelligendus
1119 1386 1205 1430 est
1237 1377 1571 1432 novissimus
1609 1376 1898 1443 inimicus,
1939 1377 2032 1448 qui
2068 1379 2134 1432 ti-

548 1477 740 1529 gnram
785 1466 974 1521 habuit
1020 1468 1133 1538 (58)
1185 1469 1288 1524 ccti
1324 1469 1469 1524 illius
1504 1471 1597 1540 qui
1643 1471 2007 1528 absorbuerat
2037 1470 2135 1528 Jo-

551 1570 702 1619 nam,
740 1557 807 1610 de
833 1573 940 1626 quo
973 1559 1026 1612 in
1053 1559 1157 1614 Job
1187 1563 1453 1630 scriptum
1488 1572 1615 1616 est:
1655 1580 1674 1612 ι
1707 1561 1812 1617 Sed
1842 1563 2136 1617 maledicat

552 1644 696 1699 illaut
729 1651 818 1717 qui
840 1651 1118 1706 maledixit
1139 1653 1283 1708 illam
1312 1655 1478 1719 diem,
1508 1656 1599 1710 ille
1619 1656 1710 1725 qui
1736 1672 1989 1727 magnum
2017 1658 2132 1727 (59)

548 1751 728 1793 cetum
775 1755 1154 1811 perempturus
1187 1747 1356 1802 est“.
1397 1766 1415 1799 ›
1446 1746 1501 1800 1η
1539 1763 1700 1818 quam
1739 1761 1968 1804 mortem
2013 1761 2132 1804 tan-

549 1847 709 1901 quam
733 1833 901 1892 Jonas
934 1838 1044 1909 (40)
1081 1839 1134 1892 in
1165 1849 1412 1895 ventrem
1442 1817 1570 1896 ceti,
1622 1843 1880 1897 Christus
1920 1843 2132 1912 ingres-
2167 1817 2208 1872 Β

549 1939 644 1978 sus
673 1938 778 1993 est,
816 1929 869 1982 in
910 1945 1033 1985 eum
1063 1932 1274 1987 scilicet
1308 1932 1483 1988 locum
1517 1950 1678 2004 quem
1717 1935 1967 1991 Salvator
2019 1937 2133 2006 ipse

547 2031 646 2072 co-r
678 2027 836 2073 terrae
859 2022 1158 2077 nominavit
1185 2024 1250 2086 “,
1286 2024 1338 2078 in
1365 2040 1478 2094 quo
1503 2034 1614 2081 tres
1643 2028 1757 2082 dies
1784 2036 1840 2083 et
1870 2037 1981 2081 tres
2005 2044 2102 2083 no-

552 2119 668 2162 ctes
693 2111 942 2179 exemplo
968 2109 1121 2167 Jonte
1144 2112 1411 2168 facturum
1437 2114 1550 2184 (4|)
1580 2131 1700 2172 esse
1728 2116 1921 2172 Filium
1953 2118 2133 2172 homi-

547 2200 633 2251 nis
691 2200 845 2265 dicit,
883 2210 940 2254 ut
996 2217 1093 2258 eos
1152 2204 1244 2275 qui
1301 2205 1436 2261 inibi
1482 2222 1512 2260 a
1553 2217 1726 2262 morte
1752 2209 2136 2265 detinebantur

548 2291 838 2345 eximeret.
875 2290 1168 2361 Propterea
1215 2295 1360 2350 enim
1403 2297 1636 2352 formam
1674 2299 1818 2352 servi
1873 2313 2134 2368 suscepe-

549 2393 658 2445 rat,
686 2392 743 2435 ιιι
779 2386 844 2438 ad
872 2387 1045 2454 ipsum
1077 2385 1277 2449 locum,
1308 2388 1398 2443 ubi
1441 2404 1591 2444 mors
1628 2405 1856 2461 regnum
1892 2391 2132 2458 tenebat,

546 2484 729 2541 posset
758 2475 989 2541 intrare,
1023 2481 1322 2533 secundum
1348 2484 1494 2551 quod
1522 2491 1578 2536 et
1605 2482 1878 2553 Propheta
1911 2501 1976 2538 ex
2012 2499 2136 2554 per-

548 2576 682 2616 sona
709 2564 884 2635 ipsius
921 2567 1094 2624 dicit:
1139 2589 1158 2622 ‹
1189 2571 1256 2625 Et
1285 2571 1574 2642 deputatus
1618 2588 1739 2629 sum
1771 2590 1893 2631 cum
1925 2575 2010 2629 his
2039 2575 2130 2642 qui

547 2651 888 2712 descendunt
920 2659 971 2713 in
1010 2659 1186 2715 lacum
1217 2662 1300 2727 ¹⁵;
1332 2681 1350 2714 ι
1390 2671 1448 2719 et
1483 2663 1680 2720 iterum
1713 2681 1730 2721 :
1767 2685 1785 2717 α
1820 2665 1952 2732 Qua:
1987 2667 2134 2722 utili-

549 2752 634 2799 tas
664 2746 716 2799 in
765 2750 1033 2819 sanguine
1085 2767 1231 2818 meo,
1264 2754 1390 2808 dum
1424 2755 1698 2810 descendo
1743 2757 1795 2812 in
1824 2760 2131 2828 corruptiu-

547 2847 676 2887 nem
699 2836 782 2890 “i
810 2855 829 2888 ι
861 2837 1014 2904 Quod
1039 2850 1098 2894 ut
1133 2844 1311 2898 adhuc
1341 2844 1554 2914 planius
1591 2848 2014 2917 possitadverti,
2039 2853 2129 2905 tali

548 2920 752 2981 iterum
806 2929 1168 2989 similitudine
1203 2942 1441 2991 utemur.
1487 2938 1694 3008 Regem
1742 2955 2011 3010 ponamus
2037 2943 2130 3011 ju-

553 3027 700 3072 stum
730 3029 785 3074 ct
817 3021 1076 3088 nobilem,
1119 3026 1405 3084 adversum
1458 3029 1715 3098 injustum
1765 3032 2000 3105 aliquem
2047 3047 2130 3107 ty-

547 3122 778 3163 rannmn
812 3110 889 3164 ita
937 3111 1136 3168 bellum
1191 3132 1383 3185 gerere
1409 3117 1524 3188 (42)
1562 3121 1855 3190 volentem,
1891 3139 1959 3180 ne
2011 3127 2129 3181 vio-

546 3198 698 3255 lento
746 3203 997 3259 videatur
1056 3217 1392 3278 cruentaque
1440 3210 1641 3267 vicisse
1683 3213 1963 3280 contlictu,
1997 3219 2124 3286 quia

546 3293 848 3350 militantes
878 3298 980 3353 sub
1012 3308 1242 3369 tyranno
1275 3303 1359 3356 sui
1397 3313 1575 3369 erant,
1609 3320 1748 3376 quos
1798 3325 1904 3363 non
1937 3310 2134 3380 perde-

546 3401 628 3451 re,
661 3387 758 3443 sed
814 3389 1050 3446 liberare
1095 3394 1371 3462 cupiebat.
1413 3394 1654 3452 Consilio
1707 3399 1874 3468 igitur
1909 3402 2133 3459 meliore

546 3477 791 3534 habitum
819 3483 984 3537 sumit
1011 3496 1198 3538 eorum
1225 3486 1337 3555 (45)
1360 3487 1451 3556 qui
1479 3489 1621 3557 apud
1645 3499 1932 3560 tyrannum
1950 3505 2129 3562 erant,

543 3579 602 3624 et
629 3572 811 3638 specie
833 3589 931 3642 per
953 3577 1134 3630 omnia
1157 3577 1215 3631 lit
1238 3577 1430 3634 similis
1455 3579 1744 3642 cis,donee
1763 3584 1866 3636 sub
1881 3585 2096 3640 domina
2113 3617 2132 3628 -

548 3663 693 3719 tione
712 3667 918 3735 positus
942 3670 1156 3736 tyranni
1179 3684 1273 3726 eos
1294 3673 1515 3747 quidem
1540 3673 1652 3744 (Η)
1676 3675 1767 3744 qui
1791 3676 1841 3729 ei
1862 3679 2132 3746 parebant

546 3759 802 3813 suaderet
829 3759 1150 3828 abscedere,
1181 3773 1236 3816 et
1259 3763 1327 3818 ad
1362 3778 1588 3836 regnum
1640 3766 1939 3834 legitimum
1973 3785 2132 3839 repe-

543 3849 700 3910 dare.
733 3852 906 3920 ipsum
956 3868 1086 3908 vero
1121 3853 1317 3910 fortem
1365 3867 1614 3929 tempore
1661 3869 1973 3930 opportuno
2008 3863 2129 3916 alli-

545 3955 701 4010 garet
733 3943 872 4014 (45),
903 3953 958 3998 et
991 3954 1292 4015 potestates
1315 3946 1434 4015 ejus
1475 3964 1539 4004 ac
1583 3951 1926 4020 principatus
1959 3968 2130 4009 exue-

544 4043 650 4102 ret,
677 4045 732 4090 et
766 4037 1010 4092 avulsam
1063 4039 1437 4108 captivitatem
1468 4057 1588 4111 quae
1617 4044 1686 4098 ab
1713 4058 1778 4098 eo
1819 4046 2128 4112 tenebatur,

543 4129 913 4183 abstraheret.
942 4129 1054 4184 lloc
1093 4144 1225 4202 ergo
1255 4133 1416 4187 modo
1449 4133 1618 4187 etiam
1659 4133 1909 4192 Christus
1940 4138 2132 4194 volun-

547 4227 656 4275 tale
715 4221 932 4290 quidem
990 4241 1010 4274 ‹
1050 4223 1356 4279 exinanivit
1403 4244 1423 4278 ι
1471 4237 1598 4282 tunc
1649 4245 1667 4278 ε
1703 4229 2124 4298 semetipsum,»

543 4322 601 4367 et
641 4332 661 4366 ι
695 4314 928 4369 formam
968 4316 1109 4370 servi
1139 4338 1156 4369 ι
1202 4319 1434 4387 accepit,
1491 4335 1796 4390 passusque
1842 4331 1928 4376 est
1957 4321 2132 4376 domi-

541 4417 732 4462 natum
790 4411 1028 4478 tyranni,
1068 4429 1086 4462 ι
1118 4411 1293 4467 factus
1350 4413 1614 4468 obediens
1666 4429 1838 4484 usque
1884 4416 1951 4470 ad
1986 4429 2130 4470 mor-

2243 551 2325 598 ret
2351 541 2465 613 (46)
2499 555 2592 594 eos
2622 538 2716 609 qui
2753 537 3085 592 tenebantur
3108 547 3138 588 a
3172 541 3368 586 morte.
3400 531 3499 587 llic
3531 531 3675 585 enim
3705 531 3826 582 alli-

2241 645 2368 703 gato
2417 632 2582 695 forte,
2613 640 2669 686 et
2726 630 2781 683 in
2830 639 2994 680 cruce
3050 638 3149 678 sua
3195 623 3549 691 triumphato,
3582 621 3823 690 perrexit

2240 723 2406 780 etiam
2437 725 2487 778 in
2528 724 2746 778 domum
2777 720 2916 790 ejus,
2964 721 3014 775 in
3052 719 3268 772 domum
3323 716 3539 780 mortis,
3569 712 3624 768 in
3658 713 3824 766 infer-

2244 835 2397 884 num,
2420 828 2477 874 et
2518 819 2642 872 inde
2676 831 2801 870 vasa
2823 814 2942 884 ejus
2963 811 3204 882 diripuit,
3235 810 3286 864 id
3319 819 3403 864 est
3426 808 3638 863 animas
3686 820 3824 875 quas

2242 914 2460 969 tenebat
2487 909 2776 966 abstraxit.
2806 909 2868 963 Et
2915 909 3017 962 hoc
3054 914 3174 960 erat
3207 904 3349 972 quod
3389 902 3508 970 ipse
3551 915 3646 969 per
3692 898 3824 951 mni-

2241 1013 2418 1072 gmata
2447 1003 2766 1073 loquebatur
2791 1001 2842 1054 in
2872 998 3164 1068 Evangelio
3186 997 3372 1050 dicens
3389 995 3436 1026 ³⁸
3469 1012 3483 1048 :
3514 1012 3533 1046 ι
3564 993 3697 1060 Quis
3724 1007 3823 1059 po-

2244 1105 2346 1150 test
2374 1096 2604 1150 introire
2629 1095 2682 1148 in
2711 1095 2933 1146 domum
2963 1091 3141 1153 fortis,
3174 1100 3228 1145 et
3254 1105 3378 1143 vasa
3411 1089 3530 1158 ejus
3555 1087 3819 1155 diripere,

2242 1187 2342 1240 nisi
2369 1185 2536 1256 568
2557 1185 2706 1253 prius
2730 1183 3035 1253 alligaverit
3057 1180 3294 1235 fortem?
3317 1198 3334 1229 ι
3368 1178 3528 1232 Prius
3543 1190 3674 1245 ergo
3697 1190 3820 1228 eum

2240 1279 2481 1350 alligavit
2505 1279 2560 1333 in
2592 1292 2778 1343 cruce,
2799 1285 2854 1330 et
2887 1275 2967 1330 sic
2998 1274 3278 1344 ingressus
3312 1280 3395 1325 est
3421 1271 3640 1323 domum
3701 1271 3824 1338 ejus

2240 1370 2440 1441 (47),id
2471 1369 2863 1432 estinfernum,
2884 1377 2938 1421 et
2970 1366 3094 1420 inde
3123 1383 3142 1416 ι
3175 1365 3476 1418 ascendens
3513 1361 3630 1432 (48)
3661 1359 3715 1413 in
3746 1357 3825 1410 al-

2243 1473 2379 1528 tum,
2401 1462 2668 1530 captivam
2684 1461 2838 1515 duxit
2859 1459 3226 1528 captivitatem
3252 1455 3318 1520 ",
3342 1473 3360 1506 ι
3383 1469 3476 1508 eos
3493 1453 3703 1506 scilicet
3730 1450 3823 1518 qui

2241 1569 2366 1608 cum
2392 1554 2514 1624 ipso
2545 1560 2928 1613 surrexerunt,
2966 1561 3021 1604 et
3046 1548 3280 1619 ingressi
3314 1555 3440 1601 sunt
3471 1554 3713 1599 sanctam
3747 1542 3826 1594 ci-

2241 1647 2467 1700 vitalem
2488 1643 2796 1699 Jerusalem
2823 1643 3108 1698 caelestem
3133 1642 3198 1693 ³⁰.
3241 1639 3393 1695 Unde
3424 1646 3574 1692 recte
3599 1637 3826 1705 Aposto-

2240 1739 2322 1792 lus
2373 1738 2428 1792 in
2487 1739 2741 1806 praesenti
2782 1735 2903 1789 loco
2935 1735 3068 1788 dicit
3097 1734 3163 1797 3‘,
3193 1731 3318 1802 quia
3355 1749 3373 1781 ι
3409 1744 3554 1784 mors
3587 1729 3636 1782 ei
3682 1725 3825 1780 ultra

2241 1844 2345 1882 non
2380 1828 2774 1884 dominabitur.
2802 1845 2820 1878 ι
2857 1826 2972 1881 Non
3013 1825 3162 1880 enim
3199 1824 3348 1877 dabit
3380 1821 3523 1875 ultra
3565 1816 3826 1887 semetip-

2239 1935 2361 1975 Sum
2394 1919 2446 1973 in
2479 1919 2906 1974 dominationem
2942 1915 3180 1987 tyranni,
3207 1927 3382 1982 neque
3409 1914 3604 1966 iterum
3637 1909 3825 1964 exina-

2241 2014 2354 2067 niet
2383 2026 2444 2065 se
2478 2020 2540 2066 ut
2573 2011 2811 2064 formam
2857 2007 3000 2063 servi
3054 2008 3307 2076 accipiat,
3345 2013 3400 2059 et
3443 2003 3538 2057 ﬁat
3565 2002 3826 2057 obediens

2238 2119 2414 2175 usque
2441 2104 2509 2159 ad
2539 2112 2810 2168 mortem;
2849 2116 2919 2156 ne
2949 2100 3064 2170 (49)
3093 2115 3308 2153 rursum
3346 2099 3401 2152 in
3449 2095 3625 2151 forma
3657 2093 3825 2158 servi,

2238 2198 2496 2269 quamvis
2533 2197 2815 2252 voluntate
2852 2206 2908 2250 et
2945 2210 3051 2248 non
3091 2191 3426 2248 necessitate
3461 2189 3691 2260 positus,
3724 2188 3826 2240 do-

2239 2290 2593 2345 minationem
2666 2297 2850 2341 tamen
2926 2284 3145 2356 tyranni
3207 2285 3506 2351 mortisque
3561 2281 3824 2350 patiatur.

2243 2385 2398 2441 Unde
2435 2384 2604 2438 miror
2637 2381 2898 2460 quosdam
2942 2389 3136 2434 toutra
3185 2379 3326 2433 hanc
3357 2376 3825 2432 evidentissimum

2244 2476 2392 2530 Pauli
2431 2474 2756 2530 sententiam
2778 2472 2916 2528 velle
2936 2486 3208 2535 asserere,
3233 2472 3377 2539 quod
3405 2469 3457 2524 in
3492 2469 3693 2522 futuris
3725 2469 3826 2522 ite-

2241 2583 2360 2624 rum
2397 2565 2611 2624 saeculis
2645 2565 2727 2619 vel
2761 2563 2949 2617 eadem
2979 2561 3063 2616 vel
3119 2559 3315 2616 similia
3352 2560 3460 2630 pati
3497 2573 3722 2612 necesse
3753 2559 3826 2611 sit

2240 2661 2540 2727 Christum,
2571 2666 2629 2713 ut
2654 2656 2878 2712 liberari
2905 2654 3116 2724 possint
3144 2655 3309 2706 etiam
3338 2652 3390 2706 hi
3424 2666 3562 2721 quos
3596 2651 3648 2703 ia
3684 2665 3825 2720 pra:-

2243 2753 2382 2808 senti
2415 2752 2525 2806 vita
2558 2747 2984 2820 dispensationis
3018 2745 3136 2814 ejus
3182 2744 3453 2800 medicina
3485 2757 3678 2798 sanare
3715 2747 3821 2795 non

2239 2845 2440 2917 potuit.
2488 2843 2657 2898 Aiunt
2710 2841 2900 2896 enim:
2958 2855 2977 2890 t
3008 2835 3268 2906 Nunquid
3323 2846 3506 2906 potest
3562 2834 3822 2890 sacculum

2237 2953 2359 2993 esse
2390 2935 2604 3004 aliquod
2631 2934 2683 2988 itt
2716 2931 2897 2987 futuro
2921 2931 3009 2985 ubi
3039 2945 3214 3001 neque
3239 2929 3364 2984 boni
3393 2928 3819 2997 aliquid,neque

2238 3029 2362 3084 mali
2397 3041 2610 3098 agatur,
2637 3026 2734 3081 sed
2762 3031 3017 3094 stupeant
3042 3038 3148 3090 res,
3172 3031 3228 3076 et
3259 3030 3517 3075 maneant
3548 3017 3818 3088 profunda

2235 3121 2490 3177 silentia?
2522 3138 2540 3170 ι
2580 3119 2889 3173 Absurdum
2950 3117 3053 3170 hoc
3092 3114 3264 3170 videri
3317 3121 3597 3168 asserunt.
3660 3109 3822 3164 Dabi-

2237 3230 2359 3270 mus
2394 3227 2526 3284 ergo
2581 3212 2666 3282 agi
2715 3210 2939 3280 aliquid.
2978 3229 2996 3260 ι
3024 3208 3089 3264 Et
3120 3209 3210 3262 ubi
3245 3217 3435 3278 agatur
3463 3205 3692 3275 aliquid,
3723 3195 3818 3260 ne-

2237 3320 2390 3362 cesse
2422 3315 2527 3372 est,
2556 3305 2730 3367 aiunt,
2764 3312 2824 3358 ut
2849 3301 3053 3372 aliquid
3077 3312 3246 3365 recte,
3277 3300 3482 3370 aliquid
3521 3300 3687 3354 etiam
3714 3298 3820 3352 mi-

2237 3412 2341 3453 nus
2385 3405 2533 3451 recte
2567 3403 2785 3464 agatur,
2816 3403 2871 3447 et
2905 3391 2960 3446 in
2996 3392 3115 3461 ipso
3151 3400 3274 3444 actu
3305 3389 3396 3444 alii
3429 3389 3741 3460 proficiant,
3768 3398 3824 3442 et

2235 3489 2491 3545 meliores
2519 3486 2674 3554 tiant,
2707 3484 2799 3540 alii
2828 3485 3150 3540 deteriores.
3188 3482 3445 3538 Libertas
3489 3482 3636 3537 enim
3665 3481 3817 3535 arbi-

2237 3583 2325 3638 trii
2348 3595 2566 3649 semper
2591 3588 2799 3633 natura:
2833 3576 3148 3633 rationabili
3177 3577 3553 3648 permanebit,
3591 3583 3646 3628 et
3679 3575 3822 3626 sicut

2233 3673 2490 3746 possibile
2521 3672 2622 3725 fuit
2653 3671 2818 3724 etiam
2859 3671 3006 3725 illum
3053 3672 3145 3740 qui
3177 3684 3274 3740 pro
3306 3667 3598 3738 Splendore
3630 3666 3817 3736 gloria:

2235 3765 2453 3821 Lucifer
2482 3773 2600 3818 erat
2623 3761 2760 3834 (50),
2784 3774 2839 3816 et
2887 3774 3111 3832 propter
3156 3762 3338 3816 lumen
3373 3760 3616 3815 scientia:
3662 3773 3823 3813 mane

2234 3860 2518 3915 oriebatur
2547 3857 2616 3922 δ’,
2658 3858 2981 3910 commutari
3020 3855 3087 3910 de
3118 3853 3290 3925 gloria
3327 3868 3448 3917 sua,
3485 3861 3540 3906 et
3569 3851 3706 3905 etIiei
3742 3861 3818 3904 te-

2235 3951 2436 4006 nebras
2461 3959 2687 4021 propter
2710 3949 2970 4004 malitiam
2995 3963 3157 4016 quam
3192 3946 3430 4014 recepit;
3462 3955 3516 3999 et
3544 3932 3693 3998 illum
3724 3943 3819 4014 qui

2237 4044 2340 4098 fuit
2367 4041 2755 4097 immaculatus
2789 4059 2816 4096 a
2853 4041 3138 4096 nativitate
3168 4056 3289 4106 sua,
3317 4049 3371 4094 et
3402 4036 3666 4093 habitavit
3693 4052 3817 4090 cum

2235 4135 2543 4199 cherubim,
2569 4143 2626 4188 et
2657 4134 2708 4188 in
2737 4134 2915 4188 medio
2938 4133 3176 4202 lapidum
3207 4133 3490 4202 igneorum
3523 4144 3819 4185 conversa-

2237 4237 2323 4282 tus
2349 4237 2458 4292 est,
2489 4236 2546 4281 et
2566 4225 2790 4280 indutus
2815 4235 2898 4280 est
2925 4239 3089 4280 omne
3114 4233 3499 4280 ornamentum
3525 4221 3816 4285 virtutum,

2235 4335 2338 4375 nec
2365 4317 2596 4374 fuitulla
2631 4320 2682 4373 in
2719 4318 2975 4388 paradiso
3007 4316 3101 4372 Dei
3129 4317 3294 4371 arbor
3328 4317 3588 4370 virtutum
3622 4331 3740 4383 qua:
3768 4314 3819 4369 ei

2234 4412 2544 4482 comparari
2570 4423 2773 4482 posset,
2800 4421 2925 4483 post
2950 4413 3065 4466 haec
3090 4411 3322 4465 inventa:
3343 4418 3472 4464 sunt
3500 4407 3820 4477 iniquitates

546 4510 654 4555 tem
679 4502 759 4553 ’τε
803 4520 821 4554 ι
855 4519 953 4572 per
988 4519 1149 4572 quam
1187 4514 1416 4561 mortem
1441 4509 1714 4564 deStruxit
1743 4524 1866 4564 eum
1895 4507 1990 4580 qui
2027 4509 2124 4563 ha-
2160 4522 2202 4577 ι)
2237 4509 2290 4562 in
2327 4522 2412 4573 eo,
2445 4515 2502 4561 et
2541 4505 2608 4559 de
2648 4503 2789 4560 cmlo
2838 4505 2890 4558 in
2945 4513 3146 4558 terram
3198 4500 3471 4572 projectus
3509 4509 3594 4555 est
3625 4499 3709 4554 ³³;
3741 4499 3815 4552 ita

649 4641 692 4672 ³⁸
726 4639 746 4693 Ι
775 4640 902 4696 Cor.
937 4657 1025 4708 xv,
1065 4642 1156 4697 26.

1265 4644 1309 4674 ²²
1339 4643 1492 4704 Rom.
1527 4662 1603 4711 Vl,
1635 4646 1688 4702 9.
1768 4649 1814 4680 ’³
1837 4649 1940 4704 Job
1996 4666 2075 4711 Ill,
2108 4651 2162 4704 8.
2240 4646 2285 4679 "‘
2314 4644 2500 4700 Matth.
2527 4659 2628 4709 xu,
2659 4643 2750 4698 40.
2827 4643 2874 4673 ³⁵
2903 4641 3045 4696 Psal.
3077 4656 3249 4704 xxvu,
3280 4641 3332 4696 1.

3411 4639 3458 4671 ³⁸
3486 4637 3630 4694 Psal.
3662 4656 3814 4704 xxix,

543 4709 630 4766 ‘10.
693 4714 750 4791 fl
782 4711 1130 4791 Ph_ili_p.u,_7.
1207 4714 1252 4746 ’⁸
1284 4715 1473 4791 Matth.
1506 4709 1604 4791 xu,
1629 4717 1720 4773 29.
1797 4719 1843 4750 ¹⁹
1874 4709 2071 4791 Ephes.
2104 4737 2132 4775 ι’

2247 4763 2262 4777 ,
2343 4717 2388 4748 ³⁰
2412 4717 2601 4771 Matth.
2632 4729 2802 4781 xxvu,
2828 4714 2914 4780 52,
2942 4712 3031 4766 55.
3108 4713 3151 4744 ³¹
3187 4713 3345 4766 llont.
3374 4725 3446 4775 VI,
3479 4710 3532 4764 9.
3607 4712 3651 4742 ³³
3687 4714 3812 4766 lsai.

542 4797 654 4848 xxv,
690 4783 773 4838 l2.
849 4784 894 4815 ³³
917 4785 1117 4839 Ezeeb.
1144 4799 1336 4848 xxvut,
1375 4786 1561 4844 14-17.

543 4874 728 4998 mgf.)
748 4873 935 4997 ,Edili’
973 4893 992 4928 ⁸
1017 4887 1071 4931 εί
1113 4881 1228 4932 δαῖε
1257 4892 1411 4948 er80.
1440 4895 1459 4929 ι
1507 4878 1733 4948 Deinde,
1782 4899 1802 4934 ι
1827 4882 2120 4938 conﬁrma-

585 4955 941 5086 'i‘ii'fam,
977 5020 1289 5092 tcontinet,
1327 5020 1459 5076 dicit
1491 5021 1618 5092 quia
1669 5037 1815 5078 mors
1866 5023 2005 5086 lucc,
2056 5024 2122 5079 de

539 5100 670 5166 qua,
703 5105 721 5137 ι
757 5098 901 5156 etc.;
952 5089 1048 5156 aL,
1089 5107 1107 5142 ι
1135 5100 1448 5158 contuetur,
1497 5089 1749 5163 intelligit
1796 5095 1940 5164 quod
1975 5109 2122 5150 mors

543 5160 653 5221 ltit',
680 5175 700 5208 r
734 5168 840 5211 etc.

613 5224 726 5296 (58)
768 5228 930 5296 Editi,
969 5249 988 5281 ι
1022 5230 1308 5286 habuerat.
1335 5249 1354 5283 ι

614 5297 928 5374 (59)__Ettiti,
963 5319 981 5350 ι
1014 5303 1107 5353 sed
1137 5302 1470 5358 maledicant
1491 5303 1640 5357 illam
1667 5303 1756 5374 qui
1789 5305 2121 5362 maledicunt

543 5367 651 5426 diei
685 5368 759 5423 illi
789 5373 880 5437 qui
911 5387 1190 5436 magnum,
1213 5391 1232 5424 ι
1266 5383 1375 5429 etc.

540 5507 576 5563 b
769 5439 962 5495 Jonas.
997 5439 1154 5496 Deest
1188 5445 1240 5497 in
1272 5444 1602 5500 editi‘onibus
1626 5444 1838 5500 Merlini
1863 5456 1917 5501 et
1944 5447 2120 5503 Gene-

581 5527 634 5561 ra
708 5527 741 5564 ι.

614 5551 741 5648 (Hi.
768 5580 879 5654 S__ic_
903 5596 1094 5638 omnes
1130 5598 1262 5640 mss.
1317 5569 1519 5641 nostri.
1548 5585 1687 5642 Editi
1737 5601 1888 5654 vero,
1917 5603 1937 5638 ι
1970 5586 2118 5641 futu-

547 5665 698 5714 rum;
727 5671 748 5706 δ
787 5651 1063 5716 liabauus,
1100 5671 1474 5710 «mansurum.
1500 5675 1518 5708 ι

616 5719 729 5795 (ᾴὲ)
973 5743 991 5774 ι
1016 5725 1214 5795 bellum
1247 5738 1544 5795 gerentem.
1572 5745 1590 5778 ι

618 5789 731 5862 (45)
771 5791 935 5856 Editi,
971 5812 990 5845 ι
1017 5794 1200 5848 habito
1230 5789 1395 5850 sinuit
1422 5813 1538 5852 eos.
1571 5817 1589 5849 ι
1622 5797 1822 5854 Deinde
1846 5816 1948 5854 ms.
1979 5814 2120 5854 unus

548 5857 755 5927 licgius
803 5877 953 5918 num.
1006 5865 1162 5928 1040.
1221 5868 1406 5928 habet.
1457 5870 1589 5928 tqui
1634 5886 1661 5924 a
1699 5880 1854 5928 parte
1901 5870 2122 5926 tvranni

2223 4887 2401 4932 erant.
2441 4893 2460 4926 ι

2299 4945 2412 5016 (44)
2453 4943 2625 5005 Alias,
2660 4961 2678 4992 ι
2710 4943 2882 4997 donec
2915 4942 3014 4995 sub
3043 4943 3415 5016 dominatione
3446 4943 3666 5012 tyranni
3710 4960 3811 5013 po-

2227 5013 2383 5078 situs,
2415 5017 2496 5069 eis
2532 5016 2774 5082 quidem,
2797 5033 2815 5064 »
2848 5023 2988 5079 etc.;
3026 5013 3123 5075 al.,
3159 5033 3178 5064 ε
3204 5015 3377 5068 donec
3423 5017 3525 5068 sub
3577 5016 3814 5068 domina-

2231 5089 2381 5143 tioue
2417 5087 2622 5154 positos
2667 5086 2906 5154 tyranni,
2940 5098 3035 5137 eos
3063 5084 3342 5153 quidem,»
3385 5093 3493 5136 etc.
3529 5083 3812 5151 Rabanus,

2234 5176 2252 5206 ι
2281 5162 2456 5211 donec
2486 5157 2586 5209 sub
2623 5155 2994 5209 dominatione
3025 5155 3187 5223 positi
3211 5156 3334 5224 ejus
3367 5156 3610 5224 tyranni,
3632 5167 3686 5210 et
3716 5172 3814 5211 eos

2227 5229 2469 5297 quidem,
2500 5243 2518 5276 ι
2541 5237 2659 5297 etc.

2301 5296 2413 5364 (45)
2455 5296 2620 5360 Editi,
2659 5315 2677 5347 ι
2708 5297 2948 5366 alligare.
2973 5313 2992 5346 ι

2300 5367 2409 5439 (16)
2448 5366 2576 5439 Mss.
2611 5364 2830 5439 quidam
2863 5377 2916 5420 et
2946 5365 3108 5439 editi,
3135 5383 3153 5416 ι
3179 5364 3539 5439 et_liberavit_,
3570 5384 3590 5418 ι
3629 5378 3735 5421 etc.

2300 5436 2412 5508 (47)
2455 5437 2581 5490 Mss.
2617 5437 2865 5504 plerique
2894 5447 2949 5490 et
2979 5436 3110 5489 editi
3145 5437 3406 5508 omittunt
3439 5454 3459 5486 ε
3484 5437 3621 5503 ejus.
3648 5456 3668 5489 ι
3707 5438 3810 5491 Ms.

2229 5526 2388 5573 unus,
2429 5529 2446 5560 1
2479 5518 2534 5562 et
2554 5508 2634 5560 sic
2667 5509 2948 5578 ingressus
2972 5507 3183 5560 domuit
3205 5507 3576 5573 inl'ernum,et
3607 5509 3755 5575 inde,
3783 5529 3804 5562 ι

2227 5591 2333 5636 etc.

2302 5650 2414 5721 (48)
2458 5650 2624 5711 Etliti,
2665 5668 2682 5700 t
2723 5649 2987 5721 ascendit.
3025 5667 3044 5699 ι
3149 5715 3179 5721 Α
3229 5719 3240 5721 _
3455 5718 3494 5721 _

2301 5715 2416 5793 (49')
2459 5721 2550 5773 Sic
2599 5735 2731 5774 mss.
2766 5720 3011 5790 plerique
3048 5727 3103 5772 et
3146 5715 3424 5779 Rabanus.
3455 5718 3602 5778 Editi
3647 5737 3806 5789 vero,
3868 5715 3876 5757 ’·

2234 5811 2253 5846 t
2285 5806 2477 5859 neque.
2506 5810 2524 5841 ι

2304 5858 2415 5926 (50)
2463 5861 2619 5915 Erat.
2655 5861 2711 5917 in
2740 5859 2899 5918 editis
2926 5858 3222 5917 omittitur.
