4146 6368
326 323 464 380 1055

1283 321 1636 378 COMMENT.
1679 321 1748 374 IN
1785 319 2000 376 EPIST.
2043 321 2132 374 AD
2171 322 2336 378 ROM.
2379 323 2508 378 LIB.
2546 322 2614 378 ν.

3443 321 3582 378 1054

326 451 504 510 potest
543 437 662 492 fleri
707 445 764 490 ut
814 436 867 490 in
913 449 1239 506 quocunque
1263 445 1407 492 statu
1437 437 1600 493 fuerit
1625 440 1822 502 anima,
1855 448 1909 492 et
1937 443 1982 500 A
2012 441 2136 511 quia
2163 458 2338 512 neque
2370 443 2505 511 vita,
2543 455 2720 510 neque
2748 453 2914 504 mors,
2949 452 3124 508 neque
3148 437 3457 507 praesentia,
3483 455 3580 495 ne-

327 533 383 588 in
407 545 734 600 quacunque
766 527 1102 597 perfectione
1123 528 1416 594 virtutum,
1449 531 1704 599 quoniam
1736 531 1907 585 virtus

328 622 607 678 mutabilis
636 630 740 685 est,
776 619 984 688 lapsum
1016 619 1194 688 possit
1242 619 1550 686 incurrere,
1597 631 1658 675 ut
1698 622 1842 676 sicut
1875 635 1905 675 a

327 717 474 771 vitiis
521 714 587 767 ad
630 714 910 774 virtutem,
945 712 1019 765 ita
1060 721 1114 766 et
1137 728 1166 765 a
1191 712 1483 766 virtutibus
1514 713 1806 768 inclinetur
1837 714 1906 766 ad

331 807 488 861 vitia.
522 805 675 871 Quod
713 805 756 858 si
793 816 899 868 est,
932 818 1278 872 consequens
1324 806 1597 860 videbitur
1628 806 1908 874 requirere

327 898 599 952 medicum
629 897 720 951 ubi
756 896 979 966 languor
1002 904 1104 961 est,
1137 897 1285 965 quia,
1317 899 1614 951 secundum
1657 897 1906 952 Salvato-

330 990 404 1043 ris
434 989 609 1056 ipsius
641 1002 856 1053 vocem,
887 1003 1057 1058 «opus
1085 997 1166 1041 est
1189 988 1398 1042 medico
1426 989 1510 1042 his
1537 989 1782 1057 quimale
1813 989 1907 1042 ha-

332 1081 603 1136 ibettt".i
653 1077 778 1133 Haec
836 1095 966 1148 ergo
1006 1087 1063 1133 et
1123 1081 1208 1133 his
1263 1079 1466 1134 similia
1517 1089 1902 1150 preponentes,

328 1172 542 1224 easdem
571 1171 736 1225 etiam
782 1170 836 1223 in
885 1171 1086 1225 futuris
1133 1171 1354 1226 saeculis
1394 1170 1829 1238 dispensationes
1874 1187 1904 1226 a

329 1259 546 1314 Christo
602 1261 931 1329 repetendas
975 1274 1096 1314 esse
1143 1260 1502 1314 arbitrantur.
1538 1259 1643 1316 Sed
1677 1261 1742 1315 ad
1790 1260 1907 1317 haac

329 1363 430 1404 nos
468 1348 710 1404 breviter
743 1360 904 1420 prout
945 1365 1233 1419 possumus
1274 1351 1752 1420 respondebimus.
1789 1351 1905 1405 Ma-

331 1455 464 1495 nere
495 1443 712 1510 quidem
738 1451 946 1495 naturae
978 1443 1290 1497 rationabili
1319 1458 1534 1511 semper
1557 1443 1788 1497 liberum
1813 1459 1905 1496 ar—

332 1532 558 1586 bitrium
591 1547 694 1588 non
728 1548 1024 1602 negamus;
1063 1534 1158 1588 sed
1198 1543 1401 1588 tantam
1434 1550 1554 1589 esse
1589 1535 1697 1589 vim
1728 1535 1908 1590 crucis

331 1621 556 1689 Christi,
588 1634 643 1677 et
670 1624 865 1677 mortis
904 1625 1085 1692 hujus,
1120 1640 1284 1694 quam
1333 1626 1385 1678 in
1428 1625 1749 1680 smeulorunt
1801 1626 1908 1681 line

333 1718 598 1784 suscepit,
621 1715 943 1779 asserimus,
965 1730 1084 1784 quae
1110 1718 1176 1769 ad
1201 1715 1492 1770 sanitatem
1520 1727 1574 1771 et
1607 1719 1904 1773 remedium

335 1822 440 1861 non
471 1809 644 1860 solum
675 1805 957 1874 praasentis
991 1813 1046 1859 et
1089 1805 1282 1871 futuri,
1330 1806 1424 1860 sed
1462 1808 1626 1861 etiam
1660 1809 1906 1878 praeteri—
1939 1778 1984 1838 Β

335 1908 513 1954 torum
543 1897 887 1962 saeculorum,
923 1907 978 1950 et
1010 1912 1116 1951 non
1163 1897 1337 1951 solum
1383 1899 1620 1952 humano
1657 1899 1780 1954 huic
1809 1914 1907 1953 no-

333 2003 452 2048 stro
481 1992 685 2057 ordini,
720 1993 814 2047 sed
853 1993 1018 2047 etiam
1042 1991 1358 2046 caelestibus
1386 1992 1680 2046 virtutibus
1700 1992 1909 2047 ordini-

334 2090 546 2153 busque
602 2084 854 2139 sufﬁciat.
916 2081 1229 2137 Secundum
1284 2083 1616 2137 sententiam
1677 2099 1912 2154 namque

334 2178 508 2247 ipsius
538 2174 688 2230 Pauli
723 2172 1238 2243 apostoli,Christus
1265 2173 1571 2242 paciiicavit
1610 2193 1628 2225 ι
1662 2189 1760 2242 per
1791 2189 1913 2228 san-

335 2268 552 2337 guinem
575 2265 760 2319 crucis
783 2278 894 2318 sum
916 2282 934 2315 ι
964 2278 1070 2318 non
1097 2262 1273 2317 solum
1302 2282 1320 2314 ‹
1345 2277 1464 2332 quae
1491 2263 1544 2317 in
1562 2271 1703 2317 terra
1725 2273 1908 2328 sunt,»

334 2359 428 2414 sed
466 2366 520 2412 et
555 2373 574 2409 ι
603 2373 724 2427 qua:
749 2358 802 2410 in
847 2356 1005 2412 caelis
1029 2356 1097 2409 ⁸⁵.
1125 2375 1144 2408 ι
1184 2354 1322 2421 Quid
1363 2363 1542 2409 autem
1581 2356 1652 2410 sit
1681 2357 1826 2425 quod
1858 2357 1912 2410 in

337 2449 536 2504 futuris
587 2449 801 2504 saeculis
854 2458 1036 2502 teneat
1084 2447 1296 2502 arbitrii
1334 2448 1666 2514 libertatem,
1693 2463 1761 2500 ne
1799 2447 1913 2518 (5|)

336 2557 555 2597 rursum
591 2549 814 2595 corruat
871 2539 926 2593 in
977 2550 1285 2606 peccatum,
1333 2537 1480 2591 brevi
1523 2553 1622 2591 nos
1659 2553 1916 2591 sermone

333 2631 628 2702 Apostolus
678 2631 856 2695 docet,
888 2630 1117 2684 dicens:
1156 2646 1176 2681 ι
1208 2627 1462 2683 Charitas
1514 2644 1793 2698 nunquam
1824 2644 1918 2683 ca-

335 2725 415 2779 dit
440 2723 509 2777 ”.
538 2742 556 2776 ι
591 2722 799 2778 Idcirco
843 2722 990 2777 enim
1017 2733 1074 2776 et
1108 2721 1214 2776 fide
1247 2729 1302 2774 et
1338 2735 1434 2790 spe
1476 2719 1651 2789 major
1678 2721 1919 2776 Charitas

337 2815 543 2870 dicitur
575 2814 642 2879 ³⁷,
660 2815 788 2884 quia
809 2813 923 2869 sola
953 2814 1058 2868 erit
1086 2828 1184 2882 per
1204 2827 1364 2881 quam
1390 2813 1626 2882 delinqui
1653 2813 1793 2867 ultra
1813 2830 1917 2867 non

336 2908 558 2979 poterit.
596 2907 654 2961 Si
696 2907 840 2961 enim
886 2907 940 2961 in
982 2906 1034 2960 id
1067 2907 1250 2959 anima
1279 2905 1630 2974 perfectionis
1662 2907 1922 2960 ascende-

338 3001 431 3063 rit,
463 3009 523 3054 ut
554 3013 620 3054 ex
657 3007 771 3053 toto
808 2998 975 3054 corde
1014 3011 1135 3062 suo,
1169 3005 1224 3050 et
1249 3011 1315 3051 ex
1357 3006 1468 3051 tota
1499 2997 1680 3051 anima
1717 3011 1837 3063 sua,
1869 3004 1922 3051 et

2009 550 2118 604 que
2140 535 2340 599 futura,
2368 550 2544 604 neque
2565 533 2769 601 angeli,
2787 546 2962 602 neque
2988 533 3236 594 virtutes,
3256 545 3430 599 neque
3455 532 3580 586 alti-

2011 623 2162 686 tudo,
2195 638 2368 692 neqne
2391 622 2740 693 profundum,
2771 635 2946 689 neque
2969 629 3222 674 creatura
3248 619 3354 673 alia
3380 622 3583 687 poterit

2011 729 2108 766 nos
2158 727 2415 780 separare
2462 727 2494 766 a
2543 711 2812 766 charitate
2843 711 2959 775 Dei,
2992 725 3112 771 quia
3143 718 3227 763 est
3273 710 3325 764 in
3359 709 3583 764 Christo

2007 805 2134 860 Jesu
2185 805 2416 860 Domino
2456 817 2645 861 nostro
2668 805 2736 860 "3.
2761 824 2779 858 ι
2823 804 2902 860 Ex
2934 804 3130 874 quibus
3179 803 3434 858 omnibus
3464 803 3583 857 evi-

2008 897 2204 950 denter
2249 896 2579 961 ostenditur,
2635 895 2761 964 quia
2819 894 2863 948 si
2911 894 3029 948 haec
3063 893 3244 947 omnia
3286 908 3408 962 quae
3453 909 3585 946 enu-

2009 988 2240 1040 meravit
2293 986 2609 1056 Apostolus,
2658 999 2916 1051 separare
2976 999 3075 1039 nos
3130 999 3237 1038 non
3289 993 3516 1053 possunt
3554 997 3585 1035 a

2018 1079 2293 1134 charitate
2351 1079 2471 1143 Dei,
2509 1094 2634 1132 cum
2674 1078 2728 1132 in
2788 1078 2919 1131 illud
2975 1077 3098 1146 quis
3151 1076 3366 1133 culmen
3406 1075 3588 1144 perfe-

2013 1171 2215 1226 ctionis
2297 1171 2652 1235 ascenderit,
2711 1169 2878 1226 multo
2945 1171 3117 1238 magis
3147 1170 3378 1224 libertas
3441 1167 3588 1222 arbi-

2009 1263 2100 1317 trii
2164 1277 2262 1317 nos
2316 1262 2384 1316 ab
2441 1261 2557 1330 ejus
2620 1261 2891 1317 charitate
2943 1276 3204 1332 separare
3247 1277 3354 1315 non
3417 1258 3585 1329 569

2008 1355 2226 1425 poterit.
2283 1353 2545 1421 Quamvis
2597 1353 2739 1408 enim
2791 1355 2863 1408 sit
2911 1352 3071 1406 etiam
3130 1349 3234 1405 ista
3287 1348 3421 1419 (54⁸)
3479 1348 3590 1399 vir-

2008 1452 2136 1509 tus,
2170 1449 2465 1495 etmaneat
2507 1439 2560 1493 in
2609 1449 2834 1505 natura,
2886 1448 3064 1493 tamen
3104 1446 3252 1492 tanta
3303 1436 3588 1490 charitatis

2012 1534 2091 1586 vis
2120 1542 2236 1598 est,
2272 1542 2330 1586 ut
2367 1533 2432 1585 ad
2475 1546 2534 1586 se
2561 1531 2746 1585 omnia
2796 1529 3007 1596 trahat,
3036 1543 3331 1597 omnesque
3371 1528 3472 1582 sibi
3501 1541 3590 1580 so—

2008 1628 2113 1682 ciet
2144 1626 2488 1695 vindicetque
2514 1624 2778 1689 virtutes,
2833 1621 3068 1675 maxime
3123 1636 3244 1675 cum
3302 1619 3590 1674 charitatis

2011 1735 2203 1776 causas
2234 1719 2385 1788 prior
2423 1717 2581 1772 nobis
2616 1715 2826 1770 dederit
2853 1713 3019 1779 Deus,
3067 1730 3085 1763 ι
3124 1712 3214 1781 qui
3248 1712 3404 1764 unico
3449 1710 3591 1765 F.lio

2011 1829 2111 1870 suo
2142 1828 2249 1868 non
2277 1811 2535 1882 pepercit,
2563 1809 2656 1863 sed
2687 1823 2782 1877 pro
2806 1806 2960 1860 nobis
2988 1804 3242 1859 omnibus
3273 1804 3493 1858 tradidit
3524 1803 3589 1856 il-

2009 1908 2120 1960 lum
2141 1913 2238 1970 ’,ει
2257 1922 2275 1956 ι
2297 1900 2526 1958 cumillo
2545 1900 2699 1955 nobis
2721 1899 2901 1954 omnia
2918 1899 3140 1953 donavit
3166 1895 3232 1950 “.
3269 1914 3288 1948 ι
3328 1894 3479 1949 Unde
3504 1893 3589 1947 vel

2010 2000 2099 2056 ille
2130 1998 2219 2068 qui
2253 1997 2469 2050 Lucifer
2493 1993 2614 2056 fuit,
2641 2002 2696 2046 et
2723 1993 2773 2045 in
2805 1991 2944 2046 caelo
2974 1991 3249 2045 oriebatur
3273 1987 3385 2059 (55)
3409 1986 3476 2051 ⁸⁵,
3504 1985 3590 2039 vel

2011 2093 2101 2148 ille
2125 2091 2215 2162 qui
2252 2086 2627 2144 immaculatus
2649 2093 2768 2139 erat
2800 2099 2828 2137 a
2859 2084 3138 2137 nativitate
3160 2095 3258 2136 sua
3286 2079 3354 2144 κθ,
3387 2087 3439 2134 et
3465 2091 3588 2132 cum

2012 2183 2295 2241 cherubim
2335 2179 2545 2248 positus
2574 2177 2684 2230 labi
2715 2175 2891 2244 potuit
2931 2183 3224 2242 antequam
3264 2185 3393 2239 erga
3431 2171 3595 2223 bene»

2015 2271 2136 2326 ﬁcia
2170 2269 2298 2324 Filii
2327 2269 2419 2323 Dei
2451 2268 2736 2323 charitatis
2783 2264 3016 2320 vinculis
3070 2263 3464 2331 stringeretur,
3493 2274 3592 2328 po—

2016 2374 2130 2419 stea
2163 2378 2289 2419 vero
2318 2378 2479 2433 quam
2511 2362 2752 2417 charitas
2804 2359 2894 2413 Dei
2952 2355 3174 2412 ditfundi
3233 2354 3286 2410 in
3335 2352 3593 2408 cordibus

2015 2464 2256 2519 omnium
2283 2459 2511 2530 coeperit
2557 2471 2655 2527 per
2701 2455 2962 2525 Spiritum
3003 2461 3252 2507 sanctum
3274 2449 3344 2514 ‘7,
3379 2457 3590 2505 certum

2017 2557 2119 2611 erit
2143 2553 2270 2608 illud
2291 2550 2438 2621 quod
2467 2544 2844 2619 pronuntiavit
2883 2541 3209 2612 Apostolus,
3242 2539 3368 2608 quia
3401 2556 3421 2589 ε
3465 2539 3596 2590 cha—

2019 2648 2154 2702 ritas
2227 2656 2502 2713 nunquam
2561 2639 2719 2694 cadet
2748 2637 2815 2690 “‘.
2870 2655 2889 2689 ι
2937 2635 3061 2690 Ilaec
3103 2641 3264 2703 prout
3318 2629 3596 2699 potuimus

2019 2740 2086 2794 ad
2114 2752 2176 2793 ea
2212 2750 2333 2806 quae
2358 2735 2462 2789 hoc
2489 2731 2606 2786 loco
2637 2737 2908 2785 commota
2941 2725 3054 2796 (56)
3091 2731 3216 2779 sunt
3243 2720 3498 2782 diximus,
3538 2725 3597 2769 ut

2020 2832 2367 2890 manifestius
2421 2828 2752 2884 claresceret
2797 2822 3066 2893 quomodo
3113 2816 3283 2874 semel
3347 2813 3595 2870 Christus

2021 2936 2264 2982 mortuus
2291 2932 2375 2978 est
2403 2931 2646 2992 peccato,
2681 2927 2740 2974 et
2767 2917 2906 2970 ultra
2927 2915 3038 2983 jam
3080 2927 3186 2966 non
3232 2908 3496 2971 moritur;
3541 2912 3598 2958 et

2024 3019 2152 3088 quia
2201 3015 2344 3084 quod
2378 3013 2549 3075 vivit,
2581 3009 2716 3064 vivit
2745 3008 2876 3063 Deo.
2917 3005 3112 3060 Vivere
3159 3011 3339 3055 autem
3386 2999 3496 3052 Deo
3519 2997 3595 3050 ita

337 3105 405 3146 ex
447 3091 575 3145 totis
619 3089 831 3144 viribus
884 3088 1000 3180 suis
1057 3089 1247 3180 diligat
1278 3088 1470 3154 Deum,
1515 3099 1570 3144 et
1607 3091 1913 3159 proximum
1945 3124 1986 3180 Ο
2025 3108 2436 3176 intelligendum
2467 3112 2585 3168 εει,
2627 3100 2783 3172 quasi
2838 3098 3055 3166 εχριειο
3097 3109 3163 3149 eo
3194 3093 3311 3162 (57)
3350 3089 3493 3160 quod
3541 3089 3597 3141 in

337 3195 500 3235 suum
532 3189 788 3249 tanquam
820 3179 1061 3244 seipsam
1092 3179 1162 3244 ³⁸,
1191 3179 1282 3234 ubi
1327 3180 1432 3234 erit
1473 3181 1681 3248 peccati
1730 3181 1917 3236 locus?

339 3277 553 3334 Idcirco
583 3276 822 3345 denique
853 3283 913 3331 et
947 3274 1001 3328 in
1030 3274 1152 3343 lege
1175 3274 1278 3328 hoc
1303 3275 1499 3330 dicitur
1528 3275 1762 3344 primum
1796 3291 1918 3332 esse

339 3371 682 3437 mandatum,
713 3378 769 3423 et
815 3367 870 3422 in
929 3365 1241 3437 Evangeliis
1293 3381 1456 3437 supra
1488 3377 1684 3424 caetera
1733 3369 1917 3422 omnia

343 3463 410 3515 de
433 3461 697 3514 charltate
728 3459 1049 3524 mandatur;
1084 3469 1136 3512 et
1163 3459 1324 3514 Petro
1353 3475 1472 3514 cum
1499 3475 1711 3515 summa
1738 3475 1918 3514 rerum

343 3551 411 3607 de
441 3553 731 3620 pascendis
756 3551 950 3606 ovibus
976 3552 1300 3616 traderetur,
1330 3560 1384 3604 et
1426 3551 1780 3621 superipsum
1809 3549 1921 3604 vel-

346 3652 411 3698 ut
459 3655 622 3711 super
651 3654 854 3697 terram
897 3643 1218 3697 fundaretur
1255 3643 1518 3710 Ecclesia,
1553 3644 1754 3698 nullius
1783 3642 1918 3696 alte-

346 3735 462 3792 rius
509 3735 576 3789 ab
620 3749 686 3790 eo
726 3735 947 3788 virtutis
997 3731 1295 3798 confessio,
1343 3732 1444 3788 nisi
1494 3733 1920 3806 charitatis(52)

346 3832 583 3902 exigitur
603 3830 686 3897 ";
721 3841 778 3885 et
801 3828 1040 3885 Joannes
1065 3845 1187 3884 cum
1213 3830 1380 3884 multa
1408 3832 1476 3886 de
1497 3833 1788 3900 charitate,
1808 3842 1920 3888 tum

347 3924 512 3977 etiam
547 3922 650 3976 hoc
680 3921 834 3988 dicit,
861 3920 988 3991 quia
1030 3938 1049 3972 ι
1088 3923 1178 3991 qui
1226 3931 1410 3976 manet
1448 3923 1502 3976 in
1546 3911 1920 3990 charitatefin

348 4012 460 4066 Deo
510 4009 819 4065 nianet‘°.i
873 4009 940 4064 Et
979 4009 1100 4064 ideo
1142 4013 1337 4066 merito
1367 4013 1607 4068 charitas
1654 4031 1776 4084 qum
1806 4017 1923 4072 sola

347 4106 590 4160 omniurn
625 4103 797 4172 major
817 4111 925 4169 est,
965 4116 1184 4158 omnem
1216 4113 1527 4160 creaturam
1569 4109 1870 4163 continebit
1895 4127 1924 4164 a

350 4197 525 4267 lapsu.
557 4196 712 4252 Tunc
759 4197 866 4251 erit
905 4193 1048 4250 Deus
1102 4194 1216 4267 (53)
1249 4199 1428 4251 omnia
1476 4197 1530 4253 in
1583 4201 1834 4255 omnibus
1858 4201 1923 4256 ".

349 4291 431 4345 Ad
462 4293 606 4345 hunc
654 4303 888 4360 namque
939 4287 1295 4359 perfectionis
1339 4291 1567 4361 gradum
1601 4295 1927 4348 ascenderat

352 4385 628 4452 apostolus
660 4382 881 4448 Paulus,
913 4392 969 4436 et
1012 4382 1064 4436 in
1098 4382 1201 4437 hoc
1251 4390 1402 4437 stans
1436 4382 1778 4440 confidenter
1812 4385 1926 4459 (54)

353 4477 569 4530 dicebat
597 4491 610 4528 :
651 4493 670 4524 ι
704 4473 836 4540 Quis
859 4473 1004 4528 enim
1038 4488 1136 4529 nos
1162 4475 1438 4542 separabit
1463 4489 1494 4528 a
1527 4476 1795 4533 charitate
1833 4482 1926 4535 Dei
1962 4460 2006 4514 D

353 4582 472 4635 ψιερ
496 4579 578 4619 est
609 4569 662 4619 in
698 4566 918 4621 Christo
953 4563 1114 4620 Jesu?
1163 4565 1509 4622 Tribulatio?
1541 4583 1608 4622 an
1641 4573 1929 4640 angustia?

358 4673 426 4710 an
465 4658 812 4725 persecutio?
844 4673 910 4710 an
944 4658 1163 4712 fames?
1209 4673 1278 4712 an
1332 4659 1591 4715 nuditas?
1617 4677 1684 4715 an
1718 4664 1931 4731 pericu-

361 4747 508 4803 Iuni"
541 4765 606 4802 an
634 4750 846 4818 gladius
867 4749 948 4803 ’⁸³2
971 4767 988 4800 μ
1021 4751 1292 4804 etiternm
1326 4769 1339 4804 :
1378 4768 1396 4803 ε
1427 4750 1620 4806 Certus
1643 4769 1760 4806 sum
1786 4757 1928 4812 enim

2021 3205 2191 3258 forma
2217 3199 2310 3254 Dei
2335 3197 2540 3267 positus
2561 3190 2860 3249 exinanivit
2885 3189 3259 3257 semetipsum,
3287 3192 3341 3238 et
3365 3183 3595 3236 formam

2020 3294 2162 3348 servi
2197 3289 2431 3359 accepit,
2467 3297 2521 3342 et
2549 3286 2723 3340 factus
2752 3291 2834 3337 est
2861 3279 3120 3335 obediens
3153 3287 3323 3342 usque
3348 3271 3415 3326 ad
3447 3285 3597 3323 mor-

2023 3397 2130 3440 lem
2163 3383 2238 3442 “,
2289 3392 2506 3435 rursum
2553 3381 2870 3445 permaneat
2917 3372 2970 3424 in
3025 3368 3201 3422 forma
3255 3364 3392 3428 Dei,
3438 3371 3600 3428 atque

2021 3471 2244 3543 aequalis
2296 3469 2466 3523 Patri.
2519 3465 2671 3521 Unde
2702 3470 2757 3518 et
2801 3459 2996 3536 merito
3039 3457 3091 3511 in
3140 3451 3601 3522 consequentibus

2021 3567 2174 3637 ponit
2223 3561 2334 3634 (58)
2379 3579 2396 3616 :
2453 3579 2471 3611 ι
2502 3559 2579 3612 lla
2611 3564 2665 3610 et
2704 3569 2801 3608 vos
2850 3551 3164 3606 existimate
3215 3561 3312 3600 vos
3357 3552 3600 3598 mortuos

2022 3633 2240 3730 quidem
2268 3668 2388 3708 esse
2417 3659 2662 3722 peccato,
2687 3647 2930 3700 viventes
2956 3650 3138 3696 autem
3168 3639 3278 3693 Deo
3306 3637 3358 3689 in
3380 3633 3601 3730 Christo

2023 3724 2148 3806 J-esu
2195 3746 2422 3803 Domino
2447 3751 2634 3797 nostro
2659 3738 2810 3802 ¹⁰·⁸¹;
2847 3754 2868 3788 ι
2911 3747 3020 3803 quo
3065 3724 3602 3787 scilicetimitatione

2022 3839 2224 3897 Christi
2257 3846 2480 3909 peccato
2515 3832 2815 3888 moriamur
2866 3824 3027 3880 alieni
3073 3823 3141 3877 ab
3188 3835 3255 3875 eo
3301 3817 3604 3880 effecti,et

2026 3935 2136 3988 Deo
2163 3927 2721 3996 vivamnsjungentes
2765 3935 2865 3975 nos
2893 3918 2976 3980 ei,
3033 3923 3084 3971 et
3133 3929 3273 3968 unus
3302 3926 3425 3965 cum
3481 3909 3604 3978 ipso

2025 4027 2254 4098 spiritus
2276 4023 2404 4077 facti
2432 4020 2567 4088 (59).
2598 4016 2712 4071 Non
2737 4015 2857 4070 sine
2883 4023 3047 4066 causa
3070 4014 3252 4060 autem
3279 4003 3384 4057 hoc
3417 4000 3554 4054 dixit

2033 4091 2408 4172 c-Existimate
2439 4127 2530 4166 vos
2583 4118 2826 4164 mortuos
2885 4117 3011 4160 esse
3065 4109 3326 4170 peccato;
3385 4113 3404 4147 ι
3460 4091 3605 4160 quod

2028 4214 2225 4270 melius
2254 4210 2469 4280 quidem
2511 4207 2564 4261 in
2609 4203 2798 4258 Graeco
2843 4196 3074 4253 habetur
3116 4206 3129 4244 :
3181 4208 3199 4241 ‹
3233 4187 3482 4256 Cogitate
3511 4196 3606 4235 vos

2030 4314 2276 4362 mortuos
2333 4315 2454 4356 esse
2489 4304 2732 4366 peccato.
2774 4310 2792 4342 ι
2823 4288 2936 4344 Res
2995 4287 3138 4341 enim
3174 4283 3242 4341 de
3267 4294 3373 4348 qua
3424 4289 3607 4366 sermo

2033 4410 2138 4465 est,
2175 4398 2228 4450 in
2257 4390 2584 4464 cogitatione
2613 4384 2802 4452 magis,
2837 4391 2892 4436 et
2921 4378 3136 4435 ratione
3165 4371 3437 4434 subsistit,
3477 4365 3606 4465 quia

2037 4460 2353 4561 huiusmodi
2387 4498 2532 4537 mors
2566 4494 2670 4533 non
2705 4479 2758 4530 in
2783 4473 3002 4538 eﬂ'ectu,
3044 4469 3141 4525 sed
3170 4468 3226 4521 in
3273 4460 3610 4561 cogitatione

2037 4550 2282 4639 habenda
2305 4585 2405 4631 est.
2445 4573 2546 4640 Qui
2579 4570 2724 4626 enim
2763 4565 2967 4635 cogitat
3011 4561 3098 4616 vel
3142 4557 3420 4615 existimat
3465 4550 3609 4640 apud

2040 4669 2389 4738 semetipsum
2422 4671 2696 4718 mortuum
2745 4672 2805 4712 se
2845 4669 2999 4720 esse,
3054 4666 3160 4706 non
3195 4654 3402 4718 peccat.
3446 4639 3608 4738 Verbi

2036 4733 2256 4836 gratia
2289 4762 2450 4816 sime
2493 4752 2935 4823 concupiscentia
2989 4742 3234 4802 mulieris
3291 4737 3509 4797 trahat;
3560 4733 3607 4786 si

435 4885 483 4919 "
509 4885 694 4960 Matth.
726 4903 802 4949 ix,
834 4885 1044 4960 ἦξε-³³
1073 4884 1280 4960 Coloss.
1313 4903 1346 4947 l,
1383 4857 1521 4960 20.1
1551 4888 1778 4947 "ICor.
1808 4912 1926 4960 xm,

2083 4898 2128 4929 ³⁷
2153 4896 2283 4949 ibid.
2318 4893 2403 4947 l5.
2480 4890 2526 4922 ⁸³
2551 4888 2741 4944 Matth.
2767 4902 2905 4948 xxn,
2942 4881 3123 4960 57:59.
3188 4874 3473 4960 filatth‘.‘
3493 4885 3606 4960 x11,

363 4957 466 5030 I87;
500 4941 1012 5030 Ioanfxﬁdfitn.
1089 4956 1136 4988 ⁸ο
1159 4941 1344 5030 Unam
1369 4958 1550 5030 H316.

2037 4966 2133 5030 l5;
2154 4941 2444 5028 ϊὸὂι-ξὶὶι,
2469 4941 2860 5030 θδῖπεὶἐυιιι.
2884 4941 3000 5018 im,
3019 4952 3108 5030 a5.
3175 4948 3230 5030 ff
3250 4945 3383 5030 ibid.
3406 4944 3502 5030 aa,
3516 4941 3605 5030 59.

360 5027 569 5081 “ibid.
641 5027 729 5084 52.
807 5026 852 5058 "
908 5026 1292 5091 lsai.s|v,12.

360 5097 480 5133 “"3
504 5099 661 5152 lieni.
692 5114 766 5162 vt,
799 5097 884 5150 II.

437 5205 553 5280 (5i)
594 5209 904 5279 Legendum
939 5210 1156 5263 videtur
1186 5228 1204 5260 ι
1227 5224 1360 5274 nec;
1387 5231 1406 5262 ι
1461 5219 1697 5266 attamen
1747 5226 1938 5270 omnes

366 5297 500 5341 mss.
533 5281 706 5335 nostri
731 5290 784 5334 et
807 5281 936 5334 editi
969 5281 1194 5345 habent,
1230 5298 1248 5330 ι
1269 5297 1355 5336 ne.
1379 5300 1398 5331 ι

463 5351 533 5407 52
596 5350 757 5416 Editi,
786 5369 804 5402 ι
832 5351 1096 5404 Charitas.
1124 5370 1142 5401 ι

436 5350 554 5492 (55)
593 5421 757 5486 Editi,
794 5439 812 5472 ι
847 5421 1079 5474 maxima
1106 5437 1142 5474 e:

463 5357 533 5407 52
597 5357 757 5416 Editi,
786 5369 804 5402 ι
832 5357 1096 5404 Charitas.
1124 5370 1142 5401 ι

462 5357 554 5488 55)
593 5421 757 5486 Editi,
794 5439 812 5472 ι
847 5421 1079 5474 ιιιδκίιιιξι
1106 5430 1256 5474 est...
1285 5427 1411 5473 tunc
1438 5436 1561 5472 cum
1594 5417 1701 5475 erit
1730 5421 1890 5487 Deus,
1913 5441 1932 5475 ι

366 5491 474 5549 etc.
508 5493 609 5545 Ms.
647 5506 810 5554 unus,
853 5507 874 5542 ι
905 5501 1078 5544 mater
1106 5499 1258 5546 est...
1291 5505 1413 5543 cum
1447 5491 1551 5544 erit
1583 5491 1745 5556 Deus,
1776 5512 1794 5543 ι
1827 5503 1936 5546 etc.

443 5563 556 5631 (54)
580 5561 745 5631 Editi,
783 5581 803 5612 ‹
829 5557 1160 5615 ascendebat
1181 5560 1492 5630 Apostolus,
1514 5571 1568 5614 et
1585 5562 1635 5614 in
1667 5563 1769 5615 hoc
1791 5575 1940 5616 stans

369 5629 670 5760 ﬁoi‘iihlens,
701 5629 830 5704 [ωε.
860 5647 1023 5698 unus,
1050 5649 1068 5682 ι
1093 5641 1148 5688 et
1173 5629 1238 5687 in
1253 5633 1355 5687 hoc
1383 5643 1538 5686 stans
1559 5641 1614 5685 et
1630 5631 1938 5705 conlidens]

410 5720 490 5757 It'e
532 5714 604 5756 at.
631 5723 648 5754 ι

410 5714 604 5757 it'ebal.
631 5723 648 5754 ι

447 5774 582 5838 (δν)
617 5773 751 5831 Ista.
788 5773 1132 5833 Dcsideratur
1160 5776 1213 5832 in
1241 5773 1393 5831 libris
1419 5781 1570 5829 antea
1612 5773 1792 5827 editis.

1386 5027 1652 5084 “Ezeclt.
1702 5049 1892 5104 χχι-ιιι,
1948 5025 2036 5093 14.
2110 5025 2156 5070 ίτ
2206 5037 2362 5092 Rom.
2391 5025 2444 5097 v,
2469 5033 2524 5087 5.
2595 5029 2838 5085 “lCor.
2868 5025 3074 5094 xul,8.

3173 5019 3219 5051 "
3250 5015 3444 5083 Philip.
3466 5028 3527 5074 ιι.
3549 5010 3609 5064 7.

2117 5211 2230 5283 (55)
2263 5209 2424 5274 Editi,
2461 5226 2481 5260 ε
2513 5206 2862 5278 operabatur.
2909 5221 2929 5257 ι
2968 5199 3176 5255 Deinde
3221 5216 3241 5250 ι
3287 5195 3613 5252 immacula-

2047 5293 2134 5337 tns
2160 5283 2281 5335 fuit.
2329 5301 2349 5334 ι

2114 5352 2224 5424 (56)
2268 5349 2438 5424 Editi,
2467 5365 2487 5400 ι
2535 5350 2953 5424 commemorata
2975 5348 3122 5424 su_nt.
3165 5357 3211 5424 ι.
3265 5405 3308 5424 ’γ
3377 5420 3391 5424 Α
3418 5405 3499 5424 ’.Α

2113 5405 2227 5492 ('57)
2270 5405 2439 5492 Quasi
2471 5417 2676 5487 expleto
2720 5432 2801 5469 eo.
2858 5413 2982 5467 Haec
3025 5412 3218 5465 desunt
3265 5405 3318 5462 in
3368 5405 3616 5464 editione

2040 5491 2406 5562 Genebrardie
2526 5559 2537 5562 _
2943 5553 2956 5562 ,
2989 5553 3001 5562 ,
3243 5548 3256 5562 .

2113 5561 2228 5634 (58)
2267 5561 2433 5634 Editi,
2464 5579 2482 5611 ι
2525 5559 2577 5613 in
2606 5553 2956 5634 consequenti
2989 5553 3104 5634 haec
3131 5553 3304 5634 ponit.
3335 5568 3378 5632 )-

2264 5633 2636 5704 Merliquset
2687 5625 3070 5683 Genebrardus
3095 5661 3110 5688 ,
3150 5640 3169 5675 t
3205 5631 3263 5675 ut
3288 5625 3448 5676 unius
3480 5630 3612 5678 cum

2045 5700 2162 5776 ipso
2185 5700 2409 5774 spiritus
2437 5700 2583 5756 facti.
2627 5719 2645 5751 ι
