2073 3188
289 179 356 209 IDES

975 213 979 217 _
1019 184 1182 213 ORIGENIS

1852 188 1926 214 1050

287 237 408 272 argenti,
424 237 445 264 si
460 239 536 271 auri,
553 240 574 265 si
589 239 681 274 praedii
695 240 830 274 cupiditas
855 241 960 276 pulsct,
979 247 1007 269 ct
1027 250 1076 276 pn-
1092 249 1113 273 Α
1130 242 1213 274 didit,
1246 251 1255 267 ι
1284 243 1407 271 Viventes
1446 243 1500 270 Deo
1525 242 1551 270 iu
1590 242 1699 271 Christo
1723 243 1797 275 Jcsu,
1823 253 1832 270 ι
1860 252 1918 270 non

287 292 348 309 nam
365 283 390 310 in
408 284 491 311 corde
508 292 567 312 meo
582 286 653 319 quod
667 292 789 314 mortuus
806 288 860 314 sim
877 296 938 315 cum
953 288 1075 322 Christo,

288 330 363 356 etde
383 334 469 357 morte
494 332 629 365 cogitent,
654 333 836 367 exstinguitur
855 334 984 361 continuo
1007 342 1076 361 con-

288 376 454 410 eupiscentia
468 381 494 403 et
509 376 644 412 eﬂugatur
657 383 810 413 peccaturo.
826 380 881 406 Aut
906 379 928 407 si
952 380 1016 407 odio
1035 379 1078 406 vel

289 421 326 448 ira
342 420 523 448 inﬂammatus
536 423 569 449 ad
586 430 680 450 necem
698 424 823 452 conciter
844 425 945 452 inimici
960 425 1013 452 mei
1027 434 1034 457 ;
1056 425 1079 452 si

288 473 330 491 me
350 467 503 494 existimem
523 473 659 495 mortuum
675 476 735 496 esse
756 476 818 496 cum
833 469 958 501 Christo.
984 475 1013 497 et
1032 478 1079 497 co-

286 511 429 544 gitationes
446 514 541 539 mortis
563 521 659 548 ponam
677 515 703 542 in
720 515 811 542 animo
832 523 909 548 meo,
924 516 1079 550 exstingui-

288 562 330 582 tur
341 557 398 584 sine
410 558 494 585 dubio
510 558 595 591 furor,
610 565 700 587 cessat
718 560 822 593 odium,
835 562 1007 596 conquiescit
1021 561 1076 594 ira,

286 607 397 635 peccato
411 611 464 630 non
481 604 562 631 datur
578 605 664 639 locus,
682 610 709 633 et
725 606 776 633 hoc
792 607 872 634 modo
888 612 1000 641 peccato
1014 607 1076 642 quis

286 647 352 673 ntori
368 648 515 682 invenitur,
529 655 555 676 et
570 650 659 677 vivere
675 652 738 679 Deo.
761 652 813 678 Sed
827 657 855 679 et
871 653 921 679 hoc
935 652 1008 687 quod
1024 652 1074 680 ad-

1129 289 1195 315 Iuihi
1212 289 1326 316 otiosum
1341 290 1457 317 videtur.
1479 289 1574 316 Simile
1586 289 1658 316 enini
1674 296 1738 323 puto
1751 297 1823 322 esse,
1838 289 1922 324 quasi

1126 335 1242 361 dixisset
1258 343 1265 362 :
1286 335 1412 362 Viventes
1427 334 1482 362 Deo
1498 335 1525 361 in
1539 335 1683 369 sapientia,
1698 335 1724 361 in
1741 342 1821 369 pace,
1837 336 1866 361 in
1877 335 1926 369 ju-

1128 381 1214 411 stitia,
1230 380 1255 407 in
1276 380 1512 414 sanctiﬁcatione,
1528 388 1588 415 qua:
1606 382 1695 408 omnia
1718 381 1845 408 Christus
1866 386 1924 407 est.

1129 425 1158 453 In
1173 426 1215 453 his
1232 434 1296 461 ergo
1313 426 1405 453 vivere
1423 426 1489 457 Deo,
1508 426 1560 453 hoc
1573 431 1615 453 est
1630 426 1655 453 in
1669 426 1779 453 Christo
1792 426 1858 453 Jesu
1879 426 1925 452 vi-

1128 479 1191 499 vere
1218 473 1283 500 Deo.
1309 472 1387 505 Quod
1419 473 1442 499 si
1467 472 1526 499 sine
1546 472 1671 506 justitia,
1686 472 1744 499 sine
1758 479 1843 506 pace,
1859 471 1926 497 sine

1128 518 1344 545 sanctiﬁcatiOne
1369 518 1528 553 caeterisque
1561 517 1705 544 virtutibus
1734 524 1815 543 nemo
1852 516 1927 542 vivit

1127 564 1200 597 Deo,
1218 569 1323 592 certtnn
1347 568 1390 591 est
1409 565 1480 599 quod
1507 570 1587 591 nemo
1615 562 1687 590 vivat
1711 562 1784 596 Deo,
1807 561 1862 589 nisi
1895 562 1925 589 iu

1124 610 1233 638 Christo
1244 609 1319 637 Jesu.
1333 610 1417 637 Amen
1432 608 1499 645 (60).

291 738 1902 753 ——————____—______-_——__—___—_

857 849 1040 893 LIBER
1078 847 1328 893 SEXTUS.

320 1043 345 1070 1.
365 1053 374 1069 ι
402 1043 460 1071 Non
485 1052 549 1079 ergo
577 1050 671 1080 regnet
689 1049 833 1079 peccatum
855 1045 881 1071 in
896 1050 988 1072 vestro
1007 1051 1080 1071 mor-
1097 1048 1117 1075 Β
1134 1045 1189 1077 bet,
1206 1043 1382 1078 concupiscat
1399 1043 1456 1077 (65)
1472 1051 1482 1068 ι
1501 1049 1567 1069 caro
1590 1042 1720 1069 adversus
1734 1042 1886 1075 spiritum,
1902 1047 1933 1069 et

280 1091 326 1116 tali
341 1098 472 1126 corpore,
496 1092 529 1118 ad
545 1091 725 1119 obediendum
750 1091 894 1119 desideriis
917 1091 975 1124 ejus
1003 1090 1076 1126 (6|),

281 1143 370 1170 tneque
391 1136 543 1163 exhibeatis
560 1137 683 1164 membra
701 1141 789 1164 vestra
811 1144 889 1163 arma
917 1136 1077 1170 iniquitatis

280 1187 414 1215 peccato:
429 1183 476 1209 sed
490 1183 615 1210 exhibete
631 1191 679 1210 vos
704 1183 776 1214 Deo,
792 1188 921 1215 tanquam
946 1191 979 1209 ex
998 1190 1076 1210 mor-

282 1227 336 1253 tuis
349 1227 474 1255 viventes
491 1235 498 1254 :
514 1232 540 1255 et
552 1228 672 1255 membra
685 1233 776 1255 vestra
791 1235 867 1254 arma
878 1228 993 1262 justitize
1006 1227 1074 1255 Deo.

280 1272 424 1299 Peccatum
441 1273 513 1300 enim
530 1274 606 1301 vobis
622 1281 676 1301 non
696 1274 881 1301 dominabitur
899 1282 905 1300 :
923 1281 977 1301 non
997 1275 1074 1301 enim

281 1319 329 1344 sub
346 1319 406 1353 lege
421 1319 498 1351 estis,
514 1319 560 1346 sed
580 1320 631 1347 sub
647 1321 734 1355 gratia
751 1320 785 1347 ".
806 1330 815 1347 ι
837 1319 865 1347 In
883 1321 1079 1356 superioribus

279 1364 318 1390 ait
346 1372 353 1390 :
383 1373 392 1389 ι
413 1364 490 1392 Sicut
517 1367 643 1400 regnavit
664 1371 806 1401 peccatum
838 1367 864 1393 in
886 1372 974 1395 morte
1001 1368 1038 1393 ".
1064 1377 1073 1393 ι

280 1409 357 1437 Nunc
369 1416 461 1437 autem
483 1418 536 1437 non
551 1412 622 1438 dixit
636 1419 642 1437 :
661 1411 717 1439 Non
732 1420 798 1447 ergo
815 1418 909 1447 regnet
925 1417 1075 1448 peccatqu

280 1455 305 1481 in
322 1461 426 1488 morte;
447 1457 495 1483 sed
509 1457 546 1484 ait
561 1465 567 1483 :
586 1466 596 1482 ι
613 1457 671 1485 Νοιι
689 1465 753 1493 ergo
773 1464 868 1493 regnet
881 1464 1028 1493 peccatum
1048 1459 1074 1485 in

279 1506 368 1529 vestro
385 1502 492 1529 mortali
514 1510 646 1537 corpore,
666 1504 699 1530 ad
716 1504 897 1531 obediendum
923 1504 1073 1532 desideriis

276 1547 352 1581 ejus;
373 1557 384 1574 ι
402 1549 502 1576 docens
514 1557 563 1584 per
577 1550 628 1576 hoc
643 1551 732 1577 sedem
749 1551 894 1584 quamdam
910 1556 936 1577 et
951 1557 1071 1585 regnum

277 1599 414 1627 peccatum
430 1595 594 1631 haberc(62)
607 1596 686 1631 57o
695 1596 721 1623 in
733 1604 857 1630 corpore.
869 1596 923 1624 Hoc
934 1601 977 1624 est
993 1596 1071 1631 quod

1132 1090 1246 1124 spiritus
1267 1090 1396 1117 adversus
1407 1096 1529 1120 carnem,
1541 1093 1568 1116 et
1579 1089 1636 1115 lucc
1647 1088 1831 1116 sibijnvicem
1851 1097 1860 1113 ι
1877 1088 1930 1114 ad-

1130 1141 1276 1163 versentur
1290 1136 1324 1163 ".
1339 1135 1409 1163 Illud
1437 1140 1529 1162 tamen
1543 1135 1670 1167 adverte,
1690 1134 1762 1168 quod
1774 1134 1932 1161 ostendens

1131 1182 1157 1208 iu
1173 1187 1267 1208 nostra
1281 1186 1412 1216 potestate
1426 1181 1541 1215 positqu
1558 1185 1587 1207 ut
1601 1187 1653 1207 non
1671 1184 1765 1215 regnet
1782 1180 1808 1206 in
1828 1185 1931 1206 nostro

1131 1227 1238 1253 mortali
1267 1233 1382 1260 corpore
1412 1229 1552 1260 peccatum
1578 1223 1653 1259 (66),
1680 1228 1849 1258 przeceptum
1881 1223 1931 1250 dat

1130 1271 1286 1306 Apostolus,
1309 1272 1403 1298 dicens
1423 1282 1429 1299 :
1450 1280 1459 1296 ι
1478 1270 1535 1297 Non
1545 1277 1609 1304 ergo
1624 1275 1717 1304 regnet
1735 1276 1882 1304 peccatum
1901 1269 1929 1295 iu

1131 1322 1222 1344 vestro
1239 1317 1348 1344 mortali
1367 1325 1498 1352 corpore,
1520 1317 1553 1343 ad
1577 1317 1758 1344 obediendum
1778 1315 1930 1342 desideriis

1129 1362 1189 1397 ejus
1203 1363 1237 1390 °°.
1263 1373 1271 1389 ι
1291 1362 1346 1390 Nisi
1362 1364 1435 1391 enim
1461 1367 1533 1391 esset
1557 1363 1583 1390 in
1607 1368 1700 1390 nostra
1728 1366 1869 1397 potestate
1899 1367 1931 1388 ut

1128 1416 1183 1435 non
1201 1414 1330 1442 regnaret
1346 1409 1372 1436 in
1387 1410 1464 1437 nobis
1478 1414 1627 1444 peccatum,
1645 1413 1811 1444 praeceptum
1830 1409 1930 1442 utique

1125 1461 1178 1481 non
1201 1455 1330 1482 dedisset.
1356 1455 1495 1488 Quomodo
1517 1462 1581 1490 ergo
1599 1454 1727 1489 possibile
1741 1460 1785 1481 est
1805 1459 1836 1481 ut
1860 1462 1931 1489 pec-

1128 1506 1218 1527 catum
1234 1501 1259 1527 in
1274 1509 1357 1529 carne
1372 1506 1464 1528 nostra
1491 1509 1542 1528 non
1559 1501 1670 1536 regnet?
1686 1501 1714 1529 Si
1732 1500 1868 1528 faciamus
1886 1501 1922 1527 il—

1131 1544 1175 1572 lud
1187 1547 1258 1580 quod
1271 1546 1340 1573 idem
1349 1546 1493 1580 Apostolus
1504 1546 1584 1574 dicit:
1600 1555 1610 1572 ι
1623 1546 1783 1573 Mortiﬁcate
1794 1546 1927 1573 membra

1131 1596 1223 1618 vestra
1239 1599 1298 1624 qua:
1312 1596 1375 1619 sunt
1389 1599 1470 1626 supra
1488 1597 1588 1618 terram
1604 1591 1639 1625 οι,
1660 1601 1670 1617 ι
1696 1597 1723 1619 et
1739 1592 1761 1619 si
1787 1601 1797 1617 ι
1813 1599 1931 1627 semper

277 1639 376 1666 eum“
390 1640 686 1669 dixin-“prudentia
698 1642 788 1669 comis
801 1642 909 1669 inimica
918 1642 1071 1672 θςιυεοςι
1091 1632 1113 1661 C
1131 1643 1245 1664 mortem
1268 1637 1369 1664 Christi
1398 1638 1425 1665 in
1453 1645 1568 1672 corpore
1588 1644 1681 1665 nostro
1699 1647 1708 1663 ι
1739 1638 1930 1666 circumfera-

275 1687 303 1709 et
322 1684 420 1710 iterum
437 1694 443 1712 :
463 1695 471 1711 ι
491 1685 641 1713 Prudentia
667 1688 756 1714 carnis
781 1695 856 1715 mors
878 1693 917 1716 est
930 1688 964 1714 “.
985 1697 996 1714 ι
1019 1687 1074 1714 Sed

274 1734 301 1756 et
315 1731 406 1758 omnia
425 1737 535 1766 peccata
551 1733 694 1767 Apostolus
708 1742 790 1768 opera
807 1734 898 1762 carnis
918 1742 978 1761 esse
1002 1741 1071 1768 pro-

274 1776 380 1802 nuntiat
395 1777 428 1810 ",
441 1785 501 1812 qua:
516 1778 583 1806 dicit
595 1786 657 1806 esse
673 1779 899 1814 fornicationem,
917 1778 1072 1807 immundi-

274 1821 351 1854 tiam,
367 1824 518 1857 passionem
531 1843 539 1856 ,
553 1825 798 1860 concupiscentiam
818 1826 930 1858 malam,
945 1824 1073 1860 impudi-

274 1866 367 1893 citiam
378 1887 386 1900 ,
406 1868 588 1897 idololatriam
600 1890 607 1902 ,
623 1870 765 1904 maleﬁcia,
785 1871 953 1904 inimicitias,
970 1874 1071 1897 certa-

273 1912 346 1938 mina
356 1931 363 1944 ,
378 1913 484 1946 zelum,
502 1915 632 1949 furorem,
646 1916 846 1949 contentiones,
863 1917 1069 1947 dissensiones,

272 1957 401 1991 haereses,
417 1960 557 1993 invidiam,
570 1961 729 1995 ebrietates,
743 1963 968 1994 comessationes,
979 1966 1013 1989 et.
1029 1961 1071 1987 his

272 2003 382 2031 similia.
405 2005 458 2032 Sed
473 2006 495 2033 si
520 2007 645 2041 requiras
667 2010 801 2042 quomodo
825 2009 909 2037 ctiam
940 2010 1070 2035 haereses

271 2049 345 2077 inter
368 2052 457 2079 carnis
480 2061 562 2087 opera
589 2061 782 2087 numerentur,
807 2055 931 2083 invenies
953 2060 1007 2080 cas
1036 2052 1070 2078 de

272 2105 352 2124 sensu
369 2099 460 2127 carnis
485 2102 645 2135 procedere.
665 2103 711 2130 Sic
734 2104 806 2130 enim
824 2103 892 2130 dicit
912 2100 1069 2137 Apostolus

269 2142 302 2170 de
316 2145 431 2178 quodam
447 2154 454 2172 :
470 2156 479 2172 ι
499 2147 625 2179 Frustra,
637 2148 736 2183 inquit.
750 2149 858 2176 inﬂatus
870 2156 884 2175 a
897 2155 982 2176 sensu
1008 2144 1067 2180 (67))

268 2190 359 2216 carnis
378 2198 449 2225 suae,
472 2197 499 2219 et
515 2201 572 2220 non
587 2198 682 2221 tenens
698 2195 821 2229 caput”.
847 2204 856 2220 ι
881 2194 946 2221 Htec
967 2197 1066 2219 autem

268 2234 388 2262 diximus
406 2240 435 2262 ut
451 2237 626 2265 manifestior
647 2238 722 2266 ﬁeret
738 2239 901 2272 intellectus,
921 2236 1067 2273 quomodo

266 2286 408 2314 peccatum
423 2287 516 2316 regnet
536 2283 563 2310 in
591 2291 715 2318 corpore.
746 2284 841 2312 Omnia
865 2290 993 2318 namque
1020 2281 1064 2307 illa

265 2334 324 2360 qua:
338 2328 464 2362 superius
477 2336 559 2364 opera
574 2331 664 2358 carnis
677 2338 737 2359 esse
754 2331 990 2360 enumeravimus,
1006 2328 1064 2354 vel-

265 2378 293 2399 ut
318 2375 455 2402 exercitus
467 2376 580 2411 quidam
596 2381 717 2404 armatus
728 2383 769 2404 est
784 2377 842 2412 (64)
857 2377 907 2404 sub
923 2377 980 2403 hoc
1000 2380 1065 2406 rege

265 2419 367 2451 peccati
383 2420 512 2453 militans,
527 2426 556 2448 et
573 2421 624 2456 legi
648 2421 706 2455 ejus
723 2430 821 2457 parens
833 2442 841 2455 ,
853 2430 914 2457 qu.c
930 2421 958 2447 in
976 2425 1066 2445 mcui-

265 2464 321 2491 bris
334 2466 426 2493 carnis
440 2467 573 2501 inscripta
591 2473 644 2495 cst.
657 2469 768 2496 Certum
786 2474 829 2496 est
847 2470 935 2500 enim,
950 2466 1019 2501 quia
1033 2471 1066 2491 ex

263 2517 295 2537 eo
311 2511 385 2544 quod
402 2512 547 2540 desideriis
569 2515 675 2548 peccati
697 2522 764 2543 caro
785 2513 976 2543 obedientiam
993 2517 1066 2544 pra!-

309 2580 332 2596 "
343 2580 420 2607 Rom.
439 2589 476 2614 vi,
490 2582 582 2611 12—”.

261 2615 406 2648 11,18,19.

636 2584 659 2600 εδ
674 2584 752 2611 Rom.
765 2593 791 2616 v,
815 2584 861 2610 21.

444 2618 467 2633 ιν
483 2617 574 2645 Galat.
586 2620 666 2650 v.17.
704 2621 820 2648 “Rom.
835 2627 873 2651 νι,
896 2615 942 2643 ιι).-

290 2686 346 2719 (υθ)
368 2685 442 2714 Jesu.
460 2688 553 2717 Amen.
570 2689 631 2718 ihcc
646 2692 743 2720 desunt
756 2693 781 2719 in
799 2690 883 2718 libris
905 2690 991 2714 antea
1007 2683 1062 2710 edi-

254 2721 395 2759 tiszllfss;
406 2727 494 2750 tamen
508 2725 631 2759 plerique
645 2729 773 2755 omittunt
793 2736 802 2752 ι
825 2728 933 2752 Amen.
956 2730 966 2745 ι

273 2755 348 2796 ,(61)
366 2756 414 2796 Sic
428 2765 496 2796 tuss.
508 2755 677 2794 Editi'vero,
695 2772 704 2789 ι
727 2769 757 2790 ιιι
779 2759 929 2789 obediatis
956 2761 1059 2782 concu-

254 2792 396 2824 piscentiis
413 2794 482 2825 ejus.
502 2803 512 2819 ι

291 2826 452 2868 (servituti.
472 2837 481 2853 α
502 2836 550 2862 per
563 2830 619 2857 haec
641 2832 730 2861 sedem
756 2829 919 2868 quamdam
946 2830 1062 2860 τεὲηίτηι

255 2861 361 2896 peccati
371 2862 487 2896 habere,
502 2861 514 2888 γι
535 2870 589 2891 etc.

293 2894 352 2930 ((35)
369 2895 452 2931 Editi,
467 2894 592 2927 (frustra
608 2904 676 2936 quod
689 2905 796 2934 amatus
809 2903 848 2932 dc
865 2904 970 2928 sensu-
987 2904 998 2921 ι

921 2580 946 2596 ⁸³
963 2578 1047 2605 Rom.
1062 2584 1119 2608 vlli,
1143 2578 1167 2603 7.

984 2612 1007 2627 θ’
1023 2611 1125 2638 Coluss.
1145 2622 1183 2644 ιιι,
1194 2615 1220 2641 fi.

1132 1690 1193 1710 mus
1208 1684 1241 1710 δ’.
1258 1684 1368 1710 Certum
1385 1690 1501 1718 namque
1515 1687 1567 1716 est,
1586 1684 1649 1718 quia
1666 1683 1712 1710 ubi
1728 1691 1803 1711 mors
1818 1683 1929 1712 Christi

1131 1729 1334 1762 circumfertur,
1361 1737 1414 1757 non
1440 1734 1527 1764 potest
1549 1737 1668 1764 regnare
1693 1735 1850 1764 peccatum.
1876 1729 1931 1757 Est

1130 1775 1202 1801 enim
1221 1779 1296 1802 tanta
1320 1774 1362 1803 vis
1384 1776 1474 1803 crucis
1495 1775 1617 1808 Christi,
1644 1781 1674 1802 ut
1696 1776 1717 1803 si
1745 1781 1810 1803 ante
1828 1776 1930 1803 oculos

1129 1826 1257 1853 ponatur,
1274 1826 1302 1848 et
1317 1821 1345 1848 in
1357 1826 1447 1848 mente
1465 1821 1581 1857 ﬁdeliter
1595 1822 1763 1854 retineatur.
1780 1822 1818 1849 ita
1845 1828 1876 1849 ut
1897 1823 1927 1850 in

1130 1867 1214 1900 ipsam
1230 1872 1343 1894 mortem
1359 1868 1458 1895 Christi
1473 1868 1591 1895 intentus
1612 1867 1711 1895 oculus
1727 1871 1830 1896 mentis
1847 1869 1929 1903 aspi-

1128 1913 1192 1946 ciat,
1208 1912 1280 1940 nulla
1295 1914 1533 1948 concupiscentia,
1551 1912 1623 1940 nulla
1647 1913 1747 1947 libido,
1765 1914 1859 1942 nullus
1882 1915 1929 1942 fu-

1129 1965 1185 1991 ror,
1200 1960 1275 1986 nulla
1291 1967 1422 1994 superare
1434 1961 1519 1995 possit
1538 1960 1658 1993 invidia;
1676 1960 1723 1987 sed
1737 1961 1872 1988 continuo
1890 1963 1928 1989 ad

1125 2005 1184 2039 ejus
1199 2005 1375 2039 prmsentiam
1393 2011 1464 2034 totus
1478 2006 1521 2033 ille
1533 2014 1615 2041 quem
1632 2014 1713 2040 supra
1740 2008 1926 2034 enumeravi-

1127 2058 1188 2077 mus
1213 2052 1318 2086 peccati
1345 2058 1372 2080 et
1396 2052 1486 2079 carnis
1512 2053 1621 2087 fugatur
1644 2052 1809 2079 exercitus:
1828 2053 1924 2088 ipsum

1125 2104 1189 2124 vero
1206 2104 1345 2131 peccatum
1361 2107 1411 2126 nec
1433 2099 1566 2131 subsistit,
1581 2100 1679 2134 quippe
1695 2107 1756 2127 cum
1779 2108 1832 2127 nec
1857 2100 1928 2128 sub-

1124 2143 1225 2169 stantia
1239 2144 1298 2178 ejus
1317 2152 1431 2179 usquam
1450 2146 1485 2172 sit
1500 2146 1553 2173 nisi
1569 2147 1594 2173 in
1608 2153 1690 2181 opere
1711 2151 1739 2173 et
1758 2147 1856 2182 gestis.
1874 2148 1927 2175 Est

1123 2197 1186 2223 ergo
1206 2190 1230 2215 in
1253 2191 1331 2218 nobis
1347 2196 1373 2217 ct
1397 2192 1618 2226 concupiscentia
1648 2192 1773 2226 peccati,
1792 2201 1857 2227 qua
1877 2201 1924 2221 ως

1128 2243 1207 2266 gnum
1228 2236 1305 2262 habet
1324 2237 1349 2262 iu
1369 2245 1452 2263 carne
1472 2246 1478 2268 ς
1497 2243 1538 2263 cst
1552 2242 1579 2264 et
1599 2238 1822 2273 concupiscentia
1840 2240 1926 2274 spiri-

1122 2284 1173 2308 tus,
1190 2289 1246 2313 qm-
1263 2290 1372 2315 ivgnnni
1390 2282 1470 2309 habet
1487 2284 1513 2308 in
1528 2287 1627 2313 mente.
1638 2283 1789 2310 secundum
1806 2283 1832 2310 id
1847 2285 1925 2318 quod

1117 2332 1196 2358 supra
1218 2327 1345 2358 diximus,
1370 2328 1433 2360 quia
1465 2338 1473 2353 ι
1504 2335 1569 2355 caro
1591 2329 1758 2362 concupiscit
1787 2330 1925 2360 adversus

1116 2372 1250 2404 spiritum,
1266 2374 1379 2406 spiritus
1393 2380 1483 2401 autem
1499 2376 1628 2402 adversus
1639 2383 1750 2403 carnem
1765 2376 1801 2404 ⁸⁸.
1819 2387 1830 2403 ι
1849 2377 1923 2406 Cum

1123 2425 1186 2450 ergo
1201 2420 1418 2453 concupiscimus
1436 2421 1508 2454 quod
1527 2429 1579 2448 non
1597 2422 1681 2454 licet,
1700 2423 1743 2450 vel
1763 2437 1773 2446 ιη

1123 2464 1208 2495 ιιραιι,
1228 2465 1267 2490 \‘ci
1284 2466 1354 2499 quod
1373 2475 1426 2492 nun
1442 2468 1563 2502 expetiit,
1581 2468 1723 2503 coacupisc

1121 2516 1172 2535 est.
1195 2511 1261 2536 Cum
1285 2519 1349 2537 vero
1368 2520 1436 2540 conc

1864 2435 1921 2453 liUll

1442 2468 1563 2502 expedit.
1581 2468 1927 2554 caliculus“

1310 2617 1368 2645 lCo

1112 2727 1169 2751 Cat;
1194 2731 1201 2746 ι
1220 2724 1302 2750 male.

1115 2756 1203 2801 minus)
1219 2758 1274 2801 llidi
1846 2758 1850 2759 ⁷
1867 2768 1921 2796 ια-

1225 2580 1247 2594 “"
1264 2582 1327 2607 ibid.
1346 2582 1373 2608 (ἰ.
1411 2583 1422 2608 Ε

1260 2616 1281 2631 θ’
1299 2616 1317 2642 ll
1330 2618 1368 2645 Co

1147 2685 1202 2718 (iii)
1226 2687 1301 2714 Alias

1112 2727 1169 2751 Cat;
1194 2731 1201 2746 ι
1220 2724 1302 2750 male.

1148 2756 1203 2786 (iiii)
1228 2758 1274 2786 iidi

1115 2796 1283 2820 \'Ct'>:ttiltl|‘.2

1150 2827 1203 2859 tUU)
1229 2828 1269 2854 In;

1116 2858 1212 2894 legitur
1231 2872 1240 2889 ι

1148 2764 1203 2786 (tm)
1228 2764 1274 2786 [aut
1822 2781 1827 2786 .
1867 2768 1921 2796 Id-

1115 2796 1283 2820 \'Ct'>:ttilll|‘.‘
1811 2796 1818 2806 ⁵

1229 2828 1269 2854 In:
1792 2835 1819 2857 vi
1838 2849 1851 2861 ί,
1905 2847 1919 2866 ³
