4146 6448
400 337 422 391 Ι
433 334 536 391 057

1353 337 1713 396 COMMENT.
1758 340 1825 396 IN
1866 341 2086 398 El’lS’l.
2130 346 2221 395 Al)
2249 347 2413 399 liUM.
2457 351 2586 401 LIB.
2636 353 2725 405 Vl.

3525 370 3667 422 1058

393 450 615 523 quando
662 450 842 506 videat
875 450 988 524 (67)
1033 451 1268 508 salutare
1322 452 1414 509 Dei
1452 455 1518 519 ⁸⁸,
1558 456 1666 510 ista
1715 456 1981 527 concupi-
2012 461 2057 516 Α
2089 456 2157 510 tis
2184 469 2444 526 peccato;
2482 462 2578 516 sed
2601 462 2854 519 exhibete
2875 479 2972 521 vos
3004 466 3115 525 Deo
3137 475 3396 541 tanquam
3419 489 3485 531 ex
3516 494 3664 533 mor-

392 544 599 601 seentia
629 543 854 614 spiritus
886 552 993 599 est.
1025 544 1179 600 Unde
1205 554 1432 615 apparet
1450 547 1687 601 mediam
1714 549 1978 617 quodam-

394 633 555 690 modo
596 650 720 691 esse
752 636 989 691 animam
1041 637 1189 691 inter
1229 652 1454 693 carnem
1500 647 1559 693 et
1605 641 1896 710 spiritum;
1925 650 1980 696 et

393 727 439 782 si
480 728 701 796 quidem
731 728 980 798 junxcrit
1011 743 1070 783 se
1113 728 1227 800 (68)
1278 730 1432 785 carni
1483 731 1551 786 ad
1611 733 1972 789 obediendum

393 817 682 875 desideriis
730 820 939 891 peccati
960 859 977 886 ,
1011 820 1245 877 elIicitur
1272 837 1394 878 eum
1444 838 1506 879 ea
1537 839 1703 879 unum
1734 840 1972 896 corpus;

391 911 437 968 si
465 926 600 968 vero
628 911 876 982 jnnxerit
905 926 965 969 se
993 912 1122 979 Deo,
1161 913 1396 969 eilicitur
1426 931 1551 971 cum
1591 931 1660 971 eo
1685 932 1826 973 unus
1862 919 1975 988 spi-

392 1004 552 1069 ritus,
603 1006 901 1061 secundum
952 1006 1084 1063 illud
1139 1009 1283 1078 quod
1353 1009 1557 1064 dictum
1614 1019 1746 1065 est:
1804 1030 1823 1063 ‹
1868 1013 1970 1079 Qui

390 1096 534 1150 enim
556 1096 744 1166 jungit
781 1111 841 1153 se
887 1100 1198 1169 meretrici,
1235 1116 1404 1156 unum
1460 1116 1659 1173 corpus
1699 1113 1814 1171 est;
1874 1107 1966 1175 qui

389 1199 574 1243 autem
617 1188 799 1259 jungit
844 1205 903 1245 se
949 1191 1213 1254 Domino,
1263 1208 1406 1248 unus
1443 1195 1667 1264 spiritus
1711 1205 1793 1251 est
1836 1196 1903 1250 ⁸⁵.
1944 1217 1963 1248 ι

388 1278 500 1336 Nec
531 1280 750 1337 mireris
794 1281 843 1337 si
875 1297 1093 1338 carnem
1124 1285 1469 1340 meretricem
1497 1296 1686 1355 vocet,
1718 1303 1834 1359 qua
1864 1289 1968 1345 illis

385 1374 639 1428 omnibus
670 1388 792 1443 quae
816 1390 982 1444 supra
1011 1377 1453 1434 enumeravimus
1481 1379 1629 1435 vitiis
1652 1390 1817 1449 atque
1840 1395 1967 1450 pec-

385 1467 561 1532 catis,
610 1475 871 1538 tanquam
924 1469 1254 1538 turpissimis
1299 1472 1646 1528 amatoribus
1694 1474 1960 1544 subjacct.

386 1555 630 1628 Requirn
656 1571 836 1616 autem
871 1577 971 1617 cur
998 1562 1271 1618 addiderit
1293 1603 1309 1626 ,
1341 1582 1361 1617 ι
1403 1564 1458 1618 in
1496 1579 1730 1634 corpore
1773 1575 1963 1621 vestro

385 1653 642 1721 mortali,
686 1672 707 1707 ›
760 1670 883 1710 cum
920 1657 1109 1727 utique
1161 1654 1468 1712 suﬂ'ecisset
1519 1657 1747 1712 dicere:
1790 1676 1808 1709 ι
1846 1658 1962 1713 Non

383 1757 518 1814 ergo
566 1756 759 1818 regnet
818 1759 1104 1819 peccatum
1157 1750 1210 1803 in
1259 1758 1444 1805 ves1ro
1498 1764 1749 1820 corpore.
1789 1769 1808 1803 ›
1868 1751 1962 1809 Ut-

2085 543 2190 598 tuis
2214 546 2478 613 viventes,
2507 558 2561 603 et
2595 552 2835 608 membra
2875 565 3056 612 vestra
3111 561 3286 631 magis
3318 577 3467 619 arma
3497 564 3665 634 justi-

2085 634 2168 690 tize
2196 635 2325 692 Deo.
2356 658 2377 692 ι
2434 641 2648 696 Intuere
2698 657 2799 713 per
2842 646 3054 718 singula
3093 651 3417 720 sapientiam
3455 654 3606 711 Pauli
3642 698 3661 723 ,

2079 727 2203 797 quia
2238 728 2353 801 (76)
2395 732 2721 789 necessariis
2777 735 3274 808 discrepationibus
3301 745 3496 801 utitur.
3552 748 3658 805 Ubi

2078 818 2211 873 dicit
2247 835 2401 876 arma
2447 837 2551 878 non
2583 839 2703 880 esse
2733 827 3020 894 prtebenda
3078 846 3302 901 peccato
3336 837 3419 892 vel
3456 838 3659 910 iniqui-

2080 911 2198 975 tati,
2233 928 2339 968 non
2371 929 2491 979 nos,
2529 915 2622 971 sed
2655 919 2897 974 membra
2931 932 3114 978 nostra
3147 928 3295 996 ponit
3336 946 3350 983 :
3384 931 3472 985 ubi
3524 947 3658 991 vero

2074 1003 2264 1058 suadet
2321 1013 2381 1058 ut
2410 1006 2518 1061 Deo
2567 1023 2666 1063 nos
2710 1010 3102 1079 exbibeamus,
3162 1032 3267 1073 non
3301 1031 3427 1077 ante
3476 1038 3655 1080 mem-

2073 1094 2171 1147 bra
2200 1094 2335 1167 (77),
2364 1113 2527 1168 quam
2575 1115 2673 1156 nos
2727 1102 2872 1171 ipsos
2914 1107 3160 1164 exhiberi
3194 1112 3302 1166 vult
3336 1114 3446 1169 Deo
3476 1157 3491 1181 ,
3549 1119 3656 1174 hoc

2071 1195 2155 1239 est
2208 1190 2464 1253 animam,
2499 1192 2584 1246 vel
2615 1195 2950 1263 propositqu
2980 1210 3222 1258 nostrum
3248 1244 3264 1269 ,
3295 1214 3352 1259 ut
3377 1222 3497 1261 cum
3536 1211 3655 1277 pios

2070 1293 2171 1333 nos
2202 1279 2347 1348 ipsos
2370 1283 2779 1345 exbibuerimus
2807 1291 2937 1356 Deo,
2976 1301 3029 1347 et
3057 1294 3451 1354 adhaeserimus
3479 1300 3552 1366 ei,
3575 1301 3651 1357 ita

2069 1368 2285 1425 demum
2317 1373 2481 1427 etiam
2534 1379 2779 1434 membra
2821 1391 3007 1439 nostra
3049 1383 3348 1444 eﬂiciamus
3381 1405 3531 1446 arma
3559 1391 3650 1461 ju-

2067 1463 2228 1517 stitiae
2262 1463 2394 1521 Deo.
2430 1465 2584 1525 Sicut
2614 1472 2760 1527 enim
2787 1490 2978 1531 manus
3008 1489 3210 1535 sancta:
3235 1480 3512 1548 dicuntur,
3530 1501 3650 1555 qua:

2067 1555 2275 1609 sanctis
2302 1559 2565 1627 operibus
2591 1563 3042 1634 ministraverint,
3072 1582 3131 1624 ut
3157 1571 3447 1642 Apostolus
3481 1578 3643 1635 dicit:

2066 1749 2134 1789 ne
2154 1736 2200 1768 ⁷⁰
2232 1753 2247 1803 ;
2290 1758 2308 1789 ι
2339 1749 2395 1795 et
2417 1757 2632 1798 rursum
2657 1761 2850 1803 manus
2884 1749 3138 1806 dicuntur
3161 1753 3332 1824 plena:
3354 1736 3642 1831 sanguine,

380 1837 512 1906 quid
545 1839 765 1895 additur
787 1818 841 1895 et
875 1858 896 1892 ε
929 1840 1141 1896 mortali
1169 1840 1302 1911 (69),
1331 1859 1349 1892 ,
1376 1840 1531 1911 quasi
1556 1818 1827 1897 σίιδίιπθι
1857 1844 1960 1898 an,
1996 1818 2038 1878 Β
2066 1840 2185 1924 quae
2204 1828 2270 1924 ad
2284 1829 2667 1889 cﬂ‘undendum
2687 1840 3005 1908 sanguinem
3035 1818 3639 1924 mini-straverinlv(78)t

379 1927 504 1996 quis
537 1943 737 2000 corpus
783 1945 908 1987 esse
938 1931 1207 1987 mortale?
1242 1930 1348 1986 Sed
1402 1931 1534 1986 mihi
1568 1931 1783 1988 videtur
1813 1935 1957 2002 quod

376 2034 486 2076 non
515 2021 635 2077 sine
653 2037 817 2079 causa
844 2024 1008 2080 etiam
1034 2025 1135 2081 hoc
1166 2024 1458 2081 addiderit.
1487 2024 1785 2082 Admonuit
1810 2028 1956 2082 enim

377 2124 479 2181 per
502 2110 604 2168 hoc
636 2113 909 2183 quomodo
954 2114 1070 2186 (70)
1106 2115 1293 2185 possit
1324 2116 1377 2168 in
1429 2129 1660 2185 corpore
1711 2132 1817 2171 non
1872 2132 1959 2174 re-

377 2217 545 2273 gnare
577 2216 880 2274 peccatum,
911 2206 1214 2262 secundum
1252 2206 1396 2276 quod
1425 2216 1481 2262 et
1504 2208 1632 2263 alibi
1660 2209 1775 2278 ipse
1802 2208 1960 2265 dixe-

380 2303 469 2348 rat
502 2310 516 2348 :
556 2313 576 2347 ι
607 2295 821 2366 Corpus
849 2297 1071 2366 quidem
1104 2306 1378 2352 mortuum
1427 2305 1516 2353 est
1562 2308 1782 2368 propter
1826 2314 1955 2368 pec-

371 2394 597 2452 catum,
652 2387 878 2457 spiritus
929 2403 1062 2444 vero
1112 2390 1220 2444 vita
1272 2398 1356 2445 est
1396 2389 1510 2461 (71)
1540 2401 1761 2460 propter
1788 2391 1955 2462 justi-

373 2477 506 2533 tiam
532 2479 599 2532 ⁸ο.
640 2497 660 2531 ι
696 2478 753 2535 Si
802 2494 931 2550 ergo
984 2482 1225 2536 sciamus
1273 2483 1402 2552 quia
1451 2496 1649 2551 corpus
1700 2495 1950 2539 nostrum

370 2571 693 2627 mortiﬁcari
736 2581 948 2640 potest,
989 2581 1045 2628 et
1075 2582 1350 2627 mortuum
1383 2587 1508 2629 esse
1552 2584 1815 2642 peccato,
1861 2589 1955 2645 po-

371 2668 477 2717 test
507 2663 621 2717 lieri
657 2674 716 2717 ut
744 2679 849 2718 non
891 2674 1081 2735 regnet
1110 2666 1165 2720 in
1197 2679 1264 2722 eo
1291 2675 1603 2735 peccatum.
1633 2667 1949 2723 Secundum

368 2753 473 2809 hoc
504 2769 738 2825 namque
768 2756 911 2825 quod
946 2767 1218 2812 mortuum
1252 2767 1367 2822 est,
1397 2757 1759 2828 justiﬁcatum
1813 2759 1953 2815 dici-

366 2855 459 2901 tur
488 2847 603 2917 (72)
637 2862 666 2901 a
697 2861 920 2918 peccato
948 2849 1014 2903 ⁸⁷.
1077 2848 1268 2919 Neque
1304 2850 1451 2905 enim
1506 2859 1758 2907 mortuus
1815 2866 1951 2907 con-

365 2938 602 3009 eupiscit
628 2949 722 2994 aut
750 2939 1046 3006 irascitur,
1099 2951 1192 2996 aut
1246 2940 1382 2997 furit
1436 2941 1575 3015 (73),
1619 2952 1714 2999 aut
1760 2943 1952 3015 diripit

366 3028 565 3085 aliena.
624 3029 685 3086 Si
735 3045 867 3102 ergo
917 3033 988 3088 ab
1039 3032 1126 3089 bis
1167 3034 1424 3089 omnibus
1488 3035 1951 3103 concupiscentiis

366 3134 567 3191 corpus
594 3122 988 3192 reprimamns,
1028 3132 1298 3180 mortuum
1334 3135 1563 3194 peccato
1588 3126 1790 3182 dicitur
1827 3142 1950 3183 esse
1975 3166 2017 3225 ο

364 3227 590 3284 corpus.
630 3214 698 3270 Et
724 3214 828 3271 hoc
852 3224 936 3270 est
959 3217 1100 3285 quod
1133 3216 1186 3270 in
1222 3217 1479 3286 praesenti
1514 3216 1632 3273 loco
1662 3218 1765 3274 ista
1794 3219 1944 3289 Apo-

364 3307 487 3363 stoli
543 3321 892 3363 commonere
937 3308 1153 3363 videtur
1198 3307 1432 3378 adjectio
1502 3309 1736 3366 dicentis
1802 3311 1941 3383 (74),

368 3416 391 3452 ι
427 3400 483 3455 in
518 3413 749 3470 corpore
778 3409 964 3456 vestro
991 3399 1229 3455 mortali.
1274 3419 1295 3455 ι
1329 3400 1486 3456 Alius
1518 3400 1751 3459 fortasse
1774 3402 1940 3471 dicet,

358 3492 488 3561 quia
531 3493 600 3547 ad
638 3492 1048 3549 distinctionem
1080 3493 1312 3550 alterius
1355 3494 1604 3564 corporis
1634 3495 1779 3564 quod
1837 3496 1941 3550 im-

358 3584 593 3639 mortale
623 3594 731 3650 est,
759 3585 867 3642 hoc
900 3600 1100 3658 corpus
1133 3587 1188 3642 in
1220 3602 1329 3657 quo
1359 3602 1506 3644 nunc
1538 3602 1753 3654 sumus,
1782 3604 1933 3645 mor-

358 3673 468 3728 tale
517 3674 845 3730 nominavit.
894 3675 1033 3743 Quid
1074 3677 1146 3732 sit
1201 3686 1385 3733 antem
1434 3692 1635 3747 corpus
1712 3679 1939 3737 immor-

359 3764 503 3832 tale,
539 3765 681 3821 idem
718 3766 1009 3837 Apostolus
1064 3769 1223 3826 docet
1272 3770 1329 3826 in
1381 3770 1506 3827 aliis
1551 3772 1624 3838 “,
1659 3772 1750 3828 ubi
1809 3773 1935 3828 ait:

360 3876 382 3911 ο
428 3858 663 3915 Necesse
711 3869 796 3917 est
843 3862 991 3918 enim
1057 3870 1120 3917 ut
1175 3863 1528 3932 corruptibile
1568 3865 1671 3920 hoc
1742 3865 1938 3920 induat

355 3952 513 4024 5'71
551 3954 1042 4025 incorruptionem,
1074 3964 1129 4010 et
1155 3954 1386 4010 mortale
1443 3957 1546 4012 hoc
1594 3957 1783 4012 induat
1831 3943 1934 4012 im-

356 4044 776 4107 mortalitatem;
831 4064 850 4099 »
888 4054 945 4101 et
998 4046 1222 4102 dubium
1260 4063 1369 4104 non
1423 4058 1512 4103 est
1544 4047 1675 4117 quin
1712 4050 1928 4118 dempta

353 4134 687 4192 mortalitate
717 4136 831 4209 (75)
863 4136 969 4194 hoc
1000 4139 1173 4208 ipsum
1209 4139 1353 4209 quod
1389 4155 1533 4196 nunc
1563 4140 1796 4195 mortale
1824 4149 1931 4206 est,

352 4228 658 4284 immortale
711 4228 977 4286 eﬂiciatur
994 4247 1213 4302 corpus.
1243 4232 1373 4287 Post
1424 4232 1543 4289 haec
1575 4234 1822 4304 sequitur
1842 4234 1886 4265 ⁸⁸
1916 4252 1931 4288 :

357 4340 379 4376 σ
421 4323 608 4393 Neque
637 4322 948 4380 exbibeatis
1001 4327 1248 4381 membra
1274 4335 1457 4382 vestra
1485 4340 1637 4380 arma
1668 4325 1932 4395 iniquita-

2064 1915 2135 1969 ita
2168 1928 2225 1973 et
2258 1920 2310 1974 in
2342 1925 2593 1991 praesenti
2624 1926 2744 1982 loco
2773 1933 3016 1988 membra
3056 1950 3177 2003 qua:
3201 1949 3422 2005 peccato
3453 1915 3642 1998 deser-

2063 2006 2217 2060 viunt
2243 2018 2297 2063 et
2328 2010 2627 2081 iniquitati,
2660 2031 2811 2073 arma
2845 2019 3147 2090 iniquitatis
3173 2028 3548 2096 appellantur:
3584 2044 3642 2089 et

2062 2114 2281 2155 rursum
2316 2104 2361 2158 si
2406 2106 2613 2172 peccati
2637 2110 3134 2181 concupiscentiam
3162 2119 3552 2178 mortificemus
3585 2125 3637 2178 in

2061 2205 2295 2262 corpore
2323 2205 2512 2253 nostro
2555 2201 2797 2267 mortali,
2826 2212 2879 2257 et
2910 2204 2963 2258 in
2994 2220 3157 2275 opere
3180 2209 3408 2280 jnstitim
3432 2212 3641 2269 labore-

2061 2298 2205 2350 mus,
2235 2294 2401 2356 atque
2450 2291 2702 2348 omnibus
2745 2296 3007 2353 membris
3046 2302 3247 2356 nostris
3272 2303 3386 2374 (79)
3409 2302 3639 2372 justitizu

2062 2375 2457 2443 ministremus,
2493 2380 2762 2438 eﬂicimur
2816 2393 3073 2456 tanquam
3101 2404 3168 2445 ex
3194 2394 3424 2451 mortuis
3446 2396 3637 2452 viven-

2060 2474 2164 2532 tes,
2195 2478 2423 2536 peccato
2443 2471 2653 2527 scilicet
2692 2477 2896 2531 mortui
2951 2488 3006 2532 et
3026 2478 3247 2547 iustitia:
3281 2483 3558 2554 viventes;
3584 2494 3638 2542 et

2058 2570 2461 2628 consequenter
2482 2563 2649 2617 etiam
2683 2567 2928 2622 membra
2959 2581 3146 2626 nostra
3181 2571 3321 2628 ﬁunt
3359 2590 3512 2631 arma
3540 2577 3635 2648 ju-

2056 2650 2225 2706 stitiae
2249 2652 2379 2707 Deo.
2409 2652 2554 2710 Bene
2581 2665 2765 2712 autem
2817 2662 3190 2729 metaphoram
3226 2666 3481 2732 superius
3507 2684 3637 2739 pro-

2054 2742 2285 2810 positam
2315 2746 2637 2811 custodivit,
2670 2758 2728 2803 ut
2755 2749 2879 2820 quia
2910 2765 3143 2822 regnare
3172 2754 3386 2812 dixerat
3437 2774 3635 2828 pecca-

2057 2840 2195 2897 tum,
2219 2848 2369 2889 arma
2407 2838 2614 2905 peccati
2662 2830 2904 2893 membra
2955 2845 3298 2912 nominaret,
3329 2856 3385 2903 et
3415 2864 3631 2904 rursum

2054 2923 2165 2980 Deo
2202 2927 2311 2997 regi
2343 2944 2496 2984 arma
2518 2930 2746 2994 iustitiae
2775 2930 2974 2988 ﬁerent
3001 2940 3245 2993 membra
3272 2950 3460 2995 nostra
3488 2940 3625 3014 (80).

2053 3017 2315 3088 Sequitur
2340 3032 2464 3092 post
2487 3023 2601 3080 haec
2626 3042 2641 3079 :
2675 3041 2696 3077 ι
2735 3024 3024 3084 Peccatum
3052 3031 3195 3086 enim
3222 3033 3374 3088 vobis
3399 3049 3506 3091 non
3533 3036 3633 3103 dp-

2053 3111 2375 3169 minabitur.
2406 3114 2522 3170 Non
2552 3118 2701 3173 enim
2748 3119 2850 3176 sub
2900 3119 3018 3191 lege
3050 3124 3212 3189 estis,
3242 3126 3337 3180 sed
3366 3128 3467 3183 sub
3497 3144 3627 3199 gra-

2053 3204 2125 3259 tia
2157 3205 2225 3260 ⁷¹.
2260 3224 2280 3258 ι
2318 3207 2496 3263 Etiam
2542 3209 2633 3265 hic
2671 3210 2882 3268 intuere
2915 3216 3110 3269 miram
3151 3216 3203 3270 in
3235 3217 3479 3287 Apostoli
3510 3235 3632 3276 ser-
3722 3255 3726 3258 ‹

2049 3312 2209 3353 mone
2239 3300 2527 3356 cautelam.
2559 3301 2691 3357 Cum
2717 3304 2784 3359 de
2815 3308 2969 3362 nobis
3009 3306 3273 3377 loquitur,
3303 3311 3436 3365 dicit
3464 3311 3577 3385 (8|)
3605 3330 3625 3369 :

2050 3407 2070 3441 ι
2101 3389 2392 3447 Peccatum
2418 3394 2571 3450 vobis
2606 3410 2712 3451 non
2742 3397 3113 3453 dominabitur
3140 3417 3154 3453 :
3196 3419 3214 3452 ι
3259 3416 3381 3456 cum
3409 3403 3476 3458 de
3507 3404 3630 3460 Sal-

2043 3491 2230 3538 vatore
2257 3482 2596 3554 loqueretur,
2620 3503 2726 3544 non
2759 3490 2898 3544 dixit
2928 3506 2942 3542 :
2987 3488 3276 3544 Peccatum
3307 3507 3413 3546 non
3448 3492 3627 3549 domi-

2041 3576 2263 3631 nabitur
2287 3578 2500 3649 (neque
2531 3581 2679 3635 enim
2721 3580 2794 3636 ita
2826 3580 2894 3637 de
2921 3595 2988 3637 eo
3043 3581 3149 3637 dici
3181 3582 3488 3655 decebat),
3530 3588 3624 3643 sed

2045 3667 2157 3724 ait:
2205 3686 2224 3720 ε
2257 3667 2401 3726 Mors
2430 3670 2479 3726 ei
2509 3672 2651 3727 ultra
2695 3689 2802 3729 non
2840 3673 3215 3729 dominabitur
3258 3676 3328 3729 ⁷³.
3368 3693 3387 3728 ι
3428 3676 3621 3734 Mortis

2041 3761 2186 3816 enim
2210 3760 2265 3816 in
2295 3778 2361 3819 eo
2391 3761 2494 3818 fuit
2521 3763 2696 3831 locus,
2727 3765 2934 3835 peccati
2982 3765 3180 3821 nullus.
3208 3765 3281 3820 At
3335 3777 3528 3823 contra
3555 3771 3621 3824 de

2032 3846 2199 3908 nobis
2232 3869 2331 3910 nec
2364 3856 2726 3911 conveniebat
2774 3856 2878 3912 dici
2916 3874 2931 3910 :
2988 3856 3135 3914 Mors
3165 3857 3322 3913 vobis
3379 3860 3483 3914 non
3520 3860 3619 3917 do-

2038 3948 2370 4015 minabitur;
2396 3947 2499 4003 boc
2529 3948 2675 4003 enim
2724 3963 2923 4004 cavere
2974 3964 3080 4003 non
3121 3963 3448 4020 possumus;
3480 3953 3575 4007 sed
3601 3992 3617 4015 ,

2045 4058 2064 4091 ι
2089 4041 2374 4095 Peccatum
2403 4041 2557 4096 vobis
2582 4056 2688 4097 non
2711 4041 3079 4096 dominabitur
3103 4058 3118 4109 ;
3152 4061 3172 4095 ›
3199 4044 3344 4113 quod
3369 4043 3487 4098 sine
3514 4044 3616 4098 du-

2039 4133 2133 4187 bio
2161 4132 2327 4187 sciret
2362 4134 2537 4187 vitare
2565 4148 2665 4187 nos
2710 4146 2871 4206 posse
2909 4132 3042 4204 (83),
3074 4134 3371 4188 secundum
3411 4149 3472 4189 ea
3499 4148 3615 4202 qua

2037 4223 2290 4293 superius
2322 4223 2583 4289 diximus,
2617 4223 2663 4279 si
2709 4224 3097 4279 mortiﬁcemus
3147 4224 3618 4293 concupiscentias

2040 4318 2246 4397 carnis,
2273 4316 2325 4371 in
2348 4315 2546 4372 artibus
2576 4326 2860 4386 peccatum
2892 4324 3107 4387 poterat
3149 4316 3445 4373 dominari.
3483 4317 3616 4371 Pro-

434 4469 478 4502 “
507 4468 651 4525 Psal.
683 4484 917 4535 Lxxxm,
947 4469 1000 4524 3.
1078 4468 1124 4500 ⁸³
1151 4467 1167 4520 Ι
1202 4466 1328 4523 Cor.
1355 4482 1431 4529 vt,
1457 4465 1653 4532 46,17.
1731 4467 1775 4498 “
1808 4464 1970 4520 Rom.
1999 4479 2122 4531 vm,
2155 4461 2244 4517 l0.
2318 4460 2363 4494 ⁸⁷
2394 4458 2554 4515 Rom.
2576 4475 2652 4527 vt,
2675 4461 2726 4515 7.
2808 4460 2853 4493 ⁸⁸
2882 4460 2903 4516 l
2931 4460 3056 4516 Cor.
3093 4475 3184 4526 xv,
3216 4459 3306 4515 53.
3379 4461 3424 4492 δ’
3454 4461 3613 4517 Rom.

347 4540 537 4607 v1.15.
613 4541 660 4572 "°
682 4540 700 4592 Ι
723 4539 860 4594 Tim.
905 4556 965 4603 ll,
992 4537 1047 4593 8.
1123 4539 1170 4571 “
1204 4539 1356 4593 Rom.
1382 4554 1460 4602 vr,
1486 4539 1573 4593 M.
1649 4537 1697 4570 "
1724 4537 1855 4595 ibid.
1885 4535 1941 4592 9.

418 4655 532 4729 (6'7)
566 4655 740 4721 Alias,
767 4675 787 4709 ‹
809 4654 1082 4728 quomodo
1111 4656 1327 4721 videat;
1355 4673 1375 4706 ι
1409 4653 1544 4720 al.,¢
1582 4656 1801 4724 quando
1845 4655 1925 4713 vi-
1959 4656 2006 4714 D
2093 4649 2220 4729 (75)
2249 4649 2408 4729 Editi,
2434 4667 2454 4700 ‹
2485 4648 2674 4729 adepta
2704 4648 3142 4729 immortalitate.
3165 4668 3184 4701 ο
3214 4648 3341 4703 Mss.
3365 4647 3613 4718 quidam.

348 4725 507 4781 derit.
546 4743 568 4778 ι

442 4796 534 4861 68)
576 4794 737 4862 Etlili,
772 4813 790 4847 ι
818 4795 1001 4863 junxit
1028 4811 1108 4850 se.
1141 4816 1160 4848 ι

442 4799 534 4861 68)
576 4799 737 4862 Etlili,
772 4813 790 4847 ι
818 4799 1001 4863 junxit
1028 4811 1108 4850 se.
1141 4816 1160 4848 ι

419 4799 536 4939 (69)
572 4866 710 4919 Editi
736 4902 759 4939 ,_
785 4885 803 4916 ι
843 4868 952 4920 Cur
984 4868 1153 4937 igitur
1193 4866 1413 4922 additur
1453 4864 1702 4931 mortali,
1741 4883 1760 4916 ι
1814 4876 1924 4922 etc.

351 4935 454 4991 Sed
494 4951 625 4990 mss.
661 4947 718 4990 ut
747 4936 798 4989 in
825 4935 1024 4991 nostro'
1040 4946 1212 4991 textu.

418 5004 529 5078 (70)
571 5007 751 5078 Editi,
791 5025 809 5057 ι
845 5008 1011 5078 quod.
1053 5026 1072 5059 ι

418 5074 531 5143 (7t)
585 5074 706 5130 Vita
737 5086 835 5131 est.
866 5074 1043 5141 ’Editi,
1091 5096 1109 5130 ι
1139 5076 1294 5131 vivit.
1334 5098 1352 5130 ι

416 5145 728 5220 (72)Είιὶιὶ,
767 5147 969 5220 equod
1007 5155 1254 5220 mortuus
1277 5157 1384 5207 est.
1418 5145 1748 5214 justiﬁeatus
1778 5147 1916 5202 dici-

347 5217 458 5273 tur.
483 5237 503 5271 ι
535 5217 659 5270 Mss.
688 5218 907 5285 quidam
936 5227 991 5272 et
1016 5217 1294 5285 liabanus,
1329 5237 1348 5269 ε
1372 5220 1462 5286 qui
1494 5231 1738 5272 mortuus
1761 5229 1865 5283 est,
1891 5237 1910 5271 ι

341 5299 450 5345 etc.
491 5286 598 5343 Sed
634 5289 837 5342 rectius
867 5304 966 5342 ms.
1000 5303 1140 5341 unus
1169 5299 1222 5340 ut
1261 5289 1314 5342 in
1344 5297 1532 5342 nostro
1563 5298 1732 5342 textu.

415 5358 529 5429 (73)
567 5357 739 5429 Alias,
783 5375 803 5409 ‹
837 5368 930 5412 aut
952 5357 1186 5411 furatur.
1223 5376 1243 5409 ι

415 5359 508 5429 (73
567 5359 739 5424 Alias,
783 5375 803 5409 ‹
837 5368 930 5412 aut
952 5359 1186 5411 furatur.
1223 5376 1243 5409 ι

414 5359 529 5501 (74)
569 5427 669 5482 Ms.
700 5442 862 5501 unus,
897 5446 917 5479 ‹
956 5429 1007 5482 in
1039 5427 1291 5501 praesenti
1339 5428 1915 5501 capitulohApostolus

343 5498 691 5558 commonere
746 5499 959 5552 videtur
998 5498 1261 5567 adjiciens
1294 5536 1312 5561 ,
1360 5516 1380 5549 ›
1432 5507 1540 5552 etc.
1587 5498 1747 5561 Edtti,
1787 5517 1806 5548 (
1861 5501 1912 5553 iu

343 5571 596 5641 prazsettti
614 5569 744 5641 loco
768 5568 844 5622 ita
868 5569 1157 5638 Apostolus
1184 5568 1399 5621 videtur
1445 5582 1790 5641 commonere
1833 5571 1916 5621 di-

343 5637 473 5695 cens
532 5659 547 5695 :
606 5640 660 5692 lu
705 5637 935 5707 corpore
980 5648 1161 5693 vestro
1205 5648 1443 5693 mortuo.
1491 5637 1642 5691 Alius
1684 5639 1918 5692 fortasse

343 5712 548 5766 diceret
583 5712 760 5780 quod.‘
797 5728 816 5759 ι
865 5710 1065 5780 Deinde
1089 5748 1104 5773 ,
1159 5726 1177 5759 ι
1223 5717 1493 5763 mortuum
1535 5708 1855 5763 nominavit.
1890 5726 1909 5762 ι

343 5780 448 5836 Sed
474 5779 714 5851 potieres
738 5791 956 5853 mss._ut
977 5779 1029 5833 in
1060 5790 1247 5835 nostro
1274 5786 1445 5834 textu.

2037 4739 2057 4773 ι
2093 4720 2309 4789 iittlepta
2342 4720 2777 4783 luunortalitate,
2810 4738 2829 4771 ι
2858 4720 3016 4789 male.
3037 4720 3143 4775 Sed
3169 4730 3319 4774 recte
3347 4734 3449 4773 tus.
3472 4734 3614 4776 unus

2027 4801 2087 4846 ut
2120 4792 2172 4844 in
2209 4801 2396 4845 nostro
2431 4800 2603 4844 textu.

2098 4860 2213 4933 (76)
2245 4862 2417 4923 Alias,
2481 4878 2499 4911 ι
2532 4874 2638 4929 qua
2666 4874 2681 4923 ;
2717 4877 2736 4910 r
2764 4856 2885 4916 al.,«
2920 4872 3159 4933 quam.)
3199 4857 3268 4933 Et
3295 4856 3457 4927 paulo
3491 4870 3611 4927 post

2026 4929 2155 4988 editi
2196 4946 2508 5002 perperam,
2553 4946 2573 4981 σ
2603 4945 2757 4983 arma
2793 4937 2975 4985 nostra
3003 4929 3294 4997 praebenda
3323 4941 3605 4997 peccato,-

2025 5013 2133 5058 εις.
2774 5016 2783 5025 ’

2098 5071 2421 5149 (Enati-1s.
2483 5087 2502 5120 ι
2542 5084 2651 5149 τεοη
2683 5079 2789 5149 19m
2815 5068 3085 5149 ξηεῑπιιηθ·
3122 5084 3142 5116 ι
3317 5136 3330 5149 .
3375 5136 3388 5149 .

2100 5138 2213 5214 (78)
2250 5143 2426 5208 Editi,
2465 5160 2483 5192 ι
2513 5140 2583 5194 ad
2643 5138 3033 5195 eﬂ'undcndum
3082 5150 3207 5193 eum
3260 5138 3615 5194 ministrave-

2029 5214 2109 5269 riu
2120 5226 2157 5266 ι.
2192 5232 2211 5263 ι
3402 5252 3409 5255 -

2105 5283 2220 5355 (79)
2252 5283 2404 5337 Alias
2439 5295 2728 5354 perperam
2750 5319 2766 5345 ,
2819 5297 2838 5330 ι
2873 5286 3037 5348 atque
3070 5276 3123 5332 in
3153 5276 3410 5334 omnibus
3439 5291 3613 5334 mem-

2024 5356 2139 5409 bris
2165 5356 2386 5407 uostris.
2421 5373 2441 5405 ι
3296 5388 3301 5393 .

2097 5427 2210 5494 (80)
2249 5424 2421 5485 Editi,
2464 5441 2485 5473 ι
2521 5430 2728 5494 vestra,
2758 5439 2776 5469 ι
2806 5418 2965 5474 male.

2098 5496 2211 5565 (Si)
2242 5495 2382 5567 [ἐμὶιί
2408 5532 2423 5556 ,
2461 5512 2479 5545 ι
2511 5493 2721 5567 dicens.
2758 5510 2791 5567 ι-
2847 5559 2859 5567 _
2981 5559 2992 5567 _
3037 5557 3050 5567 _
3075 5559 3087 5567 .
3237 5558 3250 5567 _
3465 5557 3474 5567 '

2097 5557 2210 5635 (8:!)
2249 5563 2348 5616 Ms.
2378 5579 2516 5617 unus
2536 5603 2553 5624 ,
2585 5580 2604 5612 ί
2637 5562 2793 5635 Quod
2815 5559 2944 5635 sine
2963 5557 3127 5614 dubio
3174 5558 3318 5612 scire
3343 5567 3398 5610 et
3418 5557 3601 5635 _v_i_tare

2027 5626 2132 5690 non
2168 5626 2324 5703 posse
2347 5626 2724 5703 constat...._si
2751 5630 3161 5703 mortiﬁcetuus,
3197 5647 3215 5691 ι
3244 5638 3351 5682 etc.
3405 5626 3556 5679 Alias
3584 5666 3599 5690 ,

2029 5724 2050 5756 ι
2082 5701 2234 5772 Quod
2263 5704 2379 5758 sine
2401 5703 2563 5772 dubio
2589 5702 2731 5755 scire
2753 5710 2809 5753 et
2853 5701 3029 5755 vitare
3072 5714 3180 5755 nou
3211 5711 3598 5768 possumus....

2026 5777 2070 5830 si
2108 5771 2214 5830 non
2242 5771 2652 5829 mortiﬁcemus.
2689 5789 2707 5822 ι
2734 5780 2839 5826 ctc.
3172 5802 3175 5807 ι
