4146 6442
529 346 552 401 1
564 347 667 402 059

1993 323 2313 384 OlliGE‘NIS

3665 320 3810 378 1060

535 475 725 538 pterea
756 461 902 517 enim
939 457 1264 532 subjungit:
1318 473 1337 506 ι
1372 452 1488 509 Non
1516 452 1662 509 enim
1685 450 1787 506 sub
1819 448 1935 520 lege
1957 448 2110 510 estis,
2145 446 2191 502 Α
2223 442 2369 496 dicat
2397 453 2639 495 servum.
2674 434 2732 494 In
2757 452 2882 507 quo,
2921 445 2981 492 ut
3013 437 3143 505 dixi
3178 436 3385 509 absque
3431 437 3538 491 ulla
3573 452 3802 494 cuncta-

528 558 620 613 seil
653 555 752 610 sub
784 551 959 624 gratia
991 569 1005 618 ;
1044 572 1063 602 ι
1103 558 1157 603 et
1204 547 1489 602 evidenter
1533 544 1773 600 ostendit
1803 557 1872 596 ex
1905 541 1988 595 his
2020 554 2118 594 nos

531 664 641 704 non
677 661 799 701 esse
845 643 948 698 sub
980 642 1099 712 lege
1129 640 1220 694 illa
1254 652 1418 706 quam
1471 635 1524 688 in
1580 631 1841 688 membris
1883 629 2116 698 positam

531 751 842 808 repugnare
873 734 1009 789 dicit
1035 732 1139 804 legi
1177 730 1378 784 mentis
1399 727 1472 792 ³⁷³,
1520 725 1648 795 quia
1685 723 1774 792 qui
1822 721 2118 777 munificat

532 833 776 888 membra
793 845 913 894 sua,
938 836 1148 882 certum
1169 833 1252 880 cst
1277 822 1420 890 quod
1450 837 1557 876 non
1588 822 1658 874 sit
1676 817 1776 872 sub
1803 817 1919 887 lege
1941 828 2117 868 mem-

530 927 776 988 brorum,
809 922 904 976 sed
937 921 1036 974 sub
1065 918 1239 989 gratia
1273 916 1391 970 Dei.
1421 913 1493 967 De
1515 913 1617 967 hac
1640 910 1762 979 lege
1792 918 1845 962 et
1880 906 2008 961 alibi
2035 905 2118 958 di-

534 1016 634 1079 cit,
668 1014 794 1082 quia
827 1029 846 1062 ‹
885 1010 1059 1065 virtus
1087 1007 1294 1078 peccati
1328 1005 1414 1058 lex
1441 1004 1522 1056 ".'
1551 1021 1570 1055 ι
1604 1001 1662 1055 Si
1699 1000 1823 1068 quis
1846 1012 1976 1053 vero
2004 996 2116 1067 (85)

532 1107 660 1161 velit
716 1105 828 1161 haec
878 1102 1122 1172 accipere
1176 1099 1241 1152 de
1272 1099 1386 1167 lege
1411 1093 1608 1164 Moysi,
1641 1090 1773 1145 illud
1804 1090 1922 1144 sine
1951 1087 2117 1143 dubio

485 1251 488 1254 .
531 1200 699 1263 dicet,
726 1201 870 1268 quod
909 1211 1016 1249 non
1060 1208 1247 1247 sumus
1288 1191 1387 1244 sub
1437 1188 1556 1258 lege
1586 1187 1784 1240 littera:
1823 1197 1943 1252 qua:
1971 1181 2119 1236 occi-

535 1294 637 1356 dit,
678 1292 773 1347 sed
800 1289 900 1344 sub
930 1289 1047 1357 lege
1072 1284 1296 1355 spiritus
1321 1297 1441 1350 quae
1469 1277 1796 1344 vivificat",
1827 1291 1989 1346 quam
2025 1274 2116 1331 hic

535 1387 764 1457 gratiam
802 1381 1122 1437 nominavit.

600 1479 655 1530 2.
693 1495 712 1527 ι
745 1476 886 1542 Quid
911 1473 1080 1540 ergo?
1109 1469 1488 1534 Peccabimus,
1519 1465 1646 1534 quia
1675 1479 1782 1518 non
1808 1476 1996 1516 sumus
2016 1458 2117 1516 sub

529 1570 674 1639 lege,
701 1568 792 1621 sed
832 1565 934 1620 sub
964 1559 1354 1632 gratia?Absit
1383 1557 1451 1609 ⁷⁸.
1487 1573 1505 1606 ι
1541 1554 1736 1609 Simile
1769 1551 1982 1606 videtur
2014 1550 2118 1604 hoc

534 1661 610 1714 illi
660 1658 830 1720 dicto,
857 1654 997 1723 quod
1032 1652 1289 1721 superius
1321 1646 1674 1718 exposuimus
1705 1660 1719 1696 :
1758 1663 1777 1695 ‹
1817 1643 1956 1712 Quid
1987 1656 2117 1712 ergo

531 1749 825 1806 dicemus?
856 1746 1304 1802 Permanebimus
1329 1743 1381 1796 in
1409 1747 1633 1810 peccato
1653 1746 1710 1792 ut
1745 1736 1916 1808 gratia
1946 1736 2118 1790 abun-

531 1843 662 1898 det?
698 1840 969 1905 Absit";
1004 1858 1023 1891 ι
1060 1849 1114 1893 et
1146 1838 1266 1892 ideo
1296 1849 1401 1888 una
1434 1841 1599 1901 atque
1651 1830 1844 1885 eadem
1900 1828 2117 1898 utrique
2149 1800 2190 1855 Β

531 1934 650 1989 loco
678 1930 910 1988 sufﬁciat
945 1927 1280 1999 explanatio.
1315 1925 1428 1980 Hoc
1466 1924 1639 1978 solum
1674 1929 1760 1975 est
1782 1919 1928 1990 quod
1962 1919 2113 1974 vide-

532 2038 619 2082 tur
645 2026 846 2080 habere
879 2021 1246 2079 differentiam
1271 2059 1286 2084 ,
1337 2018 1479 2089 quod
1514 2016 1566 2070 in
1602 2013 1984 2084 superioribus
2023 2010 2114 2065 ubi

529 2121 703 2175 dicit:
745 2137 764 2170 ‹
805 2117 945 2184 Quid
985 2115 1158 2186 ergo?
1202 2112 1655 2166 Permanebimus
1686 2110 1740 2164 in
1776 2104 2052 2178 peccato?
2090 2121 2110 2156 ι

530 2212 688 2281 quasi
714 2209 798 2265 his
825 2210 916 2280 qui
961 2210 1201 2264 nondum
1233 2206 1592 2261 discesserint
1641 2218 1670 2256 a
1729 2208 1953 2270 peccato
2008 2196 2116 2252 dici

529 2305 765 2369 videtur,
792 2317 860 2356 ne
889 2308 1244 2371 permaneant
1273 2297 1326 2351 in
1363 2311 1428 2350 eo
1456 2296 1508 2350 in
1530 2311 1642 2364 .quo
1673 2308 1797 2348 esse
1819 2291 1996 2346 adhuc
2029 2289 2115 2343 vi-

527 2395 804 2448 debantur
831 2410 844 2446 :
876 2391 968 2446 hic
1004 2404 1136 2444 vero
1185 2398 1442 2454 tanquam
1483 2387 1552 2439 ab
1601 2385 1687 2438 bis
1722 2383 1812 2453 qui
1861 2380 1974 2450 jam
2002 2379 2114 2450 (84)

529 2484 888 2540 discesserint
929 2497 958 2536 a
999 2490 1244 2550 peccato,
1280 2477 1398 2533 fieri
1433 2477 1651 2531 videtur
1704 2473 2112 2543 interrogatio:

528 2585 584 2631 et
619 2575 715 2642 ibi,
748 2583 807 2628 ut
829 2573 992 2644 quasi
1022 2571 1218 2644 gratia,
1247 2584 1369 2641 qua:
1394 2570 1636 2624 nondum
1687 2575 1806 2621 erat
1826 2606 1842 2632 ,
1873 2566 2115 2620 abunda-

533 2675 617 2720 ret
643 2684 657 2731 ;
699 2666 787 2720 hic
810 2672 990 2719 autem
1022 2673 1287 2730 tanquam
1313 2667 1590 2732 praesente
1618 2657 1730 2728 jam
1755 2657 1928 2728 gratia
1959 2655 2113 2723 dicit,

534 2776 554 2811 ί
587 2757 713 2828 quia
745 2772 852 2811 non
893 2769 1082 2810 sumus
1108 2754 1209 2809 sub
1237 2753 1390 2822 lege,
1425 2751 1522 2807 sed
1560 2750 1662 2806 sub
1689 2747 1868 2821 gratia
1929 2748 2033 2798 ".r

595 2852 650 2907 5.
689 2869 709 2903 ι
741 2849 972 2905 Nescitis
1002 2849 1127 2918 quia
1154 2848 1240 2903 cui
1265 2845 1540 2901 exhibetis
1561 2858 1659 2898 vos
1681 2855 1873 2898 servos
1897 2840 1963 2895 ad
1986 2841 2116 2894 obe-

530 2943 814 3004 diendum,
844 2941 988 2995 servi
1021 2939 1153 2995 estis
1202 2937 1319 3005 ejus
1369 2935 1454 2991 cui
1511 2933 1784 2997 obeditis,
1833 2932 1948 2986 sive
1987 2945 2116 3000 pec-

529 3034 638 3088 cati
678 3033 745 3087 ad
785 3042 1038 3095 mortem,
1073 3031 1188 3086 sive
1219 3027 1548 3084 obedientia:
1577 3028 1646 3080 ad
1670 3024 1938 3096 justitiam
1957 3021 2116 3094 (85)?

2220 546 2366 598 tione
2402 545 2454 597 in
2493 543 2652 597 nobis
2680 557 2801 597 esse
2841 543 3081 597 ostendit
3133 543 3339 598 arbitrii
3372 543 3712 604 libertatem.
3744 547 3806 603 ln

2221 637 2376 690 nobis
2405 648 2641 704 namque
2692 641 2774 688 est
2813 633 3079 688 exhibere
3133 634 3498 689 obedientiam
3557 646 3804 691 nostram

2221 728 2572 798 veljustitim,
2608 725 2693 781 vel
2727 736 2974 795 peccato.
3023 745 3042 778 ‹
3079 725 3248 781 Nemo
3287 746 3306 778 ι
3341 737 3525 780 autem
3563 747 3582 778 ο
3620 740 3809 799 potest

2223 821 2436 873 duobus
2476 816 2637 871 simul
2691 815 2930 871 dominis
2957 817 3190 882 servire,
3236 836 3256 870 ι
3292 829 3528 887 peccato
3555 829 3609 872 et
3636 819 3806 887 justi-

2221 914 2329 967 tiae.
2367 929 2385 962 ι
2420 911 2527 966 Aut
2555 909 2703 965 enim
2739 926 2907 964 unum
2962 910 3088 966 odio
3132 910 3403 978 habebit,
3462 931 3480 963 ι
3517 923 3803 981 peccatum

2219 1005 2450 1068 scilicet,
2481 1021 2500 1054 ‹
2537 1013 2591 1057 et
2615 1002 2778 1056 alium
2802 1003 3027 1068 amabit,
3066 1021 3085 1053 ι
3121 1002 3172 1056 id
3203 1002 3576 1073 estjustitiam
3605 1023 3620 1059 :
3655 1023 3674 1056 ι
3707 1015 3806 1059 aut

2220 1097 2459 1164 patietur
2489 1110 2675 1161 unum,
2712 1115 2731 1147 ι
2777 1095 2983 1150 scilicet
3031 1105 3312 1166 peccatum
3358 1097 3660 1160 duntaxat,
3694 1117 3712 1149 ι
3748 1106 3807 1152 et

2218 1195 2384 1248 alium
2417 1203 2731 1248 contemnet
2755 1195 2824 1260 εί,
2862 1213 2882 1247 ι
2915 1195 2968 1247 id
2997 1201 3081 1248 est
3138 1191 3429 1263 justitiam.
3465 1191 3655 1249 Simile
3672 1209 3806 1262 ergo

2218 1294 2377 1339 estet
2403 1285 2546 1355 quod
2586 1284 2723 1339 dixit
2751 1285 3047 1354 Apostolus
3084 1297 3100 1337 :
3143 1302 3162 1335 ‹
3215 1283 3373 1340 Servi
3403 1284 3522 1353 ejus
3549 1286 3685 1340 estis
3709 1286 3802 1341 cui

2217 1377 2504 1438 obedistis,
2545 1377 2662 1430 sive
2701 1377 2910 1447 peccati
2942 1418 2956 1442 ,
3008 1377 3125 1432 sive
3168 1376 3398 1446 jnstitia
3445 1376 3514 1429 ⁸⁸.
3555 1394 3575 1429 9
3607 1377 3713 1432 Sed
3745 1386 3804 1432 et

2219 1469 2363 1538 quod
2397 1469 2598 1522 dicitur
2625 1486 2638 1522 :
2670 1485 2688 1518 ‹
2723 1467 2911 1523 Omnis
2930 1469 3020 1538 qui
3043 1468 3154 1539 (90)
3187 1467 3320 1522 facit
3347 1477 3655 1537 peccatum,
3679 1460 3803 1524 ser-

2219 1577 2318 1616 vus
2353 1571 2436 1616 est
2465 1561 2671 1632 peccati
2694 1561 2759 1625 ⁸³,
2791 1578 2811 1612 ›
2849 1561 2915 1614 ad
2945 1561 3046 1616 hoc
3069 1561 3313 1631 respicit,
3348 1562 3599 1630 quamvis
3635 1561 3808 1619 etiam

2230 1667 2336 1706 non
2362 1651 2626 1720 adjecerit
2662 1650 2775 1705 :‘Et
2814 1651 2992 1706 omnis
3019 1652 3110 1718 qui
3145 1651 3340 1706 fecerit
3373 1650 3664 1720 justitiam,
3686 1667 3802 1706 ser-

2221 1762 2322 1801 vus
2358 1754 2442 1800 est
2466 1745 2710 1814 iustitiae.
2741 1744 2894 1812 Quod
2938 1733 3193 1799 fortassis
3227 1754 3380 1814 putet
3427 1746 3567 1800 alius
3599 1745 3802 1801 idcirco

2221 1839 2600 1902 subrelictnm,
2634 1847 2692 1892 ut
2713 1838 2868 1908 quasi
2901 1853 2968 1892 ex
3001 1838 3463 1908 consequentibus
3492 1836 3686 1892 debeat
3712 1839 3799 1892 in-

2220 1933 2412 2000 telligi.
2444 1931 2574 1985 Mihi
2619 1939 2800 1986 tamen
2841 1930 3056 1984 videtur
3104 1929 3218 1997 (91)
3257 1929 3513 1985 consulto
3559 1945 3668 1985 non
3710 1930 3802 1984 ad-

2218 2027 2417 2082 ditum.
2447 2025 2636 2093 Neque
2668 2024 2814 2078 enim
2865 2021 3234 2077 conveniebat
3288 2023 3416 2084 dici,
3462 2023 3587 2091 quia
3621 2023 3802 2077 omnis

2219 2120 2310 2188 qui
2335 2117 2466 2172 facit
2484 2115 2777 2186 justitiam,
2807 2131 3000 2170 servus
3024 2125 3104 2170 est
3125 2114 3368 2184 iustitiae.
3399 2114 3533 2169 Nam
3566 2123 3621 2169 et
3656 2114 3802 2170 Deus

2220 2211 2336 2280 ipse
2365 2210 2496 2263 facit
2521 2211 2814 2280 justitiam,
2845 2219 2899 2264 et
2935 2225 3040 2263 non
3073 2208 3279 2263 idcirco
3325 2222 3518 2262 servus
3569 2207 3800 2276 justitia:

2220 2303 2328 2358 dici
2370 2311 2580 2372 potest,
2638 2305 2732 2358 sed
2764 2303 2993 2373 justitiae
3049 2300 3307 2354 Dominus
3340 2297 3473 2370 (92).
3515 2297 3632 2353 Non
3667 2315 3800 2369 ergo

2220 2395 2294 2449 ita
2320 2396 2498 2449 omnis
2527 2394 2619 2463 qui
2656 2395 2785 2449 facit
2809 2394 3104 2463 justitiam,
3147 2408 3336 2446 servus
3363 2393 3713 2458 estjustitiaa,
3743 2401 3802 2445 ut

2217 2489 2396 2542 omnis
2423 2488 2514 2557 qui
2544 2487 2676 2541 facit
2707 2497 3018 2556 peccatum,
3052 2499 3244 2540 servus
3281 2495 3363 2538 est
3395 2483 3627 2552 peccati.
3655 2483 3797 2538 Nam

2218 2585 2272 2630 et
2319 2576 2435 2646 ipse
2478 2575 2722 2631 diabolus
2771 2575 2888 2630 sine
2945 2575 3109 2628 dubio
3154 2573 3359 2642 peccati
3424 2588 3615 2627 servus
3659 2584 3741 2627 est
3780 2613 3797 2641 ,

2217 2667 2418 2736 quippe
2445 2667 2536 2737 qui
2568 2667 2819 2722 discessit
2850 2681 2880 2719 a
2911 2667 3172 2721 servitute
3214 2663 3461 2732 justitiaa,
3489 2675 3544 2719 et
3579 2665 3632 2718 in
3666 2681 3799 2719 con-

2217 2770 2402 2826 spectu
2420 2757 2633 2811 Domini
2661 2756 3052 2826 omnipotentis
3083 2755 3384 2819 rebellavit,
3409 2767 3633 2824 propter
3655 2754 3800 2824 quod

2218 2857 2273 2903 et
2300 2856 2546 2918 apostata
2578 2846 2877 2917 appellatus
2916 2855 3020 2902 est.
3055 2845 3285 2901 Constat
3314 2860 3446 2916 ergo
3469 2862 3534 2900 ex
3555 2847 3646 2900 his
3672 2860 3804 2900 ver-

2217 2941 2301 2996 bis
2329 2941 2526 3010 quibus
2552 2939 2752 2994 Paulus
2786 2938 2920 2994 dicit
2974 2939 3086 3010 (95)
3109 2955 3134 2991 ·;
3174 2956 3194 2990 ‹
3235 2938 3373 3005 Quia
3397 2939 3486 2994 cui
3521 2939 3799 2993 exbibetis

2218 3047 2316 3089 vos
2341 3047 2530 3088 servos
2554 3036 2620 3087 ad
2659 3032 3047 3097 obediendum,
3069 3031 3212 3085 servi
3238 3033 3369 3086 estis
3390 3032 3479 3086 cui
3509 3031 3800 3097 obedistis,

522 3124 753 3189 ,Gratias
788 3133 967 3178 autem
1003 3121 1113 3176 Deo
1149 3120 1407 3190 quoniam
1444 3118 1625 3174 fuistis
1663 3118 1808 3172 servi
1862 3116 2113 3186 peccati,

2219 3124 2334 3180 sive
2365 3124 2594 3193 peccati,
2629 3124 2747 3179 sive
2793 3124 3025 3194 justitize
3047 3123 3116 3190 “,
3154 3143 3172 3175 ι
3210 3125 3336 3193 quia
3376 3134 3571 3193 sponte
3603 3131 3796 3177 nostra

531 3214 800 3270 obedistis
827 3223 1006 3268 autem
1039 3227 1105 3267 ex
1137 3211 1308 3267 corde
1333 3209 1384 3263 in
1417 3223 1536 3263 eam
1572 3207 1801 3261 formam
1827 3204 2114 3269 doctrinae,

531 3308 585 3361 in
625 3322 790 3376 quam
842 3305 1025 3360 traditi
1061 3303 1217 3360 estis.
1255 3301 1501 3357 Liberati
1553 3309 1736 3354 autem
1783 3313 1813 3352 a
1865 3306 2113 3367 peccato,

530 3401 675 3457 servi
710 3397 838 3453 facti
872 3398 1009 3454 estis
1031 3396 1258 3469 justitiaz
1299 3397 1344 3428 7°
1377 3395 1512 3467 (86).
1549 3413 1568 3446 ι
1605 3391 1837 3448 Videtur
1871 3392 2118 3448 fortassis

535 3493 719 3547 minus
759 3492 969 3561 integra
1007 3490 1245 3545 elocutio
1273 3488 1417 3559 quod
1447 3489 1524 3542 ait
1552 3505 1567 3544 :
1607 3504 1627 3538 ‹
1656 3487 1809 3541 Servi
1839 3486 1972 3541 estis
2002 3485 2114 3558 (87)

527 3581 646 3650 ejus
678 3582 764 3635 cui
797 3579 1079 3642 obedistis,
1109 3579 1224 3634 sive
1252 3577 1540 3648 peccatiad
1565 3585 1822 3642 mortem,
1845 3575 1959 3629 sive
1989 3576 2118 3629 obe-

531 3675 753 3727 dientize
817 3672 885 3726 ad
942 3670 1215 3742 justitiam
1262 3688 1277 3738 ;
1340 3687 1360 3720 ι
1419 3684 1545 3724 eum
1605 3668 1749 3722 ratio
1806 3667 2115 3736 poposcerit

529 3766 634 3820 dici
677 3780 696 3820 ;
733 3747 887 3818 Servi
936 3763 1069 3817 estis
1125 3760 1248 3830 ejus’
1281 3761 1368 3814 cui
1399 3759 1683 3826 obedistis,
1723 3760 1836 3814 sive
1861 3759 2065 3827 peccati
2098 3798 2114 3824 ,

531 3855 645 3908 sive
669 3854 894 3923 jnstitiae
930 3866 1029 3920 per
1051 3851 1442 3907 obedientiam.
1478 3851 1585 3904 Sed
1613 3850 1668 3904 in
1701 3864 1767 3904 eo
1802 3851 1895 3917 qui
1932 3865 1989 3904 se
2013 3850 2118 3903 im-

534 3947 694 4016 periti
719 3944 992 3999 sermonis
1015 3952 1209 4013 sponte
1229 3943 1578 4012 profitetur,”
1603 3941 1740 4013 (88),
1767 3951 1939 3996 artem
1969 3957 2118 3996 com-

533 4037 822 4106 positionis
870 4037 1166 4091 verborum
1227 4035 1509 4104 requirere
1566 4033 1899 4104 superfluum
1940 4044 2113 4104 puto,

531 4145 658 4184 cum
691 4145 883 4184 sensus
931 4130 1158 4184 evidens
1189 4129 1480 4183 habeatur.
1516 4125 1629 4182 lloe
1682 4135 1767 4182 est
1808 4142 1938 4197 ergo
1969 4129 2112 4198 quod

532 4221 588 4277 in
645 4224 748 4276 hoc
805 4222 924 4276 loco
983 4220 1275 4290 Apostolus
1335 4219 1555 4285 docet;
1615 4220 1746 4290 quia
1809 4221 2118 4287 unusquis-

531 4329 638 4384 que
664 4315 717 4369 in
739 4331 898 4368 manu
926 4330 1020 4368 sua
1047 4314 1211 4370 habet
1231 4323 1289 4369 et
1317 4314 1370 4368 in
1397 4313 1611 4367 arbitrii
1632 4322 1926 4384 potestate,
1951 4313 2113 4384 572

527 4419 593 4460 ιιι
621 4416 712 4462 aut
736 4408 940 4476 peccati
971 4422 1158 4462 servus
1187 4407 1279 4470 sit,
1315 4406 1779 4474 autjustiti:e.Ad
1807 4420 2118 4475 quamcun-

2221 3216 2320 3287 ipsi
2356 3231 2452 3271 nos
2483 3215 2595 3288 (94)
2631 3216 2974 3282 exhibemus,
2996 3215 3143 3271 nullo
3169 3225 3421 3286 cogente,
3456 3215 3544 3268 vel
3564 3226 3800 3285 peccato

2219 3309 2427 3362 servire
2459 3307 2544 3362 vel
2585 3305 2808 3374 justilize
2848 3321 2947 3376 per
3003 3307 3368 3361 obedientiam
3427 3315 3714 3361 nostram:
3747 3315 3804 3358 et

2209 3399 2342 3454 ‘ideo
2374 3413 2588 3468 semper
2615 3400 2813 3453 horum
2846 3399 3160 3453 meminisse
3195 3400 3478 3464 debemus,
3510 3413 3578 3453 ne
3605 3399 3802 3454 inanes

2219 3490 2474 3562 querelas
2502 3492 2556 3544 in
2603 3489 2815 3560 peccati
2873 3490 3230 3544 excusatione
3263 3489 3630 3560 proferamus,
3657 3491 3800 3559 quod

2219 3581 2464 3636 diabolus
2489 3580 2689 3635 fecerit
2717 3589 2776 3634 ut
2817 3594 3194 3650 peccaremus,
3223 3591 3316 3634 aut
3344 3591 3552 3636 naturae
3609 3596 3803 3635 neces-

2219 3673 2378 3738 sitas,
2409 3682 2504 3727 aut
2525 3672 2709 3726 fatalis
2732 3671 3109 3737 conditio,‘aut
3144 3685 3338 3725 cursus
3359 3681 3634 3726 astrorum
3663 3671 3799 3742 (95).

2211 3768 2325 3821 'Sed
2361 3767 2486 3821 audi
2543 3776 2786 3836 apertam
2835 3763 2986 3819 Pauli
3027 3765 3355 3820 sententiam
3384 3805 3401 3832 ,
3455 3780 3563 3834 qua
3618 3765 3795 3820 dicit:

2223 3880 2241 3909 ε
2271 3860 2371 3915 Cui
2397 3875 2493 3914 vos
2539 3858 2812 3914 exhibetis
2863 3871 3050 3911 servos
3093 3858 3160 3910 ad
3194 3856 3556 3910 obediendum
3585 3897 3602 3922 ,
3652 3855 3800 3910 serVi

2217 3953 2348 4008 estis
2377 3953 2464 4008 cui
2522 3953 2814 4021 obedistis,
2878 3953 2992 4007 sive
3039 3950 3272 4020 peccati,
3327 3949 3442 4003 sive
3479 3948 3727 4018 justitia.
3773 3965 3797 4002 ο

2213 4045 2348 4100 Post
2390 4045 2504 4100 haec
2543 4063 2558 4098 :
2616 4063 2637 4096 ι
2691 4046 2930 4112 Gratias,
2979 4044 3197 4113 inquit,
3242 4041 3396 4108 ‘Deo,
3447 4041 3574 4109 quia
3615 4040 3801 4096 fuistis

2218 4139 2363 4193 servi
2392 4139 2623 4209 peccati,
2657 4138 2918 4193 obedistis
2949 4148 3129 4191 autem
3165 4151 3232 4190 ex
3255 4136 3418 4189 corde
3447 4135 3500 4187 in
3532 4149 3654 4187 eam
3687 4132 3800 4186 for-

2220 4247 2362 4284 mam
2392 4231 2674 4295 doctrinm,
2712 4231 2762 4284 in
2819 4245 2984 4300 quam
3015 4226 3194 4286 traditi
3213 4226 3345 4283 estis
3365 4225 3537 4276 ⁸⁵⁸⁸⁸..
3571 4223 3802 4278 Videtur

2219 4323 2334 4377 haec
2393 4324 2461 4377 ad
2517 4337 2613 4377 eos
2652 4322 2855 4385 dicere,
2889 4322 2954 4376 de
3007 4335 3239 4391 quorum
3293 4320 3402 4373 vita
3447 4317 3802 4387 profectuque

2219 4416 2520 4485 praesumit,
2549 4425 2604 4470 et
2635 4416 2701 4470 de
2721 4414 2919 4485 quibus
2938 4413 3049 4482 jam
3065 4414 3315 4484 superius
3336 4411 3549 4468 dixerat
3576 4424 3591 4462 :
3615 4427 3637 4460 ι
3662 4408 3802 4465 Gra-

534 4515 642 4568 que
665 4499 812 4552 enim
845 4509 1056 4568 partem
1088 4498 1434 4553 inclinaverit
1464 4497 1826 4554 obedientiam
1860 4498 1973 4570 (89)
2000 4541 2016 4565 ,
2063 4509 2117 4554 et
2149 4503 2193 4559 D
2225 4509 2330 4562 tias
2363 4523 2466 4577 ago
2505 4507 2616 4563 Deo
2643 4524 2739 4578 per
2763 4507 2947 4562 Jesum
2969 4507 3248 4563 Christum
3279 4520 3376 4574 pro
3412 4503 3672 4558 omnibus
3699 4516 3802 4554 vo-

532 4592 840 4661 cnicunque
872 4592 1013 4662 parti
1047 4607 1242 4661 parere
1273 4591 1530 4657 voluerit,
1564 4593 1679 4648 haec
1707 4592 1808 4647 sibi
1835 4608 1958 4647 eum
1980 4594 2117 4648 12in-

641 4714 687 4745 "
715 4714 875 4768 ltum.
899 4730 996 4778 vu,
1033 4713 1120 4768 25.
1227 4714 1276 4746 ⁷⁵
1308 4712 1325 4768 1
1355 4713 1481 4769 Cor.
1517 4731 1607 4776 xv,
1639 4713 1726 4768 56.

529 4785 575 4817 ⁷³
609 4784 739 4838 ibid.
781 4784 867 4846 16.
911 4801 1026 4855 seg.
1099 4786 1145 4817 ⁸ο
1172 4783 1218 4838 ιι
1262 4785 1392 4841 Cor.
1430 4800 1485 4840 ιιι
1512 4824 1529 4852 ,
1563 4784 1616 4840 6.

533 4855 653 4887 “'3‘
685 4857 819 4913 ibid.
853 4855 940 4910 17.

604 4952 718 5022 (85)
764 4951 917 5022 l’ero.
961 4952 1316 5008 Desideratur
1342 4954 1394 5006 in
1426 4962 1586 5007 antea
1621 4951 1809 5008 editis.

605 5023 718 5091 (84)
754 5021 903 5076 lam.
955 5021 1008 5076 In
1047 5023 1206 5076 editis
1233 5023 1528 5076 oniittitttr.

606 5092 722 5162 (85)
768 5093 867 5147 Ms.
922 5108 1103 5160 unus,
1159 5111 1178 5145 ι
1214 5095 1330 5148 sive
1355 5093 1580 5166 justitiaa
1627 5093 1680 5147 in
1727 5094 2118 5150 sanctiﬁcatio-

535 5178 678 5216 nem.
711 5181 730 5214 ι

606 5232 719 5301 (86)
754 5233 893 5287 Editi
923 5251 1000 5300 ,1
1027 5233 1175 5288 servi
1203 5243 1384 5288 autem
1416 5235 1544 5288 facti
1582 5234 1718 5288 estis
1740 5233 1983 5301 iustitiae.
2015 5254 2040 5288 ~r

609 5251 697 5300 (δυ
755 5251 893 5287 mnu
923 5251 1000 5300 ,1
1027 5251 1175 5288 serv:
1203 5251 1384 5288 autem
1416 5251 1544 5288 lacu
1582 5251 1718 5288 esus
1740 5251 1983 5301 thStuue.
2015 5254 2040 5288 η)

609 5251 720 5375 (87)
750 5302 901 5357 Alias
925 5344 940 5369 ,
975 5321 994 5354 ‹
1028 5304 1152 5372 quia
1180 5307 1267 5375 ait
1293 5322 1306 5358 :
1357 5306 1499 5359 servi
1527 5306 1669 5375 estis
1687 5305 1775 5359 cui
1827 5306 2113 5367 obedistis,

533 5373 651 5444 sive
681 5373 914 5442 peccati,
971 5375 1088 5430 sive
1142 5374 1464 5429 obedientia:
1573 5374 1692 5434 (al.
1744 5376 2115 5444 obeditionis)

533 5443 600 5517 ad
629 5444 921 5517 justitiam,
960 5460 1081 5517 cum
1115 5446 1257 5498 ratio
1292 5453 1546 5515 posceret
1578 5462 1594 5500 :
1628 5445 1786 5500 Servi
1836 5446 1968 5500 estis
2018 5443 2115 5517 (αι.

528 5513 680 5581 'Ergo
718 5514 860 5567 servi
881 5513 1070 5582 estis),
1097 5525 1232 5569 rete.

539 5652 569 5707 Γ
581 5583 724 5707 u(138)
751 5584 923 5651 Alias,
959 5605 978 5637 ι
998 5586 1091 5655 qui
1119 5585 1446 5656 imperitiam
1474 5585 1751 5642 sermonis
1778 5597 1971 5657 sponte
1991 5602 2118 5643 con-

556 5669 573 5706 1
659 5669 743 5706 lll‘.
778 5672 797 5705 ι

529 5662 743 5708 litetur.
778 5672 797 5705 ι

597 5721 730 5802 (89)
749 5723 915 5804 Editi,
943 5723 1064 5804 ¢__Ad
1095 5741 1477 5804 quamcunque
1502 5729 1656 5804 enim
1673 5735 1997 5804 potestatem
2026 5728 2112 5782 in-

539 5791 828 5851 clinaverit
851 5791 1190 5852 obedientiam
1214 5817 1232 5850 ι
1256 5796 1357 5855 Ms.
1387 5791 1547 5863 unus,
1585 5817 1603 5852 ι
1631 5791 1710 5856 Ad
1735 5814 2116 5860 quamcunque

1831 4715 1879 4746 ’⁷⁵
1921 4713 1962 4768 ll
1990 4714 2114 4770 Cor.
2152 4736 2252 4782 ιιι,
2311 4722 2364 4773 6.

1693 4786 1738 4817 δ’
1763 4783 1956 4840 Matth.
1985 4801 2059 4854 vr,
2081 4789 2173 4846 24.
2250 4791 2294 4822 ⁸⁸
2326 4791 2483 4845 Rom.
2514 4806 2586 4856 γι,
2614 4788 2702 4844 16.

2227 4596 2336 4665 bis,
2369 4598 2495 4668 quia
2521 4599 2656 4652 fides
2686 4606 2865 4652 vestra
2894 4596 3256 4651 annuntiatur
3290 4597 3345 4650 in
3370 4593 3630 4648 universo
3654 4605 3802 4644 mun-

2474 4721 2520 4752 ⁷⁸
2548 4720 2707 4773 Rom.
2736 4735 2789 4772 Vl
2823 4759 2836 4779 .
2899 4719 2986 4772 l5.
3080 4718 3125 4749 ’⁷⁷
3159 4717 3293 4772 ibid.
3340 4718 3394 4770 1.
3467 4715 3514 4748 ⁷⁸
3540 4715 3671 4768 ibid.
3709 4711 3799 4768 15.

2782 4790 2828 4820 ⁸³
2849 4787 3007 4843 Joan.
3029 4803 3153 4852 vni,
3177 4788 3266 4842 5-1.
3341 4787 3389 4819 “
3423 4788 3584 4842 Rom.
3605 4800 3683 4848 vl,
3707 4782 3797 4837 16.

2225 4955 2369 5008 enim
2403 4962 2610 5023 partem
2635 4951 2982 5023 inclinaverit
3011 4966 3070 5006 se
3100 4951 3265 5023 homo
3291 4947 3640 5023 obedientiaa.
3672 4965 3693 5023 ξ

2299 5015 2418 5094 (90)
2445 5024 2608 5094 Editi,
2653 5041 2670 5072 ι
2701 5022 2836 5076 Nam
2887 5023 3068 5094 omnis
3096 5021 3210 5090 qui,
3239 5039 3267 5072 ιι
3287 5030 3419 5094 _etc.
3467 5017 3598 5071 Mss.
3633 5015 3802 5094 pleri-

2224 5086 2352 5163 que,
2385 5086 2405 5145 ἑ
2441 5093 2548 5149 Sed
2577 5086 2632 5149 et
2661 5095 2840 5148 omnis
2868 5093 2984 5162 qui,
3018 5110 3038 5144 ι
3074 5086 3220 5158 eic.,
3252 5089 3456 5158 absque
3485 5105 3504 5138 ι
3547 5089 3690 5156 quod
3719 5086 3803 5141 di-

2224 5166 2387 5218 citur.
2421 5181 2440 5216 ι

2295 5233 2405 5303 (91)
2437 5234 2598 5292 Alias.
2633 5253 2652 5286 ‹
2689 5232 2820 5286 Mihi
2854 5243 3036 5288 autem
3055 5234 3290 5286 videtur.
3333 5249 3350 5280 ι

2299 5305 2411 5374 (9‘2)
2440 5305 2610 5369 Alias,
2653 5324 2670 5353 σ
2696 5305 2789 5357 sed
2810 5304 2991 5372 justus
3021 5303 3300 5358 Dominus.
3335 5319 3353 5352 ι

2301 5368 2414 5445 (95)
2451 5368 2612 5436 Editi,
2655 5392 2675 5425 ι
2722 5389 2784 5427 ex
2811 5368 2902 5428 his
2931 5389 3052 5429 esse
3074 5388 3265 5445 servos
3312 5369 3411 5445 (af.
3483 5368 3667 5445 exilis
3687 5383 3800 5445 ser-

2230 5439 2332 5516 vis)
2363 5439 2561 5514 quibus
2598 5445 2799 5499 i‘aulus
2815 5446 2976 5516 _dicit,
3004 5465 3022 5496 ι
3046 5444 3140 5505 aL,
3168 5463 3186 5495 ‹
3221 5460 3286 5498 ex
3314 5444 3402 5498 his
3427 5441 3607 5497 verbis
3632 5457 3652 5490 ι
3679 5439 3798 5511 (aL,

2226 5531 2288 5569 ex
2315 5512 2402 5568 his
2426 5517 2787 5585 sermonibus)
2811 5512 2986 5579 Pauli,
3013 5516 3213 5585 quibus
3241 5518 3393 5569 dicit.
3429 5533 3446 5564 ι

2321 5586 2411 5654 94)
2445 5585 2611 5652 Editi,
2647 5606 2665 5637 ί
2698 5584 2823 5654 quia
2863 5596 3074 5654 sponte.
3107 5584 3239 5638 Nam
3275 5587 3373 5654 ipsi
3405 5601 3521 5639 nos.
3555 5606 3573 5638 ι

2325 5656 2417 5726 95)
2446 5657 2617 5717 Alias.
2655 5675 2672 5707 ι
2711 5657 2836 5724 quia
2873 5675 2891 5707 ι
2944 5662 2960 5724 (
2996 5656 3069 5708 al.
3110 5674 3128 5706 ι
3157 5658 3322 5725 quod,
3362 5673 3380 5706 ι
3421 5656 3491 5712 al.
3543 5676 3562 5707 ‹
3594 5655 3801 5727 quam)

2225 5727 2471 5780 diabolus
2525 5728 2655 5781 fecit
2694 5739 2752 5779 ut
2787 5738 3166 5792 peccatorem,
3226 5736 3318 5780 aut
3363 5737 3661 5786 natu-ram...
3706 5736 3799 5782 aut

2225 5811 2418 5854 cursus
2447 5806 2720 5855 astrorum
2744 5796 2969 5863 efﬁciat,
2997 5816 3014 5849 ι
3047 5798 3119 5853 al.
3151 5816 3169 5849 ι
3199 5796 3380 5854 faciat.
3420 5815 3440 5850 ι
