4146 6420
335 318 464 371 1061

1292 313 1650 368 COMMENT.
1688 312 1755 368 IN
1787 311 2004 367 EHST.
2046 311 2137 366 AD
2173 311 2338 366 ROM.
2378 312 2508 366 LIB.
2551 312 2642 366 Vl.

3475 319 3496 373 !
3509 318 3614 373 062

331 433 404 488 do
432 433 500 488 κ’.
534 451 555 486 ι
589 431 727 487 Τιιιη
761 430 960 488 deinde
1004 441 1061 486 et
1099 431 1228 485 illud
1256 433 1518 496 ostendit,
1559 431 1702 501 quod
1735 447 1926 486 omnes
1955 433 2002 492 Α
2033 446 2179 484 mam
2227 441 2390 500 atque
2425 432 2674 485 umbram
2726 431 2996 485 virtutum
3049 440 3239 488 tenere
3287 434 3565 501 possimus
3594 454 3610 500 ;

331 525 581 582 homines
597 527 772 597 primo
798 526 1043 582 serviant
1067 535 1314 594 peccato.
1350 526 1443 581 Sic
1470 526 1614 581 enim
1649 526 1912 596 scriptum

330 628 451 673 est:
480 618 615 685 Quia
637 639 654 671 ι
708 632 816 672 non
853 627 938 672 est
970 615 1151 687 justus
1185 631 1351 688 super
1393 626 1590 672 terram
1619 618 1712 688 qui
1743 617 1916 672 faciat

331 708 554 771 bonum,
578 716 632 762 et
672 722 778 762 non
809 717 999 777 peccet
1026 707 1094 762 ⁸⁸.
1136 726 1154 758 ι
1200 707 1385 762 Primo
1417 709 1560 762 enim
1589 723 1815 764 necesse
1831 717 1915 763 est

330 797 389 851 in
424 798 570 852 omni
613 797 831 854 homine
857 797 988 852 illud
1021 797 1283 867 compleri
1305 799 1448 868 quod
1481 800 1742 868 scrip:um
1778 809 1862 854 est
1897 819 1909 854 :

335 903 356 937 ι
399 886 504 941 Sed
539 888 628 942 tibi
665 888 810 942 venit
843 887 1183 953 mandatum,
1218 897 1506 958 peccatum
1555 889 1754 944 revixit
1780 891 1849 944 ⁸⁵.
1888 909 1908 943 ι

332 977 447 1033 Hoc
484 994 613 1033 vero
649 979 790 1048 quod
819 978 1073 1047 sequitur
1103 978 1169 1032 ad
1208 993 1412 1047 paucos
1439 979 1640 1034 dicitur
1665 1019 1680 1045 ,
1736 989 1794 1035 et
1817 994 1914 1036 eos

331 1072 424 1141 qui
451 1071 565 1139 jam
597 1073 978 1135 emendantur,
1005 1070 1215 1124 scilicet
1242 1071 1385 1140 quod
1417 1072 1553 1128 dicit
1583 1090 1597 1127 :
1636 1090 1655 1124 ι
1692 1071 1914 1129 Gratias

332 1175 513 1218 autem
548 1163 684 1230 Deo,
717 1163 842 1234 quia
878 1162 1060 1219 fuistis
1083 1165 1225 1219 servi
1256 1164 1488 1232 peccati,
1523 1166 1787 1221 obedistis
1816 1181 1912 1219 au-

331 1266 440 1310 tem
479 1272 546 1311 cx
587 1256 751 1311 corde
787 1256 840 1310 in
893 1271 1012 1311 eam
1053 1256 1282 1311 formam
1319 1258 1608 1322 doctrinae,
1643 1259 1701 1313 in
1741 1274 1908 1330 quam

336 1347 812 1402 traditiestis’°'9‘.
850 1365 868 1398 ι
899 1346 1193 1416 Serviergo
1227 1347 1425 1403 fuimus
1456 1364 1644 1403 omnes
1667 1350 1909 1418 peccati;

332 1438 425 1491 sed
463 1438 551 1492 ubi
593 1438 794 1492 tradita
829 1447 911 1492 est
941 1438 1100 1491 nobis
1158 1438 1333 1492 l'orma
1380 1439 1662 1503 docui-nte,
1701 1448 1754 1495 et
1786 1439 1912 1495 huic

334 1542 440 1581 non
467 1537 769 1596 utcunque,
808 1543 985 1598 neque
1015 1528 1145 1583 solis
1179 1529 1381 1593 verbis,
1412 1530 1506 1584 sed
1538 1545 1606 1584 ex
1635 1530 1908 1594 corde,ex

331 1621 538 1683 animo,
569 1635 637 1674 ex
666 1628 777 1674 tota
813 1621 1102 1676 devotione
1124 1622 1385 1693 elegimus
1409 1621 1632 1677 obedire
1659 1660 1675 1684 ,
1704 1620 1909 1678 libera-

331 1727 456 1764 mur
478 1726 506 1763 a
543 1712 813 1766 servitute
843 1713 1076 1781 peccati,
1107 1722 1160 1768 et
1188 1714 1453 1768 eliicimur
1487 1712 1627 1768 servi
1658 1712 1906 1783 iustitiae.

2023 521 2171 591 ipsas
2201 534 2335 574 vero
2387 520 2642 586 virtutes,
2686 529 2814 573 tunc
2861 535 2986 574 cum
3038 520 3290 574 venerint
3342 521 3433 575 illa
3490 537 3613 590 quae

2022 611 2270 681 perlecta
2303 617 2450 665 sunt.
2491 610 2558 665 Et
2593 611 2717 664 ideo
2757 609 2936 678 justus
2968 626 3113 665 nunc
3149 610 3261 683 (99)
3297 613 3498 682 magis,
3552 621 3612 666 ut

2022 701 2155 756 mihi
2196 700 2411 756 videtur
2437 740 2454 766 ,
2487 701 2539 755 in
2593 702 2784 755 umbra
2839 702 3104 755 virtutum
3136 741 3152 766 ,
3186 717 3352 771 quam
3394 703 3447 756 in
3480 704 3612 770 ipsis

2019 793 2319 848 virtutibus
2348 792 2483 846 vivit
2517 792 2616 864 (1).
2657 793 2725 846 Ει
2776 794 2845 848 ob
2883 794 2988 848 hoc
3041 793 3294 849 fortassis
3340 793 3610 851 Jeremias

2023 884 2074 937 iu
2109 883 2629 940 Lamentationibus
2659 886 2795 940 dicit
2831 904 2846 940 :
2889 903 2908 937 ι
2951 885 3189 956 Spiritus
3215 887 3401 940 vultus
3433 888 3606 941 nostri

2021 982 2276 1038 Christus
2309 982 2711 1047 Dominus,-cui
2741 981 2982 1037 diximus
3019 1000 3034 1037 ε
3062 981 3118 1036 lu
3152 983 3342 1037 umbra
3370 982 3493 1052 ejus
3521 981 3607 1035 vi-

2021 1089 2213 1129 vemus
2243 1075 2294 1126 in
2339 1074 2594 1143 gentibus
2618 1075 2692 1126 '5.
2737 1092 2756 1126 ι
2793 1073 2946 1140 Quod
2976 1073 3018 1127 si
3050 1071 3305 1128 Christus
3336 1083 3422 1128 est
3445 1073 3609 1140 justi-

2021 1165 2115 1231 tia,
2143 1175 2192 1219 et
2218 1164 2506 1234 sapientia,
2539 1175 2594 1219 et
2620 1165 2844 1231 veritas,
2873 1172 2933 1217 et
2969 1163 3227 1226 dicimus,
3261 1181 3280 1214 ‹
3327 1164 3381 1218 iu
3411 1165 3605 1218 umbra

2019 1255 2138 1325 ejus
2159 1258 2406 1311 vivemus
2433 1257 2486 1310 in
2517 1255 2768 1327 gentibus
2801 1275 2814 1310 ε
2858 1274 2876 1306 ι
2902 1270 3032 1326 ergo
3061 1255 3114 1310 iu
3139 1255 3329 1310 umbra
3355 1256 3602 1325 justitiae,

2018 1357 2072 1404 et
2103 1349 2154 1402 in
2184 1348 2378 1402 umbra
2409 1348 2715 1417 sapientiai,
2760 1356 2814 1402 et
2846 1348 2899 1402 in
2946 1349 3140 1402 umbra
3178 1349 3430 1403 veritatis
3461 1349 3605 1402 vivi-

2019 1455 2176 1506 mus,
2209 1441 2378 1495 etiam
2429 1440 2476 1495 si
2513 1438 2674 1507 justi,
2708 1447 2762 1492 et
2794 1439 3074 1508 sapientes
3110 1437 3211 1509 (‘2),
3264 1450 3320 1494 et
3354 1439 3609 1494 veritatis

2020 1539 2295 1586 amatores
2330 1546 2452 1586 esse
2483 1531 2786 1584 videamur.
2838 1529 3137 1600 Propterea
3185 1546 3317 1602 ergo
3351 1531 3552 1585 dicitur
3584 1544 3599 1584 :

2024 1640 2044 1674 ι
2099 1621 2155 1676 Si
2208 1621 2332 1690 quis
2369 1635 2431 1674 se
2474 1627 2633 1690 putat
2679 1620 3028 1689 cognovisse,
3065 1621 3306 1673 nondum
3348 1619 3603 1690 cognovit

2018 1712 2471 1782 quemadmodum
2515 1721 2767 1780 oporteat
2792 1711 2936 1765 scire
2968 1711 3035 1766 ”“.
3079 1731 3100 1763 ι
3140 1710 3414 1766 Fortassis
3442 1725 3590 1765 enim

331 1801 487 1858 Unde
515 1819 710 1858 vereor
735 1821 799 1860 ne
828 1805 962 1860 forte
984 1807 1163 1875 plures
1180 1807 1454 1877 simusqui
1481 1808 1761 1861 videamur
1784 1823 1912 1862 sus-
1946 1797 1986 1852 Β
2016 1806 2181 1862 etiam
2231 1806 2408 1876 ipsum
2447 1804 2683 1859 Verbum
2741 1805 2876 1870 Dei,
2931 1805 3236 1859 secundum
3289 1805 3393 1857 hoc
3451 1801 3599 1872 quod

330 1893 541 1962 cepisse
597 1893 826 1948 formam
866 1897 1130 1951 doctrina:
1153 1897 1400 1966 justitize,
1453 1905 1508 1951 et
1543 1898 1726 1952 verbis
1759 1898 1900 1965 qui—

330 1987 452 2038 dem
479 1983 562 2038 vel
594 1985 929 2054 professione
943 1987 1171 2056 iustitiae
1187 1988 1469 2042 videamur
1484 1988 1726 2054 obedire,
1745 1991 1911 2048 corde

283 2107 290 2110 -
330 2091 462 2132 vero
486 2080 805 2135 obediamus
833 2089 1084 2150 peccato,
1136 2081 1319 2136 carnis
1343 2082 1526 2137 adhuc
1553 2082 1608 2137 in
1644 2083 1802 2138 nobis
1834 2085 1914 2138 vi-

332 2167 422 2221 tiis
450 2168 872 2223 dominantibus.
896 2169 960 2223 Et
992 2170 1255 2225 ideoaute
1276 2172 1460 2226 omnia
1489 2172 1795 2243 indigemus
1821 2175 1912 2229 illa

328 2259 400 2313 de
430 2274 534 2328 qua
566 2261 818 2329 superius
851 2262 1035 2316 docuit
1060 2263 1484 2320 mortiﬁcatione
1510 2266 1908 2322 membrorum.

329 2351 484 2418 Quod
517 2362 693 2407 autem
729 2353 868 2408 dixit
899 2373 912 2408 ε
975 2375 992 2406 ι
1026 2355 1279 2410 Formam
1333 2357 1443 2428 (96)
1491 2358 1756 2414 doctrinae
1788 2400 1804 2424 ,
1859 2360 1910 2414 in

331 2459 494 2511 quam
532 2445 714 2498 traditi
745 2446 877 2500 estis
903 2486 918 2509 ,
953 2464 972 2498 ι
1010 2449 1392 2516 requirendum
1453 2460 1582 2519 puto
1638 2453 1912 2520 quomodo

332 2535 716 2604 unusquisque
744 2538 1013 2591 tradatur.
1042 2537 1350 2594 invenimus
1374 2555 1610 2610 namque
1637 2543 1780 2610 quod
1817 2558 1913 2599 eos

328 2626 421 2694 qui
453 2642 475 2676 ι
511 2640 614 2678 non
647 2644 668 2678 ι
722 2626 951 2694 probant
989 2645 1010 2678 ι
1049 2627 1218 2682 Deum
1249 2629 1452 2684 habere
1483 2631 1540 2684 in
1571 2631 1844 2697 notitiam,
1887 2651 1907 2685 ι

332 2719 516 2772 tradat
554 2735 573 2768 ι
617 2717 758 2770 Deus
796 2719 1090 2772 secundum
1124 2719 1393 2774 desideria
1418 2723 1600 2777 cordis
1632 2737 1822 2777 eorum
1859 2725 1911 2779 in

330 2807 760 2874 immunditiam,
801 2818 859 2863 ut
905 2811 1249 2866 contumeliis
1285 2811 1523 2868 aliiciaut
1552 2829 1781 2884 corpora
1813 2831 1911 2870 sua

332 2899 385 2954 in
423 2899 728 2969 semetipsis
757 2917 771 2952 :
810 2918 828 2950 ι
856 2909 911 2953 et
945 2901 1082 2955 alios
1103 2900 1197 2970 qui
1234 2919 1253 2952 ‹
1289 2910 1766 2959 commutaverunt
1795 2905 1913 2976 glo-

328 2993 469 3048 riam
517 2992 948 3061 iucorruptibilis
989 2992 1127 3058 Dei,
1160 3012 1181 3047 ι
1241 2994 1425 3048 tradat
1457 3012 1479 3047 ι
1531 2995 1584 3050 in
1626 2999 1912 3066 passiones

332 3086 646 3156 ignominiae
672 3087 739 3152 θ’,
770 3103 790 3136 ι
830 3085 899 3140 de
953 3086 1152 3155 quibus
1197 3086 1250 3141 in
1305 3087 1439 3143 locis
1477 3089 1595 3143 suis
1620 3100 1782 3157 prout
1811 3107 1911 3160 po-

327 3179 534 3233 tuimus
561 3175 821 3232 diximus.
853 3177 923 3230 Et
955 3177 1056 3231 hos
1084 3192 1215 3247 ergo
1255 3179 1345 3247 qui
1386 3181 1713 3249 semetipsos
1751 3182 1908 3236 exhi-

328 3267 459 3322 bent
493 3282 684 3322 servos
710 3267 936 3337 iustitia:
966 3283 1060 3337 per
1090 3269 1456 3324 obedientiam
1478 3269 1612 3341 (97),
1637 3271 1779 3327 Deus
1809 3283 1912 3327 tra-

331 3358 468 3412 didit
497 3368 555 3412 ut
585 3359 945 3414 instituantur
983 3367 1038 3413 et
1098 3359 1412 3412 imbuantur
1455 3363 1756 3416 secundum
1796 3363 1910 3420 for-

330 3465 474 3504 mam
501 3451 763 3506 doctrinae
789 3449 1032 3518 juStitiae.
1060 3449 1239 3505 Movet
1264 3461 1447 3506 autem
1478 3467 1562 3508 me
1585 3454 1748 3508 etiam
1782 3455 1906 3524 hoc,

323 3544 478 3610 quod
507 3559 612 3597 non
637 3543 798 3608 dixit,
838 3563 856 3594 ‹
889 3542 1161 3599 Obedistis
1193 3543 1307 3613 (98)
1340 3559 1407 3598 ex
1443 3546 1608 3600 corde
1640 3565 1658 3598 ι
1707 3548 1913 3603 doctri-

329 3651 434 3698 na,
467 3654 485 3688 ‹
522 3639 573 3689 in
608 3652 769 3704 quam
808 3636 991 3690 traditi
1019 3639 1174 3704 estis,
1207 3637 1353 3692 rsed
1383 3657 1401 3688 ε
1439 3637 1670 3691 formam
1703 3640 1910 3693 doctri--

327 3744 413 3783 nte
439 3749 456 3780 ›
479 3731 676 3798 posuit.
704 3729 816 3786 Nec
842 3741 970 3803 puto
994 3733 1138 3800 quod
1164 3747 1332 3785 unum
1363 3746 1484 3785 esse
1511 3731 1744 3786 senserit
1774 3732 1912 3801 Apo-

327 3825 502 3878 stolus
535 3826 872 3891 doctrinam,
905 3836 959 3881 et
1007 3826 1237 3880 formam
1287 3825 1592 3890 doctrinae;
1647 3825 1742 3879 sed
1775 3825 1906 3878 mihi

329 3917 549 3970 videtur
563 3918 712 3987 quod
745 3902 977 3972 formam
1003 3920 1266 3973 doctrinae
1297 3919 1476 3971 minus
1523 3931 1648 3972 esse
1675 3917 1906 3983 scierit,

321 4023 490 4077 quam
540 4011 710 4078 ipsam
751 4012 1094 4077 doctrinam;
1129 4020 1185 4066 et
1210 4024 1360 4064 nunc
1401 4009 1620 4078 quidem
1665 4009 1718 4064 in
1767 4026 1907 4078 prae-

323 4105 469 4157 senti
505 4105 613 4158 vita
651 4104 775 4158 dum
832 4105 888 4159 in
939 4105 1041 4158 hoc
1093 4117 1323 4171 corpore
1361 4117 1599 4167 smnus,
1653 4111 1711 4157 et
1763 4121 1782 4154 (
1813 4119 1910 4172 ag-

319 4205 521 4264 gravet
569 4205 846 4251 terrenum
897 4197 1001 4251 hoc
1058 4194 1430 4250 habitaculum
1483 4208 1706 4248 sensum
1739 4194 1906 4248 multa

327 4287 659 4356 cogitantem
711 4287 806 4353 ’3,
886 4307 905 4340 ι
959 4287 1192 4341 fortnam
1239 4284 1501 4340 doctrina:
1562 4285 1905 4350 habeamus.

327 4394 435 4432 non
479 4379 660 4449 ipsam
703 4380 1010 4435 doct-rinam
1042 4421 1058 4446 ,
1109 4379 1253 4433 sicut
1300 4378 1442 4432 idem
1499 4377 1799 4447 Apostolus
1852 4379 1905 4433 in

2022 1917 2041 1950 ι
2075 1897 2309 1953 Verbum
2346 1912 2475 1953 caro
2515 1897 2721 1952 factum
2777 1905 2904 1962 est,
2961 1904 3017 1950 et
3068 1895 3339 1949 habitavit
3389 1895 3442 1948 in
3498 1909 3600 1948 no-

2015 1989 2104 2044 bis
2146 1990 2214 2055 ",
2259 2011 2277 2040 ι
2314 1990 2474 2045 aliter
2528 1990 2581 2044 in
2615 1988 2866 2059 praesenti
2903 1988 3028 2042 vita:
3075 1995 3240 2050 statu,
3270 1987 3430 2041 aliter
3474 2003 3600 2043 cum

2015 2083 2228 2137 venerit
2259 2085 2405 2152 quod
2435 2083 2741 2154 perfectum
2771 2090 2856 2135 est
2877 2079 2945 2140 ⁸⁸.
2975 2090 3344 2148 cognoscatur
3370 2096 3384 2143 ;
3413 2089 3468 2132 et
3495 2079 3597 2132 ali-

2022 2187 2107 2233 ter
2138 2191 2283 2233 nunc
2333 2176 2385 2230 in
2415 2176 2590 2231 forma
2627 2174 2792 2240 servi,
2826 2183 2954 2226 tunc
2984 2187 3115 2227 vero
3144 2173 3301 2227 aliter
3332 2172 3386 2225 in
3421 2171 3596 2225 ferina

2017 2273 2133 2336 Dei,
2181 2281 2237 2327 et
2266 2272 2320 2326 in
2363 2268 2543 2324 Patris
2574 2265 2890 2337 aequalitate
2924 2265 3215 2319 scntietur.
3264 2264 3368 2317 Pro
3397 2263 3597 2332 quibus

2013 2365 2292 2432 omnibus,
2319 2362 2406 2418 vel
2457 2380 2476 2414 r
2515 2361 2569 2416 in
2603 2359 2782 2414 forma
2816 2358 3101 2420 doctrinae,
3151 2375 3169 2409 ι
3217 2363 3277 2410 ιιι
3308 2355 3601 2424 Apostolus

2014 2457 2187 2520 dicit,
2225 2463 2279 2510 et
2346 2453 2587 2508 nondum
2619 2453 2672 2507 in
2704 2453 2819 2521 ipsa
2863 2450 3135 2514 doctrina,
3160 2447 3243 2502 vel
3274 2466 3293 2499 ‹
3325 2447 3377 2500 in
3406 2446 3597 2501 umbra

2014 2545 2239 2610 Christi,
2291 2562 2312 2597 ι
2361 2541 2715 2598 utJeremias
2751 2540 3223 2602 nominavit",et
3255 2538 3490 2592 nondum
3542 2538 3594 2591 in

2015 2637 2134 2709 ipso
2147 2637 2387 2702 Christo,
2407 2634 2595 2690 vivere
2620 2633 2871 2688 videmur
2899 2631 3041 2685 inter
3069 2640 3278 2702 gentes.
3301 2646 3321 2681 ι
3357 2629 3595 2684 Liberati

2015 2740 2196 2784 autem
2229 2743 2258 2782 a
2291 2735 2538 2797 peccato,
2573 2725 2720 2782 servi
2748 2723 2877 2778 facti
2915 2723 3050 2778 estis
3083 2722 3315 2792 iustitiae
3345 2722 3384 2776 ί.
3424 2738 3442 2772 ι
3488 2721 3599 2774 Ex-

2014 2823 2214 2893 positio
2249 2831 2334 2876 est
2390 2821 2442 2875 in
2477 2821 2562 2875 bis
2611 2832 2800 2874 eorum
2849 2831 2971 2887 quae
3028 2815 3289 2885 superius
3319 2815 3480 2870 dixit.
3536 2814 3595 2869 Si

2014 2913 2160 2968 enim
2192 2911 2333 2965 ultra
2366 2926 2471 2965 non
2509 2908 2766 2965 serviatis
2810 2915 3068 2975 peccato,
3102 2915 3311 2960 certum
3342 2915 3426 2959 est
3469 2905 3596 2972 quia

2014 3008 2234 3062 liberati
2264 3008 2332 3061 ab
2363 3021 2430 3060 eo
2461 3006 2604 3060 servi
2641 3003 2770 3058 facti
2819 3002 2955 3057 estis
2988 3001 3236 3071 justitias.
3268 2998 3376 3053 Sed
3413 2999 3599 3066 requi-

2020 3101 2160 3154 ritur
2201 3100 2328 3168 quis
2379 3097 2586 3166 estqui
2631 3095 2830 3150 liberat
2879 3109 2911 3148 a
2957 3101 3203 3162 peccato.
3261 3089 3395 3144 Sine
3431 3090 3598 3144 dubio

2013 3192 2262 3249 veritatis
2297 3190 2526 3260 agnitio.
2559 3188 2651 3243 Sic
2685 3187 2831 3243 enim
2861 3183 3252 3239 dicebatJesus
3285 3183 3351 3236 ad
3381 3181 3599 3236 Judzcos

2012 3286 2104 3358 qui
2138 3283 2482 3340 crediderant
2515 3281 2564 3335 ei
2618 3297 2633 3334 :
2666 3297 2685 3330 ι
2726 3277 2783 3332 Si
2818 3275 3166 3330 credideritis
3216 3275 3385 3328 verbo
3424 3287 3546 3328 meo
3577 3312 3595 3336 ,

2013 3376 2325 3447 agnoscetis
2354 3373 2640 3428 veritatem
2667 3411 2682 3436 ,
2727 3378 2782 3423 et
2828 3370 3030 3423 veritas
3066 3364 3321 3420 liberabit
3359 3377 3455 3416 vos
3479 3363 3525 3415 ‘.
3566 3379 3587 3412 ι

2013 3471 2228 3526 Veritas
2252 3477 2338 3522 est
2371 3481 2504 3535 ergo
2531 3480 2652 3534 qua:
2688 3463 2887 3516 liberat
2918 3475 2944 3513 a
2975 3467 3222 3528 peccato,
3258 3467 3311 3510 et
3347 3454 3596 3508 veritatis

2010 3563 2238 3634 agnitio.
2259 3560 2480 3614 Certum
2511 3568 2595 3612 est
2621 3565 2807 3610 autem
2826 3553 2970 3624 quod
3000 3551 3181 3607 omnis
3208 3547 3299 3618 qui
3332 3547 3598 3600 liberatus

2011 3655 2178 3709 fuerit
2210 3669 2240 3707 a
2265 3661 2516 3722 peccato,
2544 3647 2770 3716 iustitiae
2795 3645 3020 3700 serviat.
3047 3641 3200 3709 Quod
3246 3652 3428 3693 autem
3457 3637 3594 3692 dici-

2013 3762 2133 3802 mus
2157 3785 2171 3809 ,
2201 3744 2427 3816 iustitia:
2459 3741 2704 3804 serviat,
2737 3738 2998 3808 quoniam
3035 3733 3247 3804 justitia
3275 3747 3381 3784 una
3413 3740 3496 3784 est
3524 3743 3590 3782 ex

2013 3841 2275 3892 virtuttun
2307 3836 2512 3900 choro,
2545 3831 2727 3886 simile
2761 3837 2844 3884 est
2878 3843 2942 3881 ac
2992 3824 3037 3879 si
3099 3823 3428 3885 diceremus,
3463 3819 3588 3888 quia

2011 3931 2056 3986 si
2088 3931 2209 4000 quis
2253 3927 2515 3982 liberatus
2541 3932 2625 3980 est
2665 3939 2693 3977 a
2741 3927 2988 3992 peccato,
3021 3916 3225 3970 serviet
3257 3911 3499 3974 veritati,
3537 3920 3593 3964 e't

2010 4021 2210 4076 serviet
2238 4017 2522 4088 sapientiae
2546 4056 2562 4082 ,
2610 4022 2665 4069 ct
2699 4012 2901 4069 serviet
2948 4007 3226 4080 pudicitiae
3252 4044 3266 4070 ,
3299 4014 3352 4059 et
3387 4003 3592 4057 serviet

2010 4111 2197 4183 pietati
2227 4108 2326 4180 (5).
2359 4110 2449 4164 Sic
2483 4108 2628 4163 enim
2653 4120 2755 4176 ego
2784 4103 2944 4159 audio
2977 4110 3031 4154 et
3056 4100 3186 4153 illud
3218 4095 3362 4167 quod
3384 4094 3590 4148 dictum

2007 4215 2130 4258 est:
2166 4221 2184 4255 ι
2224 4202 2449 4270 Aperite
2475 4200 2607 4254 mihi
2639 4206 2827 4268 portas
2851 4192 3103 4262 justitim,
3130 4200 3187 4244 et
3217 4190 3502 4257 ingressus
3536 4186 3590 4238 in

2008 4310 2103 4351 eas
2129 4293 2431 4350 conﬁtebor
2465 4291 2694 4346 Domino
2719 4289 2760 4342 ³.
2802 4307 2820 4339 ι
2859 4286 2975 4340 Νοη
3005 4284 3150 4338 enim
3175 4275 3593 4344 soliusjustitia:

2007 4396 2198 4460 portas
2229 4386 2537 4457 ingreditur
2571 4384 2664 4452 qui
2697 4379 2945 4436 conﬁteri
2979 4377 3093 4430 vult
3125 4372 3379 4435 Domino,
3412 4369 3505 4425 sed
3535 4375 3593 4423 et

327 4466 489 4545 573
523 4473 646 4529 aliis
673 4474 804 4528 die“
837 4491 852 4528 ε
899 4492 918 4524 ⁴
950 4473 1104 4528 Nunc
1143 4481 1326 4526 amem
1371 4470 1621 4524 Videmus
1648 4485 1746 4539 Ρθτ
1779 4486 1908 4542 δρε-
1940 4493 1987 4554 ι)
2015 4480 2258 4535 veritatis
2283 4518 2298 4545 ,
2329 4488 2386 4534 et
2433 4475 2718 4546 sapientiae
2746 4514 2762 4539 ,
2795 4480 2850 4527 et
2883 4469 3099 4541 pietatis
3123 4509 3138 4533 ,
3187 4477 3240 4522 et
3289 4462 3589 4554 pudicitiae.

325 4569 508 4622 culum
539 4569 591 4621 in
619 4567 943 4637 tenigtnate;
985 4585 1007 4619 ι
1058 4566 1171 4635 ipsa
1216 4573 1400 4618 autem
1439 4564 1684 4619 doctrina
1716 4565 1788 4618 sit
1841 4565 1908 4620 de

319 4673 437 4729 qua
473 4659 644 4714 dicit:
684 4678 702 4711 ‹
737 4658 890 4714 Tunc
918 4669 1104 4713 autem
1154 4657 1464 4712 videbimus
1499 4655 1642 4711 facie
1691 4657 1756 4711 ad
1821 4656 1907 4713 fa-

327 4752 468 4808 ciem
496 4752 562 4806 “.
599 4771 622 4805 ι
655 4752 811 4808 Unde
851 4761 906 4807 et
943 4753 996 4806 in
1031 4750 1291 4821 przesenti
1314 4750 1424 4804 vita
1464 4756 1598 4818 puto
1627 4750 1769 4818 quod
1797 4749 1909 4805 for-

922 4915 977 5000 ”_
1005 4913 1171 5000 Eccli.
1224 4912 1436 5000 vin-2‘“.

887 4986 932 5018 °"
960 4985 977 5038 1
1009 4985 1138 5040 (lor.
1167 5001 1284 5049 xm,
1309 4987 1395 5037 12.
1503 4985 1550 5013 ⁸⁵

887 5096 903 5116 .
930 5057 1021 5110 it).
1125 5054 1143 5085 ¹
1178 5057 1335 5109 ltum.
1366 5051 1558 5116 v1.18.

421 4920 467 4953 ³⁷
488 4919 649 4984 Rom,
679 4933 721 4980 ι,
740 4916 794 4970 8.

327 4989 387 5061 "A
429 4990 558 5061 Sap.
591 5005 672 5061 ιχ,
705 4987 790 5041 15.

330 5059 420 5118 10.
507 5055 560 5095 δ’
591 5055 794 5114 Threu.
827 5071 903 5123 Iv,
930 5057 1021 5110 20.

395 5224 510 5293 (96)
541 5221 708 5284 Editi,
736 5239 757 5274 ι
787 5221 959 5293 Quam
991 5227 1176 5272 autem
1207 5217 1344 5293 dixit
1369 5217 1628 5293 formam,
1673 5235 1692 5268 ›
1717 5225 1833 5293 etc.

399 5283 509 5364 (97)
538 5283 721 5364 Alias,
759 5309 777 5343 ι
799 5283 881 5343 'Et
909 5290 998 5345 hic
1029 5303 1162 5358 ergo
1223 5289 1316 5364 qui
1340 5287 1484 5364 __[at._
1523 5303 1589 5342 eo
1612 5283 1780 5364 _qui_]_
1816 5298 1906 5338 se-

328 5355 591 5434 metipsos
608 5355 872 5434 exhibent
886 5375 1076 5434 servos
1099 5355 1195 5427 per
1213 5355 1578 5434 obedientiam
1605 5355 1864 5434 iustitiae;
1880 5374 1898 5405 ι

327 5445 380 5516 e_t
412 5425 572 5516 paulo
622 5442 749 5502 post
791 5431 966 5496 editi,
1009 5448 1029 5483 ί
1066 5425 1361 5484 secundum
1410 5427 1640 5482 formam
1681 5425 1906 5497 iustitiae

328 5507 609 5559 doctrinm.
651 5523 669 5555 ι

398 5575 510 5646 (98)
538 5576 704 5646 Editi,
729 5591 749 5625 ι
768 5570 1126 5646 obedientiae.
1144 5589 1168 5646 DA
1188 5568 1287 5646 bis.
1309 5581 1468 5646 unus.
1503 5565 1900 5646 vehementes.)

550 5636 730 5702 Nune.
766 5645 927 5698 Deest
960 5642 1014 5695 in
1042 5640 1374 5695 editionibus
1399 5637 1611 5691 Merlini
1646 5645 1701 5690 et
1727 5636 1904 5690 Gene-

328 5715 536 5772 timui.

401 5785 477 5848 ﬂ)
506 5787 667 5851 Editi,
701 5807 719 5840 ε
757 5787 912 5847 vixit,
955 5805 973 5839 ι
1014 5785 1171 5840 male.

1514 4909 1561 4941 ⁸⁸
1595 4909 1752 4968 Rom.
1789 4929 1888 4976 νιι,
1919 4915 1972 4970 9.

1503 4981 1550 5013 ⁸⁵
1575 4979 1776 5036 Threu.
1812 5000 1888 5046 Iv,
1915 4985 2004 5038 20.

1657 5056 1678 5085 ⁸
1703 5053 1860 5109 .loan.
1890 5071 2009 5122 vnl,
2045 5055 2134 5109 5|.

2013 4574 2268 4630 Omnium
2318 4583 2554 4640 namque
2607 4583 2713 4623 una
2771 4575 2856 4620 est
2908 4563 3030 4617 aula
3088 4562 3386 4618 virtutum,
3435 4552 3593 4620 cujus

2018 4666 2122 4720 sibi
2166 4665 2393 4736 justiti'e
2436 4660 2658 4717 nomine
2700 4655 2863 4730 pandi
2895 4654 3101 4726 .januas
3135 4649 3376 4723 postulat
3404 4643 3481 4718 (i)
3507 4645 3594 4714 ju-

2014 4765 2152 4812 stus.

2078 4912 2195 4945 ’°-"
2235 4910 2393 4965 Rom.
2437 4925 2488 4963 v1
2531 4906 2640 4973 ,l'l.
2754 4905 2801 4937 θ’
2836 4901 2996 4955 Rom.
3028 4890 3422 4973 1,98,34,33
3445 4929 3460 4952 .
3496 4889 3588 4945 26.

2110 4984 2157 5016 9“
2183 4982 2202 5035 l
2236 4962 2511 5040 Con-vni,
2533 4962 2607 5031 ’2.
2678 4976 2726 5008 ⁸⁸⁷
2750 4973 2911 5028 Joau.
2943 4987 2960 5025 ι
2989 5009 3007 5038 ,
3035 4969 3124 5023 Nu.
3191 4963 3240 4999 ⁸⁸
3265 4962 3286 5015 Ι
3315 4963 3440 5015 Cor.
3469 4975 3592 5030 xm,

2232 5052 2253 5083 ³
2282 5051 2424 5106 l-‘sal.
2450 5065 2594 5105 cxvu
2618 5088 2634 5114 ,
2669 5046 2754 5101 19.

2087 5210 2166 5283 (ἓ)
2199 5210 2299 5266 Ms.
2335 5224 2500 5283 unus,
2535 5224 2555 5258 α
2592 5205 2756 5257 etiam
2793 5200 2839 5283 si
2861 5197 3112 5282 iustitia},
3141 5206 3198 5283 et
3219 5193 3584 5283 sapientiae.)

2015 5265 2122 5338 etc.
2148 5265 2357 5336 [Deinde
2387 5265 2530 5332 idem
2563 5291 2737 5347 ms.,_c
2772 5273 2816 5326 si
2848 5265 2969 5347 quis
2996 5284 3056 5323 se
3085 5276 3238 5337 putat
3267 5265 3591 5347 cognovisse

2018 5356 2283 5408 Deum....
2312 5357 2562 5418 oporteat
2591 5345 2743 5418 sciri.
2774 5361 2800 5394 τ
2839 5341 2949 5418 Al_._,
2972 5358 3026 5418 ιι.
3048 5354 3173 5391 eum
3207 5341 3431 5418 scires}

2087 5423 2164 5494 (3)
2202 5406 2376 5494 Editi}
2415 5439 2432 5494 ς
2470 5429 2525 5471 et
2554 5416 2758 5470 serviet
2807 5409 3120 5494 pudicitia,
3155 5406 3500 5494 prudqnthiae“,
3534 5410 3591 5494 et

2016 5475 2288 5561 pietati.)
2330 5475 2435 5544 Sed
2467 5475 2821 5561 oumesmss:
2851 5481 3112 5558 omittunt
3141 5495 3159 5561 ς
3200 5475 3523 5561 prudentiae,
3565 5491 3587 5526 ι

2011 5554 2242 5630 Quidam
2287 5563 2454 5617 etiam
2503 5573 2611 5612 nou
2663 5555 2862 5608 habent
2909 5567 2927 5600 ι
2963 5554 3162 5604 serviet
3200 5565 3220 5599 ι
3253 5554 3378 5598 ante
3411 5561 3431 5594 ι
3470 5554 3588 5613 pie-

2014 5635 2132 5688 tati.
2169 5650 2187 5682 ι
2826 5692 2836 5694 μ
3029 5686 3039 5694 .
3083 5685 3094 5694 .
3187 5686 3223 5694 -
3400 5681 3413 5694 .

2085 5682 2356 5773 (i)Editi,
2397 5697 2666 5773 {nomine
2711 5692 2908 5749 Paulus
2941 5708 2961 5742 ι
3021 5685 3144 5758 (aL,
3187 5682 3366 5755 Pauli)
3393 5682 3594 5754 ianuas

2010 5769 2250 5833 postulat
2271 5769 2496 5830 aperiri.
2533 5787 2552 5819 ι
