4146 6370
599 254 741 314 10ῧὸ
2068 250 2159 300 υιι

2268 249 2389 298 ,διδ
3749 255 3889 310 1084

674 381 727 435 4.
765 398 787 433 ι
823 379 1130 434 llumanum
1171 379 1293 433 dico
1342 386 1568 448 propter
1595 374 1975 430 inﬁrmitatem
2007 372 2194 428 carnis
2222 373 2269 430 Α
2298 369 2393 422 dat
2442 385 2454 422 :
2513 369 2658 439 quod
2703 370 2890 440 utique
2945 371 3062 426 ﬁeri
3116 387 3222 427 non
3253 381 3440 444 posset
3470 417 3486 441 ,
3518 375 3563 431 si
3598 386 3694 430 aut
3726 389 3890 431 natu-

597 485 818 529 vestrae.
855 474 1006 529 Sicut
1041 476 1183 529 enim
1217 473 1552 528 exhibuistis
1582 469 1827 526 membra
1863 478 2042 522 vestra
2068 483 2186 522 ser-
2294 477 2350 515 ra
2383 461 2595 534 (I9),ut
2624 463 2950 531 quibusdam
2973 466 3205 532 videtur,
3227 479 3883 540 repugnaret,autastro-

601 569 718 621 vire
760 567 1138 634 immunditia},
1185 577 1239 622 et
1269 566 1548 636 iniquitati
1595 566 1659 618 ad
1693 563 2043 632 iniquitatem
2083 561 2184 632 (ες),
2293 569 2414 608 rum
2457 569 2652 610 cursus
2679 556 2998 611 obsisteret.

600 657 675 714 ita
713 675 858 713 nunc
891 659 1142 714 exhibete
1174 659 1416 713 membra
1458 669 1639 712 vestra
1693 657 1906 711 servire
1956 656 2187 725 justitiaa
2361 647 2418 704 5.
2459 668 2477 700 ‹
2514 651 2649 706 Cum
2682 653 2829 706 enim
2855 654 2998 707 servi
3031 654 3224 708 essetis
3256 653 3485 724 peccati,
3516 654 3677 710 liberi
3710 655 3885 710 eratis

599 751 656 809 in
680 751 1170 806 sanetiﬁcationem
1206 751 1245 804 ⁸.
1283 770 1300 802 ι
1335 750 1601 803 Pudorem
1640 750 1931 818 quemdam
1957 748 2187 817 perlimc
2281 739 2525 808 jIISlilite.
2545 741 2715 809 Quem
2757 759 2888 814 ergo
2922 745 3155 799 fructum
3192 747 3462 800 habuistis
3494 757 3624 803 tunc
3657 749 3708 802 in
3743 749 3878 812 illis,

599 842 800 899 incutit
834 841 1126 912 Apostolus
1157 841 1500 895 auditoribus
1533 881 1547 906 ,
1582 849 1639 894 ut
1671 841 1773 894 hoc
1805 839 2000 893 saltem
2027 839 2184 894 obse-
2287 834 2340 888 in
2374 833 2573 904 quibus
2603 850 2746 889 nunc
2771 837 3135 891 erubescitis?
3165 835 3298 892 Nam
3329 838 3451 892 linis
3482 839 3700 894 illorum
3728 831 3882 896 mors

596 938 709 1006 quii
741 937 1049 1006 dependant
1067 936 1296 1004 justitize
1319 945 1374 990 et
1389 935 1837 999 sanctiﬁcationi,
1860 935 2004 1002 quod
2031 935 2184 1003 prius

597 1031 956 1084 immunditim
1009 1030 1396 1099 iniquitatique
1454 1029 1790 1082 detulerant.
1853 1028 1995 1094 Quid
2051 1042 2182 1098 ergo

597 1132 706 1176 tam
745 1124 1042 1176 humanum
1075 1164 1089 1183 ,
1120 1123 1222 1176 hoc
1252 1131 1335 1176 est
1365 1164 1380 1186 ,
1411 1121 1541 1190 quid
1575 1131 1681 1174 tam
1725 1121 1867 1184 leve,
1902 1121 2032 1188 quid
2069 1130 2178 1172 tam

595 1214 716 1267 sine.
741 1229 906 1267 onere
931 1253 946 1276 ,
992 1222 1046 1267 ct
1075 1214 1220 1282 quod
1255 1212 1399 1265 nulla
1431 1227 1660 1282 prorsus
1688 1212 1854 1281 possit
1883 1212 2067 1266 carnis
2100 1211 2181 1264 in-

595 1306 826 1359 ﬁrmitas
855 1320 1119 1359 excusare
1152 1306 1278 1377 (6)?
1312 1324 1330 1356 ι
1367 1304 1560 1366 Sicut,
1606 1304 1825 1374 inquit,
1853 1304 2180 1358 exhibuistis

593 1399 836 1454 membra
871 1409 1049 1452 vestra
1078 1399 1285 1453 servire
1312 1397 1689 1460 immunditia‘,
1731 1407 1784 1450 et
1813 1395 2082 1463 iniquitati
2111 1397 2177 1450 ad

594 1493 962 1562 iniquitatem,
997 1492 1069 1545 ita
1099 1507 1242 1545 nunc
1272 1490 1529 1546 exhibete
1559 1493 1799 1545 membra
1842 1500 2022 1544 vestra
2054 1506 2176 1546 ser-

591 1586 710 1638 vire
769 1583 998 1650 justitiae
1058 1582 1115 1638 in
1173 1582 1686 1636 sanctiﬁcationem.
1745 1601 1764 1634 ›
1817 1581 2174 1652 lngloriosum

587 1676 806 1746 quidem
840 1685 923 1730 est
950 1685 1007 1728 ut
1036 1674 1109 1728 ita
1135 1675 1259 1743 quis
1289 1674 1587 1728 virtutibus
1617 1675 1920 1728 sicutvitiis
1951 1675 2168 1728 serviat.

590 1769 758 1825 Multo
813 1769 960 1823 enim
996 1769 1229 1838 amplius
1255 1778 1310 1822 et
1340 1768 1512 1822 multo
1546 1767 1807 1822 intentius
1850 1768 2168 1822 honoranda

581 1862 796 1934 justitia
829 1872 932 1917 est.
971 1863 1078 1917 Sed
1116 1876 1237 1931 ego,
1270 1862 1468 1930 inquit,
1503 1863 1740 1915 lnnnane
1773 1869 1828 1914 et
1861 1862 2170 1916 communi-

591 1967 677 2010 ter
709 1969 811 2025 ago
847 1972 862 2009 :
898 1955 1088 2010 eadem
1119 1955 1332 2024 postulo
1361 1996 1376 2017 ,
1427 1953 1624 2009 similia
1674 1954 1918 2022 requiro.
1957 1954 2168 2008 Dudum

586 2051 884 2108 currebant
918 2050 1085 2115 pedes
1119 2047 1288 2102 vestri
1319 2047 1385 2100 ad
1411 2048 1718 2101 dasmonum
1752 2046 1981 2114 templa,
2019 2062 2166 2100 nunc

584 2153 812 2200 currant
861 2143 938 2214 (7)
971 2142 1037 2195 ad
1068 2140 1369 2195 Ecclesiam
1414 2139 1528 2194 Dei.
1560 2140 1872 2194 Currebant
1903 2140 2052 2208 prius
2104 2141 2170 2193 ad

585 2236 974 2290 effundendum
1010 2273 1025 2296 ,
1061 2247 1204 2287 nunc
1250 2240 1435 2285 autem
1467 2231 1533 2284 ad
1566 2229 1908 2284 liberandum
1949 2231 2171 2299 sangui-

585 2345 706 2382 nem
735 2335 982 2381 currant.
1010 2322 1479 2379 Protendebantur
1511 2323 1874 2390 priusmanus
1905 2333 1961 2375 ut
1992 2321 2168 2376 aliena

585 2421 906 2488 diriperent,
944 2433 1090 2472 nunc
1138 2416 1537 2486 protenduntur
1579 2423 1635 2467 ut
1671 2415 1888 2484 propria
1942 2415 2171 2484 largian-

586 2523 694 2567 tur.
722 2510 1257 2578 Circumspiciebam
1312 2507 1465 2576 prius
1513 2506 1656 2560 oeuli
1715 2505 2036 2569 mulierem,
2073 2517 2167 2560 aut

581 2605 824 2661 alienum
852 2601 1054 2673 aliquid
1083 2602 1149 2654 ad
1178 2599 1678 2669 concupiscendum
1704 2639 1719 2660 ,
1753 2614 1896 2653 nunc
1926 2600 2166 2654 circum-

581 2699 818 2767 spiciant
849 2709 1140 2763 pauperes,
1167 2692 1397 2758 debiles,
1430 2705 1632 2761 egenos
1665 2692 1731 2744 ad
1768 2691 2164 2749 miserandum.

581 2792 754 2845 Aures
779 2788 1194 2843 delectabantur
1226 2785 1412 2839 auditu
1442 2799 1604 2848 vano,
1642 2785 1727 2840 vel
1757 2785 2023 2840 bonorum
2073 2786 2168 2840 de-

583 2881 978 2952 rogationibus,
1003 2893 1146 2934 nunc
1175 2889 1570 2934 convertantur
1600 2878 1667 2931 ad
1697 2877 2024 2932 audiendum
2045 2893 2167 2932 ver-

583 2977 709 3030 bum
745 2972 863 3037 Dei,
893 2971 960 3025 ad
985 2971 1424 3039 esplanationem
1455 2969 1614 3039 legis,
1646 2979 1703 3024 et
1739 2970 1806 3024 ad
1841 2969 2160 3039 capiendam

2284 935 2388 980 est.
2418 925 2572 980 Nunc
2598 941 2734 987 vero
2771 927 2982 982 liberati
3015 945 3043 982 a
3071 939 3319 998 peccato,
3349 933 3496 986 servi
3529 943 3710 986 autem
3745 933 3875 988 facti

2287 1017 2421 1082 Deo,
2454 1017 2672 1072 habetis
2720 1018 2955 1074 fructum
2998 1033 3232 1074 vestrum
3271 1023 3320 1075 in
3353 1024 3876 1090 sanctilicationem,

2285 1111 2447 1166 ﬁnem
2479 1125 2609 1166 vero
2640 1111 2807 1164 vitam
2839 1121 3100 1166 aeternam
3134 1112 3176 1166 ⁷.
3217 1132 3234 1164 ι
3267 1113 3552 1179 Quomodo
3586 1114 3702 1186 (l3)
3749 1118 3876 1186 quis

2284 1205 2494 1274 peccati
2548 1219 2738 1260 servus
2769 1204 2862 1270 sit,
2899 1202 3236 1258 suﬂicienter
3262 1205 3373 1275 jam
3405 1207 3457 1260 in
3493 1210 3874 1277 superioribus

2283 1296 2484 1351 dictum
2515 1306 2599 1350 est
2625 1337 2639 1359 ,
2674 1311 2796 1350 cum
2825 1311 3223 1366 exponeremus
3255 1297 3404 1352 illum
3448 1297 3625 1354 locum
3659 1319 3719 1356 τι
3757 1300 3871 1356 Ne-

2283 1387 2442 1443 scitis
2472 1388 2598 1458 quia
2630 1387 2716 1442 cui
2746 1403 2842 1442 vos
2871 1388 3142 1444 exhibetis
3174 1405 3360 1444 servos
3384 1389 3451 1445 ad
3475 1393 3868 1463 obediendum,

2281 1482 2426 1536 servi
2459 1481 2594 1536 estis
2620 1482 2737 1550 ejus
2778 1482 2867 1536 cui
2914 1481 3194 1552 obedistis,
3231 1487 3346 1540 sive
3377 1488 3611 1555 peccati,
3642 1489 3756 1543 sive
3775 1488 3869 1557 ju-

2279 1575 2442 1634 stitia:
2471 1574 2538 1627 3?
2574 1593 2592 1626 ι
2626 1574 2758 1628 Cum
2793 1589 2928 1644 ergo
2958 1577 3084 1645 quis
3117 1587 3342 1645 peccato
3369 1581 3538 1633 servit
3568 1621 3582 1646 ,
3628 1580 3861 1648 justitim

2278 1669 2417 1724 liber
2453 1677 2558 1732 est,
2588 1666 2692 1722 hoc
2726 1677 2830 1734 est,
2857 1671 3067 1724 alienus
3107 1685 3136 1723 a
3158 1670 3391 1740 justitia.
3417 1672 3515 1726 Hic
3549 1673 3693 1726 enim
3730 1673 3867 1729 libe-

2280 1779 2398 1816 rum
2433 1762 2672 1816 alienum
2719 1763 2889 1826 dicit,
2933 1772 2988 1832 et
3040 1773 3191 1818 recte
3219 1765 3459 1833 quidem.
3511 1764 3682 1820 Nemo
3714 1768 3864 1821 enim

2277 1867 2456 1926 potest
2483 1855 2641 1912 simul
2669 1866 2723 1910 et
2751 1866 2977 1926 peccato
3019 1857 3250 1922 servire,
3282 1855 3604 1925 etjustitize,
3636 1858 3782 1913 sicut
3807 1869 3869 1913 et

2275 1950 2533 2005 Salvator
2553 1951 2714 2016 dixit,
2743 1949 2870 2019 quia
2907 1968 2925 2000 ι
2969 1965 3129 2004 nemo
3155 1960 3335 2020 potest
3375 1950 3587 2004 duobus
3621 1951 3864 2007 dominis

2275 2044 2487 2098 servire
2518 2044 2562 2100 ’.
2599 2062 2616 2094 ι
2658 2042 2764 2097 Sed
2790 2042 2856 2097 de
2889 2043 2972 2097 his
2997 2041 3210 2112 plenius
3239 2058 3400 2114 supra
3435 2043 3693 2100 diximus.
3723 2041 3860 2099 Illud

2274 2152 2408 2192 sane
2437 2136 2733 2192 notandum
2771 2144 2877 2198 est,
2909 2149 3035 2190 esse
3067 2144 3122 2189 et
3164 2133 3473 2189 libertatem
3503 2136 3857 2205 culpabilem,

2273 2237 2328 2282 et
2353 2227 2685 2282 laudabilem
2719 2227 3060 2281 servitutem.
3109 2224 3244 2279 Nam
3299 2225 3529 2281 liberum
3557 2229 3861 2299 essejusti-

2275 2321 2385 2384 tim,
2417 2320 2620 2375 crimen
2657 2327 2777 2385 est;
2811 2333 3030 2372 servum
3051 2333 3180 2371 vero
3213 2333 3356 2382 esse,
3393 2319 3682 2375 laudabile.
3703 2321 3855 2388 Quod

2271 2425 2452 2467 autem
2481 2411 2850 2480 dicitjustitiae
2879 2425 3098 2465 servum
3139 2410 3279 2475 fieri,
3312 2410 3472 2464 simul
3505 2410 3754 2482 intellige
3794 2422 3854 2467 et

2272 2506 2574 2575 sapientizr,
2611 2514 2664 2560 et
2694 2503 2924 2575 pietati,
2957 2513 3010 2558 et
3037 2503 3336 2573 pudicitire,
3379 2513 3430 2558 et
3460 2505 3718 2560 omnibus
3747 2521 3851 2560 una

2272 2599 2564 2652 virtutibus
2597 2617 2610 2652 ε
2634 2597 3091 2652 sicutecontrario
3107 2599 3197 2668 qui
3215 2608 3454 2668 peccata,
3471 2612 3662 2654 servus
3676 2610 3757 2655 est
3781 2599 3852 2651 si-

2269 2691 2378 2744 mul
2416 2699 2469 2746 et
2503 2688 2960 2758 Concupiscentia:
2991 2686 3146 2739 malm
3167 2727 3182 2752 ,
3217 2697 3273 2741 et
3305 2687 3424 2752 iraa,
3452 2697 3506 2741 et
3536 2687 3852 2753 furoris,.et

2268 2783 2648 2853 impudicitiae,
2687 2791 2742 2836 et
2771 2781 3015 2849 rapinae;
3051 2791 3106 2835 et
3139 2780 3391 2834 omnibus
3419 2781 3578 2835 simul
3605 2782 3754 2836 vitiis
3785 2798 3851 2837 ac

2270 2878 2572 2934 sceleribus
2605 2877 2795 2930 servit.
2836 2875 2987 2930 Unde
3015 2873 3379 2942 nosmetipsos
3414 2889 3632 2943 seraper
3668 2875 3852 2930 discu-

2268 2979 2382 3023 tere
2413 2967 2671 3021 debemus
2704 2981 2798 3035 per
2833 2965 3044 3034 singula
3072 2979 3299 3035 quaeque
3330 2979 3452 3034 qua:
3482 2965 3726 3034 gerimus
3748 3008 3763 3030 ,
3796 2976 3852 3020 et

581 3065 864 3136 sapientia:
911 3062 1255 3133 disciplinam
1309 3062 1408 3133 (8).
1455 3061 1660 3131 Lingua
1697 3078 1815 3126 qua:
1848 3062 2116 3118 conviciis
2143 3104 2158 3126 ,
2188 3077 2230 3133 ς
2267 3062 2318 3115 in
2367 3074 2692 3130 unoquoque
2717 3069 2838 3114 actu
2868 3059 3220 3114 considerare
3250 3060 3468 3114 cuinam
3504 3061 3844 3124 serviamus,

583 3157 890 3214 maledictis
913 3197 929 3220 ,
974 3165 1031 3210 et
1061 3155 1408 3225 turpiloquiis
1440 3163 1655 3210 assueta
1689 3164 1773 3209 est
1800 3153 1901 3226 (9),
1934 3170 2163 3210 conver-

581 3260 729 3304 tatur
781 3263 925 3302 nunc
973 3245 1040 3300 ad
1092 3244 1522 3301 benedicendum
1576 3244 1866 3299 Dominum
1924 3247 1977 3299 in
2013 3248 2160 3302 omni

579 3341 856 3412 tempore'
879 3357 894 3393 :
914 3354 1228 3394 sermonem
1253 3354 1450 3394 sanum
1474 3338 1738 3407 proferat,
1767 3348 1822 3394 et
1849 3340 2156 3405 honestum,

575 3444 636 3488 ut
666 3435 753 3489 det
783 3433 1011 3503 gratiam
1047 3431 1398 3486 audientibus
1423 3469 1436 3493 ,
1485 3439 1541 3486 et
1584 3433 1869 3486 veritatem
1903 3433 2159 3502 loquatur

575 3542 699 3581 cum
744 3525 995 3594 proximo
1045 3537 1143 3577 suo
1172 3523 1214 3576 ⁸.
1260 3520 1368 3576 Sed
1400 3522 1532 3592 quid
1563 3537 1702 3590 opus
1745 3531 1830 3578 est
1876 3525 1991 3578 hare
2045 3527 2156 3580 sin-

573 3620 696 3688 gula
734 3617 1011 3688 persequi,
1032 3631 1153 3670 cum
1183 3623 1362 3685 pateat
1381 3616 1543 3669 etiam
1577 3615 1701 3679 tibi,
1724 3615 2155 3688 uniuscujusque

577 3709 804 3765 membri
837 3708 1207 3763 ministerium
1238 3746 1256 3770 ,
1284 3707 1426 3774 quod
1459 3707 1711 3762 exhibuit
1741 3707 1892 3762 vitiis
1917 3747 1932 3772 ,
1968 3719 2157 3778 aptare

573 3803 886 3865 virtutibus,
913 3809 968 3854 et
997 3811 1180 3855 actum
1210 3815 1371 3870 quem
1397 3799 1646 3854 exhibuit
1671 3799 2053 3864 immunditiaa,
2086 3802 2152 3855 ad

571 3896 882 3950 castitatem
939 3909 1082 3947 nunc
1137 3891 1746 3963 sanctilicationemque
1779 3898 2152 3950 convertere?

572 3985 804 4042 Videtur
833 4001 967 4041 sane
1000 3987 1089 4040 hic
1111 3985 1383 4053 justitiam
1416 4000 1515 4054 pro
1547 3985 1804 4041 omnibus
1838 3987 2002 4043 simul
2038 3989 2150 4042 vir-

574 4079 778 4132 lutibus
813 4079 1143 4142 nominasse,
1172 4078 1312 4132 sicut
1339 4080 1649 4132 econtrario
1676 4079 2020 4148 iniquitatem
2051 4098 2149 4150 pro

569 4171 820 4224 omnibus
855 4169 1019 4223 simul
1058 4169 1208 4222 vitiis
1263 4168 1535 4237 posuisse.
1571 4171 1793 4226 Addidit
1827 4172 1942 4243 (l0)
1975 4189 2106 4227 sane
2129 4215 2144 4240 ,

571 4280 592 4315 ι
625 4261 849 4330 justitia:
885 4261 936 4314 in
964 4261 1482 4327 sanctiﬁcationem,
1515 4279 1534 4312 ι
1568 4277 1675 4330 quo
1700 4263 1950 4318 videlicet
1972 4267 2143 4320 casti-

568 4355 695 4406 tatis
727 4360 930 4422 partem
955 4362 1008 4406 et
1038 4353 1364 4420 generaliter
1393 4367 1518 4406 cum
1548 4354 1798 4417 caeteris,
1829 4365 1885 4410 et
1914 4372 2009 4425 per
2056 4372 2144 4411 se-

2266 3164 2558 3225 peccatone
2581 3154 2648 3207 ad
2679 3152 3043 3221 iniquitatem,
3075 3168 3141 3205 an
3193 3151 3416 3220 justitire
3453 3153 3504 3207 in
3535 3154 3846 3208 sanctiﬁca-

2267 3249 2489 3303 tionem.
2546 3267 2564 3298 ‹
2617 3246 2791 3314 Quem
2821 3261 2953 3316 ergo
2979 3286 2994 3310 ,
3027 3245 3248 3315 inquit,
3302 3247 3536 3301 fructum
3573 3248 3847 3303 habuistis

2266 3349 2394 3395 tunc
2421 3341 2473 3394 in
2506 3341 2636 3404 illis,
2668 3340 2719 3393 in
2755 3341 2955 3408 quibus
2990 3355 3133 3392 nunc
3165 3338 3530 3394 erubescitis?
3558 3340 3690 3394 Nam
3720 3343 3846 3397 linis

2264 3433 2480 3489 illorum
2514 3449 2662 3487 mors
2695 3443 2778 3488 est
2809 3435 2873 3488 ¹⁰.
2913 3452 2932 3485 ι
2964 3433 3222 3488 Fructum
3253 3445 3308 3489 et
3351 3437 3616 3490 bonorum
3639 3447 3692 3490 et
3728 3452 3846 3491 ma-

2263 3525 2440 3578 lorum
2472 3539 2592 3578 esse
2609 3526 2767 3578 docet
2798 3523 3084 3594 Scriptura
3116 3525 3324 3591 divina,
3353 3534 3409 3580 ut
3443 3525 3557 3596 ipse
3587 3525 3847 3584 Salvator

2264 3619 2315 3672 in
2351 3617 2660 3688 Evangeliis
2689 3617 2822 3671 dicit
2853 3634 2867 3670 :
2905 3636 2924 3669 ι
2970 3618 3079 3672 Aut
3119 3617 3284 3672 facite
3330 3618 3586 3673 arborem
3619 3619 3841 3685 bonam,

2259 3721 2315 3766 et
2345 3709 2578 3763 fructum
2603 3707 2720 3775 ejus
2747 3707 2986 3774 bonum;
3015 3717 3109 3762 aut
3139 3707 3300 3763 facite
3328 3707 3580 3763 arborem
3616 3709 3840 3772 malam,

2259 3810 2313 3856 et
2347 3802 2583 3855 fructum
2633 3799 2750 3867 ejus
2782 3799 2984 3854 malum
3019 3799 3084 3854 “.
3124 3799 3242 3854 Non
3275 3810 3455 3868 potest
3504 3801 3671 3856 arbor
3699 3801 3842 3857 bona

2257 3893 2471 3948 fructus
2506 3891 2678 3946 malos
2700 3890 2904 3957 facere,
2939 3906 3115 3961 neque
3150 3892 3316 3946 arbor
3349 3893 3488 3947 mala
3517 3893 3726 3949 fruetus
3753 3897 3843 3949 bo-

2258 4002 2359 4041 nos
2399 3988 2582 4041 facere
2618 3985 2681 4037 “.
2717 4003 2736 4035 ι
2789 3986 2847 4038 ln
2880 3985 3078 4054 quibus
3114 3987 3452 4055 propositum
3501 3995 3555 4042 et
3587 3989 3840 4042 voluntas

2258 4078 2498 4132 hominis
2521 4116 2537 4141 ,
2574 4078 2737 4129 arbor
2783 4076 2891 4129 dici
2925 4076 3141 4130 videtur
3173 4078 3257 4131 vel
3304 4081 3445 4134 bona
3470 4122 3485 4148 ,
3517 4079 3601 4135 vel
3652 4080 3794 4135 mala
3819 4118 3838 4146 ,

2262 4172 2474 4226 fructus
2499 4186 2632 4224 vero
2667 4169 2786 4239 ejus
2815 4184 3005 4238 opera.
3052 4170 3109 4223 Si
3151 4173 3275 4240 quis
3313 4182 3595 4228 convertat
3625 4175 3840 4231 animos

2259 4271 2314 4319 et
2357 4265 2692 4332 propositum
2730 4263 2796 4317 ad
2823 4263 3091 4330 justitiam
3118 4305 3134 4330 ,
3171 4265 3448 4320 erubescit
3474 4265 3593 4321 sine
3624 4266 3791 4322 dubio
3815 4307 3832 4332 ,

2258 4367 2314 4412 et
2346 4360 2460 4428 ipse
2491 4373 2549 4412 se
2599 4366 2751 4411 natat
2792 4357 2905 4428 (14)
2941 4360 3006 4413 de
3053 4359 3327 4428 prioribus
3357 4360 3528 4430 gestis
3556 4376 3676 4430 quze
3723 4364 3838 4430 egit

565 4445 853 4512 metipsam
910 4446 1220 4512 specialiter
1267 4447 1698 4502 commendaret.
1753 4446 1860 4500 Sed
1909 4457 1964 4500 et
2013 4449 2142 4503 illud
2185 4432 2224 4485 ί)
2254 4451 2464 4519 positus
2499 4449 2600 4503 sub
2628 4460 2878 4517 peccato,
2912 4450 3076 4518 quiac
3112 4449 3235 4505 ﬁnis
3263 4450 3474 4505 illorum
3511 4466 3656 4506 mors
3679 4461 3781 4508 est.
3809 4471 3829 4504 ι

563 4537 771 4606 aspice,
812 4540 957 4606 quod
1011 4538 1215 4608 ubique
1249 4555 1344 4606 per
1393 4537 1508 4592 haec
1557 4539 1770 4593 arbitrii
1825 4539 2140 4594 libertatem

562 4629 810 4698 designat
834 4670 848 4693 ,
881 4629 1045 4703 574
1087 4641 1144 4685 et
1175 4633 1416 4686 ostendit
1451 4647 1902 4702 unumquemque
1938 4635 2142 4688 habere

567 4724 619 4776 in
655 4737 751 4776 sua
786 4731 1074 4792 potestate,
1129 4732 1186 4776 ut
1218 4738 1337 4792 qum
1369 4734 1496 4778 ante
1529 4725 1806 4793 iniquitati
1837 4725 1903 4778 ad
1939 4727 2140 4796 iniqui-

566 4824 726 4869 tatem
764 4817 988 4870 servitia
1021 4814 1368 4883 dependebat
1399 4814 1514 4886 (11)
1543 4857 1558 4881 ,
1595 4817 1712 4871 hate
1735 4855 1751 4882 ,
1781 4833 2046 4873 converso
2085 4821 2136 4874 in

563 4908 756 4964 melius
783 4910 1082 4978 proposito,
1108 4909 1338 4980 justitize
1369 4911 1905 4981 sanctificationique
1935 4913 2142 4982 depen-

649 5029 669 5060 ⁸
697 5027 856 5083 Rom.
884 5045 958 5092 vr,
994 5029 1082 5085 l9.
1179 5029 1200 5060 ⁸
1237 5029 1587 5096 Ρδθ1.ιιιχιιι,
1613 5032 1669 5084 ‘2.

557 5091 578 5123 ⁹
617 5100 804 5153 Matth.
833 5116 906 5164 vi,
937 5101 1029 5155 ‘ZI.
1120 5101 1164 5132 ¹⁰
1199 5100 1356 5154 ltom.
1387 5117 1460 5167 vl,
1487 5091 1579 5154 2|.

633 5191 705 5258 (Ξὶ)
734 5191 903 5252 Alias,
943 5209 961 5240 ι
1002 5191 1342 5260 injustitiam.
1391 5210 1408 5242 ι

629 5264 703 5331 (1))
739 5261 877 5313 Editi
909 5303 923 5322 ,
973 5279 990 5312 ι
1048 5262 1188 5314 Imlla
1239 5264 1452 5314 ratione
1504 5277 1731 5331 prorsus
1774 5263 1948 5330 possit
1986 5263 2135 5315 infir-

555 5331 767 5384 mitatis
817 5333 1090 5385 excusari.
1138 5351 1156 5383 )
1211 5333 1317 5386 Sed
1355 5348 1545 5388 omnes
1583 5348 1709 5387 mss.
1754 5344 1812 5385 ut
1847 5335 1898 5386 in
1945 5345 2134 5388 nostro

560 5411 730 5454 ιειιιιι.

631 5470 707 5540 (7)
737 5469 908 5534 Alias,
949 5490 966 5521 ι
1010 5486 1153 5527 tuine
1189 5482 1370 5526 autem
1400 5479 1752 5526 concurrant.
1803 5491 1820 5523 ι

633 5541 708 5610 (8)
742 5541 906 5602 Editi,
945 5561 961 5591 ι
998 5545 1328 5610 Sapientiam
1357 5554 1412 5595 et
1441 5541 1804 5610 disciplinam.
1845 5559 1862 5590 ι

629 5610 704 5676 (9)
732 5610 1142 5673 Gcnebrardus,
1177 5631 1194 5663 ι
1237 5622 1353 5671 erat
1379 5622 1615 5667 assueta.
1651 5630 1668 5661 ›

627 5679 736 5746 (tu)
771 5680 935 5745 Editi,
968 5698 986 5732 ι
1024 5684 1188 5738 Addit
1221 5699 1454 5753 quoque,
1491 5701 1507 5732 ι
1543 5698 1643 5736 IIIS.
1678 5697 1836 5748 unus,
1864 5701 1880 5733 ι
1921 5682 2130 5738 addidit

558 5765 790 5806 quoque.
832 5768 850 5800 I

1773 5031 1794 5062 ⁸
1825 5029 2056 5087 Zachar.
2087 5050 2137 5098 ι,
2183 5036 2242 5088 16
2276 5049 2291 5099 ;
2329 5032 2530 5100 Ephes.
2567 5043 2638 5094 IV,
2670 5027 2760 5079 9.5.

1684 5103 1724 5133 “
1773 5100 1962 5155 Matth.
1996 5120 2068 5157 xu
2099 5142 2116 5170 ,
2164 5107 2254 5160 55.

2262 4540 2368 4596 Sed
2411 4544 2633 4611 requiro
2661 4555 2779 4610 quae
2814 4556 2962 4596 mors
2990 4541 3011 4594 ?
3043 4541 3264 4596 Certum
3292 4553 3377 4596 est
3407 4545 3532 4612 quia
3565 4544 3680 4615 (15)
3726 4561 3834 4599 non

2253 4636 2354 4690 ista
2391 4634 2720 4689 communis.
2761 4632 2877 4687 Non
2910 4633 3055 4688 enim
3105 4635 3229 4703 quis
3262 4645 3384 4704 post
3431 4647 3662 4691 mortem
3700 4654 3834 4692 con-

2249 4729 2485 4782 vertitur
2523 4729 2589 4782 ad
2613 4725 2908 4796 justitiam,
2942 4725 3029 4780 vel
3060 4742 3156 4795 pro
3206 4728 3346 4782 male
3379 4730 3551 4797 gestis
3601 4742 3828 4799 prarter-

2249 4821 2342 4876 itis
2362 4819 2653 4874 erubescit.
2684 4819 2821 4884 Quid
2863 4832 2994 4888 ergo
3022 4819 3148 4872 est?
3182 4820 3565 4890 Nunquidnan'i
3621 4825 3829 4891 peccati

2253 4923 2484 4968 mortem
2513 4911 2693 4964 dicere
2713 4909 2947 4971 videtur,
2982 4910 3238 4978 quoniam
3278 4929 3296 4960 ί
3341 4913 3519 4965 anima
3545 4928 3666 4981 quaa
3700 4931 3833 4982 pec-

2865 5027 2883 5056 "
2921 5025 3077 5080 Rom.
3117 5041 3192 5092 vr,
3233 5026 3323 5092 20,
3353 5027 3444 5080 22.
3522 5026 3544 5058 ³
3576 5029 3708 5084 ibid.
3742 5030 3831 5088 16.

2356 5095 2397 5134 ’δ
2451 5101 2640 5153 Matth.
2679 5113 2750 5150 vn
2780 5136 2796 5161 ,
2833 5095 2920 5150 18.

2318 5193 2427 5262 (ll)
2480 5192 2616 5245 Editi
2647 5232 2662 5255 ,
2697 5209 2715 5241 ι
2757 5187 3175 5256 dependebant,
3216 5207 3233 5240 ι
3263 5199 3315 5243 et
3369 5188 3529 5253 inira,
3571 5210 3589 5242 ι
3626 5193 3832 5262 (Iepcn-

2245 5265 2546 5416 d'di‘llé)’Sic
2578 5345 2707 5386 mss.
2745 5339 2801 5385 et
2833 5329 3110 5383 Rabanus.
3143 5328 3284 5382 Editi
3319 5345 3469 5394 vero,
3503 5349 3522 5382 ι
3559 5334 3602 5386 si
3637 5349 3831 5393 neces-

2240 5412 2373 5459 sitas
2404 5412 2628 5456 naturm.
2673 5419 2690 5451 ι

2313 5475 2425 5544 (15)
2457 5473 2628 5534 Alias,
2672 5491 2688 5521 ι
2729 5470 3033 5544 Quoniam;
3081 5489 3100 5522 ι
3134 5469 3231 5533 a|.,
3269 5488 3285 5520 ι
3323 5471 3500 5537 Quod.
3541 5492 3558 5523 ι

2314 5543 2424 5615 (llo)
2454 5544 2602 5596 Alias
2627 5583 2641 5606 ,
2683 5562 2701 5592 ε
2751 5553 2804 5596 et
2835 5543 2946 5610 ipse
2973 5557 3032 5596 se
3063 5551 3327 5603 renovat,
3372 5561 3392 5593 ι
3427 5546 3524 5610 a|.,
3563 5560 3580 5593 ι
3617 5555 3670 5602 et
3706 5545 3824 5616 ip:a

2242 5626 2423 5756 "(iiii
2449 5635 2612 5750 ,Quia.
2644 5685 2802 5741 Deest
2831 5684 2882 5737 in
2916 5683 3070 5738 libris
3099 5693 3257 5737 antea
3291 5681 3495 5754 editis,
