4146 6372
365 272 502 327 1065

1305 268 1659 325 COMMENT.
1701 267 1767 323 IN
1805 266 2024 322 EPIST.
2063 267 2153 322 AD
2191 266 2356 324 ROM.
2399 267 2528 323 LIB.
2569 269 2656 323 Vl.

3468 269 3610 326 1066

362 400 472 451 cat,
503 387 618 455 ipsa
650 387 912 441 morietur
941 387 984 418 ’³
1014 387 1037 441 ?
1074 405 1092 438 ι
1129 387 1205 439 An
1239 385 1370 440 illud
1417 387 1591 456 magis
1623 394 1800 456 potest
1840 387 1928 438 i-n-
1959 392 2000 446 Α
2035 387 2235 440 tionem
2287 387 2528 440 diximus
2578 385 2850 439 fructuum
2900 385 3187 453 malorum,
3239 397 3293 444 et
3327 387 3600 445 fructuum

365 482 532 550 telligi
560 483 704 549 quod
736 480 894 534 istam
935 490 1162 532 mortem
1189 479 1332 533 dicat
1355 480 1468 550 (l6)
1499 495 1602 548 qua
1634 495 1753 533 cum
1775 479 1935 533 Chri-

363 585 448 628 sto
478 581 698 642 peccato
725 571 1012 634 morimur,
1045 580 1100 625 et
1143 571 1289 626 vitiis
1323 587 1386 626 ac
1428 571 1723 625 sceleribus
1769 571 1933 624 finem

363 667 577 727 damus,
613 670 668 715 ut
696 673 916 732 propter
939 664 1041 717 hoc
1072 664 1278 717 dixisse
1330 663 1594 728 videatur,
1615 663 1736 731 quia
1767 679 1786 714 ‹
1815 661 1938 717 finis

365 756 579 810 illorum
616 770 762 808 mors
811 754 943 808 est?
993 753 1148 807 Nunc
1178 767 1308 807 vero
1359 751 1570 806 liberati
1605 767 1634 806 a
1668 761 1890 820 peccato
1916 795 1933 819 ,

362 849 502 902 servi
541 856 723 900 autem
764 846 890 900 facti
925 845 1057 911 Deo,
1091 846 1306 900 habetis
1342 844 1576 899 fructum
1608 854 1850 899 vestrum
1879 843 1933 896 in

363 938 893 999 sanctificationem,
953 936 1115 990 finem
1165 951 1297 990 vero
1351 935 1517 990 vitam
1569 945 1848 990 aeternam.
1911 952 1932 986 ι

365 1028 602 1084 Fructus
651 1029 916 1082 fructibus
968 1035 1248 1096 comparat
1299 1045 1312 1081 :
1359 1035 1418 1081 et
1461 1028 1670 1095 peccati
1715 1026 1935 1096 quidem

366 1121 578 1175 fructus
635 1136 732 1190 pro
771 1120 968 1190 quibus
995 1135 1158 1182 nunc,
1188 1120 1291 1174 hoc
1321 1127 1424 1184 est,
1450 1128 1636 1187 postea
1669 1133 1832 1188 quam
1869 1117 1938 1171 li—

361 1212 534 1267 berati
579 1227 608 1265 a
654 1221 874 1281 peccato
896 1249 913 1275 ,
941 1219 996 1264 et
1037 1210 1179 1264 servi
1211 1210 1340 1264 facti
1370 1209 1505 1274 Deo,
1538 1209 1712 1263 sancti
1744 1207 1938 1262 erube-

363 1315 542 1368 scunt,
562 1305 875 1371 pronuntiat
901 1313 1076 1356 morte
1111 1301 1262 1356 ﬁniri
1297 1318 1311 1355 :
1342 1301 1549 1356 fructus
1568 1315 1696 1355 vero
1716 1299 1939 1369 iustitiae

361 1397 454 1466 qui
501 1407 628 1450 sunt
679 1399 729 1448 in
759 1394 1252 1448 sanctiticationem
1282 1434 1298 1457 ,
1329 1392 1490 1446 finem
1533 1392 1668 1448 dicit
1691 1392 1938 1460 accipere

367 1488 528 1538 vitam
562 1497 844 1540 aeternam.
896 1484 950 1538 ltt
987 1500 1096 1554 quo
1131 1485 1262 1539 illud
1313 1485 1488 1554 primo
1518 1498 1625 1538 non
1660 1489 1746 1536 est
1773 1481 1938 1537 omit-

364 1581 605 1645 tendum,
648 1579 792 1647 quod
829 1577 1041 1631 fructus
1069 1577 1286 1648 quidem
1322 1590 1416 1631 eos
1443 1591 1540 1646 pro
1566 1576 1762 1647 quibus
1795 1589 1941 1630 nunc

361 1672 742 1725 erubescimus
765 1669 899 1741 (17),
929 1671 981 1724 in
1011 1685 1116 1738 quo
1151 1669 1260 1724 sint
1291 1668 1463 1724 noluit
1494 1669 1775 1725 nominare
1805 1682 1822 1724 :
1849 1681 1940 1722 eo-

2037 478 2300 532 bonorum
2352 478 2546 534 fecisse
2576 479 2918 552 Apostolum)
2949 481 3090 550 quod
3144 482 3214 535 ibi
3257 482 3471 549 quidem
3507 483 3598 537 ubi

2036 571 2102 624 de
2137 570 2293 625 malis
2347 570 2614 626 fructibus
2666 572 2902 638 dicebat,
2956 588 3063 626 non
3109 572 3293 628 dixit:
3344 572 3599 628 Fructum

2037 673 2278 716 vestrum
2329 663 2595 718 habuistis
2629 680 2649 713 ‹
2682 663 2734 716 iu
2769 664 2965 732 quibus
2997 678 3142 718 nunc
3185 663 3544 721 erubescitis:
3576 683 3597 716 ›

2034 754 2128 806 sed
2159 753 2338 806 dixit:
2381 771 2401 804 ι
2431 753 2603 820 Quem
2649 769 2780 824 ergo
2835 754 3070 809 fructum
3103 755 3410 812 habuistis?
3443 775 3464 811 ι
3513 759 3605 814 ubi

2035 859 2164 898 vero
2197 845 2265 900 de
2316 845 2474 901 bonis
2521 847 2785 902 fructibus
2832 847 2986 911 dicit,
3025 841 3177 902 addit
3230 868 3248 900 ι
3285 859 3550 908 vestrum.
3581 869 3601 904 ι

2038 935 2131 989 Sic
2172 937 2318 990 enim
2371 937 2606 992 scribit:
2663 957 2682 989 ι
2723 936 2947 993 Habetis
3000 939 3236 995 fructum
3280 952 3518 998 vestrum
3549 942 3606 996 in

2035 1028 2523 1082 sanctificationem
2555 1045 2569 1082 :
2606 1047 2626 1081 ι
2669 1045 2765 1100 per
2799 1029 2941 1098 quod
2977 1030 3220 1088 iudicare
3269 1031 3400 1086 tuihi
3453 1031 3615 1087 vide-‘

2037 1128 2125 1172 tur
2152 1119 2294 1187 quod
2342 1118 2552 1176 fructus
2597 1122 2796 1188 malus,
2836 1123 3048 1179 fructus
3099 1123 3503 1180 erubescendus
3551 1134 3608 1179 et

2037 1207 2403 1275 paenitendus,
2441 1223 2549 1264 non
2583 1219 2666 1265 est
2693 1221 2876 1267 noster
2907 1213 3138 1267 fructus.
3175 1211 3290 1267 Non
3327 1214 3471 1267 enim
3497 1228 3609 1267 ma-

2038 1299 2142 1353 lam
2179 1300 2232 1354 in
2261 1301 2418 1354 nobis
2447 1302 2698 1356 arborem
2757 1304 2900 1358 Deus
2953 1303 3218 1373 plantavit
3251 1318 3370 1372 qua:
3401 1304 3607 1358 fructus

2039 1390 2208 1445 malos
2229 1391 2515 1460 proferret,
2553 1393 2698 1448 sicut
2725 1405 2781 1448 et
2813 1395 2928 1464 ipse
2951 1395 3082 1450 dicit
3110 1375 3208 1464 per
3236 1395 3553 1466 prophetam
3588 1412 3604 1448 :

2043 1498 2060 1529 ι
2095 1479 2206 1548 Ego
2232 1490 2282 1534 te
2314 1482 2552 1552 plantavi
2581 1484 2744 1539 vitem
2769 1484 3105 1540 fructiferam
3137 1497 3304 1540 totam
3335 1501 3609 1552 veracem,

2037 1570 2307 1635 quomodo
2324 1585 2581 1626 conversa
2606 1587 2665 1628 es
2683 1573 2736 1626 in
2758 1574 3115 1629 amaritudine
3133 1574 3259 1630 vitis
3281 1576 3466 1630 aliena:
3489 1576 3564 1630 ‘9?
3585 1597 3603 1628 ι

2040 1659 2276 1714 Fructus
2310 1675 2440 1730 ergo
2478 1661 2650 1716 malos
2687 1663 2851 1718 etiam
2900 1663 2948 1719 si
2982 1662 3294 1731 aﬂ'eramus,
3328 1681 3434 1720 non
3483 1676 3610 1720 sunt

362 1776 480 1813 rum
515 1775 644 1816 vero
691 1761 927 1815 fructum
963 1767 1054 1830 qui
1107 1759 1324 1814 liberati
1364 1768 1491 1816 sunt
1535 1775 1567 1814 a
1594 1768 1842 1829 peccato,
1877 1767 1933 1812 et

2034 1751 2244 1818 nostri,
2274 1753 2368 1807 sed
2399 1751 2584 1817 alieni,
2613 1751 2666 1807 id
2707 1763 2793 1807 est
2824 1756 3030 1822 peccati
3058 1772 3073 1820 ;
3107 1753 3314 1810 fructus
3343 1770 3473 1810 vero
3505 1757 3608 1810 bo~

361 1852 504 1905 servi
535 1852 664 1907 facti
699 1865 824 1908 sunt
853 1854 982 1918 Deo,
1017 1853 1151 1908 dicit
1179 1868 1299 1908 esse
1326 1853 1378 1907 in
1422 1851 1931 1909 sanctificationem.

362 1942 636 1999 Bonorum
669 1947 816 2000 enim
848 1945 1187 2014 frequentius
1212 1960 1372 2013 quam
1396 1944 1658 1998 malorum
1690 1941 1932 1998 habenda

363 2037 630 2090 memoria
659 2046 764 2093 est.
791 2037 944 2103 Quod
982 2046 1166 2091 autem
1203 2036 1356 2106 prius
1391 2035 1458 2090 de
1487 2035 1645 2089 malis
1669 2032 1934 2089 fructibus

360 2139 416 2180 et
449 2126 555 2180 fine
590 2143 804 2191 eorum,
834 2136 1021 2196 postea
1051 2141 1180 2180 vero
1207 2127 1272 2179 de
1307 2123 1576 2179 fructibus
1606 2124 1694 2194 qui
1733 2124 1784 2178 in
1808 2139 1935 2178 san-

362 2217 752 2271 ctificationem
781 2226 906 2271 sunt
934 2216 1071 2287 (18),
1097 2225 1152 2269 et
1183 2215 1248 2270 de
1289 2217 1394 2269 fine
1434 2231 1618 2270 eorum
1645 2256 1659 2280 ,
1688 2229 1808 2285 quae
1853 2225 1936 2270 est

362 2307 474 2360 vita
513 2317 740 2372 aeterna,
785 2309 1130 2375 memoravit,
1165 2310 1286 2363 vide
1330 2309 1458 2378 quia
1503 2307 1678 2362 simile
1706 2317 1789 2362 est
1833 2307 1934 2362 hoc

369 2398 515 2452 dicto
541 2399 859 2468 prophetico
887 2400 964 2454 illi
1007 2415 1114 2469 quo
1142 2401 1256 2471 ipse
1287 2403 1366 2456 ait
1396 2421 1409 2454 :
1445 2419 1462 2451 ι
1500 2401 1612 2471 Ego
1644 2399 1888 2454 occidam
1917 2439 1934 2463 ,

363 2501 418 2543 et
450 2506 549 2559 ego
600 2491 784 2547 vivere
833 2491 1029 2546 faciam
1066 2491 1148 2561 ¹¹⁵;
1206 2513 1225 2546 ι
1259 2503 1315 2547 et
1350 2494 1546 2548 iterum
1597 2509 1612 2546 :

367 2582 542 2644 tiam,
577 2593 632 2635 et
676 2597 775 2650 ego
819 2585 1060 2648 sanabo;
1098 2603 1118 2635 ι
1167 2592 1222 2636 et
1251 2597 1465 2637 rursum
1497 2583 1549 2637 in
1587 2581 1729 2637 Job:
1763 2601 1782 2635 ι
1820 2583 1936 2652 Ipse

362 2669 549 2723 dolere
575 2670 722 2737 iacit,
757 2680 810 2726 et
855 2673 1149 2727 remediqu
1177 2674 1268 2728 dat
1298 2691 1310 2727 :
1344 2673 1600 2742 percutit,
1638 2682 1694 2728 et
1736 2689 1931 2730 manus

361 2761 477 2828 ejus
505 2772 664 2816 sanat
687 2763 751 2817 ίδ.
785 2782 803 2815 ι
828 2763 958 2832 Qua:
981 2765 1162 2818 omnia
1182 2763 1309 2819 illuc
1334 2765 1623 2835 aspiciunt,
1645 2766 1786 2834 quod
1809 2775 1936 2820 ante

362 2853 700 2907 moriendum
743 2864 828 2910 est
854 2871 977 2909 cum
1009 2855 1250 2923 Christo,
1281 2865 1338 2910 et
1366 2858 1442 2910 ita
1484 2858 1873 2913 convivendum
1918 2877 1931 2912 :

361 2953 416 2997 et
446 2955 570 2998 ante
596 2947 1062 3015 compatiendum,
1106 2956 1161 3001 et
1201 2946 1277 3001 ita
1320 2948 1786 3020 conregnandum.
1818 2948 1931 3004 Nisi

1666 2511 1685 2544 ι
1736 2492 1936 2548 Percu-

363 3037 508 3090 enim
555 3037 710 3106 prius
766 3053 864 3107 per
907 3039 1288 3109 paenitentiam
1339 3048 1566 3109 peccato
1616 3041 2004 3135 moriamur,c

362 3145 469 3183 non
509 3146 792 3197 possumus
825 3145 924 3199 per
944 3129 1211 3200 justitiam
1248 3131 1429 3186 vivere
1461 3129 1591 3184 Deo.
1615 3129 1720 3185 Sed
1747 3140 1801 3184 et
1831 3132 1932 3186 hoc

361 3222 504 3290 quod
535 3221 644 3292 (l9)
668 3222 916 3290 superius
951 3220 1185 3276 dixit“:
1227 3243 1245 3271 ι
1269 3219 1508 3278 Liberali
1537 3229 1716 3274 autem
1748 3235 1777 3274 a
1807 3236 1933 3290 pec-

360 3325 504 3376 cato,
537 3314 677 3366 servi
710 3312 837 3367 facti
878 3311 1012 3368 estis
1051 3311 1278 3382 justitire
1309 3328 1323 3364 :
1363 3330 1380 3362 ι
1419 3324 1561 3366 nunc
1596 3321 1777 3366 autem
1809 3328 1930 3366 cum

361 3403 615 3456 similiter
660 3401 860 3456 dixerit
890 3421 904 3456 :
942 3420 961 3453 ι
996 3400 1240 3456 Liberali
1274 3408 1451 3455 autem
1481 3417 1510 3453 a
1544 3411 1767 3469 peccato
1797 3402 1864 3467 ",
1907 3421 1927 3454 ι

363 3511 467 3548 non
515 3495 770 3548 similiter
821 3493 994 3555 dixit,
1030 3510 1050 3544 ι
1090 3492 1234 3546 servi
1269 3491 1398 3546 facti
1432 3494 1566 3547 estis
1596 3491 1826 3564 justitia:
1851 3533 1868 3559 ,
1906 3511 1927 3546 ι

361 3587 480 3649 sed,
517 3603 536 3636 ‹
577 3586 716 3638 servi
748 3584 876 3638 facti
918 3585 1050 3640 estis
1080 3583 1190 3639 Deo
1231 3597 1247 3636 :
1303 3604 1322 3636 ι
1361 3595 1580 3638 nonest
1609 3585 1783 3639 otiosa
1817 3585 1930 3639 dis-

363 3678 572 3730 tiuctio.
622 3674 726 3728 Per
777 3674 878 3728 hoc
923 3673 1067 3728 enim
1117 3673 1457 3738 ostenditur,
1516 3674 1658 3742 quod
1715 3684 1929 3742 postea-

361 3782 522 3837 quam
559 3767 679 3835 quis
710 3765 970 3820 liberatus
1001 3781 1029 3818 a
1058 3775 1283 3832 peccato
1314 3765 1496 3831 fuerit,
1529 3765 1740 3819 servire
1772 3764 1933 3820 debet

362 3860 536 3926 primo
556 3856 778 3922 justitiaa
808 3865 864 3909 et
893 3856 1145 3910 omnibus
1182 3854 1475 3910 virtutibus
1505 3853 1688 3922 simul,
1723 3865 1779 3908 ut
1807 3855 1932 3909 inde

361 3963 458 4016 per
499 3948 800 4014 profectum
835 3944 1094 3999 ascendat
1120 3947 1187 4001 ad
1219 3947 1348 4009 hoc,
1381 3955 1438 3999 ut
1463 3961 1655 4000 servus
1687 3944 1929 4012 fiatDeo,

361 4039 608 4108 quamvis
637 4047 690 4091 et
719 4039 928 4092 servire
971 4036 1218 4105 iustitiae,
1257 4039 1464 4091 servire
1485 4039 1558 4091 sit
1591 4037 1723 4092 Deo.
1773 4037 1932 4092 Chri-

365 4138 482 4183 stus
523 4138 604 4181 est
636 4127 781 4181 enim
825 4126 1037 4196 justitia
1063 4163 1080 4191 ,
1110 4136 1165 4182 et
1195 4127 1402 4181 servire
1427 4125 1649 4182 Christo
1674 4165 1690 4190 ,
1723 4127 1932 4182 servire

363 4223 470 4276 Deo
519 4232 623 4275 εει.
677 4221 772 4275 Est
831 4231 1011 4275 tamen
1062 4223 1199 4275 ordo
1254 4221 1636 4290 profectuum,
1687 4231 1745 4278 et
1803 4232 1932 4277 sunt

361 4315 520 4386 575
563 4317 614 4369 in
654 4315 945 4370 virtutibus
983 4314 1182 4384 gradus
1209 4313 1357 4384 (20):
1389 4323 1444 4369 et
1475 4314 1684 4369 idcirco
1721 4314 1928 4369 dicitur

2037 1859 2134 1898 nos
2168 1845 2213 1900 si
2256 1842 2544 1901 an‘eramus
2592 1847 2649 1901 in
2695 1847 3208 1913 sanctificationem,
3253 1848 3422 1904 uestri
3477 1859 3610 1906 sunt

2039 1935 2263 1990 fructus.
2294 1933 2432 1991 Istos
2463 1935 2606 1990 enim
2629 1934 2841 1993 fructus
2872 1947 2932 1991 ut
2966 1936 3190 1993 aﬂ'erret
3236 1939 3471 1994 humana
3504 1955 3606 1994 na-

2036 2038 2157 2080 tura
2199 2041 2230 2081 a
2257 2025 2542 2082 conditore
2572 2041 2672 2082 suo
2701 2029 2959 2098 suscepit.
3013 2029 3151 2086 Nam
3190 2031 3269 2084 illi
3301 2031 3463 2088 alieni
3497 2047 3607 2086 non

2036 2127 2161 2172 sunt
2191 2119 2242 2172 in
2277 2120 2434 2175 nobis
2462 2117 2718 2175 seminati
2753 2135 2785 2174 a
2813 2121 2923 2176 Deo
2954 2119 3088 2193 (2t).
3121 2119 3216 2177 Vis
3245 2131 3428 2176 autem
3461 2122 3605 2178 scire

2036 2207 2161 2276 quia
2193 2208 2450 2264 Dominus
2466 2225 2571 2265 non
2593 2211 2832 2266 seminat
2861 2211 3029 2268 malos
3052 2211 3296 2268 fructus?
3330 2213 3455 2268 audi
3481 2228 3607 2269 eum

2037 2301 2088 2353 in
2120 2283 2414 2371 Evangelio
2443 2302 2710 2358 dicentem
2741 2319 2754 2355 :
2790 2319 2810 2355 ι
2848 2301 3038 2357 Nonne
3071 2301 3272 2357 bonum
3307 2318 3493 2360 semen
3523 2319 3608 2359 se-

2038 2393 2360 2446 minavimus
2387 2393 2440 2447 in
2467 2394 2634 2464 agro?
2672 2393 2827 2449 Unde
2873 2409 3002 2464 ergo
3055 2396 3216 2450 habet
3262 2397 3508 2452 zizania?
3540 2397 3608 2453 Et

2039 2481 2374 2548 respondens
2401 2481 2538 2536 dixit
2563 2479 2711 2553 (22):
2737 2481 2995 2537 inimicus
3029 2484 3191 2540 homo
3221 2485 3325 2540 hoc
3353 2487 3481 2542 fecit
3503 2488 3602 2543 ³⁸.»

2037 2565 2106 2632 Et
2127 2567 2304 2624 adhuc
2338 2569 2420 2624 vis
2451 2570 2685 2641 amplius
2717 2570 2930 2626 discere
2974 2575 3101 2642 quia
3147 2573 3234 2630 isti
3265 2577 3446 2632 carnis
3485 2577 3606 2632 fruo-

2037 2671 2156 2714 ctus
2183 2675 2286 2715 non
2323 2670 2449 2717 sunt
2482 2663 2676 2729 nostri,
2713 2666 2808 2720 sed
2849 2664 3009 2719 alieni
3036 2665 3060 2720 i
3089 2664 3209 2736 Ipse
3249 2668 3443 2724 iterum
3489 2669 3606 2743 (23)

2039 2752 2299 2810 Dominus
2329 2755 2382 2810 in
2411 2756 2701 2828 Evangelia
2737 2759 2903 2816 dicit:
2933 2780 2952 2812 ι
2984 2761 3040 2817 Si
3084 2761 3138 2816 in
3182 2761 3362 2818 alieno
3415 2765 3606 2822 fideles

2039 2860 2143 2900 non
2174 2845 2373 2911 fuistis,
2409 2849 2554 2917 quod
2592 2858 2838 2905 vestrum
2869 2861 2951 2908 est
2976 2853 3100 2922 quis
3126 2853 3281 2910 dabit
3311 2855 3463 2912 vobis
3487 2856 3529 2888 “
3549 2858 3602 2912 2»

2038 2936 2130 2991 Sic
2162 2953 2293 3008 ergo
2324 2939 2603 3009 profundae
2651 2942 2881 2999 rationis
2933 2946 3193 3016 mysterio
3219 2947 3272 3002 in
3305 2948 3446 3005 malo
3477 2953 3603 3021 qui-

2038 3029 2157 3082 dem
2186 3027 2364 3083 fructu
2393 3031 2682 3099 Apostolus
2717 3047 2824 3088 non
2874 3035 3082 3090 addidit
3112 3053 3132 3088 ι
3162 3047 3446 3106 vestrum;
3481 3059 3502 3094 ι
3537 3042 3606 3098 de

2036 3118 2177 3172 bono
2211 3128 2392 3173 autem
2419 3121 2593 3178 dicit:
2638 3139 2658 3174 ι
2695 3122 2918 3180 Habetis
2962 3125 3202 3182 fructum
3247 3139 3486 3185 vestrum
3543 3135 3600 3188 in

2033 3208 2541 3268 sanctificationem.
2579 3232 2599 3265 ι
2641 3213 2797 3280 Quod
2837 3225 3018 3271 autem
3060 3219 3412 3288 perfectiores
3460 3223 3608 3279 dicat

2036 3297 2135 3352 hos
2165 3298 2279 3370 (24)
2311 3314 2446 3370 quos
2471 3302 2679 3357 servire
2709 3301 2818 3357 Deo
2847 3303 3109 3370 nominat,
3132 3320 3294 3375 quam
3323 3307 3445 3363 illus
3467 3325 3607 3377 quos

2033 3391 2208 3460 primo
2238 3395 2445 3448 servire
2475 3393 2706 3463 justitiae
2739 3396 2976 3463 dixerat,
3012 3398 3176 3452 etiam
3212 3415 3279 3454 ex
3319 3399 3423 3455 hoc
3473 3415 3589 3470 pro-

2032 3483 2211 3548 hatttr,
2248 3487 2392 3554 quod
2429 3487 2618 3542 borum
2649 3486 2885 3544 fructum
2916 3490 2970 3544 in
3003 3489 3491 3547 sanctificationem
3509 3507 3606 3562 po-

2032 3575 2142 3630 suit
2171 3592 2187 3642 ;
2224 3577 2316 3646 qui
2367 3577 2594 3650 intelligi
2627 3590 2854 3648 possunt
2889 3581 2942 3634 hi
2974 3595 3096 3637 esse
3126 3582 3219 3652 qui
3255 3597 3316 3638 se
3354 3584 3595 3638 castitati

2031 3677 2088 3721 et
2119 3667 2471 3723 continentia:
2499 3669 2874 3737 devoverunt;
2917 3671 2992 3725 illi
3025 3682 3206 3728 autem
3234 3687 3372 3742 quos
3411 3675 3603 3728 servos

2033 3758 2170 3813 dixit
2217 3773 2339 3816 esse
2378 3759 2631 3829 iustitiae,
2676 3771 2905 3831 possunt
2930 3763 3094 3818 etiam
3132 3765 3184 3819 hi
3217 3765 3387 3821 videri
3421 3767 3513 3836 qui
3547 3768 3598 3821 iu

2035 3851 2303 3921 coniugiis
2332 3852 2519 3920 positi,
2543 3850 2772 3920 iustitiae
2803 3862 2982 3908 tamen
3006 3865 3062 3910 et
3091 3856 3343 3912 omnibus
3377 3857 3597 3912 virtuti-

2031 3941 2132 3999 bus
2160 3958 2378 4013 operam
2409 3945 2672 4014 praebent.
2703 3943 2779 3999 De
2803 3944 2915 3999 vita
2954 3956 3133 4002 autem
3167 3955 3368 4002 aeterna
3404 3963 3600 4019 quam-

2030 4036 2114 4091 vis
2145 4045 2200 4091 et
2230 4038 2284 4091 in
2315 4036 2436 4092 aliis
2463 4035 2597 4092 locis
2621 4050 2764 4107 saepe
2798 4051 2828 4090 a
2862 4037 3023 4094 nobis
3053 4037 3257 4094 dictum
3293 4040 3390 4105 sit,
3415 4050 3599 4096 tamen

2029 4135 2084 4181 ct
2111 4127 2164 4181 in
2195 4128 2445 4198 praesenti
2494 4129 2735 4184 breviter
2779 4129 3254 4198 perstringendum
3299 4139 3406 4193 est,
3451 4135 3597 4202 quod

2029 4219 2307 4272 aeternitas
2342 4219 2393 4272 in
2427 4218 2726 4289 Scripturis
2749 4217 3040 4287 aliquando
3069 4235 3167 4291 pro
3192 4235 3258 4276 eo
3282 4232 3515 4291 ponatur
3545 4233 3603 4278 ut

2028 4308 2186 4364 ﬁnem
2234 4309 2474 4374 nesciat,
2504 4309 2794 4380 aliquando
2833 4324 2964 4364 vero
2991 4321 3050 4364 ut
3081 4311 3135 4365 in
3177 4313 3432 4382 praesenti
3477 4316 3602 4385 qui-

360 4410 608 4464 Christus
631 4423 876 4479 regnare,
909 4411 1155 4479 profecto
1187 4408 1486 4462 secundum
1511 4407 1613 4463 hoc
1643 4408 1786 4479 quod
1833 4409 1926 4479 ju-
1959 4422 2004 4478 D
2032 4401 2153 4455 dem
2181 4401 2377 4456 Baculo
2400 4400 2560 4454 ﬁnem
2588 4417 2695 4456 non
2739 4402 3187 4468 habeal,habeat
3216 4413 3396 4458 tamen
3429 4405 3482 4458 in
3516 4405 3601 4460 fu-

363 4505 801 4568 Stitiaest,donec
839 4501 894 4556 in
926 4517 1255 4572 unoquoque
1279 4501 1618 4571 compleatur
1649 4500 1927 4569 plenitudo

261 4655 268 4666 1
362 4591 656 4658 virtutum,
710 4594 798 4646 ubi
848 4607 979 4646 vero
1045 4607 1294 4647 mensura
1349 4591 1514 4646 fuerit
1571 4590 1926 4660 perfectionis

362 4689 605 4760 expleta,
638 4698 767 4744 tunc
801 4689 1006 4744 dicitur
1040 4688 1256 4742 tradere
1283 4703 1301 4736 ι
1341 4697 1564 4754 regnum
1607 4682 1718 4736 Deo
1742 4691 1796 4735 et
1820 4680 1925 4735 Pa-

367 4781 457 4844 tri,
491 4799 509 4831 ι
555 4781 743 4850 utjam
774 4783 842 4835 sit
882 4798 900 4830 ι
941 4781 1080 4834 Deus
1105 4778 1288 4832 omnia
1318 4777 1370 4830 in
1400 4775 1652 4829 omnibus
1681 4772 1744 4826 ³⁸.
1771 4791 1791 4825 ι
1819 4772 1923 4827 Sed

362 4879 418 4922 et
455 4869 583 4924 illud
613 4869 789 4923 adhuc
836 4868 1239 4922 observandum
1277 4872 1404 4934 puto
1437 4861 1716 4934 (quoniam
1757 4861 1926 4916 colla-

2034 4503 2177 4550 turo.
2226 4493 2533 4564 Aliquando
2581 4495 2843 4564 temporis
2873 4493 3125 4562 alicujus,
3163 4495 3252 4550 vel
3279 4495 3444 4550 etiam
3474 4497 3602 4552 vitae

2030 4586 2189 4641 unius
2220 4585 2457 4640 hominis
2484 4586 2721 4656 spatium
2753 4585 3036 4641 aeternitas
3067 4586 3397 4654 appellatur,
3429 4598 3488 4642 ut
3517 4602 3602 4644 est

2030 4680 2160 4734 illud
2191 4679 2243 4733 in
2277 4677 2395 4749 lege
2432 4679 2694 4748 scriptum
2727 4679 2794 4733 de
2824 4693 2984 4734 servo
3026 4677 3248 4734 Hebraeo
3269 4681 3351 4730 ηε
3385 4699 3402 4731 ο
3436 4678 3492 4734 Si
3520 4681 3601 4734 di-

2028 4769 2241 4834 lexerit,
2272 4787 2292 4820 ›
2327 4769 2521 4837 inquit,
2563 4787 2582 4821 ι
2619 4783 2845 4823 uxorem
2875 4783 3052 4835 suam,
3084 4777 3141 4823 et
3171 4769 3316 4824 filios
3353 4783 3506 4836 suos,
3545 4781 3601 4827 et

2028 4876 2350 4932 permanere
2388 4861 2622 4916 voluerit
2660 4861 2713 4915 in
2747 4861 3009 4916 servitute
3039 4871 3258 4930 propter
3284 4860 3431 4932 ipsos
3455 4860 3597 4932 (25),

434 4965 477 4997 ⁸³
497 4965 697 5020 Ezeclt.
727 4979 884 5030 xvttt,
907 4963 963 5016 4.
1033 4962 1078 4994 ¹⁶
1102 4963 1254 5017 Deut.
1282 4975 1460 5030 xxxtt,
1481 4957 1600 5030 39._
1646 4958 1688 4989 ¹⁸
1713 4955 1814 5013 Job
1837 4957 1948 5030 v.1}

2048 4956 2519 5030 77“_R0m.v1;18_.
2576 4955 2635 5030 )7
2664 4955 2791 5011 ibid.
2825 4955 2916 5010 22.
2993 4955 3080 5010 ιιι
3113 4953 3239 5010 Cor.
3272 4970 3358 5022 xv,
3393 4953 3595 5021 aues.

363 5035 408 5068 “
434 5034 633 5091 Jerem.
652 5050 714 5102 tt,
745 5035 834 5088 21.

425 5131 536 5202 (16)
563 5131 724 5193 Editi,
758 5147 778 5180 ι
805 5129 960 5183 dicit.
997 5147 1024 5202 ιΔ
1047 5127 1112 5180 Ει
1134 5125 1294 5202 paulo
1309 5133 1473 5202 post,
1510 5139 1528 5170 ι
1550 5119 1908 5202 ιηροξιιιεεο»

363 5195 486 5269 (ms.
518 5195 682 5263 'uuus,
723 5217 741 5249 ι
773 5209 828 5254 ut
868 5209 988 5267 post
1015 5199 1134 5250 hoc.
1167 5215 1186 5246 ι
1224 5195 1503 5258 Babanus,
1547 5211 1568 5246 σ
1606 5203 1664 5246 ut
1688 5195 1917 5262 Aposto-

361 5272 444 5326 ltts
469 5273 613 5343 Ιιξεο-
641 5271 666 5343 ν)
697 5271 900 5343 dixisse
931 5269 1200 5329 videatur,
1237 5283 1256 5315 ι
1287 5275 1412 5343 θιε..
1533 5331 1545 5343 .

431 5341 544 5412 (17)
576 5332 736 5412 Εᾴἶιί,
768 5353 1087 5412 perperatn,_
1103 5354 1127 5412 ξ
1162 5351 1266 5412 non
1301 5332 1692 5388 erubescimus.
1726 5349 1746 5382 ι

432 5406 544 5484 (ιδ)
572 5411 738 5484 alias,
771 5406 798 5460 ⁷(
837 5406 1345 5484 it'tsauctificatioue
1375 5413 1520 5484 sunt.
1552 5420 1572 5454 ι

437 5473 542 5549 (19)
570 5473 735 5543 Edlti,
769 5497 788 5530 ι
826 5480 952 5548 quia
983 5478 1228 5549 superius
1251 5473 1469 5549 dixerit.
1503 5491 1522 5549 ι

431 5511 546 5622 as,
570 5511 748 5622 1.15:2,
769 5511 790 5599 ;
817 5511 1629 5622 agar:sataesatae...;
1656 5539 1792 5606 ....,
1816 5558 1834 5590 .
1860 5550 1914 5594 ει

362 5612 487 5675 sunt
519 5612 870 5691 profectibus
895 5629 952 5671 et
993 5615 1281 5691 virtutibus
1315 5612 1532 5691 gradus.
1569 5629 1613 5691 ι.
1637 5679 1650 5691 θ

432 5681 546 5762 (21)
570 5691 734 5756 Editi,
769 5708 788 5740 ‹
830 5689 964 5744 Nam
1001 5686 1073 5740 illi
1103 5685 1266 5738 alieni
1299 5681 1500 5739 suntin
1527 5681 1684 5738 nobis
1702 5695 1808 5736 non
1829 5695 1913 5738 se-

597 5787 868 5846 ΡΑτιιοι..
915 5784 1034 5843 Gn.
1082 5781 1251 5842 ΧΝ.

908 5035 953 5065 ²⁶⁵
976 5031 1166 5085 Matth.
1193 5045 1311 5094 xttt,
1337 5029 1427 5083 27.
1503 5030 1548 5060 ἰ
1578 5027 1712 5082 Luc.
1738 5042 1848 5090 xvt,
1879 5027 1965 5080 12.
2041 5029 2087 5059 ’³
2118 5027 2289 5085 Exod.
2327 5043 2443 5092 xxt,
2481 5026 2538 5090 5,
2567 5025 2622 5081 6.

2023 5123 2209 5178 minati
2231 5139 2260 5178 a
2288 5123 2418 5176 Deo.
2445 5141 2464 5174 ι
2495 5120 2594 5175 Ms.
2625 5136 2784 5184 unus,
2821 5139 2839 5172 ι
2869 5118 3004 5174 Nam
3028 5118 3102 5174 illi
3132 5127 3258 5173 sunt
3283 5118 3445 5190 alieni
3469 5117 3598 5190 [al..

2026 5210 2047 5243 ι
2071 5193 2292 5248 alienati
2317 5191 2508 5263 sunto]
2529 5206 2635 5246 non
2657 5203 2783 5245 sunt
2812 5191 2866 5244 in
2899 5190 3053 5244 nobis
3075 5189 3330 5263 seminati
3351 5203 3380 5242 a
3405 5189 3533 5243 Deo.
3570 5207 3592 5241 ι

2091 5263 2206 5334 (22)
2265 5263 2429 5334 Editi,
2474 5261 2576 5316 (et
2618 5263 3002 5334 respondentes
3053 5261 3340 5315 dixerunt:
3383 5277 3405 5311 ι
3459 5274 3594 5314 mss.

2019 5331 2261 5402 quidam,
2301 5352 2319 5383 ι
2358 5332 2420 5385 Et
2453 5331 2780 5401 respondit.»

2089 5403 2202 5470 (Ξῖ)
2233 5403 2396 5468 Editi,
2425 5420 2444 5452 ι
2476 5403 2590 5471 ipse
2622 5402 2805 5455 etiam.
2837 5419 2856 5452 ι

2092 5475 2205 5544 (24)
2237 5473 2368 5528 Mss.
2395 5470 2720 5544 plerique,_t
2755 5471 2896 5544 dicat
2929 5470 3037 5525 hic.
3068 5487 3088 5520 ι

2092 5536 2204 5625 (25)
2227 5544 2318 5598 Sic
2340 5536 2442 5596 ms.
2463 5536 2622 5600 unus.
2647 5539 2843 5596 Crateri
2865 5555 2995 5596 vero
3018 5553 3153 5595 mss.
3179 5546 3236 5594 et
3251 5536 3408 5607 editi,
3426 5553 3447 5590 ι
3469 5552 3600 5609 pro-

2022 5627 2138 5684 pter
2163 5629 2355 5685 Ipsam.
2381 5631 2402 5663 ι

3199 5763 3278 5825 31ι
