4146 6394
501 294 555 348 ﬂ
568 295 636 350 67

1943 292 2258 348 ORICENIS

3609 297 3746 354 1668

496 411 711 472 subula,
744 409 938 478 inquit,
973 411 1266 480 pertundes
1297 425 1483 465 aurem
1534 410 1651 479 ejus
1706 411 1756 464 in
1788 420 1964 480 poste,
2018 421 2073 465 et
2103 419 2148 472 Α
2175 411 2243 464 de
2272 424 2377 480 qua
2428 411 2690 480 scriptum
2740 421 2842 476 est,
2890 412 3014 481 quia
3074 428 3093 462 ι
3133 412 3340 477 anima,
3373 427 3494 483 quae
3534 425 3746 483 peccat,

495 504 601 575 erit
632 502 726 555 tibi
777 516 968 555 servus
1018 501 1071 554 in
1107 509 1392 555 aeternum.
1423 519 1442 552 ι
1483 500 1766 556 ᾹΞιθηιιιηι
1817 503 1901 555 hic
1949 503 2068 557 sine

496 594 661 648 dubio
691 602 904 662 tempus
929 593 1050 645 vitte
1067 591 1315 647 hominis
1336 594 1534 663 posuit.
1566 594 1630 647 Et
1664 595 1855 647 iterum
1890 595 1941 647 in
1967 595 2068 648 Ec-

495 686 751 740 clesiaste
775 684 982 738 dicitur
1007 685 1091 735 ”:
1129 703 1149 735 ‹
1183 685 1476 740 Generatio
1501 686 1666 750 vadit,
1700 696 1754 738 et
1785 687 2066 755 generatio

483 776 664 839 venit,
706 785 847 831 terra
878 785 1058 829 autem
1090 775 1142 828 in
1184 783 1451 828 aeternum
1483 785 1590 828 stat
1635 793 1647 828 :
1705 795 1721 826 ι
1747 778 1863 832 hic:
1905 786 2064 830 aeter-

495 886 622 926 num
656 887 676 921 ι
707 869 998 939 praesentis
1028 867 1210 922 saeculi
1243 877 1456 937 tempus
1493 869 1750 923 ostendit.
1802 869 1903 924 Ubi
1937 885 2066 923 vero

495 963 628 1018 dicit
667 979 688 1013 ι
731 961 902 1014 vitam
957 970 1240 1023 aeternam,
1280 979 1299 1012 ι
1330 962 1396 1013 ad
1430 961 1560 1014 illud
1587 961 1954 1030 aspiciendum
1983 971 2066 1016 est

495 1055 638 1124 quod
686 1055 802 1121 ipse
852 1052 1106 1106 Salvator
1138 1051 1318 1105 dixit:
1361 1068 1380 1102 ι
1417 1050 1543 1105 Haac
1590 1061 1674 1104 est
1727 1062 1906 1104 autem
1958 1051 2064 1104 vita

485 1156 719 1210 ~aterna,
763 1153 823 1198 ut
870 1150 1207 1212 cognoscant
1239 1153 1293 1197 te
1320 1141 1498 1196 solum
1533 1157 1719 1195 verum
1777 1141 1964 1204 Deum,
2011 1151 2066 1196 et

492 1250 656 1304 quem
681 1233 874 1288 misisti
904 1232 1086 1287 Jesum
1111 1232 1384 1286 Christum
1409 1233 1456 1263 “
1479 1248 1493 1284 :
1521 1250 1538 1283 ι
1568 1241 1620 1285 et
1643 1231 1838 1285 iterum
1865 1245 1879 1284 :
1915 1250 1932 1282 ι
1952 1231 2064 1299 Ego

492 1345 611 1383 sum
651 1329 760 1393 via,
799 1337 853 1380 et
883 1327 1088 1380 veritas
1138 1337 1192 1381 et
1221 1327 1330 1380 vita
1361 1327 1427 1379 ".
1462 1345 1479 1376 ι
1527 1324 1590 1377 Et
1621 1325 1735 1393 ipse
1773 1325 2064 1391 Apostolus

493 1424 546 1478 in
587 1423 710 1477 aliis
739 1422 889 1484 dicit,
931 1419 1061 1489 quia
1100 1437 1120 1470 ι
1157 1420 1439 1488 rapiemur
1486 1419 1538 1470 in
1584 1418 1818 1471 nubibtts
1845 1417 2062 1469 obviam

468 1515 711 1571 ‘Christo
734 1515 784 1568 in
804 1528 951 1580 aera,
967 1521 1021 1567 et
1038 1513 1107 1565 ita
1123 1526 1338 1579 semper
1354 1527 1474 1564 cum
1498 1510 1723 1564 Domino
1735 1509 1941 1562 erimus‘
1957 1510 2020 1560 ".
2037 1526 2056 1560 ι

492 1607 646 1661 Sicut
673 1619 802 1674 ergo
831 1616 1048 1671 semper
1069 1617 1192 1656 cum
1230 1600 1458 1654 Domino
1479 1613 1622 1662 esse,
1647 1599 1806 1652 tinem
1840 1614 1946 1652 non
1974 1599 2063 1652 ba-

492 1695 604 1760 bet,
630 1694 706 1748 ita
735 1701 790 1749 et
815 1693 925 1746 vita
951 1699 1154 1746 aeterna
1183 1691 1388 1744 nullum
1417 1691 1576 1744 linem
1607 1691 1808 1744 habere
1828 1691 2059 1744 creden-

491 1787 558 1841 da
593 1796 696 1842 est.

557 1877 615 1932 6.
665 1896 683 1928 ς
720 1876 999 1946 Stipendia
1037 1875 1181 1930 enim
1214 1874 1420 1941 peccati
1455 1888 1640 1928 mors:
1678 1873 1851 1943 gratia
1880 1882 2060 1928 autem

492 1971 607 2036 Dei,
642 1971 749 2024 vita
774 1977 1002 2032 azterna,
1023 1967 1076 2021 in
1099 1966 1319 2022 Christo
1347 1963 1474 2020 Jesu
1500 1966 1725 2020 Domino
1747 1977 1931 2020 nostro
1957 1967 2056 2020 ³⁷.»

491 2061 682 2116 Simile
726 2069 833 2123 est,
886 2061 991 2115 hoc
1037 2060 1179 2128 quod
1224 2057 1384 2121 dixit,
1446 2077 1464 2108 ι
1533 2058 1812 2126 Stipendia
1851 2059 2060 2126 peccati

488 2167 656 2218 mors,
696 2171 714 2204 ι
759 2152 834 2205 illi
879 2150 1023 2219 quod
1051 2150 1304 2218 superius
1332 2151 1571 2212 dixerat,
1615 2167 1633 2200 ι
1683 2149 1834 2203 Finis
1882 2159 2060 2204 autem

486 2246 706 2301 illorum
741 2258 888 2299 mors
917 2242 986 2296 ’³.
1026 2259 1045 2294 ι
1078 2241 1320 2308 Quorum
1346 2241 1565 2295 autem?
1596 2241 1808 2296 Illorum
1830 2243 1946 2296 sine
1973 2243 2062 2296 du-

485 2339 576 2395 bio
611 2355 630 2390 (
670 2353 769 2407 pro
811 2336 1011 2406 quibus
1036 2349 1182 2388 nunc
1230 2333 1570 2396 erubescitis,
1605 2352 1624 2385 ι
1673 2347 1898 2402 quorum
1949 2332 2064 2387 fru-

485 2440 609 2486 ctus
635 2444 734 2484 nec
764 2427 1045 2481 nominare
1075 2425 1290 2496 quidem
1323 2426 1551 2478 aestimat
1574 2424 1794 2493 dignum
1827 2423 1962 2496 (26).
1995 2425 2062 2478 Et

485 2523 712 2576 iterum:
750 2539 768 2570 ι
804 2519 986 2574 Gratia
1018 2530 1200 2572 autem
1244 2517 1359 2580 Dei,
1384 2517 1494 2568 vita
1516 2525 1741 2581 teterna,
1769 2517 1820 2570 in
1845 2517 2061 2572 Christo

482 2611 612 2667 Jesu
642 2611 876 2664 Domino
903 2619 1113 2675 nostro,
1153 2627 1172 2661 ι
1222 2608 1401 2664 simile
1447 2616 1531 2664 est
1575 2607 1647 2661 illi
1701 2609 1842 2676 quod
1884 2608 2056 2662 dixit:

489 2723 509 2756 ι
545 2702 767 2758 Habetis
798 2701 1035 2756 fructum
1058 2708 1304 2754 vestrum
1355 2700 1408 2754 in
1448 2697 1956 2764 sanctiﬁcationem,
1994 2700 2058 2754 [i-

485 2810 609 2850 nem
638 2808 770 2848 vero
801 2793 969 2846 vitam
1003 2801 1266 2846 aeternam
1301 2791 1369 2845 ⁸³.
1412 2811 1431 2844 ›
1468 2791 1613 2846 Bene
1650 2800 1833 2844 autem
1883 2800 2058 2846 meta-

488 2889 740 2957 phoram,
792 2887 844 2940 id
871 2895 957 2939 est
983 2883 1218 2954 figuram
1269 2884 1476 2938 militiae
1507 2897 1576 2938 ex
1605 2883 1762 2938 initio
1807 2885 2058 2952 proposi-

489 2991 597 3035 tam
632 2989 834 3042 servat,
869 2988 929 3031 ut
955 2977 1324 3031 militantibus
1352 2978 1462 3043 sub
1491 2987 1718 3046 peccato
1762 2991 1886 3046 rege
1919 2974 2057 3046 (27),

2173 502 2288 570 ipsa
2322 504 2585 558 morietur
2605 505 2672 557 ³¹.
2698 522 2718 556 ι
2756 503 2824 558 Ει
2852 504 3101 573 quamvis
3125 504 3192 558 de
3215 505 3530 560 diversitate
3557 509 3748 563 mortis

2177 609 2206 648 a
2234 595 2390 649 nobis
2422 594 2687 664 saepeiam
2721 596 2924 650 dictum
2955 597 3047 660 sit,
3100 605 3280 651 tamen
3327 597 3455 666 quia
3506 613 3746 668 praesens

2172 686 2461 740 admonuit
2511 687 2700 752 locus,
2746 688 2984 756 apertius
3018 688 3203 743 eadem
3257 697 3538 757 repetere,
3587 697 3644 743 et
3690 690 3744 742 in

2170 795 2334 832 unum
2374 795 2494 848 qum
2523 780 2758 848 sparsim
2790 789 2918 833 sunt
2945 781 3092 834 dicta
3129 779 3386 852 colligere
3433 795 3614 849 neque
3643 782 3748 834 mi-

2168 873 2222 925 hi
2251 875 2462 942 pigrum
2495 872 2586 937 sit,
2615 886 2792 940 neque
2821 872 3131 942 legentibus
3159 887 3478 927 onerosum.
3506 871 3650 926 Mors
3688 873 3742 926 in

2168 958 2471 1028 Scripturis
2497 976 2661 1014 unum
2705 961 2921 1030 quidem
2973 976 3166 1017 nomen
3203 971 3305 1026 est,
3345 962 3439 1018 sed
3471 963 3640 1017 multa
3671 965 3746 1017 si-

2169 1055 2412 1124 gniﬁcat.
2447 1054 2658 1109 Etenim
2693 1057 2968 1125 separatio
2999 1057 3246 1124 corporis
3278 1057 3344 1111 ab
3375 1057 3557 1110 anima
3598 1072 3746 1111 mors

2168 1147 2502 1201 nominatur.
2537 1144 2645 1200 Sed
2678 1147 2795 1202 haec
2823 1162 2997 1216 neque
3029 1148 3168 1201 mala
3205 1146 3342 1218 (50),
3378 1163 3554 1218 neque
3597 1150 3739 1203 bona

2165 1236 2272 1292 dici
2298 1246 2476 1305 potest
2505 1257 2519 1292 ε
2557 1247 2638 1292 est
2665 1239 2810 1292 enim
2833 1240 3028 1304 media,
3045 1255 3164 1307 quze
3181 1239 3382 1294 dicitur
3404 1238 3740 1295 indiii‘erens.

2167 1327 2232 1380 Et
2258 1344 2450 1381 rursus
2482 1331 2754 1398 separatio
2787 1331 2982 1385 animae
3015 1346 3042 1385 a
3083 1333 3194 1385 Deo
3237 1347 3383 1385 mors
3414 1331 3740 1400 appellatur,

2165 1436 2284 1485 qua:
2310 1436 2408 1490 per
2440 1431 2720 1490 peccatum
2755 1424 2920 1477 venit.
2958 1425 3081 1480 Haec
3106 1434 3290 1493 aperte
3317 1423 3454 1479 mala
3477 1432 3581 1488 est,
3623 1438 3742 1492 quae

2164 1521 2219 1566 et
2245 1514 2450 1580 peccati
2488 1514 2816 1582 stipendium
2865 1515 3178 1570 nominatur
3210 1516 3277 1568 δ’.
3314 1515 3465 1570 Hanc
3507 1524 3739 1568 mortem

2165 1604 2306 1659 Deus
2336 1620 2444 1658 non
2476 1604 2626 1669 fecit,
2663 1620 2839 1674 neque
2883 1605 3098 1660 laetatur
3140 1606 3192 1659 in
3242 1605 3546 1674 perditione
3589 1606 3741 1658 vivo-

2165 1711 2282 1750 rum
2299 1710 2315 1749 :
2330 1697 2424 1750 sed
2443 1695 2647 1751 invidia
2666 1697 2870 1751 diaboli
2890 1712 3037 1752 mors
3059 1697 3173 1752 haec
3191 1697 3437 1752 introivit
3455 1695 3569 1767 (51)
3584 1696 3637 1750 in
3650 1712 3742 1751 or-

2165 1789 2285 1842 bem
2325 1799 2618 1843 terrarum.
2652 1789 2719 1842 Et
2750 1791 2942 1842 iterum
2970 1790 3082 1855 ipse
3114 1798 3306 1843 auctor
3341 1788 3535 1842 mortis
3565 1785 3728 1854 hujus

2165 1879 2409 1934 diabolus
2438 1895 2587 1935 mors
2609 1881 2926 1950 appellatur,
2961 1889 3014 1933 et
3041 1881 3155 1950 ipse
3193 1888 3275 1935 est
3303 1879 3392 1949 qui
3417 1879 3620 1934 dicitur
3639 1879 3743 1933 ini-

2165 1969 2338 2024 micns
2361 1969 2567 2024 Christi
2594 1971 2924 2025 novissimus
2947 1970 3312 2024 destruendus
3335 1969 3400 2024 ³³.
3435 1966 3540 2022 Sed
3577 1979 3634 2024 et
3657 1969 3741 2022 in-

2164 2060 2491 2116 ferniJocus
2532 2062 2583 2115 in
2617 2078 2726 2131 quo
2775 2063 2972 2116 animae
3023 2062 3412 2116 detinebantur
3459 2076 3487 2115 a
3539 2070 3737 2128 morte,

2163 2156 2325 2209 etiam
2360 2155 2472 2223 ipse
2497 2169 2644 2207 mors
2665 2155 2986 2224 appellatur.
3015 2155 3223 2209 Dicitur
3247 2170 3379 2208 vero
3399 2164 3454 2209 et
3479 2154 3568 2207 illa
3594 2170 3742 2210 mors

2163 2245 2275 2316 (32)
2305 2245 2593 2300 laudabilis
2619 2261 2722 2314 qua
2746 2255 2970 2313 peccato
3001 2246 3124 2315 quis
3158 2248 3412 2312 moritur,
3439 2256 3494 2302 et
3515 2245 3740 2302 Christo

2161 2337 2544 2405 consepelitur,
2583 2351 2681 2405 per
2704 2351 2866 2406 quant
2888 2337 3197 2392 emendatio
3225 2337 3286 2391 iit
3316 2337 3512 2392 animae
3540 2347 3596 2393 et
3624 2339 3735 2392 vita

2163 2439 2366 2480 aiterna
2399 2426 2768 2494 conquiritur.
2797 2423 2934 2479 Cum
2969 2441 3098 2496 ergo
3140 2436 3290 2480 tanta
3337 2425 3641 2481 diﬂ‘erentia
3682 2427 3736 2480 in

2164 2518 2262 2572 hoc
2293 2531 2399 2571 uno
2427 2518 2647 2570 nomine
2680 2517 2872 2571 mortis
2914 2519 3204 2584 habeatur,
3231 2519 3275 2573 si
3332 2520 3526 2574 audias
3570 2520 3737 2572 Deum

2161 2609 2449 2674 dicentem,
2487 2626 2505 2658 ι
2540 2609 2654 2677 Ego
2676 2608 2942 2672 occidam,
2965 2622 3022 2664 et
3050 2625 3150 2678 ego
3175 2611 3360 2665 vivere
3388 2610 3584 2666 faciam
3610 2611 3680 2677 ³⁵,
3710 2628 3733 2664 ι

2163 2701 2471 2770 intelligere
2501 2702 2666 2756 debes
2700 2718 2820 2771 qua:
2845 2704 2917 2757 sit
2953 2717 3104 2758 mors
3137 2719 3300 2772 quam
3325 2705 3483 2759 decet
3528 2705 3739 2758 inferre

2164 2795 2331 2848 Deum
2361 2793 2506 2863 (3'5):
2547 2793 2636 2846 illa
2667 2795 2786 2849 sine
2815 2794 2983 2850 dubio
3008 2810 3127 2864 qua:
3159 2795 3412 2850 conferat
3457 2797 3649 2862 vitam,
3683 2797 3739 2852 id

2160 2898 2242 2942 est
2278 2897 2336 2941 ut
2376 2889 2643 2941 moriatur
2671 2889 2796 2958 quis
2833 2899 3080 2957 peccato,
3109 2898 3164 2942 et
3189 2889 3335 2942 vivat
3377 2888 3506 2943 Deo.
3547 2908 3567 2942 ι
3598 2889 3736 2944 Cum

2159 2979 2433 3033 occideret
2463 2995 2575 3044 eos,
2619 2999 2638 3030 ι
2674 2980 2870 3048 inquit,
2910 2998 2929 3032 ι
2960 2982 3274 3049 qumrebant
3295 2996 3442 3046 eum,
3467 2991 3523 3036 et
3556 2997 3739 3037 rever-

486 3075 597 3128 imo
623 3072 802 3142 potius
834 3069 1103 3141 tyrannidi
1135 3068 1252 3136 ejus
1292 3069 1628 3138 parentibus,
1667 3069 1931 3139 stipendia
1962 3069 2052 3122 de-
2085 3090 2127 3148 C
2163 3070 2566 3124 tebanturu'“.
2595 3089 2615 3122 ι
2635 3070 2988 3139 Apertissime
3004 3073 3205 3126 docens
3220 3086 3316 3141 per
3333 3071 3736 3143 hoc,quia(54)

486 3165 600 3219 bita
634 3174 864 3218 mortem
893 3162 1040 3216 dicat
1061 3161 1291 3216 exsolvi.
1324 3160 1496 3214 Deum
1527 3175 1656 3216 vero
1689 3175 1792 3215 non
1832 3168 1950 3215 erat
1980 3159 2061 3213 di-

486 3273 652 3330 gnum
685 3256 949 3312 militibus
980 3256 1094 3311 suis
1139 3255 1409 3324 stipendia
1457 3254 1614 3324 quasi
1675 3252 1916 3307 debitum
1961 3250 2062 3305 ali-

487 3351 630 3421 quod
664 3351 816 3412 dare,
854 3349 948 3402 sed
993 3349 1190 3402 donum
1223 3359 1276 3401 et
1306 3347 1560 3416 gratiam,
1601 3361 1722 3412 quae
1750 3355 1838 3399 est
1889 3363 1907 3394 ι
1947 3343 2056 3397 vita

485 3453 690 3498 aeterna
717 3443 768 3496 in
800 3441 1018 3496 Christo
1063 3441 1190 3495 Jesu
1223 3441 1452 3493 Domino
1482 3448 1691 3494 nostro.
1719 3457 1738 3490 ›
1787 3437 1897 3506 Ego
1952 3450 2058 3489 non

487 3545 620 3604 puto
653 3535 815 3588 etiam
842 3535 946 3588 hoc
978 3547 1206 3586 vacuum
1234 3545 1383 3594 esse,
1413 3529 1556 3598 quod
1585 3529 1650 3581 ad
1689 3527 1856 3581 vitam
1896 3535 2060 3580 aeter-

483 3642 610 3680 nam
644 3625 850 3680 addidit
875 3641 896 3675 ι
934 3625 988 3678 in
1011 3622 1224 3677 Christo
1251 3621 1481 3675 Domino
1503 3629 1724 3684 nostro;
1761 3637 1779 3669 ι
1822 3616 1916 3671 sed
1935 3619 2060 3686 quia

479 3718 742 3774 «fortassis
781 3716 909 3771 sciri
951 3715 1122 3769 voluit
1145 3714 1289 3768 aliud
1325 3728 1447 3768 esse
1474 3713 1637 3766 vitam
1675 3720 1933 3766 aeternam
1965 3726 2058 3764 so-

486 3812 621 3876 lum,
660 3821 712 3864 et
743 3810 887 3864 aliud
914 3810 1082 3862 vitam
1122 3817 1380 3863 aeternam
1431 3807 1483 3859 in
1527 3805 1751 3860 Christo
1792 3803 1940 3859 Jesu.
1995 3804 2059 3858 Et

485 3901 563 3955 illi
598 3899 742 3954 enim
769 3898 860 3967 qui
888 3905 1112 3964 surgent
1149 3898 1201 3950 in
1234 3895 1604 3950 confusionem
1625 3903 1680 3948 et
1707 3894 2058 3962 opprobrium

486 3991 876 4059 sempiternum
912 3987 978 4052 ³ο,
1013 3987 1291 4041 habebunt
1319 3985 1536 4054 quidem
1566 3985 1729 4037 vitam
1767 3993 2056 4047 :eternam,

487 4089 592 4137 non
627 4093 802 4136 tamen
843 4083 896 4136 in
926 4081 1144 4135 Christo
1161 4078 1312 4141 Jesu,
1346 4077 1443 4132 sed
1471 4077 1522 4130 in
1550 4076 1868 4131 confusione
1896 4075 2061 4146 576

485 4184 541 4229 et
569 4174 857 4243 opprobrio
883 4182 1126 4236 aeterno;
1162 4170 1296 4240 justi
1325 4183 1458 4223 vero
1491 4169 1581 4237 qui
1611 4177 1836 4235 surgent
1866 4167 1978 4239 (28)
2003 4168 2056 4221 in

483 4267 650 4320 vitam
709 4276 967 4336 aeternam
1019 4264 1073 4317 in
1115 4262 1336 4315 Christo
1381 4259 1506 4314 .iesn
1570 4259 1848 4313 habebunt
1891 4259 2055 4313 vitam

487 4368 769 4414 aeternam.
799 4355 1087 4410 Peccatum
1127 4368 1256 4423 ergo
1290 4352 1401 4425 (29)
1431 4351 1692 4406 militibus
1722 4353 1834 4406 suis
1863 4352 1915 4405 in
1940 4352 2061 4420 qui-

2166 3177 2326 3233 quem
2361 3162 2502 3216 Deus
2548 3163 2772 3228 occidit,
2826 3172 3120 3231 propterea
3169 3164 3394 3228 occidit,
3429 3174 3487 3216 ut
3513 3171 3738 3234 peccato

2167 3256 2453 3320 moriatur,
2499 3266 2554 3310 et
2598 3263 2809 3325 qnazrat
2849 3256 3039 3311 Deum.
3081 3256 3173 3311 Sic
3195 3272 3298 3327 ego
3322 3258 3483 3311 audio
3520 3267 3574 3311 et
3606 3255 3738 3312 illud

2167 3346 2310 3416 quod
2343 3347 2602 3415 scriptum
2633 3355 2719 3400 est
2744 3345 2810 3408 ³⁷,
2842 3347 2966 3415 quia
2996 3347 3199 3401 occidit
3239 3347 3383 3402 Deus
3423 3347 3533 3401 Her
3565 3346 3736 3401 ﬁlium

2165 3438 2336 3503 ludat,
2369 3439 2624 3508 quoniam
2655 3438 2924 3508 malignus
2953 3449 3073 3492 erat
3099 3457 3112 3504 ;
3146 3449 3204 3494 et
3230 3439 3274 3494 si
3304 3439 3431 3508 quid
3467 3440 3610 3494 aliud
3636 3438 3737 3493 hu-

2162 3530 2396 3602 iusmodi
2435 3530 2501 3584 de
2524 3530 2634 3585 Deo
2669 3529 2896 3599 legimus
2929 3532 3210 3600 scriptum.
3241 3531 3334 3586 Sic
3357 3540 3413 3586 et
3445 3531 3737 3601 Apostolus

2163 3628 2504 3691 peccatorem
2538 3620 2784 3674 tradebat
2812 3620 2864 3674 in
2903 3621 3178 3676 interitum
3231 3623 3431 3688 carnis,
3464 3631 3524 3676 ut
3570 3622 3736 3692 spiri-

2168 3721 2280 3766 tum
2332 3711 2535 3764 l‘aceret
2575 3710 2780 3764 salvum
2812 3712 2875 3773 ³⁸,
2911 3712 3014 3766 hoc
3041 3722 3148 3775 est,
3185 3724 3244 3765 ut
3275 3721 3578 3768 moreretur
3609 3727 3737 3780 pec-

2167 3816 2306 3869 cato,
2349 3813 2404 3859 et
2429 3805 2636 3858 viveret
2666 3804 2796 3857 Deo.
2822 3805 2888 3858 Et
2914 3805 2965 3858 in
2995 3806 3248 3874 prtesenti
3284 3806 3449 3874 igitur
3477 3805 3597 3862 loco
3632 3806 3735 3860 sti-

2165 3896 2356 3964 pendia
2383 3911 2505 3974 qua:
2527 3897 2616 3948 dat
2648 3906 2953 3963 peccatum.
2981 3912 3125 3948 mors
3155 3911 3274 3951 esse
3301 3896 3554 3950 dicuntur
3578 3912 3592 3948 :
3628 3912 3731 3952 non

2167 3989 2268 4041 ista
2300 4003 2446 4043 mors
2475 4002 2598 4056 qua:
2641 3999 2858 4055 separat
2903 4003 3100 4056 corpus
3137 3987 3205 4041 ab
3256 3989 3458 4053 anima,
3504 3989 3601 4043 sed
3644 3988 3736 4042 ilia

2166 4095 2271 4150 qua
2305 4095 2404 4150 per
2432 4089 2722 4150 peccatum
2757 4087 3043 4146 separatur
3084 4079 3262 4132 anima
3298 4093 3327 4132 a
3361 4077 3490 4132 Deo.
3521 4079 3585 4132 Et
3605 4093 3732 4132 rur-

2166 4187 2286 4226 sum
2327 4187 2424 4227 nos
2454 4173 2506 4226 in
2551 4181 2723 4226 morte
2749 4170 2953 4226 Christi
2987 4170 3217 4224 dicimur
3243 4169 3524 4240 baptizati,
3557 4171 3610 4223 in
3637 4169 3732 4224 illa

2165 4265 2282 4318 sine
2313 4264 2476 4318 dubio
2503 4274 2678 4318 morte
2709 4261 2821 4331 ('55)
2850 4277 2952 4332 qua
2985 4272 3208 4331 peccato
3237 4272 3479 4316 mortuus
3522 4271 3605 4316 est
3641 4277 3733 4317 sc-

2167 4356 2294 4420 mel,
2337 4365 2396 4410 ut
2440 4366 2494 4410 et
2527 4371 2625 4411 nos
2671 4370 2988 4425 separemur
3019 4371 3046 4408 a
3092 4365 3337 4424 peccato,
3385 4363 3440 4407 et
3486 4355 3734 4408 vivamus

489 4451 595 4505 bus
629 4459 837 4520 regnat,
871 4448 1142 4517 stipendia
1175 4447 1336 4514 digna
1367 4444 1594 4516 largitur
1624 4456 1879 4498 mortem.
1907 4447 2058 4500 Mor-
2090 4457 2135 4511 1)
2166 4447 2474 4504 Deo".Tali
2494 4463 2724 4516 namque
2744 4458 2916 4502 morte
2933 4445 3735 4516 quimoritur(36)justiiicatus

490 4559 600 4602 tem
633 4553 815 4596 autem
839 4541 1066 4596 dicimus
1097 4554 1204 4594 non
1232 4539 1372 4592 hanc
1391 4536 1752 4604 corporalem,
1781 4539 1876 4592 sed
1909 4538 2058 4592 illam

560 4653 607 4686 "
633 4651 874 4716 Ecele.t,
906 4651 960 4704 4.
1066 4647 1289 4704 “Joan.
1335 4663 1466 4710 xvii,
1501 4647 1553 4698 5.

1658 4647 1703 4678 ’⁵
1735 4645 1888 4702 Joan.
1920 4661 2030 4710 xrv,
2064 4647 2117 4707 6.

2168 4557 2286 4596 esse
2314 4540 2511 4595 dicitur
2533 4556 2563 4593 a
2587 4548 2808 4608 peccato
2823 4539 2893 4591 ⁸ο.
2913 4538 3004 4594 Sic
3029 4553 3157 4607 ergo
3187 4537 3433 4592 habenda
3462 4536 3736 4590 distinctio

2215 4651 2259 4682 ²⁶
2290 4649 2524 4704 lThess.
2555 4665 2628 4714 tv,
2665 4648 2750 4702 16.
2854 4649 2898 4679 ’⁷
2939 4647 3096 4702 Rom.
3126 4663 3200 4711 vt,
3229 4646 3318 4700 25.
3396 4646 3442 4678 ’⁸
3467 4646 3594 4701 ibid.
3639 4648 3731 4702 2i.

489 4725 534 4756 ¹⁹
561 4723 690 4776 ibid.
717 4724 807 4774 22.
883 4722 928 4752 ³ο
950 4719 1150 4774 Jercm.
1177 4733 1327 4779 χχιιι,
1349 4717 1437 4772 40.
1515 4718 1555 4746 ³¹
1578 4715 1777 4772 Ezecb.
1811 4733 1962 4780 xviii,
1985 4718 2038 4770 4.

2167 4720 2323 4774 Rom.
2355 4736 2432 4783 Vl,
2457 4719 2548 4773 25.
2622 4719 2668 4750 ³³
2693 4720 2713 4772 1
2734 4716 2864 4773 Cor.
2898 4733 2989 4783 xv,
3017 4719 3106 4771 26.
3183 4717 3227 4748 "
3256 4719 3409 4771 Deut.
3449 4719 3730 4782 xxxn,59.

489 4793 610 4826 ³⁸·³⁸
637 4791 776 4848 Psal.
813 4806 1022 4858 Lxxvu,
1063 4790 1151 4844 54.
1229 4788 1270 4818 ³⁷
1300 4788 1437 4842 Cen.
1478 4803 1708 4849 xxxviii,
1733 4788 1786 4839 7.

562 4907 676 4978 (26)
711 4907 870 4970 Editi,
906 4926 924 4958 ι
955 4922 1184 4977 quorum
1206 4905 1414 4978 fructus
1429 4919 1497 4978 ne
1514 4905 1794 4978 nominare
1817 4903 2060 4974 dignum.

494 4974 581 5032 Et‘
615 4974 859 5032 iterum:
895 4974 1081 5032 Gratia
1130 4989 1309 5030 autem
1348 4975 1438 5030 Dei
1484 4976 1535 5028 in
1567 4974 1809 5040 Christo,
1856 4995 1875 5026 ι
1928 4986 2062 5041 etc.,

462 5049 712 5102 'omissis
739 5048 979 5108 vocibus,
1026 5065 1044 5098 ι
1081 5052 1187 5099 vita
1218 5056 1443 5099 mterna.
1478 5064 1496 5096 ι

559 5118 679 5188 (27)
721 5117 822 5171 Ms.
859 5133 995 5170 unus
1018 5133 1138 5170 cum
1167 5117 1357 5188 editis,
1393 5134 1413 5164 ‹
1466 5115 1566 5188 sub
1609 5115 1816 5188 peccati
1865 5129 2009 5188 rege.
2043 5132 2063 5164 ι

495 5185 834 5248 ΑΙιθιἠιε.,‹
867 5190 967 5257 sub
1006 5189 1208 5257 peccati
1242 5185 1377 5255 lege.
1413 5203 1430 5235 ι
1461 5185 1566 5238 Sed
1599 5185 1798 5237 rectius
1831 5199 1931 5236 ms.
1965 5185 2070 5238 Re-
2107 5219 2112 5222 -

493 5259 614 5326 gius
641 5275 785 5311 num.
816 5256 952 5311 1659
978 5256 1030 5311 et
1061 5257 1312 5309 Rabanns
1340 5266 1398 5308 ut
1430 5258 1700 5326 in‘nostro
1742 5263 1911 5326 testu.

566 5327 678 5396 (28)
712 5328 884 5392 Alias,
915 5346 934 5378 ι
955 5337 1221 5395 surgunt;
1253 5344 1272 5375 ι
1309 5334 1364 5377 et
1389 5323 1548 5392 paulo
1579 5333 1720 5392 post,
1749 5341 1767 5372 ι
1799 5323 2061 5386 habent,»

491 5401 654 5451 male.

567 5468 680 5538 (29)
720 5466 885 5538 Editi,
921 5485 939 5517 ι
972 5465 1260 5538 Peccatum
1287 5480 1444 5538 vero.
1479 5483 1498 5514 ι

558 5533 680 5608 (56)
714 5537 894 5608 Neque
921 5539 1086 5590 mata.
1120 5536 1243 5590 Haec
1269 5535 1467 5588 desunt
1515 5535 1566 5587 in
1606 5533 1860 5608 editione
1891 5534 2068 5608 Gene-

494 5604 704 5664 brardi.
751 5604 958 5661 Deinde
1003 5623 1102 5659 nis.
1149 5623 1310 5667 unus,
1360 5623 1378 5656 ι
1415 5616 1577 5671 atque
1624 5605 1823 5657 dicitur
1853 5604 2066 5658 indiil'e—

498 5691 644 5742 rens,
674 5697 692 5729 ι
736 5677 933 5744 quibus
969 5677 1150 5730 verbis
1189 5679 1395 5728 addunt
1433 5677 1587 5737 editi,
1631 5693 1649 5724 ι
1687 5675 1738 5727 id
1783 5685 1866 5728 est
1912 5690 2067 5727 coni-

493 5748 699 5816 munis,
732 5766 750 5797 »
795 5748 940 5816 quod
987 5748 1259 5800 omittitur
1291 5746 1342 5799 in
1380 5747 1631 5801 omnibus
1661 5759 1796 5800 mss.
1838 5745 2060 5800 nostris.

1865 4787 1908 4817 ³⁸
1937 4788 2103 4846 lCor.
2135 4807 2188 4857 ν,
2220 4790 2271 4844 5.
2348 4791 2390 4822 ³⁸
2419 4791 2574 4844 Rom.
2597 4805 2671 4856 vt,
2709 4789 2763 4852 5,
2790 4791 2845 4852 9,
2875 4789 2962 4844 10.
3035 4789 3082 4820 ⁸⁰
3107 4786 3262 4840 Rom.
3283 4803 3376 4840 vti.

2235 4903 2346 4975 (5i)
2377 4903 2538 4967 Editi,
2576 4922 2595 4954 ι
2630 4901 2827 4975 invidia
2859 4903 3053 4975 diaboli
3081 4907 3235 4956 mors'
3258 4901 3525 4975 introivit,
3547 4921 3568 4954 ι
3600 4913 3732 4970 etc.,

2164 4973 2368 5042 abSque
2409 4992 2427 5023 ι
2460 4975 2575 5027 sed.
2617 4992 2635 5025 ι
2675 4973 2826 5032 Αιης
2876 4974 3073 5028 invidia
3119 4983 3299 5026 autem
3333 4973 3529 5027 diaboli
3582 4989 3733 5028 mors

2167 5041 2426 5106 introivit,
2455 5063 2472 5094 ι
2505 5053 2608 5098 etc.

2238 5114 2350 5184 (52)
2385 5115 2550 5177 Editi,
2582 5131 2603 5164 ι
2638 5112 2800 5166 etiam
2826 5114 2940 5180 ipsa
2973 5127 3118 5166 mors
3145 5109 3470 5182 appellatur.
3527 5111 3735 5166 Dicitur

2168 5184 2328 5236 etiam
2357 5184 2440 5236 illa
2465 5199 2640 5248 mors;
2681 5202 2698 5233 ι
2739 5192 2794 5235 et
2821 5193 3005 5250 postea
3039 5198 3143 5237 ms.
3178 5196 3338 5246 unus,
3377 5198 3396 5231 ι
3429 5197 3524 5250 per
3558 5198 3724 5251 quam

2171 5255 2479 5307 emundatio
2508 5255 2566 5307 iit
2592 5253 2804 5306 anima).
2837 5271 2858 5304 >

2236 5322 2348 5391 (55)
2380 5324 2512 5378 Editi
2530 5335 2584 5377 et
2597 5339 2722 5378 mss.
2742 5323 2954 5391 quidam
2973 5321 3496 5392 perperamhabent,
3529 5340 3547 5373 ι
3569 5337 3733 5391 qttam

2168 5395 2296 5445 dicit
2333 5394 2529 5448 inferre
2553 5394 2738 5446 Deum.
2767 5411 2785 5444 ›

2235 5463 2347 5533 (54)
2378 5465 2546 5528 Alias,
2587 5482 2604 5513 ι
2630 5464 2760 5516 Cum
2790 5463 3192 5527 occidereteos,
3216 5462 3560 5531 inquirebant
3584 5477 3733 5516 eum.

2167 5536 2516 5601 Apertissiine
2547 5534 2751 5595 dicens,
2787 5537 2935 5602 quia,
2973 5553 2989 5584 ›
3025 5542 3130 5588 etc.

2235 5603 2346 5672 (55.)
2379 5603 2566 5657 Morte.
2595 5604 2648 5656 In
2674 5605 2836 5657 editis
2860 5605 3158 5657 omittitur.
3619 5638 3623 5643 -

2167 5744 2179 5796 l
2236 5672 2348 5744 (56)
2385 5674 2481 5731 Ms.
2516 5688 2676 5741 unus,
2717 5691 2733 5724 ι
2759 5674 3085 5745 justiticatus
3114 5685 3198 5732 cst
3227 5691 3254 5730 a
3294 5682 3539 5745 peccato,
3561 5691 3581 5727 ι
3615 5687 3734 5727 ma-

2184 5759 2233 5796 e.

2184 5759 2233 5797 C.
