4146 6376
447 281 600 374 ἰότι

1913 313 2234 370 ORIGENIS

3567 319 3707 373 107?.

464 439 606 506 quod
641 435 800 505 paulo
833 444 953 504 post
1005 435 1135 489 dicit
1164 451 1176 485 :
1223 453 1240 485 ι
1281 433 1495 488 Scimus
1534 442 1714 487 autem
1766 435 2026 502 quoniam
2058 437 2098 492 A
2131 434 2306 489 soluta
2338 442 2422 487 est
2455 449 2482 486 a
2515 434 2630 502 lege
2659 433 2786 488 viri.
2821 451 2840 485 ι
2868 431 2998 499 Quae
3053 444 3230 487 tamen
3285 434 3328 488 si
3377 435 3441 489 de
3492 450 3708 501 aposto-

465 533 546 584 lex
575 528 839 601 _spiritalis
872 537 973 581 est.
1014 547 1031 576 ι
1069 527 1265 591 Legem
1298 542 1426 578 vero
1457 525 1757 592 spiritalem
1782 539 1900 579 esse
1921 541 2028 580 uon

465 610 840 675 solus'Paulus
875 619 1078 672 sciebat
1113 618 1249 686 (50),
1281 618 1373 670 sed
1402 627 1455 670 et
1478 617 1531 670 hi
1563 617 1651 684 qui
1679 615 1749 670 ab
1781 617 1899 684 ipso
1929 616 2031 668 im-

465 697 812 767 buebantur:
855 713 942 780 qui
990 722 1169 766 tamen
1201 710 1472 778 spiritales
1515 720 1692 772 erant,
1725 711 1790 763 de
1837 711 2030 779 quibus

466 788 598 862 dicit
625 793 643 860 τ’
676 826 693 858 ι
729 801 1003 874 Spiritalis
1031 813 1208 857 autem
1237 803 1511 858 examinat
1536 804 1714 856 omnia
1748 803 1812 856 ⁸⁷.
1855 822 1872 855 ι
1897 802 2029 856 Nam

467 879 531 955 ile
553 880 760 955 Galatis
791 915 896 952 non
935 913 1154 968 possum
1179 896 1526 967 pronuntiare
1556 893 1698 964 quod
1749 895 1924 948 sciant
1951 893 2029 945 le-

463 977 582 1060 gem
619 975 914 1062 spiritalem
940 1006 1077 1050 esse,
1101 989 1168 1042 de
1198 990 1393 1058 quibus
1429 989 1555 1041 dicit
1588 1005 1600 1041 :
1631 1005 1650 1037 ‹
1691 985 1734 1040 Ο
1765 986 2028 1039 inseusati

465 1063 669 1138 Galatae
709 1075 828 1150 (51)
865 1081 943 1134 ιει
984 1100 1002 1132 ι
1039 1080 1151 1134 Nisi
1185 1081 1326 1135 forte
1359 1090 1482 1133 tunc
1517 1079 1740 1133 scierint
1769 1095 1890 1134 cum
1923 1079 2033 1147 spi-

466 1155 880 1244 ritu-emperant
906 1189 919 1224 :
946 1173 1039 1226 sed
1071 1187 1177 1226 non
1210 1180 1628 1242 permanserunt
1655 1170 1707 1224 in
1728 1172 1829 1225 hac
1853 1170 2032 1225 scien-

466 1251 555 1328 tia.
591 1269 713 1336 quia
750 1281 914 1319 carne
936 1265 1293 1319 consummati
1329 1272 1474 1316 sunt.
1501 1263 1880 1331 Apostolorum
1904 1278 2032 1316 vero

464 1359 706 1412 doctrina
735 1355 868 1428 (5‘2),
899 1365 953 1409 ct
981 1371 1167 1410 eorum
1213 1356 1304 1424 qui
1341 1354 1410 1407 ab
1439 1355 1570 1423 ipsis
1606 1353 2032 1408 instituebantur

463 1451 529 1501 ad
564 1450 889 1510 docendum,
915 1447 1038 1500 talis
1064 1455 1204 1507 erat,
1239 1462 1358 1514 qua:
1387 1445 1608 1499 doceret
1634 1445 1882 1498 homines
1911 1461 2028 1498 ser—

465 1540 700 1607 virelegi
734 1557 752 1590 ι
785 1553 888 1592 non
918 1536 972 1590 in
1003 1545 1269 1590 vetustate
1298 1536 1513 1600 litterae,
1554 1554 1572 1587 ι
1606 1535 1701 1590 sed
1734 1554 1752 1586 ι
1795 1536 1846 1590 in
1879 1536 2032 1591 novi-

468 1643 576 1687 tate
623 1631 844 1700 spiritus
879 1630 943 1683 ”.
985 1647 1003 1680 ι
1048 1628 1198 1694 Quod
1237 1645 1342 1682 non
1379 1627 1552 1682 solum
1588 1627 1887 1695 apostolos,
1935 1627 2030 1682 sed

463 1735 519 1778 et
550 1725 864 1792 prophetas,
897 1731 945 1774 et
975 1721 1020 1775 si
1057 1721 1146 1790 qui
1187 1729 1344 1774 erant
1373 1728 1502 1774 tunc
1525 1721 1803 1789 sapientes
1830 1721 1882 1773 iu
1933 1735 2029 1789 po—

464 1815 591 1884 pulo
624 1815 737 1878 Dei,
770 1813 1006 1868 sensisse
1048 1812 1301 1871 arbitror,
1336 1810 1461 1879 quia
1501 1811 1585 1864 lex
1639 1813 1896 1880 spiritalis
1921 1824 2026 1875 est,

465 1904 590 1958 licet
623 1902 985 1956 multitudinis
1021 1916 1183 1955 causa
1219 1901 1380 1954 etiam
1412 1900 1682 1954 carnalem
1715 1901 2030 1955 viderentur

465 1994 864 2050 observantiam
903 1995 1195 2048 custodire.
1246 1992 1355 2047 Nec
1404 1994 1626 2059 mirum,
1659 2010 1779 2047 cum
1815 2004 1862 2047 et
1916 1995 2030 2061 ipse

466 2086 668 2141 Paulus
719 2087 863 2140 dicat
893 2101 907 2138 :
951 2085 1085 2150 Quia
1123 2103 1141 2136 ι
1174 2085 1348 2139 factus
1397 2100 1517 2140 sum
1546 2082 1745 2139 Judteis
1779 2097 2029 2154 tanquam

464 2178 703 2243 Judmus,
730 2187 789 2232 ut
810 2176 1022 2231 Iudaeos
1051 2176 1430 2232 lucrifacerem
1459 2177 1526 2230 ⁵ο.
1559 2196 1578 2229 ι
1606 2177 1680 2230 lta
1714 2194 1845 2246 ergo
1875 2179 2027 2231 multi

459 2271 519 2323 in
550 2269 744 2337 populo
769 2269 947 2339 priore
975 2267 1333 2338 proﬁciebant
1361 2269 1412 2322 in
1449 2268 1673 2322 scientia
1699 2268 1950 2338 spiritali,
1977 2278 2033 2323 et

468 2361 721 2413 videbant
770 2359 998 2426 gloriam
1029 2357 1189 2412 Verbi
1243 2359 1357 2424 Dei,
1411 2359 1553 2413 sicut
1601 2358 1773 2413 Isaias
1831 2360 2032 2415 vidisse

453 2450 724 2503 scribitur
756 2448 980 2518 gloriam
1010 2447 1131 2502 Filii
1163 2449 1278 2509 Dei,
1310 2459 1367 2501 ut
1403 2459 1632 2503 testatur
1653 2449 1890 2504 Joannes
1907 2467 2029 2505 cum

465 2540 595 2593 dicit
619 2555 664 2594 τι
689 2537 814 2593 Haec
831 2549 1009 2593 autem
1029 2539 1167 2592 dixit
1197 2538 1385 2603 Isaias,
1405 2539 1620 2608 quando
1649 2541 1785 2594 vidit
1809 2542 2030 2611 gloriam

463 2627 581 2697 ejus
603 2629 668 2681 σί.
707 2646 726 2678 ι
763 2627 1074 2682 Scientibus
1099 2641 1230 2696 ergo
1259 2627 1430 2697 legem
1468 2628 1708 2698 loquitur
1738 2630 1950 2696 Paulus,
1980 2632 2032 2687 id

464 2730 548 2774 est
575 2719 871 2773 scientibus
892 2734 1012 2788 quae
1045 2718 1117 2773 sit
1161 2719 1272 2789 (55)
1305 2719 1357 2772 in
1393 2718 1510 2788 lege
1540 2729 1788 2776 vetustas
1818 2722 2030 2789 litterae,

457 2820 520 2866 et
545 2810 758 2865 novitas
781 2811 1033 2880 Spiritus;
1071 2813 1214 2879 quod
1257 2811 1349 2879 qui
1383 2811 1519 2882 bene
1548 2813 1672 2876 scit,
1717 2813 1864 2865 novit
1918 2813 2034 2868 sine

463 2899 632 2954 dubio
656 2899 781 2968 quia
820 2901 892 2952 ita
925 2899 1009 2952 lex
1042 2899 1354 2953 dominatur
1387 2898 1590 2952 homini
1622 2899 1858 2966 quandiu
1878 2898 2032 2963 vivit,

463 2993 607 3046 sicut
635 2991 721 3044 vir
756 2990 998 3055 mulieri;
1032 2999 1084 3044 et
1117 2990 1254 3043 sicut
1288 2999 1465 3044 morte
1497 2990 1598 3043 viri
1629 2989 1888 3043 liberatur
1917 3005 2036 3044 mu-

2133 525 2198 578 lis
2225 524 2357 596 (54),
2394 525 2474 577 vel
2504 525 2570 578 de
2599 525 2682 578 his
2712 525 2801 593 qui
2829 539 2894 578 ex
2921 523 3338 578 circumcisione
3356 525 3710 581 crediderqu

2133 617 2274 670 dicta
2313 617 2704 685 intelligantur,
2767 616 2837 669 nil
2875 615 3307 671 commovebitur
3339 617 3657 683 qumstionis
3690 635 3704 670 :

2131 708 2335 762 clarum
2374 723 2602 777 namque
2629 718 2710 762 est
2740 710 2882 776 quod
2913 709 2966 762 hi
3026 708 3195 775 legem
3234 706 3382 760 velut
3407 707 3579 758 virum
3612 707 3711 760 ha-

2136 801 2384 863 buerunt,
2402 800 2500 853 sub
2517 799 2673 867 cujus
2704 808 2976 868 potestate
3001 799 3274 852 vivebant.
3308 797 3414 852 Sed
3439 798 3528 850 ubi
3557 799 3707 850 venit

2132 891 2408 960 plenitudo
2438 900 2733 960 temporum
2763 892 2830 954 ",
2865 892 2949 945 lex
2999 891 3262 944 inlirmari
3298 893 3468 957 cmpit
3502 889 3554 940 iu
3585 902 3711 940 car—

2134 999 2220 1044 ne,
2247 997 2301 1037 et
2323 983 2691 1037 inﬁrmitatem
2713 997 2859 1036 mors
2881 993 3170 1036 consecuta
3191 991 3295 1045 est,
3322 991 3376 1034 et
3405 980 3450 1034 si
3481 980 3572 1047 qui
3592 978 3706 1046 (55)

2132 1075 2230 1129 sub
2256 1083 2523 1143 potestate
2546 1075 2707 1144 hujus
2735 1073 2836 1127 viri
2886 1075 3132 1128 vixerant
3188 1083 3447 1143 tanquam
3487 1070 3707 1132 mulier,
3751 1067 3754 1078 “

2133 1179 2345 1222 mortua
2396 1168 2577 1222 littera
2615 1168 2828 1236 spiritui
2875 1166 3085 1220 nubunt
3123 1165 3342 1221 Christo
3394 1168 3703 1221 credentes.

2133 1259 2196 1314 lli
2235 1275 2360 1314 vero
2390 1261 2479 1328 qui
2517 1275 2584 1314 ex
2615 1261 2862 1332 gentibus
2913 1261 3145 1315 Domino
3185 1259 3560 1322 crediderunt,
3597 1272 3705 1311 non

2131 1352 2458 1405 videbuntur
2489 1351 2602 1422 (56)
2650 1353 2750 1406 sub
2785 1352 2944 1422 hujus
3001 1352 3129 1416 viri,
3187 1351 3240 1404 id
3275 1359 3358 1404 est
3415 1349 3518 1404 sub
3569 1349 3707 1419 legis

2133 1451 2398 1511 potestate
2425 1444 2648 1510 vixisse,
2687 1459 2785 1498 nec
2818 1445 3072 1498 habuisse
3098 1444 3276 1498 virum
3319 1443 3457 1514 legis
3492 1459 3707 1498 sermo-

2133 1549 2276 1587 nem.
2301 1533 2692 1589 Testimonium
2721 1546 2899 1589 autem
2932 1535 3091 1606 hujus
3121 1535 3222 1602 rei,
3260 1536 3310 1590 id
3335 1545 3419 1591 est
3471 1537 3614 1606 quod
3648 1537 3704 1591 hi

2130 1625 2221 1694 qui
2256 1640 2321 1678 ex
2350 1624 2766 1680 circumcisione
2807 1637 2933 1681 sunt
2964 1628 3062 1681 sub
3110 1627 3230 1680 viro
3256 1628 3480 1693 fuerint,
3513 1629 3566 1682 hi
3601 1644 3703 1681 au-

2135 1728 2238 1770 tem
2275 1717 2368 1785 qui
2402 1731 2469 1771 ex
2513 1717 2766 1786 gentibus
2811 1718 2930 1773 sine
2957 1719 3095 1783 viro,
3123 1719 3291 1775 lsaias
3317 1719 3562 1775 declarat
3608 1721 3696 1774 di-

2131 1825 2258 1863 cens
2284 1808 2394 1879 (57)
2422 1828 2436 1864 :
2463 1828 2483 1862 ι
2518 1809 2724 1864 Laztare
2746 1811 2946 1867 sterilis
2979 1828 3097 1881 quae
3131 1828 3234 1867 nou
3266 1813 3436 1882 paris,
3471 1828 3702 1882 erumpe

2129 1910 2182 1954 et
2201 1901 2370 1954 clama
2400 1915 2519 1969 qua;
2544 1915 2648 1955 non
2677 1902 2950 1968 parturis;
3004 1903 3266 1973 quoniam
3299 1903 3452 1958 multi
3489 1902 3580 1956 lilii
3606 1905 3704 1956 de-

2130 2002 2309 2057 sertze,
2337 1993 2507 2063 magis
2535 2009 2694 2063 quam
2723 1992 2838 2061 ejus
2866 2009 2985 2064 quae
3017 1995 3180 2050 habet
3205 1995 3380 2049 virum
3405 1995 3472 2050 “.
3512 2013 3532 2046 ι
3568 1995 3705 2049 Mul-

2130 2094 2214 2140 tos
2257 2085 2395 2140 ﬁlios
2417 2085 2547 2140 dicit
2575 2085 2804 2142 deserta:
2829 2086 3000 2158 magis
3047 2102 3207 2156 quam
3248 2090 3366 2157 ejus
3392 2102 3513 2156 qua:
3540 2087 3707 2142 habet

2130 2178 2328 2242 virum,
2352 2176 2491 2246 quod
2524 2177 2692 2230 multo
2728 2177 2908 2247 plures
2937 2193 3001 2234 ex
3024 2180 3278 2249 gentibus
3306 2195 3470 2248 quam
3495 2194 3561 2233 ex
3591 2181 3706 2232 cir-

2132 2269 2465 2324 cumcisione
2486 2269 2852 2335 crediderint;
2885 2279 2939 2325 et
2973 2271 3210 2326 ostendit
3235 2286 3354 2324 eam
3389 2286 3509 2340 qua:
3540 2270 3706 2324 habet

2133 2361 2329 2424 virum,
2358 2361 2698 2430 Synagogam
2732 2374 2854 2416 esse
2880 2359 2991 2430 (58)
3014 2374 3133 2430 qua;
3166 2360 3328 2414 habet
3360 2359 3565 2430 legem;
3598 2361 3707 2415 de-

2133 2463 2332 2507 sertam
2365 2467 2516 2518 vero,
2549 2462 2603 2509 et
2635 2468 2856 2523 vagam,
2888 2469 2953 2508 ac
2981 2454 3098 2508 sine
3126 2453 3232 2507 ulla
3264 2460 3535 2521 potestate
3566 2451 3706 2524 legis

2131 2545 2424 2607 viventem,
2465 2545 2704 2614 gentium
2739 2544 3176 2610 multitudinem,
3225 2559 3346 2614 quae
3402 2552 3458 2597 et
3493 2543 3707 2597 sterilis

2132 2647 2250 2692 erat
2272 2676 2288 2702 ,
2323 2635 2522 2691 nullius
2551 2636 2776 2707 legitimi
2804 2635 2953 2691 verbi
2981 2636 3266 2706 proferens
3313 2651 3555 2706 germen.
3593 2635 3704 2689 Po-

2132 2729 2278 2783 nitur
2305 2743 2436 2799 ergo
2473 2728 2527 2782 in
2562 2727 2648 2782 his
2678 2727 2745 2782 ab
2791 2727 3050 2795 Apostolo
3102 2727 3264 2782 homo
3315 2728 3408 2796 qui
3452 2727 3553 2782 sub
3583 2725 3706 2797 lege

2132 2821 2282 2883 vivit,
2310 2830 2568 2890 tauquam
2597 2820 2792 2876 mulier
2813 2838 2935 2892 qua;
2966 2821 3066 2877 sub
3098 2821 3219 2875 viro
3245 2829 3352 2876 est.
3393 2821 3582 2875 Virum
3612 2834 3706 2872 au-

2135 2921 2239 2966 tem
2265 2913 2414 2982 ponit
2435 2926 2736 2967 sermonem
2768 2912 2924 2983 legis,
2952 2927 3112 2983 quem
3141 2922 3319 2967 tamen
3351 2912 3527 2965 virum
3555 2926 3706 2964 mor-

2136 3013 2287 3060 tuum
2314 3005 2446 3060 dicit
2477 3005 2614 3076 (59),
2641 3005 2731 3075 qui
2762 3014 2848 3060 est
2880 3005 3180 3061 secundum
3238 3004 3470 3059 litteram
3517 3019 3704 3059 sermo

464 3081 567 3136 lier
589 3097 617 3134 a
650 3081 766 3151 lege
796 3080 960 3151 578
1009 3080 1268 3149 coujugii,
1318 3089 1374 3133 et
1425 3080 1668 3134 sociandi
1702 3093 1763 3133 se
1790 3080 1906 3134 viro
1939 3079 2027 3134 alii

2132 3096 2286 3166 legis.
2324 3095 2431 3152 Sed
2464 3095 2509 3150 is
2540 3094 2814 3165 quomodo
2864 3095 2940 3149 sit
2971 3102 3250 3157 mortuus,
3305 3093 3701 3161 pervidendum

465 3173 662 3242 accipit
717 3173 1041 3239 libertatem,
1098 3174 1167 3227 ita
1207 3182 1264 3226 et
1291 3173 1471 3227 anima
1511 3171 1664 3239 cujus
1692 3171 1776 3225 vir
1801 3172 1883 3226 lex
1919 3180 2022 3234 est,

463 3281 586 3319 cum
624 3274 946 3320 vetustatem
972 3265 1168 3319 litterae
1195 3264 1247 3317 in
1284 3262 1403 3332 lege
1435 3265 1873 3330 deprehenderit,
1899 3265 2025 3334 quia

459 3356 604 3424 quod
637 3356 924 3408 veterascit
951 3371 1116 3425 prope
1145 3355 1526 3410 exterminium
1561 3365 1665 3416 est,
1698 3357 1861 3409 veluti
1882 3371 2026 3409 mor-

462 3456 549 3499 tua
581 3446 680 3499 sibi
708 3445 825 3515 lege
855 3447 1151 3500 secumlum
1183 3445 1416 3499 litteram
1449 3447 1645 3516 accipit
1672 3448 1904 3501 nubendi
1933 3447 2024 3502 alii

459 3539 595 3603 viro,
624 3536 714 3606 qui
747 3537 1068 3605 estspiritus
1091 3538 1222 3608 legis
1253 3557 1267 3591 :
1312 3558 1331 3590 ι
1364 3538 1598 3609 Spiritus
1632 3549 1810 3592 autem
1841 3539 2021 3594 Domi-

463 3647 561 3684 nus
611 3632 782 3684 est".
821 3647 842 3683 ι
873 3629 1025 3694 Quod
1077 3641 1258 3684 autem
1291 3634 1450 3696 dixit,
1502 3651 1521 3685 ι
1559 3632 1672 3688 Lex
1719 3635 2024 3688 dominatur

460 3721 663 3775 homini
696 3729 900 3789 quanto
933 3731 1173 3790 tempore
1204 3723 1336 3778 vivit
1364 3765 1379 3790 ,
1423 3743 1443 3776 ›
1478 3740 1584 3779 non
1614 3727 1678 3777 ad
1729 3724 2023 3789 hominem,

459 3815 552 3869 sed
588 3815 654 3866 ad
692 3815 858 3883 legem
892 3815 1282 3874 refertur.Hoc
1310 3818 1453 3872 enim
1480 3827 1533 3871 et
1557 3817 1609 3870 in
1645 3819 2028 3886 consequenti-

457 3901 562 3956 bus
593 3903 815 3968 indicat,
855 3905 943 3958 ubi
973 3905 1146 3960 dicit:
1177 3924 1195 3956 ι
1243 3907 1475 3961 Viveute
1515 3907 1632 3960 viro
1677 3907 1890 3978 alligata
1942 3917 2027 3964 est

461 3994 601 4064 legi;
641 4011 660 4046 ι
687 4003 743 4048 et
785 3995 952 4062 ipsius
990 3997 1218 4067 exempli
1252 3997 1396 4067 quod
1426 4010 1766 4067 assumptum
1803 4008 1885 4052 est
1911 3998 2024 4068 ple-

460 4087 580 4138 nius
607 4086 746 4138 idem
771 4087 906 4140 ordo
929 4088 1172 4142 declarat
1211 4103 1226 4140 :
1259 4089 1430 4159 legem
1478 4091 1622 4145 enim
1654 4090 1773 4145 loco
1799 4091 1896 4144 viri
1927 4107 2024 4160 po-

457 4178 587 4241 suit,
617 4187 672 4231 et
692 4178 758 4232 de
788 4179 902 4247 ipsa
931 4179 1060 4233 dicit
1087 4193 1102 4232 :
1132 4199 1150 4231 ι
1175 4179 1230 4234 Si
1259 4192 1438 4236 autem
1456 4191 1699 4237 mortuus
1729 4181 1891 4237 fuerit
1910 4183 2016 4248 vir,

532 4339 578 4371 ⁸⁷
607 4337 628 4391 l
653 4337 778 4396 Cor.
804 4355 864 4400 ll,
897 4339 982 4393 15.
1085 4341 1130 4372 ⁸⁸
1151 4341 1307 4396 Galat
1342 4357 1377 4405 ι,
1411 4341 1465 4394 5.
1561 4343 1607 4374 ¹⁶⁹
1635 4343 1790 4398 Rom.
1825 4358 1920 4404 vn.
1947 4343 2001 4398 6.

2101 4344 2148 4375 ⁵ο
2176 4341 2192 4395 l
2218 4344 2341 4398 Cor.
2373 4361 2451 4405 ιιι,
2489 4345 2580 4399 20.
2655 4344 2697 4375 ⁵¹
2725 4344 2886 4399 Joan.
2917 4345 3121 4412 1th,“.

457 4407 503 4442 ⁸³
531 4408 708 4463 Galat.
739 4425 810 4472 tv,
835 4409 889 4463 4.
964 4409 1011 4441 ⁸⁸
1039 4410 1160 4465 lsai.
1193 4427 1300 4478 Liv,
1335 4413 1356 4464 l
1385 4427 1401 4477 ;
1433 4411 1610 4468 Galat.
1641 4430 1713 4475 Iv,
1744 4413 1834 4468 27.
1908 4414 1956 4444 ⁵⁵
1984 4412 2148 4468 Hebr.
2183 4430 2237 4478 χ,
2268 4415 2314 4467 1.

2133 3197 2236 3243 est.
2284 3186 2469 3242 Potest
2497 3185 2713 3256 quidem
2746 3186 2907 3240 etiam
2951 3185 3005 3240 in
3038 3187 3142 3240 hoc
3176 3184 3348 3238 videri
3383 3183 3494 3252 (60)
3548 3197 3702 3236 mor-

2134 3287 2276 3341 tuus,
2319 3293 2443 3333 cum
2489 3277 2750 3348 spiritalis
2782 3276 3142 3347 intelligentia
3194 3275 3434 3330 excludit
3463 3283 3521 3328 et
3553 3273 3704 3329 velut

2132 3367 2392 3423 interimit
2423 3368 2784 3438 corporalem,
2813 3378 2868 3423 et
2899 3369 3138 3424 ostendit
3162 3367 3533 3436 reiugiendam
3574 3381 3703 3420 esse

2130 3457 2464 3511 occidentem
2516 3457 2777 3525 litteram,
2828 3466 2885 3513 et
2936 3458 3270 3528 sequendum
3326 3457 3698 3510 viviﬁcantem

2130 3549 2405 3619 spiritum.
2437 3549 2546 3604 Sed
2603 3560 2660 3604 et
2698 3550 2804 3604 hec
2839 3551 2998 3604 modo
3031 3559 3282 3604 mortuus
3340 3562 3465 3602 esse
3495 3547 3584 3602 hic
3615 3547 3702 3603 vir

2129 3639 2428 3694 evidentius
2453 3640 2859 3708 approbabitur.
2895 3641 3109 3696 Etenim
3135 3641 3306 3696 donec
3329 3642 3417 3694 lex
3446 3641 3698 3694 umbram

2129 3730 2352 3802 gerebat
2384 3730 2687 3785 futurorum
2712 3733 2976 3786 bonorqu
3004 3731 3073 3796 ⁸³,
3101 3740 3156 3785 et
3183 3731 3236 3785 in
3258 3731 3556 3785 Jerusalem
3583 3740 3699 3784 ter-

2132 3837 2262 3876 rena
2288 3822 2401 3894 (6t)
2427 3823 2663 3877 caelestis
2694 3823 2921 3878 culturae
2946 3833 3104 3894 typus
3128 3833 3183 3878 et
3238 3823 3418 3892 imago
3468 3823 3701 3892 gereba-

2133 3921 2239 3978 tur,
2265 3924 2317 3967 et
2351 3914 2522 3968 altare
2553 3918 2831 3979 manebat,
2854 3914 3304 3979 etsaeerdotium,
3325 3927 3511 3969 sermo
3537 3915 3696 3982 legis,

2133 4003 2313 4059 littera
2374 4005 2649 4070 videlicet,
2696 4007 2882 4061 vivere
2929 4006 3046 4077 (62)
3093 4007 3397 4060 videbatur.
3442 4005 3695 4060 Nondum

2127 4094 2270 4148 enim
2307 4094 2592 4148 introierat
2613 4095 2667 4150 in
2699 4107 2885 4152 sancta
2904 4111 3009 4151 non
3029 4096 3338 4152 manufacta
3362 4096 3610 4151 Christus
3622 4095 3693 4164 ⁸⁸,

2127 4199 2227 4240 uec
2271 4194 2576 4242 accesserat
2616 4187 2684 4241 ad
2726 4186 2969 4242 velamen
3019 4189 3271 4253 interius,
3306 4189 3450 4258 quod
3488 4188 3554 4241 ad
3586 4185 3694 4240 He-

2389 4345 2580 4420 __x_,__2Q.
2655 4345 2697 4375 ⁸¹
2725 4345 2886 4420 toan.
2917 4345 3121 4412 1th,“.
3197 4346 3242 4378 ⁸¹¹
3263 4345 3303 4400 ll
3332 4348 3457 4404 Cor.
3485 4366 3568 4416 tu,
3598 4354 3690 4409 Π.

2393 4415 2439 4446 ⁵⁸
2461 4415 2628 4470 Hebr.
2659 4430 2736 4472 ιχ.
2768 4415 2856 4468 24.

529 4541 642 4614 (50)
675 4541 848 4614 Alias,
883 4561 901 4592 ι
938 4541 1133 4612 Legem
1167 4557 1294 4598 vero
1337 4544 1633 4614 spiritalem
1684 4559 1792 4599 non
1845 4545 2016 4599 solum
2053 4553 2095 4606 Ι)
2123 4545 2442 4598 maritaliter
2468 4547 2684 4613 spiritui
2727 4547 2952 4602 nubent.
2987 4565 3006 4598 ι
3045 4546 3151 4601 Sed
3189 4551 3388 4606 rectius
3419 4569 3552 4610 mss.
3587 4573 3691 4611 no-

457 4611 653 4666 Paulus
679 4613 902 4666 sciebat.
937 4633 957 4663 ι

527 4683 638 4752 (51)
680 4681 776 4752 Ms.
806 4697 944 4736 unus
967 4681 1166 4750 Regius
1197 4699 1343 4737 num.
1372 4684 1501 4738 ltiti
1537 4685 1615 4739 sic
1649 4685 1835 4744 habet,
1869 4701 1887 4733 ι
1923 4682 2016 4750 qui

459 4761 642 4822 tamen
669 4751 941 4820 spiritales
961 4761 1137 4822 erant.
1173 4753 1303 4806 Nam
1333 4753 1384 4806 id
1409 4756 1627 4822 quidam
1655 4753 1903 4807 carnales
1927 4767 2019 4804 ne-

457 4821 722 4890 sciebant,
784 4823 851 4875 de
883 4821 1080 4890 quibus
1121 4823 1251 4877 dicit
1281 4839 1295 4876 :
1330 4823 1374 4878 Ο
1417 4821 1677 4877 iuseusati
1713 4823 1954 4876 Galatae!
1993 4841 2012 4872 ι

453 4888 650 4944 Caneri
681 4906 810 4943 vero
834 4888 964 4944 mss.
995 4901 1050 4944 et
1078 4894 1208 4946 editi
1241 4902 1300 4944 ut
1329 4895 1381 4945 in
1405 4903 1590 4947 nostro
1614 4903 1782 4946 textu.

526 4959 642 5030 (52)
681 4959 782 5015 Ms.
818 4977 978 5025 unus,
1021 4979 1039 5010 ι
1073 4961 1451 5028 Apostolorum
1486 4965 1631 5016 enim
1668 4963 1936 5015 doctrina.
1993 4980 2012 5012 ι

455 5030 658 5084 Deinde
683 5031 810 5083 editi
841 5031 1103 5096 plerique,
1126 5050 1144 5081 ι
1169 5033 1580 5086 instruebantur
1601 5033 1666 5086 ad
1691 5033 2014 5096 docendum,

459 5101 582 5152 talis
613 5109 752 5162 erat,
783 5116 900 5165 quae
923 5102 1104 5161 docet,
1143 5122 1160 5152 ι
1197 5113 1302 5154 etc.

528 5169 643 5240 (53)
685 5168 773 5222 Sic
805 5186 930 5240 mss.
959 5171 1220 5240 plerique.
1257 5171 1394 5222 ltlditi
1431 5186 1558 5224 vero
1585 5182 1638 5224 et
1680 5186 1780 5222 ms.
1826 5185 1965 5223 unus
1997 5188 2010 5226 :

464 5254 480 5282 ι
501 5238 810 5311 ΙΙυιε-ἰιιιιθηι
830 5239 957 5292 dicit
977 5239 1139 5292 Isaias
1153 5241 1294 5308 quod
1312 5241 1426 5311 (aL,
1449 5261 1467 5291 ι
1490 5241 1741 5311 quoniattt
1764 5251 1810 5307 ι)
1831 5240 2010 5311 vidit.)

454 5319 561 5365 etc.
613 5309 810 5361 Deinde
843 5324 971 5362 mss.
1016 5311 1235 5376 quidam
1282 5309 1403 5362 cum
1435 5313 1615 5371 editis,
1661 5327 1680 5358 ι
1710 5309 2017 5364 St-ientibus

454 5380 594 5432 enim
619 5377 736 5445 (al.,
763 5395 780 5427 ι
805 5392 936 5447 ergo
955 5378 1000 5448 ι)
1021 5379 1190 5446 legem
1208 5380 1418 5447 loquor,
1441 5381 1611 5448 inquit
1627 5379 1843 5442 Paulus,
1865 5380 1916 5432 id
1937 5393 2018 5434 est

455 5448 752 5500 scientibus
778 5448 902 5514 quia
941 5452 1035 5512 sit,
1066 5467 1084 5500 ι
1123 5460 1231 5503 etc.

523 5516 634 5587 (54)
671 5517 769 5570 Ms.
796 5533 954 5580 unus,
982 5538 1001 5570 ε
1030 5519 1075 5572 si
1105 5517 1173 5572 de
1203 5519 1430 5588 populis.
1468 5539 1488 5572 ι
1519 5520 1626 5584 AL,
1660 5539 1678 5571 ι
1709 5521 1754 5574 si
1781 5520 1846 5574 de
1878 5533 2006 5588 apo-

454 5588 739 5649 stolorum,
781 5605 800 5638 ι
830 5598 958 5651 etc.,
995 5588 1154 5643 male.

523 5656 638 5730 (55)
679 5655 775 5708 Ms.
804 5673 962 5730 unus,
992 5676 1010 5708 ι
1043 5669 1097 5730 et
1149 5661 1228 5713 sic
1259 5660 1373 5730 qui,
1415 5679 1433 5712 ι
1460 5671 1564 5714 etc.
1605 5659 1808 5715 Deinde
1855 5659 2007 5721 editi,

459 5744 476 5776 ι
503 5725 954 5793 utulicr,5piritui
981 5729 1208 5783 nubunt.
1241 5751 1258 5783 ι
1278 5725 1421 5786 Mss.
1459 5733 1698 5798 quidam.
1729 5749 1748 5782 ι
1783 5734 2008 5788 mulier.

2125 4616 2219 4735 strli
2272 4625 2325 4667 et
2378 4615 2657 4682 Rabauus,
2693 4634 2711 4666 ι
2757 4617 2970 4684 tuulier,
3003 4628 3212 4672 mortua
3247 4620 3423 4676 littera
3473 4627 3690 4694 spiritui

2127 4700 2194 4735 nu
2217 4695 2351 4735 utut.
2396 4705 2415 4735 ι

2127 4695 2351 4738 nubunt.
2396 4705 2415 4735 ι

2195 4754 2332 4827 (56)-
2347 4754 2514 4827 Editi,
2552 4771 2572 4805 ι
2611 4753 2854 4827 Hihvero
2883 4755 2974 4824 qui
3010 4771 3074 4810 ex
3139 4761 3389 4827 gentibus
3439 4765 3690 4819 credide-

2127 4824 2534 4896 ruu_t,_Domino
2566 4825 2932 4887 crediderunt,
2978 4837 3033 4879 et
3059 4824 3164 4881 non
3206 4830 3484 4896 videntur,
3518 4854 3536 4885 ι
3574 4848 3683 4889 etc.

2195 4893 2305 4969 (57)
2348 4895 2444 4969 Ms.
2492 4908 2656 4969 unus,
2686 4911 2716 4969 μ’
2745 4895 2908 4948 Isaias
2935 4898 3078 4949 dabit
3108 4899 3318 4954 dicens.
3355 4920 3373 4952 υ
3406 4893 3686 4969 Rabauus,

2125 4979 2145 5012 ι
2178 4961 2345 5016 Isaias
2374 4964 2645 5016 clamabat
2668 4965 2869 5018 dicens.
2910 4985 2928 5017 ι

2189 5030 2322 5100 (58)’
2345 5033 2492 5086 Esse.
2526 5033 2580 5085 lu
2616 5034 2776 5087 editis
2797 5037 3089 5088 omittitur.

2189 5102 2300 5170 (59)
2337 5102 2425 5157 Sic
2466 5118 2566 5173 ms.
2598 5119 2752 5155 unus.
2781 5103 2971 5158 Caeteri
3003 5120 3131 5159 Vero
3159 5122 3320 5173 mss.;
3353 5107 3608 5165 [tabanus
3631 5122 3688 5168 et

2119 5173 2271 5233 editi,
2301 5191 2318 5222 ι
2367 5172 2648 5226 mortalem
2677 5174 2826 5235 dicit,
2864 5192 2883 5225 ι
2920 5175 3078 5228 male.

2193 5242 2502 5318 (6t)_)_Editi,
2540 5259 2558 5291 ι
2597 5244 2980 5318 providendum
3015 5254 3118 5299 est.
3162 5244 3342 5302 Potest
3372 5249 3589 5318 quidem
3628 5253 3683 5306 iu

2122 5311 2223 5363 hoc
2250 5313 2439 5364 videri.
2481 5330 2499 5360 ι
2529 5313 2732 5366 omisso
2763 5331 2780 5363 ι
2806 5316 2992 5368 etiam.
3027 5331 3045 5363 ι

2172 5378 2280 5457 (61)
2312 5381 2470 5457 ﬁctili.
2506 5393 2615 5457 cet
2653 5384 2932 5441 inhiabant
2961 5387 3012 5440 in
3051 5396 3299 5451 terrena;
3336 5409 3354 5442 ι
3394 5391 3674 5457 Rabanus,

2103 5451 2282 5530 tetih
2317 5451 2648 5530 Ilierusalem
2678 5465 2911 5530 terrena.
2949 5477 2966 5506 ι
3000 5457 3124 5530 ll'lss.
3143 5461 3358 5530 quidam
3394 5464 3550 5529 alius,
3587 5486 3602 5516 ι
3627 5451 3682 5522 et

2097 5519 2338 5575 inhiabat
2379 5527 2635 5590 terrenis;
2673 5545 2690 5576 ο
2735 5527 2891 5591 alius,
2923 5537 2977 5582 et
3009 5549 3026 5578 ι
3063 5519 3342 5588 inhiabant
3370 5519 3607 5590 terrena.
3656 5519 3672 5590 ι

2097 5589 2201 5642 Sed
2233 5592 2471 5642 notiores
2502 5611 2630 5642 mss-
2667 5607 2720 5642 ut
2753 5599 2803 5642 in
2836 5611 3020 5642 nostra
3055 5609 3203 5642 lnvtn

2137 5604 2183 5642 Ct

2233 5592 2471 5659 potiores.
2502 5611 2630 5649 mss.
2667 5607 2723 5650 ut
2753 5599 2804 5649 in
2836 5611 3020 5653 nostro
3055 5609 3226 5656 textu.

2169 5661 2278 5734 (6:2)
2326 5662 2572 5722 Videlicet
2602 5668 2786 5722 virere.
2825 5668 2951 5726 thec
2994 5672 3156 5726 verba
3195 5673 3576 5734 desiderantur
3619 5677 3676 5733 in

2099 5732 2271 5788 editis.
