4146 6424
442 348 580 406 1073

1383 339 1741 397 COMMENT.
1783 337 1850 392 iN
1883 335 2102 392 EPIST.
2140 335 2232 390 AD
2266 336 2432 391 ROM.
2469 336 2595 391 LIB.
2633 335 2721 390 Vl.

3532 331 3695 394 1075-.

441 466 612 520 braeos
632 454 1176 526 scriheusApostolus
1196 454 1242 486 "
1259 453 2008 509 carnemChristiesscintero
2035 455 2082 509 Δ
2109 465 2306 518 corpus
2338 450 2564 516 Christi,
2603 450 2658 504 in
2707 463 2814 518 quo
2860 463 3097 518 corpore
3140 447 3252 519 (69)
3311 468 3329 500 ι
3357 448 3704 521 iniquitates-

438 563 698 623 pretatur.
715 550 815 604 Ubi
833 565 958 603 vero
988 565 1008 599 ι
1043 546 1274 601 Verbum
1295 560 1422 599 caro
1437 545 1633 600 factum
1657 555 1758 610 est,
1783 543 2004 599 cthabi-

438 643 571 699 tavit
594 644 646 697 iu
675 642 828 695 nobis
852 640 991 702 “,ta
1011 637 1294 707 praesentia
1319 634 1434 702 ejus
1459 635 1755 690 Jerusalem
1786 645 2000 689 terrena

440 749 558 789 cum
606 731 806 802 templo
837 728 950 800 (65)
990 738 1045 782 et
1079 727 1258 788 altari,
1288 736 1452 795 atque
1489 727 1738 780 omnibus
1770 742 1888 795 quae
1929 726 1998 780 ibi

436 825 786 896 gerebantur,
811 836 1002 876 eversa
1032 829 1136 874 est.
1155 817 1307 872 Tunc
1327 827 1573 872 mortuus
1591 828 1676 872 est
1691 819 1775 872 vir
1789 819 1926 884 ejus,
1951 819 2000 871 id

435 925 519 970 est
539 915 835 971 secundum
859 913 1092 967 litteram
1128 912 1232 968 lex.
1257 911 1338 964 An
1359 909 1600 978 nonjure
1613 910 1810 965 dicitur
1830 911 1882 964 in
1902 911 2001 964 hac

433 1018 588 1076 parte
617 1017 859 1061 mortuus
887 1019 1066 1060 sermo
1099 1003 1248 1073 legis,
1271 1003 1356 1057 cui
1385 1002 1529 1056 nulla
1557 1002 1850 1064 sacrificia.
1878 1002 2003 1056 nul-

433 1103 542 1152 lum
593 1096 982 1160 sacerdotium,
1017 1094 1160 1148 nulla
1197 1094 1420 1148 Levitici
1463 1095 1671 1149 ordinis
1701 1094 2001 1148 ministeria

433 1189 786 1244 deferuntur?
811 1185 1144 1241 Homicidam
1163 1187 1352 1255 punire
1370 1201 1478 1240 non
1497 1195 1692 1255 potest,
1728 1201 1827 1241 nec
1852 1185 2004 1240 adul-

433 1290 606 1337 teram
640 1279 752 1352 (64)
780 1279 1019 1350 lapidare
1045 1295 1061 1333 :
1094 1278 1210 1332 haec
1232 1278 1376 1332 enim
1400 1279 1500 1334 sibi
1526 1278 1782 1348 vindicat]
1803 1277 2002 1332 Roma-

432 1387 626 1427 norum
664 1381 937 1441 potestas:
976 1380 1031 1425 et
1060 1370 1275 1424 dubitas
1301 1370 1478 1425 adhuc
1510 1371 1554 1424 si
1581 1379 1790 1423 mortua
1817 1370 1888 1424 sit
1915 1384 2001 1423 se-

431 1465 668 1522 cundum
692 1463 928 1516 litteram
954 1462 1080 1516 lex?
1104 1462 1212 1517 Ter
1243 1463 1296 1517 in
1325 1478 1467 1516 anno
1490 1478 1753 1532 apparere
1773 1461 2002 1516 Domino

430 1555 609 1608 omnis
633 1553 905 1608 masculus
925 1569 1028 1606 non
1053 1554 1298 1608 ascendit
1322 1553 1434 1623 (65)
1458 1573 1469 1606 :
1491 1555 1607 1607 ovis
1634 1554 1688 1607 in
1709 1553 2003 1608 festivitate

432 1641 653 1697 Pascha:
679 1643 730 1696 in
766 1642 985 1697 civitate
1021 1658 1180 1710 quam
1232 1643 1458 1712 elegisse
1478 1652 1697 1712 putatur
1747 1643 2002 1700 Dominus

430 1732 573 1789 Deus
597 1734 739 1788 nulla
763 1735 1072 1804 jugulatur;
1095 1734 1350 1804 manipuli
1392 1735 1750 1802 primitiarum
1783 1751 1890 1790 non
1920 1737 2002 1790 of-

433 1827 699 1890 feruntur,
738 1826 883 1879 nulla
903 1825 1209 1879 celebratur
1229 1826 1460 1892 oblatio;
1484 1827 1625 1881 nulla
1651 1828 1823 1896 lepra,
1859 1829 2002 1882 nulla

431 1926 692 1986 purgatur
716 1916 1053 1970 imtnunditia
1086 1915 1220 1986 (66).
1250 1915 1318 1970 Et
1347 1917 1579 1970 dubitari
1614 1927 1790 1986 potest
1819 1920 1870 1972 in
1917 1919 2002 1974 his

429 2009 680 2063 omnibus
705 2019 969 2062 mortuam
999 2023 1119 2062 esse
1143 2007 1378 2062 litteram
1398 2008 1568 2079 legis?
1588 2011 1722 2064 Cum
1744 2025 1872 2078 ergo
1897 2011 2002 2065 cla-

431 2101 603 2164 ruerit
623 2115 719 2169 per
744 2100 860 2154 hanc
889 2101 1076 2154 omnia
1115 2113 1384 2156 tuortuum
1409 2117 1531 2156 esse
1550 2103 1721 2156 virum
1741 2103 1997 2171 priorem,

435 2192 582 2244 nulla
605 2191 986 2261 praevaricatio
1025 2201 1110 2248 est
1150 2193 1368 2249 Christo
1401 2203 1656 2265 tanquam
1695 2197 1810 2249 viro
1840 2195 1996 2249 alteri

430 2283 653 2347 sociari,
676 2284 820 2338 sicut
847 2284 1058 2340 mulieri
1094 2290 1297 2342 crimen
1335 2303 1440 2341 non
1483 2287 1637 2342 estsi
1682 2289 1798 2342 viro
1820 2289 2000 2356 priore

432 2373 688 2429 defuncto
715 2376 971 2446 suscipiat
1012 2380 1247 2432 secunda
1286 2379 1576 2434 connubia.
1617 2379 1684 2432 Et
1713 2389 1998 2449 pr0pterea

429 2465 598 2519 dicit:
626 2483 645 2516 ι
666 2466 834 2535 igitur
849 2467 1060 2522 vivente
1086 2469 1206 2522 viro
1225 2469 1699 2539 coguominabitur
1721 2470 1992 2534 adultera,

427 2555 472 2608 si
500 2555 660 2610 fuerit
677 2572 797 2609 cum
818 2557 924 2610 alio
939 2557 1078 2622 viro,
1094 2577 1112 2609 ι
1135 2567 1192 2612 ιιι
1209 2563 1464 2614 ostendat
1483 2561 1608 2630 quia
1627 2569 1682 2614 et
1705 2561 1881 2615 anima
1903 2563 1997 2616 ho-

429 2647 614 2712 minis,
659 2648 704 2701 si
728 2647 842 2715 jam
873 2650 1021 2703 venit
1060 2651 1127 2704 ad
1161 2650 1469 2716 Christum,
1523 2661 1580 2706 et
1608 2652 1826 2708 Christo
1849 2654 1996 2708 velut

427 2740 668 2792 secundo
691 2740 808 2793 viro
837 2742 1042 2795 sociata
1062 2753 1164 2806 est,
1182 2743 1326 2797 nullo
1343 2757 1544 2809 genere
1569 2744 1750 2798 vivere
1769 2746 1817 2800 ei
1835 2746 1995 2800 debet

427 2837 670 2886 vetustas
693 2831 910 2897 litterae,
942 2850 1062 2904 qua:
1089 2842 1175 2890 est
1201 2837 1355 2905 quasi
1384 2838 1530 2907 prior
1569 2839 1671 2903 vir,
1698 2855 1765 2894 ne
1795 2840 1930 2894 forte
1943 2841 1989 2893 si

426 2918 591 2990 579
623 2921 772 2976 illum
797 2924 996 2979 habeat
1033 2925 1090 2980 in
1115 2940 1175 2981 se
1216 2928 1506 2996 viventem,
1537 2929 1806 2985 efﬁciatur
1837 2932 1993 2986 adul-

427 3024 561 3080 tera,
593 3031 712 3083 quae
742 3017 814 3070 ita
843 3019 1080 3073 secundo
1107 3021 1312 3076 sociata
1342 3031 1444 3086 est,
1480 3031 1539 3076 ut
1567 3024 1616 3078 ei
1638 3025 1816 3080 adhuc
1841 3025 1991 3082 vive-

427 3115 513 3199 ret
544 3107 698 3199 prior
721 3107 858 3199 (67).
883 3107 997 3199 Hoc
1029 3119 1112 3164 est
1149 3112 1291 3179 quod
1331 3127 1430 3182 per
1459 3113 1616 3167 aliam
1661 3115 1883 3185 ﬁguram
1936 3127 1991 3173 et
2016 3139 2060 3199 α

429 3195 484 3250 iu
516 3196 892 3264 superioribus
921 3198 1079 3266 dixit,
1108 3200 1237 3269 quia
1274 3201 1414 3254 mori
1454 3203 1605 3270 prius
1645 3215 1890 3274 oportet,
1937 3217 1993 3262 et

427 3286 503 3339 ita
532 3288 858 3357 consepeliri
886 3288 1132 3346 Christo.
1161 3292 1406 3361 Denique
1437 3293 1600 3348 etiam
1634 3295 1736 3350 hoc
1766 3297 1914 3351 addit
1936 3299 1987 3352 in

425 3376 820 3445 posterioribus
851 3397 867 3434 :
908 3380 1156 3450 «Itaque,
1194 3381 1394 3439 fratres
1417 3385 1548 3451 mei,
1579 3394 1633 3440 et
1660 3401 1754 3442 vos
1791 3391 1987 3444 mortui

425 3467 562 3520 estis
593 3467 697 3537 legi
731 3483 828 3536 per
849 3484 1046 3538 corpus
1071 3471 1300 3540 Chr-isti,
1327 3483 1386 3528 ut
1411 3475 1532 3531 sitis
1553 3476 1776 3532 alterius
1804 3479 1894 3547 qui
1920 3495 1988 3534 ex

428 3559 655 3613 mortuis
692 3563 1024 3628 resurrexit,
1057 3572 1116 3617 ut
1148 3563 1541 3621 fructilicemus
1591 3568 1700 3622 Deo
1724 3570 1775 3601 ⁵⁸
1797 3570 1932 3639 (68).
1965 3591 1984 3623 ι

431 3646 592 3705 Vides
623 3655 915 3721 quomodo,
948 3655 1075 3710 licet
1119 3655 1416 3727 ﬁgurarum
1460 3659 1754 3716 diversitas
1803 3663 1988 3717 videa-

427 3750 538 3805 1111⁸,
564 3747 632 3797 ad
679 3759 845 3798 unum
900 3754 1079 3802 tamen
1127 3763 1347 3804 sensum
1397 3760 1592 3805 cuncta
1647 3764 1988 3808 revocantur.

427 3829 563 3885 Nam
586 3842 643 3887 et
672 3837 816 3902 quod
840 3837 1012 3903 lt-gem
1052 3837 1208 3893 nobis
1243 3849 1509 3895 mortuam
1533 3841 1688 3907 dicit,
1713 3843 1816 3898 hoc
1845 3845 1989 3899 idem

429 3923 540 3975 vult
566 3925 984 3996 intelligi,quod
1021 3938 1076 3984 et
1122 3943 1222 3984 nos
1256 3932 1455 3986 mortui
1509 3947 1696 3987 sumus
1746 3935 1849 4005 legi
1892 3951 1990 4004 per

2106 555 2320 597 nostras
2345 543 2487 604 tulit,
2531 551 2586 596 et
2617 552 2836 610 peccata
2863 551 3046 596 nostra
3082 542 3319 610 portavit
3343 542 3410 606 °°,
3439 561 3459 594 ι
3505 553 3563 597 et
3619 545 3671 597 in

2103 650 2209 702 quo
2241 635 2392 686 exuit
2432 653 2448 684 ι
2474 633 2804 701 principatus
2853 641 2911 686 et
2956 641 3272 700 potestates,
3330 632 3673 702 triumphans

2102 739 2198 778 eas
2229 725 2278 778 iu
2308 725 2598 792 semetipso
2620 725 2686 776 “.
2711 742 2731 774 ›
2769 722 3164 777 Festinandum
3185 733 3425 792 est-ergo
3447 728 3512 778 ad
3543 727 3674 781 istas

2101 816 2370 868 secundas
2401 816 2638 884 nuptias,
2671 831 2792 885 qua:
2817 815 3089 869 beatiores
3125 825 3250 869 sunt
3295 816 3467 869 multo
3505 833 3668 884 quam

2103 907 2314 976 primae.
2345 907 2412 960 Et
2453 909 2580 962 vide
2619 909 2663 961 si
2707 908 2848 961 forte
2876 906 2990 976 jam
3033 919 3164 962 tunc
3204 906 3292 961 lex
3335 911 3442 962 tale
3488 909 3674 963 nescio

2102 999 2228 1068 quid
2253 999 2618 1053 adumbrabat
2644 1000 2696 1052 in
2714 1014 2919 1054 eocum
2941 999 3167 1070 jubebat
3201 998 3323 1069 (70)
3351 1010 3408 1053 ut
3456 1001 3672 1067 mulier,
3705 1051 3709 1054 .

2105 1100 2327 1147 mortuo
2349 1093 2528 1160 priore
2568 1093 2710 1156 viro,
2763 1093 2829 1147 de
2854 1108 2964 1162 quo
3007 1108 3190 1147 semen
3223 1109 3330 1146 non
3357 1103 3676 1161 susceperat

2104 1183 2251 1255 (talis
2282 1184 2425 1238 enim
2477 1182 2656 1237 fuerat
2684 1184 2774 1252 qui
2814 1183 3049 1238 fructum
3086 1200 3190 1238 non
3229 1195 3411 1253 posset
3455 1182 3672 1255 aﬂerr‘e)

2097 1274 2380 1342 juberetur
2405 1275 2562 1330 fratri
2585 1274 2704 1343 ejus
2726 1276 2944 1330 nubere.
2962 1274 3039 1332 ".
3075 1275 3266 1331 Frater
3283 1277 3427 1330 enim
3461 1277 3674 1330 videtur

2104 1366 2244 1436 legis
2294 1367 2489 1420 litterae
2537 1368 2832 1422 secundum
2882 1367 3132 1438 spiritum
3173 1369 3282 1434 lex,
3335 1377 3394 1421 ut
3429 1370 3496 1421 de
3555 1368 3675 1434 ipso

2104 1460 2282 1529 magis
2307 1460 2501 1514 mulier
2527 1459 2723 1514 afferat
2752 1460 3011 1515 fructum.
3047 1461 3152 1516 Sed
3209 1464 3323 1517 haec
3361 1463 3572 1531 plenius
3615 1462 3671 1514 in

2103 1548 2240 1604 locis
2286 1551 2399 1604 suis
2441 1552 2811 1620 requirentur.
2862 1550 3017 1605 Nunc
3058 1561 3262 1616 autem,
3315 1563 3374 1606 ut
3409 1554 3670 1617 diximus,

2102 1639 2253 1707 prius
2287 1639 2626 1693 moriendum
2669 1649 2754 1695 est
2789 1641 2893 1710 legi
2932 1641 3162 1705 litterae,
3213 1655 3272 1697 ut
3300 1645 3378 1698 sic
3413 1643 3670 1714 conjungi

2104 1732 2372 1799 possimus
2393 1731 2631 1798 Christo,
2660 1735 2750 1802 qui
2774 1748 2840 1787 cx
2867 1737 3095 1790 mortuis
3128 1738 3448 1793 resurrexit.
3485 1736 3670 1792 Potest

2105 1833 2284 1876 autem
2341 1822 2454 1877 ﬁeri
2487 1834 2544 1877 ut
2573 1825 2675 1879 hoc
2703 1841 2805 1879 nou
2836 1827 3011 1880 solum
3058 1827 3124 1881 de
3169 1828 3287 1897 lege
3338 1828 3508 1899 Moysi
3547 1846 3668 1898 qua:

2103 1923 2190 1968 est
2239 1915 2538 1968 secundum
2589 1915 2826 1968 litteram
2889 1917 3173 1982 sentiatur,
3240 1919 3334 1972 sed
3394 1921 3460 1972 de
3517 1922 3665 1973 omni

2105 2005 2325 2058 homine
2349 2004 2498 2076 (.71):
2534 2006 2788 2075 quoniam
2817 2018 3024 2060 certum
3056 2019 3137 2062 est
3161 2011 3303 2077 quod
3337 2008 3668 2076 quibuscun-

2102 2112 2208 2164 que
2233 2096 2521 2162 institutis,
2546 2098 2959 2167 quibuscuuque
2991 2099 3233 2152 muribus
3271 2112 3485 2170 agatur,
3512 2102 3667 2169 quasi

2101 2191 2200 2242 sub
2229 2189 2346 2255 lege
2373 2190 2476 2242 hac
2509 2203 2617 2258 qua
2658 2189 2828 2242 utitur
2876 2192 3058 2244 vivere
3098 2193 3398 2246 credendus
3431 2207 3552 2247 est:
3581 2193 3670 2246 cui

2101 2277 2285 2344 utique
2323 2279 2405 2330 vel
2445 2277 2560 2344 ipse
2614 2279 2749 2331 mori
2785 2280 2963 2338 debet.
3013 2281 3096 2334 vel
3151 2281 3266 2350 ipsa
3301 2282 3373 2334 illi
3412 2282 3546 2352 (72),
3599 2297 3674 2337 ne

2099 2368 2240 2424 forte
2272 2367 2374 2422 sub
2412 2370 2518 2422 alio
2554 2371 2674 2423 viro
2705 2372 2880 2438 posita
2919 2372 3098 2425 anima
3144 2371 3214 2426 ad
3241 2374 3525 2428 Christum
3577 2392 3669 2429 ve-

2099 2462 2274 2527 niens,
2311 2477 2416 2514 non
2451 2473 2556 2515 tam
2591 2464 2806 2531 nuptias
2842 2461 2959 2529 ejus
2997 2463 3168 2529 adire,
3209 2481 3372 2532 quam
3419 2468 3665 2523 adultera

2097 2551 2234 2607 efﬁci
2266 2553 2534 2619 videatur,
2577 2554 2781 2623 quippe
2818 2556 2862 2607 si
2914 2555 3110 2623 prioris
3167 2556 3288 2627 (75)
3332 2560 3508 2612 adhuc
3563 2563 3668 2614 viri

2097 2647 2304 2716 legibus
2335 2648 2490 2700 vivit.
2540 2647 2691 2712 Quod
2749 2656 2929 2702 tamen
2971 2649 3259 2716 Apostolus
3301 2651 3403 2704 alia
3445 2667 3693 2707 rursum..-

2097 2739 2265 2808 figura
2296 2741 2361 2792 ad
2395 2739 2644 2792 eumdem
2672 2752 2894 2792 sensum
2925 2737 3040 2808 (74)
3069 2741 3462 2810 explanationis
3496 2745 3664 2796 addu-

2093 2831 2188 2884 cit.
2217 2830 2505 2900 Subjungit
2534 2830 2682 2885 enim
2713 2847 2724 2880 :
2765 2831 2927 2888 «Cum
2954 2834 3098 2888 enim
3123 2845 3370 2888 essemus
3397 2835 3448 2887 in
3478 2849 3664 2900 carne,

2092 2921 2223 2975 vitia
2251 2931 2600 2990 peccatorum
2635 2919 2756 2993 qua:
2801 2940 2896 2992 per
2935 2925 3109 2994 legem
3140 2937 3320 2993 erant,
3364 2930 3666 2996 operaban-

2093 3023 2180 3069 tur
2245 3016 2301 3070 in
2350 3016 2608 3072 membris
2655 3021 2859 3074 nostris
2913 3031 2970 3074 ut
3021 3021 3417 3078 fructificareut
3481 3029 3662 3082 morti.

2090 3106 2245 3164 Nunc
2300 3118 2481 3164 autem
2536 3109 2698 3165 soluti
2745 3126 2935 3167 sumus
2982 3128 3014 3166 a
3047 3110 3168 3182 lege
3203 3115 3423 3180 tnortui,
3458 3115 3510 3170 in
3555 3134 3663 3185 qua

2097 3200 2494 3266 detinebamur,
2523 3204 2596 3255 ita
2633 3211 2694 3257 ut
2717 3205 3024 3260 serviamus
3062 3206 3116 3259 in
3151 3207 3390 3262 novitate
3416 3209 3664 3276 spiritus,

2095 3303 2152 3348 et
2180 3308 2286 3346 non
2315 3295 2367 3346 in
2397 3302 2669 3348 vetustate
2708 3293 2926 3348 litterae.
2955 3314 2976 3347 ι
3008 3295 3250 3366 Apparet
3271 3308 3328 3352 et
3359 3298 3412 3352 in
3443 3298 3554 3363 his,
3607 3316 3676 3353 ιιι

2096 3385 2149 3439 in
2199 3385 2578 3456 superioribus
2619 3401 2714 3454 per
2752 3387 3060 3457 exemplum
3090 3389 3370 3457 cujusdam
3406 3391 3666 3445 similitu-

2095 3478 2235 3534 dinis
2286 3479 2526 3534 diximus
2560 3478 2696 3547 ('15),
2749 3477 2974 3532 Paulum
3005 3493 3072 3533 ex
3115 3480 3220 3534 alio
3258 3481 3313 3535 in
3353 3481 3497 3536 aliud
3525 3498 3663 3538 con.-

2092 3571 2244 3625 clave
2272 3571 2496 3625 incertis
2541 3581 2595 3623 et
2639 3569 2868 3624 occultis
2921 3573 3206 3639 gressibus
3243 3573 3472 3643 digredi.
3524 3574 3686 3627 Ctnu.

2093 3663 2236 3716 enim
2285 3663 2339 3715 in
2375 3661 2751 3731 superioribus
2783 3659 2851 3714 de
2900 3659 3020 3731 lege
3066 3662 3263 3718 littera:
3308 3665 3666 3734 disputasset,

2094 3753 2236 3822 quod
2266 3753 2452 3821 utique
2479 3752 2546 3806 ad
2577 3765 2671 3806 eos
2697 3751 2971 3806 videretur
2999 3762 3205 3808 tantum
3230 3756 3320 3824 qui
3342 3770 3410 3810 ex
3430 3756 3666 3811 circum-

2097 3844 2305 3900 cisione
2337 3843 2702 3906 crediderant,
2758 3844 3074 3912 pertinere:
3108 3862 3253 3900 nunc
3295 3848 3484 3903 latenti
3524 3865 3660 3918 qua-

2097 3937 2220 3990 dam
2251 3934 2612 3989 conversione
2627 3934 2808 3988 carnis
2836 3945 2890 3988 et
2917 3935 3171 3990 vitiorum
3204 3939 3425 3992 discutit
3465 3939 3672 4010 legem,

498 4061 544 4093 ³⁷
571 4057 735 4114 Hebr.
761 4074 816 4124 x,
834 4059 923 4116 20.
997 4061 1044 4093 ⁵⁸
1069 4059 1224 4117 Joan.
1250 4079 1290 4126 ι,
1314 4063 1400 4120 14.
1478 4064 1525 4096 ⁸³
1566 4063 1724 4120 Rom.
1753 4083 1852 4132 vn,
1875 4069 1930 4124 4.

2097 4069 2214 4126 Isai.
2248 4081 2361 4134 LIII,
2391 4067 2449 4132 4,
2482 4069 2565 4125 ll.
2641 4067 2683 4098 ⁸³
2706 4067 2915 4122 Coloss.
2941 4083 3001 4133 ιι,
3031 4068 3120 4124 15.
3194 4072 3243 4102 ⁶¹
3262 4072 3416 4130 Deut.
3451 4090 3580 4140 xxv,
3606 4075 3662 4132 5.

498 4206 610 4280 (65)
639 4207 731 4262 Sic
751 4223 851 4263 ms.
880 4223 1025 4280 unus
1049 4218 1102 4262 et
1127 4207 1400 4280 Rabanns.
1437 4209 1579 4265 Editi
1618 4227 1745 4264 vero
1771 4223 1822 4266 et
1851 4231 1980 4270 mss.

425 4278 700 4345 quidam”
727 4278 1062 4345 aprteseutia
1099 4281 1215 4347 ejus
1271 4278 1354 4333 lex
1393 4295 1512 4350 cum
1570 4283 1788 4350 templo,
1819 4303 1838 4336 s
1874 4295 1979 4338 etc.

424 4350 575 4401 Alter
599 4363 700 4402 ms.
730 4351 926 4413 codex,
965 4365 984 4399 ο
1020 4364 1084 4402 ac
1111 4350 1397 4416 praesentia
1421 4349 1533 4417 ejus
1549 4349 1848 4410 Jerusalem
1879 4367 1987 4409 ter—

427 4433 555 4471 rena
591 4432 711 4472 cum
737 4418 958 4486 templo,
999 4437 1016 4468 ι
1042 4430 1148 4473 etc.

504 4487 617 4557 (64)
653 4487 827 4552 Editi,
861 4506 879 4537 t
915 4503 1012 4542 nec
1041 4488 1370 4544 adulterum.
1409 4507 1428 4540 ι

505 4557 616 4627 (65)
649 4557 810 4617 Editi,
837 4576 856 4608 ι
881 4557 1072 4628 litterae
1104 4560 1251 4628 lex,»
1283 4558 1482 4615 Deinde
1512 4576 1616 4615 ms.
1653 4577 1814 4628 unus,
1844 4581 1861 4613 ι
1888 4563 1995 4618 Ter

435 4627 488 4680 in
516 4625 661 4679 anno
686 4641 950 4694 apparere
983 4627 1208 4682 Domino
1227 4625 1451 4696 jubetur
1479 4632 1657 4685 omnis
1682 4625 1990 4696 masculus;

425 4713 531 4750 non
567 4697 830 4750 ascendit.
860 4714 878 4748 ι

499 4765 610 4834 (66)
650 4764 741 4818 Sic
786 4782 1060 4837 ms.gttnus
1103 4769 1300 4837 Regius
1346 4785 1496 4822 num.
1533 4771 1687 4828 1659.
1740 4773 1994 4829 Rabanns

427 4847 578 4898 vero,
609 4852 629 4882 ο
671 4835 927 4902 manipuli
959 4835 1320 4902 primitiarum
1351 4841 1648 4894 eiIeruntur
1670 4845 1800 4896 nulli
1829 4880 1844 4894 .
1875 4881 1890 4895 .
1933 4883 1948 4897 .
1975 4882 1992 4898 .

426 4904 573 4958 nulla
611 4905 862 4972 expiatur
904 4906 1264 4970 immunditia,
1323 4927 1342 4960 ι
1390 4920 1497 4965 etc.
1552 4913 1746 4966 Caeteri
1782 4929 1908 4968 mss.
1941 4924 1992 4966 et

431 4974 586 5052 editi,
633 4990 664 5025 .‹
701 4973 1368 5052 manipuli__pri1uitiarutn
1404 4980 1524 5052 (aL,
1561 5000 1580 5032 ‹
1611 4984 1676 5037 de
1707 4985 1995 5052 manipulis

427 5043 802 5122 primitiarum
822 5046 875 5122 ι)
894 5043 1033 5122 nulla
1061 5047 1367 5122 celebratur
1386 5043 1585 5122 oblatio
1612 5071 1622 5103 :
1657 5053 1798 5106 nulla
1826 5043 1992 5122 lepra,

429 5112 570 5166 nulla
623 5114 834 5181 pecoris
856 5112 974 5184 (aL,
994 5133 1011 5166 ι
1031 5119 1332 5184 peccatoris
1355 5120 1403 5189 ι)
1426 5121 1740 5188 immundia,
1757 5112 1989 5176 dubitari

427 5191 622 5252 potest,
661 5201 679 5252 ι
709 5191 812 5237 etc.

503 5251 616 5328 (67)
647 5251 828 5328 Alias,
866 5271 890 5328 ‹⁸
911 5255 1053 5328 quia
1073 5254 1144 5308 ita
1172 5255 1347 5328 adhuc
1386 5260 1623 5314 secundo
1652 5262 1856 5316 sociata
1886 5273 1992 5328 est,

429 5333 489 5375 ut
511 5323 686 5396 eiA_(al_.
708 5340 742 5396 _t
768 5333 826 5396 tit
849 5325 892 5378 si
918 5324 1166 5396 i)adhuc
1193 5325 1401 5380 viveret
1431 5330 1598 5396 prior.
1632 5348 1651 5381 ι

500 5390 611 5473 (68)
644 5391 787 5474 Editi
821 5413 834 5474 ξ
870 5411 890 5444 r
917 5394 1080 5450 Vides
1129 5397 1400 5464 quomodo
1431 5390 1737 5470 'ﬁgurarum
1759 5441 1775 5469 ,
1808 5419 1829 5454 ι
1861 5411 1990 5467 θιυ..

426 5461 631 5516 omisso
663 5481 682 5512 ι
713 5461 855 5516 licet.
879 5481 899 5514 ι

503 5529 616 5602 (69)
674 5531 765 5586 Sic
805 5547 935 5602 mss.
983 5548 1122 5588 unus
1171 5534 1368 5601 Regius
1428 5553 1577 5592 num.
1641 5536 1799 5592 1-644.
1847 5539 1996 5594 Alter

429 5616 532 5675 ms.
573 5601 918 5675 num._1659:
960 5621 978 5653 ι
1001 5603 1135 5657 Nam
1166 5606 1415 5675 equidem
1452 5608 1621 5675 legem
1657 5608 1814 5662 nobis
1851 5627 1994 5663 mor-

431 5671 863 5746 tilicataurdicit
877 5690 970 5740 per
997 5690 1196 5743 corpus
1217 5671 1450 5746 Christi,
1478 5671 1530 5730 in
1562 5692 1669 5746 quo
1697 5693 1948 5746 corpore,
1969 5701 1988 5732 ι

431 5753 567 5809 ctc.,
603 5741 826 5799 omissis
852 5741 1219 5800 intermediis.
1267 5745 1457 5802 Caeteri
1500 5741 1626 5802 vero
1655 5741 1994 5813 mss.,llaba-

2089 4231 2211 4281 nus,
2239 4224 2294 4269 et
2319 4214 2450 4269 editi
2481 4225 2499 4265 :
2530 4229 2549 4264 ‹
2574 4211 2705 4265 Nam
2731 4220 2784 4265 et
2818 4212 2960 4277 quod
2991 4211 3160 4281 legem
3196 4214 3353 4267 nubis
3387 4224 3662 4270 mortuam

2089 4287 2243 4348 dicit,
2272 4285 2374 4353 hoc
2402 4283 2541 4338 idem
2576 4282 2709 4337 libet
2737 4282 2898 4353 (al.,ti
2917 4281 3129 4336 videtur
3153 4283 3200 4352 ι)
3233 4285 3479 4352 intelligi,
3511 4289 3655 4353 quod

2091 4365 2145 4409 et
2167 4358 2209 4410 si
2244 4352 2412 4424 (al.,«
2431 4361 2487 4424 et
2511 4353 2588 4424 sic
2609 4353 2666 4417 ι)
2707 4352 2902 4405 mortui
2929 4367 3116 4424 sumus
3147 4365 3163 4421 (
3190 4355 3320 4420 al.,r
3348 4352 3662 4409 mortilicati

2025 4421 2371 4514 Dsumu‘si)
2429 4423 2529 4491 legi
2583 4437 2676 4491 per
2716 4437 2914 4489 corpus
2957 4421 3195 4514 Christi,
3225 4441 3242 4474 ›
3268 4434 3395 4514 Ι(τις.
3437 4425 3662 4508 Deinde,

2101 4494 2501 4563 «principatum
2544 4503 2600 4546 et
2655 4502 3002 4560 poteSIatem,
3059 4493 3404 4562 triumphans
3461 4512 3554 4550 eos
3601 4497 3656 4550 in

2094 4564 2406 4631 semetipso.
2435 4582 2454 4614 ι

2167 4632 2279 4703 (70)
2295 4630 2307 4703 ί
2327 4632 2417 4686 Sic
2457 4633 2697 4700 potiores
2725 4649 2858 4686 mss.
2910 4630 3102 4703 nostri,
3137 4642 3200 4703 Aet
3241 4632 3520 4694 RabanuS,
3554 4632 3660 4686 nisi

2094 4701 2236 4772 quad
2262 4701 2402 4756 alius
2423 4717 2523 4770 pro
2554 4720 2573 4752 ι
2592 4703 2838 4768 jubebat,
2862 4719 2880 4752 ι
2919 4701 3079 4754 habet
3102 4701 3371 4770 «jubeant
3398 4703 3534 4754 alius
3563 4717 3674 4769 pro~

2101 4775 2472 4844 «juberetur,»
2518 4773 2676 4824 habet
2722 4789 2738 4820 ι
2763 4773 3047 4838 jubeatur,
3081 4779 3362 4844 ι-υιιιιιηε
3391 4785 3488 4838 pro
3513 4789 3536 4844 ν(
3562 4774 3656 4840 qui

2096 4841 2724 4915 fructtttti,ihabettquag
2763 4844 3020 4915 fructum.
3057 4861 3075 4893 ι
3113 4841 3435 4915 Editivcro,
3476 4843 3560 4894 tiu
3593 4857 3660 4894 eo

2095 4929 2216 4967 cum
2278 4911 2491 4978 juberet
2556 4906 2648 4978 (at'.
2701 4931 2719 4962 ι
2757 4910 2944 4978 jubeat
2975 4906 3020 4978 ι)
3065 4919 3124 4963 ιιι
3174 4910 3388 4975 tuulicr,
3419 4906 3662 4965 mortuo

2096 4984 2279 5052 priore
2316 4983 2429 5034 viro
2460 4981 2525 5034 de
2562 4995 2669 5052 quo
2709 4996 2894 5052 semen
2945 4997 3048 5033 non
3082 4989 3459 5052 susceperat,
3495 4980 3651 5034 fratri

2094 5050 2212 5120 ejus
2253 5052 2498 5105 nuberet.
2531 5069 2548 5101 ι
2584 5050 2713 5104 Mss.
2747 5051 3000 5118 quidam,
3035 5067 3054 5100 ι
3080 5051 3132 5102 in
3176 5064 3240 5102 eo
3274 5063 3395 5101 cum
3435 5053 3660 5116 coujux,

2097 5131 2309 5174 mortuo
2335 5121 2513 5188 priore
2549 5123 2684 5188 viro,
2721 5123 2786 5173 de
2817 5135 2922 5189 quo
2958 5134 3146 5174 semen
3182 5135 3288 5172 non
3315 5130 3666 5188 susceperat,

2087 5189 2379 5257 jubebatur
2407 5191 2554 5242 fratri
2574 5191 2690 5259 ejus
2713 5193 2936 5242 nubere.
2963 5207 2982 5240 ι

2165 5260 2279 5331 (71)
2314 5259 2405 5331 Sic
2437 5270 2585 5314 recte
2604 5256 2715 5313 ins.
2751 5276 2918 5323 unus,
2947 5269 3002 5331 et
3030 5258 3195 5331 editi;
3227 5256 3482 5313 [tabanus
3526 5273 3667 5314 vero.

2095 5343 2149 5383 et
2178 5329 2316 5384 mss.
2349 5330 2588 5397 plerique
2607 5371 2621 5391 ,
2664 5349 2683 5381 ι
2711 5331 2804 5383 sed
2826 5329 3005 5383 omnis
3037 5329 3216 5381 homo.
3247 5346 3264 5377 ι

2167 5399 2278 5470 (72)
2315 5398 2451 5452 Editi
2497 5399 2773 5469 plerique,
2835 5398 2960 5453 «vel
3004 5399 3117 5468 ipsa
3165 5397 3303 5451 mori
3348 5397 3529 5463 debet,
3574 5398 3658 5453 vel

2096 5470 2210 5526 ipse
2239 5471 2331 5525 illi.
2358 5488 2378 5519 ι
3770 5517 3778 5526 ,

2118 5486 2563 5610 Ρεδῑὲἳιιίιῖπιὶιιιιε
2594 5549 2648 5593 et
2669 5537 3055 5596 Genebrardus
3086 5551 3101 5590 :
3130 5553 3151 5589 ι
3179 5537 3377 5608 quippe
3413 5554 3535 5609 quae
3555 5536 3676 5594 sub.

2097 5613 2308 5678 prioris,
2336 5629 2353 5658 ι
2376 5625 2492 5662 .etc.

2169 5679 2281 5749 (74)
2308 5678 2447 5732 Edtti
2476 5679 2748 5748 plerique,
2782 5697 2800 5730 ε
2826 5693 2948 5733 eum
2975 5692 3217 5732 sensum.
3245 5699 3268 5731 ι

2171 5679 2284 5817 (74)
2308 5679 2447 5732 Edtti
2476 5679 2748 5748 plerique,
2782 5697 2800 5730 ε
2826 5693 2948 5733 eum
2975 5692 3130 5730 sensu

2171 5749 2260 5819 (75
2317 5749 2446 5804 Vide
2479 5765 2640 5819 supra
2680 5749 2771 5805 lib.
2805 5764 2853 5814 v,
2895 5763 3042 5802 num.
3077 5749 3130 5804 1.
