4146 6402
495 277 635 334 1075

1929 274 2248 334 ORlGENlS

3591 281 3730 340 1076

498 405 570 458 ob
605 403 661 458 id
688 401 806 457 sine
840 401 1007 458 dubio
1053 408 1114 454 ut
1157 400 1328 456 etiam
1389 399 1456 454 ad
1507 407 1734 455 caateros
1786 398 2060 463 homines,
2090 409 2136 464 Α
2166 401 2218 452 in
2248 398 2490 454 novitate
2517 397 2779 465 spiritus,
2817 411 2922 452 non
2963 396 3015 452 in
3042 406 3312 454 vetustate
3344 397 3557 453 litterae.
3609 398 3730 454 Non

439 533 443 536 ~
495 510 603 550 non
635 509 731 549 eos
757 493 903 549 solos
931 492 1022 562 qui
1053 506 1117 547 ex
1153 492 1573 546 circumcisione
1598 501 1757 558 sunt,
1787 500 2058 573 tractatus

497 586 604 640 Iste
629 585 904 655 pertinere
935 584 1204 639 videatur.
1242 585 1333 639 Ait
1359 600 1532 654 ergo:
1565 586 1727 639 «Cum
1758 586 1898 640 enim
1919 601 2062 640 esse-

497 690 618 729 mus
671 675 725 728 in
773 689 1002 730 carne.»
1067 673 1134 728 Et
1200 676 1446 744 quidem,
1503 686 1763 744 quantum
1817 676 1881 729 ad
1945 689 2060 730 rem

496 776 726 833 spectat,
755 768 807 821 in
852 781 1016 822 carne
1050 769 1234 838 utique
1275 771 1482 838 positus
1527 769 1631 824 ista
1662 769 1876 824 dicebat
1910 783 1926 827 :
1966 771 2059 825 sed

501 878 520 912 ι
545 875 667 914 cum
695 861 747 914 in
779 875 944 915 carne
965 877 1230 926 essemus,
1257 881 1275 913 ι
1322 863 1423 917 hoc
1468 872 1551 917 est
1593 878 1714 916 cum
1761 864 2058 918 secundum

495 967 712 1005 carnem
761 953 1109 1020 viveremus,
1165 974 1183 1006 ι
1215 957 1344 1011 vitia
1396 964 1739 1026 peccatorum
1795 971 1915 1024 quae
1965 970 2062 1023 per

495 1043 663 1111 legem
715 1056 890 1109 erant,
929 1047 1294 1114 operabautur
1356 1048 1408 1102 in
1467 1051 1723 1104 membris
1779 1049 2000 1102 nostris.
2033 1065 2052 1098 ι

495 1133 750 1199 Quaenam
774 1133 853 1210 lex
875 1136 975 1189 ista
1000 1147 1082 1190 est
1109 1152 1206 1206 per
1230 1154 1391 1206 quam
1425 1139 1548 1192 vitia
1585 1140 1787 1208 peccati
1823 1154 2056 1206 operan-

497 1233 584 1276 tur
617 1222 766 1294 (76)?
827 1223 1082 1294 Nunquid
1127 1226 1211 1282 lex
1260 1227 1428 1298 Moysi
1460 1227 1625 1281 etiam
1665 1229 1710 1280 si
1762 1225 2055 1280 secundum

491 1313 730 1368 litteram
783 1314 1126 1382 observetur,
1190 1319 1323 1370 vitia
1383 1327 1608 1387 generat
1677 1317 2058 1387 peccatorum?

493 1402 602 1458 Sed
634 1405 687 1458 in
725 1415 917 1475 aperto
943 1415 1024 1460 est
1066 1409 1208 1474 quod
1237 1409 1383 1462 illam
1420 1410 1588 1478 legem
1621 1408 1762 1462 dicat
1792 1411 1842 1461 in
1884 1424 2056 1462 mem-

493 1495 633 1562 bris,
661 1510 783 1564 qua:
809 1498 1016 1551 resistit
1047 1497 1158 1568 (77)
1191 1497 1293 1567 legi
1329 1503 1552 1563 mentis,
1587 1499 1654 1553 de
1695 1515 1799 1567 qua
1840 1511 1894 1554 et
1935 1511 2059 1554 ante

455 1602 461 1607 ·
496 1583 869 1647 tractavimus,
913 1589 1182 1652 quomodo
1223 1604 1241 1636 ι
1269 1586 1351 1640 lex
1393 1587 1737 1642 subintroivit
1785 1600 1842 1642 ut
1884 1591 2058 1643 abun-

391 1667 418 1692 "
496 1669 651 1725 daret
681 1681 962 1741 peccatum
994 1674 1060 1729 ⁸⁸.
1089 1695 1114 1729 ι
1151 1677 1265 1745 Ipsa
1301 1690 1430 1745 ergo
1454 1678 1536 1731 lex
1569 1687 1652 1733 est
1681 1695 1799 1747 qua:
1834 1680 1963 1734 facit
2004 1681 2055 1735 in

2165 491 2308 546 enim
2341 491 2542 546 idcirco
2571 506 2672 544 nos
2696 489 2946 544 Christus
2976 489 3244 544 abstraxit
3285 505 3315 543 a
3346 490 3467 554 lege
3497 491 3727 558 peccati,

2163 592 2226 636 ut
2251 582 2504 637 vetustati
2540 583 2736 636 littera:
2769 581 3096 643 serviamus.
3129 581 3180 635 id
3223 589 3308 636 est
3357 591 3414 634 ut
3444 581 3729 636 circumci-

2163 675 2369 730 sionem
2422 674 2774 744 recipiamus,
2824 681 2880 726 et
2918 669 3157 726 Sabbata
3207 673 3290 727 vel
3347 680 3546 728 caetera
3607 687 3728 742 quas

2163 776 2406 822 vetustas
2439 767 2570 837 legis
2598 768 2789 823 litterae
2815 768 3060 823 continet
3095 784 3110 821 :
3142 766 3239 822 sed
3264 777 3323 820 ut
3347 765 3522 834 legem
3550 764 3643 819 Dei
3671 765 3724 818 in

2162 861 2385 931 spiritus
2447 861 2686 916 novitate
2723 875 3042 923 servemus,
3079 861 3131 913 id
3191 869 3277 914 est
3346 872 3416 913 ex
3476 857 3728 912 omnibus

2162 952 2358 1021 qumln
2391 966 2453 1005 ea
2488 951 2686 1020 scripta
2735 959 2862 1006 sunt
2910 950 3212 1021 spiritalem
3270 964 3485 1003 sensum
3521 947 3727 1017 Spiritu

2162 1044 2396 1096 donante
2426 1041 2728 1110 capiamus,
2769 1040 2907 1093 sicut
2945 1049 3000 1092 et
3027 1039 3168 1092 idem
3197 1036 3482 1106 Apostolus
3517 1037 3567 1089 in
3603 1035 3728 1090 aliis

2163 1134 2314 1200 dicit,
2347 1133 2471 1202 quia
2509 1152 2527 1183 ι
2557 1131 2806 1185 velamen
2836 1140 2920 1185 est
2947 1129 3176 1198 positum
3219 1129 3271 1181 in
3319 1128 3456 1181 facie
3496 1125 3664 1196 Moysi
3707 1141 3724 1178 :

2160 1240 2282 1278 cum
2341 1233 2520 1278 autem
2578 1237 2870 1277 conversus
2917 1219 3081 1273 fuerit
3130 1220 3253 1288 quis
3309 1219 3374 1271 ad
3431 1217 3723 1272 Dominum

2161 1315 2440 1370 auferetur
2467 1315 2730 1370 velamen.
2767 1314 3028 1368 Dominus
3057 1313 3200 1365 enim
3231 1311 3453 1379 spiritus
3480 1319 3584 1364 est.
3623 1308 3726 1363 Ubi

2159 1417 2338 1462 autem
2366 1409 2596 1476 spiritus
2639 1407 2871 1470 Domini,
2918 1407 2988 1460 ibi
3020 1405 3239 1458 libertas
3267 1403 3333 1457 “.
3365 1421 3388 1454 ι
3418 1399 3721 1478 Novitatem

2159 1513 2290 1553 sane
2314 1499 2535 1567 spiritus
2561 1499 2676 1552 scio
2707 1497 2969 1567 quosdam
3011 1495 3148 1549 male
3203 1491 3315 1565 (83)
3362 1491 3726 1560 intelligentes

2160 1591 2288 1645 illuc
2332 1590 2590 1653 traxisse,
2633 1601 2692 1643 ut
2729 1591 2975 1644 dicerent
3003 1604 3204 1642 novum
3261 1600 3384 1642 esse
3436 1584 3724 1654 Spiritum,

2162 1691 2418 1750 tanquam
2454 1681 2544 1750 qui
2574 1689 2701 1734 ante
2732 1695 2836 1733 non
2876 1679 3078 1743 fuerit,
3126 1693 3226 1731 nec
3251 1675 3529 1731 veteribus
3562 1673 3725 1726 inno-

496 1760 580 1814 his
608 1763 696 1830 qui
726 1764 1022 1818 secundum
1055 1780 1274 1820 carnem
1308 1769 1517 1830 vivunt,
1554 1767 1682 1823 vitia
1707 1779 2055 1838 peccatorum
2091 1758 2133 1816 Β
2163 1773 2330 1827 tuerit
2359 1789 2372 1826 :
2397 1783 2452 1826 et
2483 1773 2733 1826 nesciunt
2778 1788 2837 1826 se
2866 1773 2918 1825 in
2967 1773 3071 1826 hoc
3099 1767 3418 1835 gravissime
3469 1765 3728 1832 blasphe-

493 1852 769 1909 abundare
797 1864 858 1910 ιιι
884 1855 1217 1912 fructificeut
1243 1860 1405 1913 morti
1449 1861 1586 1931 (78).
1634 1862 1716 1917 Ad
1759 1863 1861 1916 hoc
1899 1879 2056 1916 nam-

493 1958 598 2013 que
634 1954 718 1999 est
771 1945 858 1999 illa
895 1945 979 2000 lex
1033 1947 1085 2001 in
1137 1950 1396 2004 membris
1425 1952 1664 2016 nostris,
1711 1962 1767 2005 ut
1801 1953 2056 2008 resistens

493 2033 782 2088 adversum
815 2035 987 2104 legem
1011 2035 1208 2090 mentis
1226 2039 1474 2108 captivos
1505 2054 1604 2094 nos
1619 2041 1779 2094 ducat
1806 2051 2054 2108 peccato,

491 2137 546 2179 et
580 2125 680 2181 hos
702 2125 912 2182 fructus
943 2125 1144 2182 ollerat
1175 2129 1358 2184 morti.
1423 2148 1444 2181 ι
1481 2129 1632 2186 Νυιιε
1671 2141 1850 2186 autem
1895 2131 2052 2187 soluti

491 2231 682 2272 sumus
712 2233 743 2272 a
773 2217 890 2288 lege
921 2220 1143 2286 mortui,
1181 2220 1234 2275 in
1257 2235 1361 2291 qua
1387 2220 1818 2277 delinebamur.»
1846 2223 1926 2278 Ab
1956 2223 2056 2278 hac

489 2323 622 2376 ergo
643 2307 780 2379 lege,
815 2311 868 2364 in
892 2326 999 2380 qua
1027 2312 1426 2377 delinebamur,
1474 2329 1616 2370 nunc
1647 2315 1811 2370 soluti
1846 2331 2052 2372 ειιιιιιιε.

497 2417 517 2452 ι
539 2399 712 2454 Nunc.
737 2419 756 2452 ι
789 2401 1060 2468 Quando!
1087 2402 1217 2459 Sine
1244 2405 1409 2459 dubio
1435 2407 1650 2474 quando
1682 2421 1806 2460 cum
1837 2406 2056 2464 Christo

489 2491 691 2546 mortui
713 2506 922 2559 sumus,
951 2503 1006 2549 et
1035 2496 1338 2564 consepulti
1362 2496 1411 2551 ei
1444 2494 1558 2568 (79)
1582 2511 1678 2566 per
1708 2497 2052 2566 baptismum,

492 2591 547 2636 et
574 2581 818 2638 crucifixi
843 2599 966 2638 cum
995 2585 1142 2655 ipso:
1166 2596 1222 2640 et
1259 2587 1382 2641 ideo
1409 2587 1540 2641 dicit
1575 2603 1590 2643 :
1628 2605 1648 2639 ι
1670 2587 1841 2643 Soluti
1867 2603 2055 2646 sumus

492 2689 526 2728 ει
557 2674 676 2744 lege
707 2678 903 2730 mortui
931 2675 1067 2749 (80).
1089 2696 1109 2730 ι
1143 2677 1256 2732 Nisi
1291 2679 1432 2734 enim
1466 2681 1590 2749 quis
1622 2690 1866 2736 mortuus
1895 2681 2056 2737 fuerit

493 2781 616 2820 cum
645 2766 888 2829 Christo,
927 2769 994 2823 ab
1017 2770 1116 2824 ista
1171 2771 1289 2840 lege
1332 2787 1438 2825 non
1476 2771 1724 2826 solvitur.
1758 2772 1888 2827 Scio
1921 2785 1977 2828 et
2001 2776 2053 2830 in

491 2858 614 2914 aliis
657 2860 1060 2930 exemplaribus
1107 2862 1366 2931 scriptum
1400 2878 1415 2915 :
1447 2881 1468 2914 ι
1497 2864 1536 2916 Α
1575 2864 1692 2934 lege
1738 2865 1948 2930 mortis,
2002 2868 2052 2920 in

493 2966 598 3021 qua
624 2951 1001 3005 delinebamur
1024 2973 1040 3022 ;
1067 2972 1085 3005 ι
1126 2954 1222 3007 sed
1247 2955 1371 3018 hoc,
1417 2953 1470 3008 id
1494 2962 1578 3008 est
1625 2973 1644 3006 ι
1677 2955 1895 3020 mortui,
1928 2974 1948 3007 ›
2000 2964 2056 3010 ει

493 3043 676 3098 verius
704 3052 862 3099 estet
885 3044 1110 3104 rectius.
1141 3045 1293 3112 Quod
1329 3062 1458 3102 vero
1487 3047 1637 3102 addit
1667 3048 1719 3102 in
1753 3050 2054 3105 conclusio-

494 3151 564 3191 ne
593 3154 609 3191 :
644 3135 750 3190 «Ita
775 3145 834 3192 ut
861 3138 1164 3192 serviamus
1198 3139 1251 3192 in
1287 3140 1529 3194 novitate
1559 3140 1801 3210 spiritus,
1838 3150 1894 3195 et
1947 3157 2050 3197 non

493 3227 547 3281 in
574 3235 842 3283 vetustate
864 3229 1084 3294 litterae,
1119 3249 1138 3282 ι
1171 3233 1314 3300 quod
1337 3231 1455 3285 sine
1476 3231 1636 3285 dubio
1663 3231 1827 3303 580
1852 3233 1917 3288 de
1938 3233 2052 3304 lege

491 3318 687 3375 litterae
719 3322 923 3377 dictum
955 3307 1193 3387 videtur,
1221 3324 1326 3378 hoc
1359 3324 1518 3378 modo
1548 3334 1915 3394 consequente
1939 3324 2051 3396 (8|)

492 3409 717 3480 intelligi
753 3412 973 3478 poterit.
1010 3408 1067 3464 In
1097 3426 1264 3466 carne
1303 3413 1521 3480 quidem
1552 3412 1741 3479 positi,
1781 3422 1835 3466 et
1863 3429 2054 3467 secun-

491 3501 622 3554 dum
677 3517 896 3556 carnem
947 3502 1213 3564 viventes,
1262 3513 1482 3572 propter
1522 3515 1864 3572 peccatorum
1901 3507 2052 3570 vitia,

492 3607 614 3663 quae
657 3593 744 3648 lex
774 3593 885 3656 illa,
919 3607 1039 3662 qua
1073 3603 1193 3648 erat
1217 3595 1269 3648 in
1313 3595 1572 3650 membris
1605 3596 1832 3662 nostris,
1878 3597 2056 3651 alebat

495 3693 556 3737 ut
612 3683 1005 3739 fructificarent
1053 3687 1248 3746 morti,
1320 3700 1424 3737 non
1485 3693 1792 3752 poteramus
1850 3687 2056 3742 servire

496 3774 717 3830 novitati
758 3775 984 3844 spiritus
1026 3779 1148 3831 dum
1184 3777 1272 3830 illa
1307 3777 1392 3830 lex
1435 3776 1798 3830 membrorum
1844 3780 2054 3832 vivebat

493 3867 549 3921 in
577 3868 757 3932 nobis,
812 3868 943 3934 imo,
996 3869 1123 3922 dum
1171 3884 1270 3923 nos
1309 3867 1606 3924 secundum
1639 3869 1784 3922 illam
1834 3869 2053 3923 viveba-

495 3975 633 4015 mus.
671 3959 768 4015 Ubi
798 3974 930 4014 vero
954 3959 1202 4016 Christus
1240 3976 1337 4030 pro
1381 3964 1540 4019 nobis
1571 3973 1822 4018 mortuus
1864 3972 1967 4028 est,
1999 3972 2055 4016 et

491 4067 592 4106 nos
617 4067 739 4106 cum
772 4053 888 4118 ipso
917 4055 1113 4108 mortui
1147 4069 1333 4109 sumus
1356 4066 1600 4123 peccato,
1628 4055 1837 4109 liherati
1865 4069 2055 4109 sumus

491 4143 608 4215 (82)
640 4160 734 4212 per
764 4147 937 4215 ipsum
967 4162 996 4199 a
1032 4147 1146 4218 lege
1177 4149 1387 4216 peccati
1421 4148 1472 4200 in
1509 4164 1613 4216 qua
1647 4149 2053 4212 delinebamur,

492 4244 548 4289 et
580 4249 866 4302 possumus
904 4235 1014 4306 jam
1047 4237 1252 4292 servire
1293 4238 1393 4306 legi
1449 4239 1576 4304 Dei;
1628 4238 1831 4292 servire
1875 4248 2052 4292 autem

564 4327 612 4361 “
636 4328 788 4381 llom.
820 4345 872 4394 v,
909 4329 1000 4382 20.
1075 4329 1121 4360 “
1150 4326 1195 4383 ll
1216 4328 1340 4384 Cor.
1373 4346 1454 4390 Iri.
1499 4329 1683 4386 l5-l7.

571 4417 684 4556 (76)
721 4418 871 4472 Alias
904 4437 916 4472 :
963 4436 982 4469 ι
1013 4422 1412 4487 uperahantur?
1442 4441 1460 4473 ι

571 4487 656 4556 (77
711 4487 808 4542 Ms.
846 4503 1019 4554 unus,
1056 4499 1106 4542 et
1137 4491 1264 4545 editi
1297 4508 1310 4544 :
1350 4509 1368 4541 ι
1397 4492 1460 4556 le;

568 4487 681 4556 (77)
711 4487 808 4542 Ms.
846 4499 1106 4560 unus,_et
1137 4491 1264 4545 editi
1297 4508 1310 4544 :
1350 4509 1368 4541 ι
1397 4492 1570 4560 legem
1611 4491 1756 4544 dicat
1782 4489 2053 4560 membro-

498 4572 642 4632 rum,
667 4573 807 4627 qua,
837 4577 861 4632 ξ.
896 4569 1003 4612 etc.
1035 4557 1291 4632 Rabanus
1319 4577 1333 4613 :
1368 4578 1386 4610 ι
1413 4557 1580 4632 legem
1600 4560 1749 4616 dicat
1778 4559 1834 4614 in
1873 4575 2050 4614 mem-

495 4627 611 4681 bris
647 4628 884 4695 operari,
913 4643 1032 4694 qua:
1075 4631 1313 4692 resistat,
1339 4651 1354 4682 ι
1387 4627 1494 4685 ειεῖ

567 4697 698 4770 (78)·
739 4697 877 4752 Editi
923 4714 936 4748 :
990 4715 1009 4748 ι
1037 4699 1306 4765 vixerint;
1333 4719 1354 4752 ι
1415 4710 1470 4754 ει
1518 4709 1706 4770 postea
1741 4713 1757 4751 :
1798 4716 1823 4752 ι.
1866 4695 2058 4754 afferat

494 4769 674 4822 morti.
709 4785 728 4818 ι

563 4836 686 4909 (79)-
717 4835 808 4892 Sic
849 4837 1050 4890 rectius
1082 4853 1194 4909 _ms.
1234 4854 1374 4892 ιιιιιιε
1422 4837 1621 4909 Regius
1681 4853 1828 4909 num.
1893 4837 2052 4892 1659.

494 4905 688 4960 Caeteri
735 4922 860 4959 vero
900 4923 1052 4974 mss.,
1082 4907 1358 4968 Rabanns,
1395 4917 1446 4959 et
1473 4905 1631 4970 editi,
1701 4927 1719 4957 ι
1745 4924 1770 4959 a
1807 4907 1946 4972 lege.
1998 4911 2048 4960 in

495 4991 600 5043 qua
629 4979 822 5047 mortui
859 4975 996 5046 (aL,
1023 4992 1098 5047 cia
1134 4977 1250 5046 lege
1269 4975 1614 5047 mortis,»)in
1635 4993 1736 5044 qua
1770 4979 2050 5031 detinebo-

497 5045 750 5114 inttraAb
780 5045 880 5098 hac
901 5061 1033 5113 ergo
1058 5046 1173 5114 lege
1199 5045 1341 5100 nunc
1371 5045 1530 5101 soluti
1566 5062 1753 5100 sumus
1774 5085 1789 5108 ,
1836 5051 2050 5112 quando

495 5115 613 5166 sine
637 5113 801 5169 dubio
830 5131 952 5169 cum
985 5113 1200 5170 Christo
1235 5119 1429 5170 mortui
1457 5133 1643 5171 sunms
1666 5125 1722 5168 et
1751 5117 2048 5184 consepulti

491 5195 617 5238 eum
645 5198 730 5245 eo,
754 5203 773 5235 ι
804 5195 910 5238 etc.

565 5251 680 5322 (80)
709 5254 848 5308 Editi
880 5268 897 5306 :
931 5272 951 5304 ι
980 5270 1008 5308 a
1033 5254 1150 5323 lege
1177 5256 1388 5320 mortis,
1413 5274 1432 5306 ι
1467 5255 1626 5309 male.

569 5323 683 5393 (8i)
711 5324 852 5395 Editi
874 5363 890 5387 ,
945 5342 965 5375 ι
1001 5336 1414 5395 consequenter,
1445 5343 1464 5377 ι
1523 5326 1715 5380 deinde
1746 5341 1848 5379 ms.
1887 5341 2046 5390 unus,

500 5395 686 5464 «quod
723 5394 776 5447 in
829 5408 993 5464 carne
1034 5394 1249 5462 quidem
1295 5398 1477 5463 positi,
1512 5413 1530 5446 ι
1568 5405 1698 5458 ete.,
1751 5405 1809 5449 et
1861 5408 2044 5464 pustea

493 5462 648 5532 editi,
686 5481 706 5514 ι
733 5473 791 5517 ιιι
821 5463 1172 5519 fructificaret
1219 5462 1414 5532 morti,
1453 5481 1555 5517 non
1593 5462 1900 5532 poteramus
1931 5482 2047 5518 ser-

497 5531 613 5603 vire
630 5534 852 5586 novitati
887 5533 1120 5603 Spiritus
1148 5531 1354 5589 Domiﬁi
1383 5553 1396 5587 :
1431 5536 1520 5588 illa
1551 5531 1628 5586 lex
1674 5536 2038 5590 membrorum

498 5600 793 5673 vivebatin
823 5600 995 5667 nobis,
1026 5607 1079 5660 in
1109 5609 1324 5659 modum
1355 5620 1460 5673 quo
1489 5621 1610 5670 nos,
1635 5623 1653 5654 ι
1686 5615 1792 5660 etc.

568 5669 679 5743 (82)
704 5671 868 5739 Editi,
901 5694 919 5726 ι
946 5675 1100 5731 liberi
1137 5691 1344 5733 smnus.
1372 5669 1392 5728 ἱ
1433 5669 1638 5732 Deinde
1671 5691 1771 5732 ms.
1817 5691 1956 5731 unus
1984 5684 2039 5730 et

2164 1879 2332 1920 mare.
2364 1863 2482 1930 Ipse
2510 1865 2655 1916 enim
2692 1863 2924 1930 Spiritus
2963 1873 3046 1914 est
3069 1861 3123 1914 in
3146 1859 3282 1926 lege,
3324 1857 3439 1924 ipse
3465 1856 3520 1909 in
3553 1856 3732 1908 Evan-

2161 1953 2323 2022 gelio,
2366 1954 2479 2021 ipse
2511 1968 2726 2020 semper
2747 1968 2868 2006 cum
2893 1951 3054 2005 Patre
3081 1959 3135 2005 et
3162 1949 3297 2003 Filio
3325 1956 3432 2013 est,
3481 1953 3539 2001 et
3583 1960 3722 2000 sem-

2161 2060 2257 2116 per
2283 2055 2389 2108 est,
2421 2056 2476 2100 et
2498 2055 2641 2110 erat,
2674 2055 2725 2099 et
2755 2045 2881 2107 erit,
2907 2045 3047 2098 sicut
3074 2041 3234 2096 Pater
3269 2049 3324 2096 et
3365 2039 3562 2094 Filius.
3614 2033 3736 2091 Non

2161 2149 2292 2203 ergo
2326 2135 2440 2203 ipse
2481 2149 2652 2189 novus
2676 2143 2780 2198 est,
2819 2135 2912 2189 sed
2961 2133 3245 2188 credentes
3294 2125 3576 2197 innovat,
3611 2142 3735 2183 eum

2161 2240 2310 2280 eosa
2343 2226 2620 2282 veteribus
2661 2225 2819 2280 malis
2869 2225 2934 2280 ad
2965 2239 3163 2281 novam
3197 2225 3367 2280 vitam
3425 2232 3481 2278 et
3537 2233 3735 2276 novam

2163 2317 2440 2387 religionis
2486 2317 2600 2388 (84)
2658 2317 2860 2372 Christi
2911 2317 3314 2373 observantiam
3369 2315 3619 2381 adducit,
3681 2321 3738 2369 et

2161 2409 2433 2479 spiritales
2465 2425 2532 2466 ex
2559 2410 2871 2464 carnalibus
2896 2408 3050 2466 facit.

2230 2501 2283 2556 8.
2315 2500 2483 2568 «Quid
2505 2515 2633 2570 ergo
2659 2501 2895 2556 dicemus
2913 2501 3063 2556 ηεξ
3081 2508 3360 2572 peccatum
3387 2501 3512 2555 est?
3534 2499 3697 2556 Absit
3713 2543 3732 2560 .

2161 2591 2267 2649 Sed
2296 2603 2577 2662 peccatum
2616 2608 2721 2646 non
2769 2595 3018 2663 cognovi,
3064 2593 3170 2650 nisi
3209 2606 3307 2663 per
3341 2592 3536 2661 legem.
3588 2590 3725 2646 Nam

2161 2685 2660 2754 concupiscentiam
2714 2685 3017 2739 nesciebam
3067 2684 3169 2740 nisi
3205 2683 3292 2740 lex
3325 2683 3530 2738 diceret
3566 2681 3726 2738 :Non

2161 2776 2535 2845 concupisces.
2570 2774 2871 2830 Occasione
2908 2785 3090 2829 autem
3134 2783 3353 2844 accepta
3376 2814 3402 2842 ι
3436 2781 3725 2843 peccatum

2160 2882 2258 2936 per
2287 2866 2602 2920 mandatum
2626 2876 2908 2932 operatum
2948 2873 3033 2919 est
3068 2865 3121 2919 in
3153 2880 3240 2921 me
3277 2879 3494 2920 omnem
3523 2879 3726 2919 concu-

2163 2957 2506 3028 piscentiam.
2561 2954 2692 3012 Sine
2742 2957 2857 3026 lege
2909 2959 3053 3012 enim
3110 2966 3390 3025 peccatum
3446 2965 3723 3011 mortuum

2162 3056 2298 3102 erat.
2328 3045 2441 3118 Ego
2463 3058 2645 3100 autem
2673 3047 2920 3103 vivebam
2968 3049 3088 3104 sine
3128 3049 3247 3118 lege
3275 3047 3584 3117 aliquando.
3613 3046 3723 3101 Sed

2161 3139 2248 3192 ubi
2272 3140 2422 3193 venit
2451 3140 2794 3202 mandatum,
2815 3151 3090 3208 peccatum
3127 3141 3342 3194 revixit.
3391 3139 3505 3209 Ego
3541 3149 3721 3193 autem

2161 3243 2403 3285 mortuus
2453 3247 2571 3284 sum
2605 3248 2619 3284 ;
2655 3241 2710 3285 et
2760 3232 3037 3285 inventum
3088 3241 3171 3286 est
3206 3231 3332 3284 mihi
3387 3231 3722 3293 mandatum,

2161 3324 2302 3392 quod
2328 3330 2446 3377 erat
2474 3325 2542 3375 ad
2573 3321 2758 3388 vitam,
2786 3323 2887 3376 hoc
2915 3337 3034 3376 esse
3058 3323 3124 3376 ad
3154 3331 3402 3376 mortem.
3434 3319 3724 3376 Peccatum

2159 3415 2304 3468 enim
2338 3416 2629 3469 occasione
2655 3423 2879 3483 accepta
2911 3429 3007 3483 per
3035 3417 3346 3468 mandatum
3371 3415 3588 3468 seduxit
3612 3426 3722 3478 me,

2163 3516 2219 3560 et
2249 3521 2345 3574 per
2373 3505 2503 3560 illud
2552 3506 2794 3559 occidit.
2834 3504 3022 3575 Itaque
3065 3506 3149 3559 lex
3181 3505 3404 3575 quidem
3435 3513 3642 3567 sancta,
3667 3513 3724 3558 et

2163 3599 2473 3650 mandatum
2504 3605 2777 3662 sanctum,
2811 3605 2868 3651 et
2897 3597 3126 3667 justum,
3177 3606 3230 3650 et
3278 3597 3506 3650 bonum.
3567 3595 3724 3662 Quod

2159 3704 2288 3759 ergo
2319 3688 2519 3741 bonum
2551 3699 2653 3751 εει,
2685 3687 2816 3741 mihi
2851 3703 2997 3742 mors
3049 3697 3133 3742 est
3176 3685 3336 3758 (85)?
3384 3688 3557 3742 Absit.
3617 3687 3724 3742 Sed

2160 3788 2466 3849 peccatum,
2499 3787 2556 3832 ut
2587 3787 2849 3848 appareat
2881 3789 3160 3848 peccatum
3180 3818 3194 3842 ,
3226 3793 3322 3848 per
3349 3779 3550 3833 bonum
3589 3781 3725 3834 mihi

2161 3879 2445 3940 operatum
2474 3877 2557 3923 est
2588 3877 2842 3934 mortem,
2873 3877 2932 3922 ut
2961 3868 3057 3922 ﬁat
3087 3884 3252 3938 supra
3289 3871 3503 3924 modum
3537 3886 3726 3940 pecca-

2162 3970 2247 4016 tor
2295 3962 2466 4031 ipsum
2504 3972 2784 4028 peccatum
2825 3977 2919 4030 per
2971 3963 3287 4014 mandatum
3327 3962 3394 4015 ⁸⁸.
3431 3980 3452 4013 ι
3521 3962 3577 4016 ln
3639 3964 3725 4018 his

2159 4050 2295 4106 locis
2339 4051 2545 4118 positos
2595 4050 2792 4103 crebro
2840 4063 2938 4103 nos
2970 4063 3192 4103 necesse
3217 4056 3300 4101 est
3327 4048 3393 4101 de
3422 4048 3598 4117 legum
3633 4050 3722 4101 di-

2162 4142 2513 4196 versitatibus
2538 4155 2888 4194 commonere
2918 4139 3052 4209 (86).
3089 4138 3202 4193 Hoc
3226 4140 3370 4192 enim
3413 4140 3528 4194 vult
3558 4139 3718 4209 581

2161 4234 2359 4290 Paulus
2386 4235 2478 4304 qui
2509 4234 2609 4289 sub
2634 4249 2741 4290 uno
2770 4234 2903 4304 legis
2935 4232 3153 4287 nomine
3179 4247 3396 4288 sensum
3426 4233 3493 4288 de
3523 4249 3626 4286 una
3654 4237 3724 4288 ad

1759 4330 1805 4361 “
1832 4329 1986 4384 Rom.
2017 4344 2112 4392 vn,
2152 4328 2184 4380 7
2213 4343 2367 4396 seqq.

2089 4425 2134 4477 Β
2165 4418 2439 4476 Bahanus,
2470 4434 2488 4466 ι
2517 4431 2824 4485 possumus.
2846 4433 2864 4466 ι
2892 4414 3044 4467 Alter
3076 4429 3176 4468 ms.
3221 4433 3238 4466 ι
3265 4425 3322 4468 ιιι
3354 4417 3644 4483 possimus.
3693 4437 3715 4472 ι

2236 4487 2353 4562 (85)
2388 4487 2546 4539 Male.
2591 4487 2750 4562 Deest
2791 4487 2842 4537 in
2899 4485 3242 4562 libr_i_s_a_nt_ea
3293 4486 3498 4562 editis._
3527 4487 3720 4562 Postea

2161 4555 2290 4610 vero
2327 4555 2423 4624 pro
2471 4574 2490 4607 ι
2518 4568 2572 4609 ιιι
2603 4559 2866 4619 dicerent,
2895 4573 2915 4604 ι
2948 4555 3074 4607 editi
3106 4555 3348 4618 habent,
3400 4575 3419 4604 ι
3451 4558 3540 4610 ubi
3571 4561 3720 4612 dice-

2163 4634 2345 4680 rent.)

2230 4695 2344 4829 (84)
2375 4693 2472 4748 Με.
2504 4711 2662 4757 unus,
2701 4711 2719 4742 ι
2746 4691 3067 4746 Christianae
3091 4693 3387 4760 religionis.
3414 4713 3433 4744 ι

2234 4765 2323 4829 (85
2379 4764 2540 4823 Editi,
2580 4781 2599 4813 ι
2627 4763 2756 4816 ιιιί1ιί
2798 4761 2995 4815 factucn
3028 4775 3112 4816 est
3149 4763 3330 4815 mors?
3360 4780 3380 4814 ι
3426 4766 3433 4817 l

2234 4761 2344 4831 (85)
2379 4764 2540 4823 Editi,
2580 4781 2599 4813 ι
2627 4763 2756 4816 ιιιί1ιί
2798 4761 2995 4815 factucn
3028 4775 3112 4816 est
3149 4763 3330 4815 mors?
3360 4780 3380 4814 ι
3426 4765 3520 4817 Ms.
3558 4781 3718 4832 illius,

2163 4853 2183 4886 ι
2210 4835 2340 4888 mihi
2367 4833 2565 4887 malum
2609 4843 2689 4887 est
2705 4833 2732 4886 Τ·
2756 4851 2776 4884 ι
2821 4835 2923 4886 Sed
2957 4833 3135 4885 cmteri
3184 4847 3317 4886 mss.
3355 4843 3414 4886 ut
3446 4837 3498 4886 in
3531 4847 3721 4891 nostro

2154 4915 2325 4960 textu.

2225 4973 2335 5043 (156)
2364 4972 2427 5025 In
2456 4973 2539 5026 his
2576 4972 2707 5043 locis
2737 4973 2932 5038 positos
2965 4970 3144 5024 crebro
3183 4989 3276 5028 nos
3322 4990 3526 5029 necesse
3553 4988 3625 5027 est
3655 4979 3721 5028 de

2153 5042 2324 5112 legum
2355 5042 2749 5095 diversitatibus
2780 5058 3130 5108 commonere,
3161 5053 3272 5096 etc.
3315 5043 3430 5097 Huc
3474 5045 3719 5098 referen-

2153 5116 2278 5165 dum
2303 5113 2518 5165 videtur
2540 5112 2898 5178 fragmentum
2923 5112 3166 5164 (mecum
3193 5115 3334 5181 quod
3355 5129 3385 5164 ε
3402 5125 3554 5179 parte
3577 5131 3720 5167 noua

2157 5185 2208 5235 in
2244 5185 2386 5236 hanc
2410 5181 2705 5249 Epistolam
2739 5182 2801 5234 ad
2828 5181 3096 5234 Romanos
3124 5184 3468 5248 desumptum
3491 5184 3718 5238 exhibet

2153 5262 2315 5320 caput
2347 5248 2545 5304 nonum
2578 5248 2890 5320 Philocaliae
2910 5289 2928 5313 ,
2952 5251 3095 5305 unde
3133 5251 3328 5304 iterum
3359 5253 3568 5320 discere
3595 5256 3722 5307 licet

2154 5318 2316 5390 quam
2345 5322 2506 5373 infida
2529 5321 2598 5374 sit
2622 5319 2798 5372 Rufini
2819 5321 3190 5390 interpretatio
3214 5340 3226 5374 :
3259 5340 3277 5371 ι
3298 5321 3365 5373 Τί
3387 5318 3480 5374 οὖν
3504 5338 3519 5387 ;
3551 5323 3607 5376 '0
3628 5323 3721 5375 v6-

2156 5387 2254 5463 μος
2294 5391 2569 5463 impria;
2609 5410 2628 5441 ι
2666 5392 2778 5459 Οὐχ
2805 5387 3008 5463 ὥσπερ
3048 5390 3223 5463 ὃνομᾳ
3259 5391 3318 5463 ἓν
3364 5393 3481 5444 ἐστι
3530 5393 3718 5463 νόμος.

2152 5456 2294 5514 ὀῦτω
2322 5456 2424 5533 aco).
2443 5456 2523 5524 εἷς
2548 5465 2576 5515 ὁ
2604 5463 2730 5533 περὶ
2747 5456 2922 5530 ’ὑόμου
2953 5456 3226 5533 advenio?)
3384 5456 3722 5533 I‘pacpﬁg'lo-

2146 5548 2258 5598 γος.
2303 5531 2392 5582 Διὸ
2439 5533 2556 5584 καθ’
2605 5530 2833 5584 ἓκὰστον
2878 5530 2983 5603 χρὴ
3017 5531 3190 5603 *τόπᾳν
3235 5530 3403 5603 αὐτῆς
3432 5530 3722 5603 ἐπιμελῶς

2145 5603 2508 5698 ἐξιστήσαντα
2537 5602 2826 5698 Θεωρῑλμσαι,
2851 5600 2946 5688 νῆν
2974 5600 3072 5698 iis:
3099 5601 3151 5651 τί
3183 5600 3503 5698 aquatius-rat
3532 5600 3596 5655 ἐκ
3616 5603 3723 5698 (πῆς

2145 5691 2157 5698 .
2195 5689 2386 5698 ...Αυυη
2405 5673 2514 5698 ..-Ξὲ-
2559 5672 2702 5698 ...Ἳμέ
2752 5671 2803 5698 _.'
2833 5687 2984 5698 μοι..-
3038 5669 3277 5698 -.ηαδ-Α..
3331 5675 3500 5698 ...ωηιξη
3555 5674 3602 5698 ’Δ
3647 5673 3714 5698 ξι.

2144 5671 2310 5744 νόμου
2327 5669 2532 5744 φωνῆς,
2559 5669 2658 5725 νῠνί
2675 5669 2729 5724 δὲ
2752 5671 2804 5725 τί
2833 5671 2936 5744 χρὴ
2955 5669 3015 5723 τὸ
3038 5669 3277 5724 τοιοῦτόν
3303 5673 3520 5736 ἐννοεῖν.
3555 5669 3715 5728 Ἀλλὰ
