4146 6418
504 295 644 351 1079

1963 302 2120 358 OBlG
2130 303 2280 359 ΕΝῘὸ

3605 310 3627 363 l
3638 305 3741 364 680

504 412 871 468 deferentibus
895 414 948 468 in
972 414 1257 484 propatulo
1285 428 1636 486 ponerentur,
1658 427 1712 474 et
1741 419 1984 488 pedibus,
2010 432 2068 473 ut
2097 431 2142 484 Α
2171 423 2304 478 Cain
2335 433 2614 491 peccatum
2639 439 2794 479 suum
2823 433 2878 478 et
2905 424 3039 478 dixit
3067 441 3082 476 τ
3117 440 3137 474 ι
3161 421 3328 490 Maius
3357 432 3438 478 est
3463 435 3739 493 peccatum

501 504 578 560 ita
607 505 860 569 dixerim,
893 507 1257 563 conculcanda
1306 510 1682 564 traderentur:
1712 511 1805 564 sed
1837 521 1894 564 ut
1921 549 1936 572 ,
1984 527 2070 564 se-

499 597 737 650 cundum
768 611 830 650 ea
860 611 980 665 qua:
1004 611 1162 666 supra
1208 613 1306 668 per
1345 601 1632 667 quamdam
1664 600 2068 654 similitudinem

500 686 757 751 diximus,
783 687 1097 755 mysterium
1119 689 1203 743 sui
1227 688 1370 759 regis
1397 689 1464 743 ad
1494 705 1693 759 paucos
1722 701 1778 744 et
1804 689 2070 746 occultius

501 775 825 845 perveniret.
857 776 946 829 Ait
975 777 1198 846 itaque:
1231 797 1250 831 ι
1289 779 1430 844 Quid
1468 795 1599 850 ergo
1641 779 1925 834 dicemus?
1959 779 2069 833 Lex

503 873 785 933 peccatum
838 876 920 921 est
943 867 1032 920 “?
1067 887 1088 922 ι
1150 868 1398 934 Potasti,
1455 871 1661 940 inquit,
1699 887 1782 924 me
1839 873 1904 925 de
1953 871 2071 940 lege

501 954 674 1026 Moysi
716 957 896 1012 dicere
935 959 1062 1027 quia
1108 970 1390 1028 peccatum
1421 962 1546 1016 est?
1578 980 1596 1013 ι
1629 961 1820 1022 Absit,
1847 962 2006 1015 absit.
2043 980 2063 1012 ι

499 1049 584 1102 Ad
622 1058 909 1118 utrumque
937 1049 1169 1106 suﬁiciat
1197 1055 1322 1121 quia
1348 1069 1521 1122 neque
1547 1055 1613 1108 dc
1643 1053 1956 1124 lege-Moysi
1991 1054 2069 1107 lo-

499 1155 641 1211 quor
664 1181 680 1207 ,
714 1155 889 1211 neque
917 1142 985 1196 de
1019 1143 1128 1212 ipsa
1161 1145 1283 1199 dico
1314 1147 1438 1214 quia
1487 1157 1764 1214 peccatum
1795 1156 1915 1200 est:
1951 1147 2064 1210 sed,

500 1248 522 1282 ι
561 1231 848 1288 Peccatum
879 1249 985 1288 non
1015 1237 1242 1304 cognovi
1275 1237 1374 1289 nisi
1416 1252 1510 1305 per
1540 1236 1731 1306 legem.
1768 1235 1899 1290 Nam
1939 1251 2068 1291 con-

498 1329 892 1395 cupiscentiam
919 1329 1246 1392 nesciebam,
1279 1330 1381 1383 nisi
1415 1330 1496 1384 lex
1525 1329 1730 1384 diceret
1755 1347 1768 1383 :
1800 1328 1914 1383 Non
1937 1343 2070 1384 con-

498 1421 746 1486 cupisces
777 1421 843 1473 ⁸⁷.
893 1439 911 1473 ι
947 1419 1208 1491 Intellige,
1243 1421 1436 1490 inquit,
1470 1421 1535 1476 de
1563 1436 1668 1490 qua
1697 1420 1814 1490 lege
1849 1420 2061 1488 loquar,

498 1524 620 1577 qua:
653 1509 765 1582 (89)
811 1512 909 1565 nisi
952 1521 1132 1574 esset,
1174 1521 1455 1578 peccatum
1489 1525 1647 1565 nemo
1690 1519 2066 1579 cognosceret.

497 1600 751 1669 Nunquid
785 1601 950 1672 Moysi
998 1604 1080 1655 lex
1131 1613 1215 1655 est
1261 1617 1358 1670 per
1405 1617 1570 1671 quam
1603 1603 1774 1656 Adam
1816 1602 2071 1670 cognovit

497 1703 776 1765 peccatum
812 1709 967 1748 suum
993 1733 1010 1760 ,
1053 1705 1107 1750 et
1143 1692 1427 1749 abscondit
1459 1709 1519 1749 se
1562 1708 1592 1746 a
1632 1702 1928 1761 conspectu
1963 1692 2068 1746 Do-

499 1785 630 1839 mini
662 1784 750 1839 “?
783 1785 1038 1854 Nunquid
1067 1784 1237 1857 Moysi
1273 1784 1357 1838 lex
1388 1793 1470 1840 est
1497 1800 1595 1854 per
1617 1799 1776 1855 quam
1806 1784 2062 1855 cognovit

567 1986 614 2018 “
655 1984 811 2038 Rom.
855 1999 954 2044 vn.
997 1983 1049 2036 'l.
1150 1983 1361 2040 "ibid.
1393 1986 1446 2040 7.
1552 1987 1599 2019 ⁸⁸
1637 1986 1772 2042 Gen.
1813 2000 1896 2041 ιιι.
1930 1985 1964 2040 8

498 2055 544 2089 ν’
576 2055 618 2113 ιι
638 2057 763 2110 Cor.
788 2070 871 2118 ιιι,
891 2056 945 2110 5.

495 2237 704 2306 Moysi-3
755 2235 926 2306 legem
948 2272 963 2295 ,
999 2247 1120 2302 qua:
1165 2233 1397 2306 imperat
1430 2231 1702 2306 facienda
1730 2231 1796 2285 iis
1828 2231 1924 2306 qui
1967 2231 2064 2306 ipsi

499 2301 944 2373 subjaceutIlloc
975 2301 1152 2373 antem
1179 2304 1488 2356 declaratur
1519 2303 1570 2355 in
1606 2303 1793 2357 eadem
1828 2301 2060 2373 Epistula

497 2389 553 2431 et
597 2371 679 2430 his
723 2375 900 2427 verbis
936 2388 951 2426 :
1011 2371 1116 2426 Lex
1159 2374 1296 2426 enim
1351 2381 1564 2439 propter
1625 2371 2062 2440 transgressiones

497 2447 667 2514 posita
701 2453 778 2498 est
801 2485 814 2507 ,
847 2445 1012 2496 donee
1042 2442 1236 2514 iacuerit
1276 2441 1563 2514 senten_cui
1598 2446 1916 2514 promisistin
1955 2451 2063 2502 est,

500 2509 747 2569 ordinata
777 2530 867 2584 per
898 2513 1109 2584 angelos
1148 2513 1202 2564 in
1231 2528 1388 2584 manu
1415 2509 1726 2584 Mediatoris
1754 2509 2060 2584 (Galatnttl,

501 2587 627 2654 19);
678 2594 734 2654 et
776 2583 860 2638 his
911 2599 926 2636 :
977 2579 1122 2634 Adeo
1170 2594 1222 2654 ut
1249 2583 1352 2654 lea:
1380 2588 1554 2654 noster
1589 2581 1902 2654 pwdagogus
1943 2579 2062 2654 fue-

501 2649 582 2708 rit'
597 2657 653 2708 in
679 2652 968 2714 Christum,
1000 2661 1054 2704 ut
1092 2667 1158 2704 ea:
1183 2649 1286 2718 ﬁde
1301 2649 1659 2718 justiﬁcemur
1684 2663 1701 2700 :
1729 2649 1780 2704 at
1809 2651 1895 2703 ubi
1921 2649 2061 2718 uenit

503 2727 657 2794 ﬁdes,
681 2739 782 2774 non
797 2723 915 2792 jam
928 2721 1029 2794 sub
1053 2717 1337 2794 ptedag‘ogo
1358 2717 1558 2794 sumus.
1591 2717 1944 2794 OmnesAenim
1965 2717 2064 2794 ﬁlii

505 2783 598 2848 Diri
643 2783 762 2847 estis
794 2783 886 2860 per
908 2783 1064 2858 ﬁdem
1093 2792 1147 2844 in
1172 2783 1379 2860 Christo
1413 2787 1541 2860 Iesu
1597 2789 1729 2844 ibid.
1916 2783 2058 2853 seq.)

498 2861 660 2933 Legis
671 2857 833 2916 etiam
853 2857 1068 2933 nemine
1083 2859 1415 2933 significatur
1433 2858 1808 2933 historiaapud
1822 2857 2068 2933 Moysem

501 2926 794 3000 descripta,
834 2926 1284 3000 quemadmodum
1316 2943 1469 3000 exea
1496 2929 1609 3000 ipsa
1635 2926 1870 3000 Epistula
1903 2926 2069 3000 disci-

500 3020 621 3059 mus
664 2996 748 3056 liis
793 2996 973 3054 verbis
1019 3017 1033 3052 :
1092 2999 1259 3053 Dicite
1302 2998 1466 3059 mihi,
1519 2997 1610 3065 qui
1648 2997 1742 3049 sub
1775 2997 1882 3066 lege
1911 2996 2068 3050 vultis

499 3090 630 3137 esse,
665 3072 762 3139 legi
792 3086 894 3124 non
923 3070 1238 3123 auscultatis
1262 3085 1280 3131 ;
1320 3068 1568 3134 scriptum
1590 3069 1826 3139 estenim
1855 3081 1874 3119 :
1898 3067 2068 3119 Abra-

501 3146 624 3197 ham
659 3136 790 3195 duos
831 3139 972 3206 ﬁlios
1011 3140 1215 3202 habuit,
1257 3154 1417 3191 unum
1448 3151 1514 3189 ea:
1541 3136 1769 3196 ancilla,
1819 3145 1870 3189 et
1905 3151 2068 3188 unum

497 3229 563 3267 e1:
584 3214 779 3277 libera;
810 3212 899 3266 sed
917 3211 1006 3278 qui
1036 3225 1100 3263 ex
1125 3207 1642 3278 ancilla,secundum
1665 3222 1880 3278 carnem
1897 3216 2066 3278 _na_tus

499 3291 608 3347 est;
653 3282 742 3349 qui
759 3273 945 3333 autem
979 3294 1043 3332 ea:
1082 3279 1395 3349 liber-upper
1433 3273 2062 3349 promissionemlﬂalat.

501 3344 675 3415 tv,“2l
729 3350 870 3418 seq.)
909 3349 1035 3402 Scio
1089 3359 1139 3402 et
1179 3347 1440 3418 lfsalmos
1468 3346 1637 3415 legem
1677 3344 1970 3418 appellari,
2008 3353 2067 3418 ut

503 3421 719 3487 planum
766 3415 862 3475 est
892 3435 956 3474 ex
1009 3419 1075 3472 iis
1128 3440 1140 3472 :
1192 3415 1262 3471 Ut
1317 3415 1596 3487 impleatur
1643 3431 1811 3468 sermo
1867 3415 1958 3482 qui
2001 3415 2066 3487 in

498 3484 609 3559 lege
646 3492 878 3551 ipsorum
907 3491 1134 3559 scriptus
1163 3498 1238 3540 est
1271 3502 1298 3559 :_
1323 3485 1462 3559 Quia
1503 3487 1721 3559 oderunt
1760 3500 1842 3559 me
1874 3484 2062 3554 gratis.

499 3553 686 3630 (J'oan.
737 3575 832 3628 xv,
879 3553 1150 3630 Sed
1185 3565 1238 3611 et
1279 3555 1430 3630 Isaia;
1454 3553 1767 3630 vaticinium
1794 3553 1885 3607 lex
1907 3569 2064 3630 voca-

503 3622 590 3683 tur
615 3629 684 3682 ab
716 3622 975 3696 Apostolo
996 3626 1208 3682 dicente
1248 3640 1264 3679 :
1300 3625 1367 3678 In
1393 3624 1518 3696 lege
1554 3623 1805 3696 scriptum
1835 3633 1963 3696 est:
1995 3622 2062 3676 Et

497 3700 553 3753 in
589 3700 710 3752 aliis
740 3693 934 3766 linguis
959 3707 1006 3751 et
1040 3696 1194 3750 labiis
1226 3696 1346 3748 aliis
1385 3693 1573 3766 loqunr
1608 3693 1978 3766 populo_huic,
2012 3703 2063 3746 et

501 3785 662 3836 neque
702 3770 776 3821 sic
816 3761 1031 3821 audient
1074 3782 1174 3828 me,
1221 3767 1347 3818 dicit
1379 3761 1636 3836 Dominus
1678 3761 1755 3836 '(l_
1780 3761 1903 3820 Cor.
1951 3778 2060 3824 xlv,

496 3833 613 3906 ull).
677 3838 856 3892 lmeni
909 3837 1052 3891 enim
1099 3836 1151 3888 iu
1188 3836 1391 3906 Aquilae
1423 3833 1897 3906 interpretatione,
1941 3848 2063 3906 qua:

501 3903 627 3960 huic
663 3909 808 3962 dicto
854 3921 918 3960 ex
957 3920 1110 3972 aquo
1155 3905 1563 3972 responderent.
1608 3903 1812 3956 Dicitur
1855 3911 1910 3955 et
1952 3905 2062 3965 lex,

499 3977 804 4032 abstrusior
821 3975 1122 4030 etdivinior
1143 3975 1276 4040 legis
1299 3972 1672 4040 intelligentia,
1699 3973 1855 4026 sicuti
1889 3973 1938 4024 in
1960 3975 2063 4027 hoc

500 4049 620 4101 loco
673 4062 688 4101 :
736 4046 946 4102 Scimus
990 4046 1126 4098 enim
1177 4043 1340 4112 legem
1386 4057 1498 4095 esse
1549 4041 1836 4109 spiritalem
1887 4042 2058 4112 (Rom.

496 4097 611 4180 vii;
645 4097 769 4183 ιῖιιῖ
788 4097 1185 4179 iAdwhtecplex
1213 4097 1432 4183 dicitur,
1463 4097 1586 4179 quae
1601 4097 2060 4183 secuudnm‘com-
2088 4097 2132 4158 C

499 4179 721 4242 munem
757 4200 998 4247 sensum,
1049 4186 1247 4238 animos
1276 4182 1433 4236 insita
1461 4191 1578 4248 εει,
1619 4191 1692 4243 et,
1730 4190 1788 4232 ut
1823 4179 2062 4249 loquitur

498 4256 806 4324 Scriptura,
836 4255 1100 4322 inscripta
1126 4253 1307 4324 cordi,
1340 4253 1615 4324 imperans
1638 4266 1759 4324 qua:
1789 4249 2060 4324 facienda,

497 4337 552 4379 et
577 4321 770 4380 vetans
793 4340 913 4394 qua:
952 4321 1059 4379 nOn
1091 4323 1359 4384 facienda,
1389 4321 1612 4394 quodet
1644 4322 1729 4375 his
1752 4321 1936 4394 verbis
1963 4323 2060 4375 de-

496 4395 738 4450 claratur
794 4391 827 4449 ί
863 4394 991 4448 Cum
1020 4395 1155 4447 enim
1189 4403 1360 4461 gentes
1384 4408 1500 4461 qum
1524 4391 1686 4460 legem
1710 4407 1811 4444 non
1846 4391 2061 4454 habent,

497 4478 714 4531 natura,
751 4481 869 4534 qua:
909 4465 1035 4533 legis
1067 4472 1210 4534 sunt,
1242 4463 1490 4534 faciant:
1520 4461 1574 4513 hi
1617 4465 1703 4529 qui
1752 4461 1915 4529 legem
1940 4477 2062 4534 _non

496 4528 712 4596 habent,
757 4528 858 4588 Sibi
897 4528 997 4601 ipsi
1027 4543 1149 4586 sunt
1194 4532 1298 4594 lex,
1344 4532 1431 4600 qui
1462 4528 1740 4582 ostendunt
1777 4528 1903 4601 opus
1931 4528 2061 4598 legis

495 4606 750 4671 scriptum
799 4604 857 4658 in
902 4599 1728 4671 cordibusisuis,testimonium
1767 4599 2062 4664 perhibeute

495 4670 730 4742 ipsorum
769 4674 1090 4729 conscientia
1130 4670 1308 4742 (Rom.
1355 4685 1414 4735 lt,
1455 4670 1543 4742 H,
1590 4671 1698 4739 l5).
1759 4673 1889 4734 Qtue
1916 4671 2060 4723 enim

496 4740 553 4799 in
591 4744 849 4798 cordibus
885 4747 1084 4811 scripta
1129 4740 1213 4794 est
1243 4740 1327 4795 lex
1350 4780 1365 4804 ,
1413 4750 1468 4793 et
1501 4741 1552 4811 in
1586 4742 1839 4811 gentibus
1868 4752 2059 4793 natura

497 4829 618 4882 quae
659 4815 745 4868 lex
769 4813 924 4883 jubet
953 4809 1313 4874 facientibus,
1346 4825 1452 4863 non
1482 4810 1582 4862 alia
1618 4820 1700 4883 est
1725 4809 1792 4862 ab
1826 4824 1911 4883 ea,
1943 4824 2063 4878 qua:

497 4879 790 4937 secundum
827 4896 1171 4937 communem
1214 4896 1430 4934 sensum
1470 4890 1660 4932 natura
1686 4879 1941 4946 inscripta
1981 4888 2064 4931 est

496 4955 724 5022 principi
760 4955 897 5022 parti
931 4964 1150 5015 nostrze,
1181 4960 1236 5003 et
1269 4967 1386 5019 qum
1413 4950 1656 5022 quotidie
1685 4964 1803 5022 cum
1835 4949 2064 5022 rationis

497 5019 833 5094 perfectione
875 5039 938 5077 ac
975 5022 1439 5094 consummatione
1492 5019 1812 5094 adultiorﬁt
1846 5030 1901 5072 et
1928 5019 2059 5094 soli-

496 5086 636 5146 Iliur.
666 5091 764 5148 llic
782 5103 899 5147 crat
927 5093 1058 5160 tegis
1088 5089 1427 5159 signiﬁcatus
1459 5099 1514 5144 et
1537 5090 1586 5160 iu
1614 5089 1716 5160 hoc
1735 5090 1851 5142 loco
1879 5106 1893 5142 :
1932 5086 2064 5160 [fec-

496 5173 672 5217 catum
716 5181 818 5218 non
838 5155 1285 5226 [imputatur-cum
1313 5176 1414 5212 non
1441 5170 1516 5214 est
1541 5159 1624 5210 lea:
1655 5155 1828 5226 (Rom.
1861 5173 1912 5222 ν,
1935 5158 2057 5227 13);

495 5246 551 5303 et
587 5235 638 5288 in
671 5235 772 5288 hoc
819 5248 832 5286 :
888 5233 1171 5303 Peccatum
1222 5247 1324 5284 non
1364 5229 1578 5303 cognoui
1628 5228 1862 5303 nisi_per
1898 5231 2062 5298 legem

497 5301 670 5367 (Rom.
707 5319 801 5367 vu,
833 5303 919 5372 7);
960 5313 1084 5355 ante
1115 5301 1285 5370 legem
1330 5297 1478 5372 enim
1503 5299 1706 5372 Moysis
1741 5297 2060 5372 imputatum

493 5385 573 5425 cst
611 5369 888 5440 peccatum
921 5382 974 5426 et
1009 5372 1138 5425 Cain
1160 5369 1189 5434 ,ί
1206 5379 1259 5424 ει
1296 5371 1384 5436 qui
1409 5369 1606 5440 diluvio
1639 5369 2055 5440 absorptisunt,

2173 531 2374 576 meum,
2397 531 2556 584 quam
2585 526 2644 569 ut
2679 515 2952 583 relinquar
2977 514 3069 567 “7
3099 533 3117 566 ι
3153 519 3258 567 Aut
3286 528 3384 580 per
3410 529 3570 582 quam
3601 515 3742 569 Pha—

2171 621 2267 660 rao
2299 606 2551 675 cognovit
2591 617 2873 674 peccatum
2905 619 3092 667 suum,
3123 614 3178 655 et
3217 602 3390 656 dixit:
3426 621 3445 653 ι
3484 603 3741 658 Dominus

2169 698 2343 766 justus
2375 707 2478 762 est,
2511 711 2611 766 ego
2639 706 2819 750 autem
2861 705 2916 747 et
2957 693 3182 763 populus
3228 708 3378 746 meus
3420 693 3565 761 impii
3589 693 3683 746 ὀἳ
3715 711 3735 744 s

2170 788 2321 854 Quod
2351 789 2394 842 si
2441 789 2492 841 hi
2525 801 2737 850 omnes,
2769 787 2965 856 aliique
3003 786 3267 840 innumeri
3309 794 3433 840 ante
3461 785 3626 856 Moysi
3663 785 3742 839 le-

2170 895 2288 948 gem
2319 887 2691 948 cognoverunt
2736 888 3011 947 peccatum
3058 892 3210 931 suum
3237 916 3252 937 ,
3300 892 3403 928 non
3437 875 3599 946 582
3638 879 3744 932 erit

2171 969 2288 1023 sine
2319 969 2481 1024 dubio
2516 969 2682 1038 Moysi
2718 969 2803 1023 lex
2849 971 2914 1021 de
2951 981 3055 1036 qua
3101 967 3236 1020 dic-it
3264 967 3574 1038 Apostolus,
3610 967 3736 1034 quia

2175 1077 2193 1110 ι
2229 1068 2509 1125 peccatum
2543 1074 2647 1111 non
2683 1055 2910 1125 cognovi
2946 1055 3046 1109 nisi
3091 1070 3188 1124 per
3229 1055 3398 1122 legem
3429 1056 3508 1119 τίς
3547 1071 3568 1104 ι
3598 1065 3652 1107 ει
3675 1055 3743 1107 de

2169 1163 2274 1218 qua
2309 1148 2439 1203 dicit
2466 1147 2616 1218 (90):
2673 1164 2692 1199 ι
2729 1147 3238 1214 Concupiscentiam
3284 1145 3590 1200 nesciebam
3639 1143 3738 1197 nisi

2171 1245 2252 1298 lex
2280 1244 2486 1298 diceret
2517 1259 2530 1297 :
2567 1242 2686 1296 Non
2716 1239 3066 1308 concupisces
3092 1257 3106 1304 ;
3145 1257 3164 1289 ι
3199 1239 3294 1294 sed
3321 1246 3405 1292 est
3435 1240 3524 1291 illa
3558 1237 3643 1291 lex
3675 1242 3743 1290 de

2169 1351 2271 1405 qua
2300 1335 2610 1403 frequenter
2635 1331 2872 1384 diximus
2891 1369 2907 1395 ,
2937 1343 3054 1397 quae
3085 1329 3137 1382 iu
3184 1330 3458 1382 hominum
3487 1329 3744 1381 cordibus

2176 1445 2193 1476 ι
2225 1426 2426 1496 scripta
2451 1437 2555 1487 est,
2575 1439 2676 1477 non
2704 1429 3027 1485 atramento,
3051 1423 3143 1475 sed
3167 1421 3370 1489 Spiritu
3397 1419 3485 1472 Dei
3509 1419 3613 1471 vivi
3634 1419 3735 1480 ⁷·,ι

2168 1528 2224 1572 ει
2257 1519 2416 1571 docet
2440 1529 2875 1583 unumquemque
2906 1514 3034 1582 quid
3066 1513 3335 1582 agendum
3367 1513 3458 1576 sit,
3492 1512 3616 1578 quid
3652 1526 3742 1562 ca-

2174 1609 2424 1660 vendum.
2456 1606 2572 1674 Ipsa
2603 1614 2688 1658 est
2718 1619 2849 1674 ergo
2900 1618 2996 1670 per
3039 1618 3222 1672 quam
3247 1603 3523 1671 cognoscit
3578 1602 3741 1653 homo

2170 1708 2450 1768 peccatum
2481 1712 2657 1751 suum.
2686 1697 2884 1762 Aperte
2935 1695 3023 1748 hic
3057 1694 3355 1746 naturalem
3408 1693 3578 1761 legem
3607 1693 3741 1745 dicit

2172 1787 2358 1841 tandiu
2391 1784 2625 1856 ignorari
2676 1798 2704 1836 a
2757 1781 2946 1848 nobis,
2975 1781 3216 1850 quandiu
3265 1779 3438 1833 aetatis
3485 1793 3740 1847 processu

2669 1980 2716 2011 ⁷ο
2757 1979 2923 2034 Exod.
2957 1995 3033 2043 ιι,
3070 1978 3158 2032 27.
3261 1978 3306 2010 ’³
3351 1976 3507 2034 Rom.
3542 1993 3639 2044 vu,
3684 1979 3738 2031 ’1.

2175 1984 2308 2040 Gen.
2366 2000 2437 2048 tv,
2483 1984 2569 2037 l5.

2174 2247 2371 2284 menses
2404 2246 2672 2298 superesse
2700 2240 2752 2286 et
2788 2233 2966 2287 messis
2988 2233 3128 2287 venit
3149 2232 3176 2286 .9
3193 2231 3432 2286 Attollite
3453 2231 3652 2296 oculos,
3689 2247 3741 2289 et

2174 2301 2341 2372 ridete
2396 2302 2668 2372 regiones,
2724 2305 2850 2371 quin
2892 2304 3006 2372 jam
3055 2303 3187 2356 albte
3231 2313 3349 2372 sunt
3400 2308 3466 2354 ad
3526 2319 3740 2358 messem

2174 2371 2353 2439 (Joan.
2412 2386 2502 2433 tv,
2567 2371 2676 2433 55).
2755 2374 2842 2425 Bis
2895 2371 3052 2426 enim
3103 2371 3297 2426 messis
3364 2372 3736 2426 nominatur:

2173 2442 2321 2508 prius
2344 2441 2559 2506 quidem
2588 2443 2652 2494 ad
2671 2458 2988 2510 corpoream
3013 2455 3237 2495 messem
3258 2440 3525 2502 refertur;
3562 2455 3740 2509 poste-

2175 2510 2289 2563 rius
2317 2525 2445 2564 vcro
2477 2510 2543 2563 ad
2576 2528 2805 2565 messem
2855 2513 3098 2579 spiritus.
3141 2512 3328 2565 Simile
3367 2521 3547 2563 autem
3586 2513 3738 2568 inve-

2172 2580 2290 2633 nies
2323 2581 2376 2633 in
2409 2595 2550 2634 caeco
2581 2583 2647 2632 ab
2677 2581 2792 2648 ipso
2827 2593 2951 2650 natu
2982 2591 3203 2641 curato,
3235 2582 3318 2634 cui
3353 2582 3464 2634 lia'c
3505 2580 3742 2650 loquitur

2171 2664 2398 2716 corpore
2449 2651 2751 2704 caecutieuti
2811 2669 2824 2705 :
2877 2649 2988 2719 Ego
3043 2653 3113 2702 ad
3161 2652 3425 2720 judicium
3493 2652 3547 2703 in
3579 2649 3739 2704 hunc

2169 2719 2420 2789 mundum
2457 2720 2590 2781 veni,
2624 2722 2795 2789 utqui
2833 2739 2932 2773 non
2960 2719 3169 2778 vident,
3194 2721 3400 2789 rideant
3422 2761 3436 2783 ,
3463 2731 3509 2770 et
3539 2723 3630 2788 qui
3662 2723 3739 2774 ai-

2170 2787 2324 2850 deut,
2385 2789 2508 2841 cceci
2548 2790 2677 2855 ﬁant
2715 2787 2929 2857 ‘(Joan.
2981 2807 3069 2851 Ix,
3119 2789 3229 2856 39).
3276 2788 3365 2843 Sic
3411 2800 3467 2842 et
3517 2787 3739 2845 :VNune

2167 2859 2292 2928 sine
2308 2858 2414 2928 lege
2442 2867 2645 2912 natura:
2664 2861 2874 2927 justitia
2900 2859 2993 2913 Dei
3025 2861 3291 2928 apparuit,
3335 2860 3632 2928 testimonio
3660 2860 3736 2914 le-

2169 2929 2246 2998 gis
2267 2926 2466 2997 Moysis
2501 2937 2548 2980 et
2571 2926 2941 2998 prophetarum
2958 2926 3308 2997 prrenuntiata
3324 2926 3496 2995 (Rom.
3519 2944 3600 2990 ιιι,
3618 2930 3735 2998 2i);

2169 2997 2399 3068 dixerim
2431 3012 2560 3051 vero
2586 2997 2779 3068 iisqui
2821 3000 3069 3054 dubitant
3100 2999 3365 3066 duplicem
3397 2999 3530 3068 legis
3564 2997 3736 3068 signi-

2171 3067 2715 3136 llcatumirecipere,’
2736 3070 2781 3124 si
2820 3069 2904 3122 lex
2931 3070 3123 3123 eadem
3157 3068 3424 3136 accipitur
3459 3067 3513 3120 et
3547 3070 3598 3121 in
3621 3067 3736 3125 hoc

2169 3133 2346 3208 loco“:
2385 3133 2551 3208 Nune
2583 3148 2757 3191 autem
2797 3141 2909 3192 sine
2945 3138 3056 3208 lege
3083 3133 3291 3205 justitia
3317 3137 3411 3190 Dei
3451 3138 3654 3208 illuxit,
3681 3151 3738 3195 et

2171 3205 2223 3258 in
2271 3205 2362 3278 illo
2403 3222 2419 3261 :
2464 3207 2504 3258 A
2535 3206 2644 3275 lege
2676 3219 2725 3262 et
2775 3205 3037 3278 prophetis
3070 3209 3447 3275 pra’nunliata.
3507 3207 3561 3261 Si
3609 3205 3735 3263 alus-

2167 3288 2273 3343 que
2314 3277 2431 3347 lege
2466 3278 2739 3345 apparuit,
2768 3277 2870 3331 non
2904 3293 2931 3330 a
2963 3279 3098 3346 legis
3131 3279 3440 3332 testimonio
3476 3293 3730 3344 praenun-

2170 3347 2334 3400 tiatur
2362 3365 2376 3401 :
2408 3347 2452 3402 si
2495 3361 2639 3400 νει-οι
2659 3347 2791 3415 legis
2834 3349 3145 3401 testimonio
3172 3347 3588 3416 comprobatur,
3625 3366 3732 3404 non

2167 3416 2286 3488 sine
2321 3418 2436 3485 lege
2459 3416 2730 3488 declarata
2753 3428 2856 3471 est.
2883 3415 3157 3472 Justitiam
3196 3415 3374 3485 itaque
3415 3417 3531 3481 Dei,
3559 3434 3677 3488 qua:
3698 3437 3730 3474 ει

2166 3483 2291 3539 Jesu
2312 3483 2528 3541 Clirislo
2551 3487 2818 3540 declarata
2857 3498 2962 3549 est,
2993 3483 3331 3556 nequaquam
3359 3502 3457 3541 suo
3491 3483 3731 3544 tesiimo—

2169 3556 2256 3626 nio
2287 3559 2605 3624 comprobat
2652 3567 2858 3611 natura:
2895 3558 2980 3611 lex
3013 3557 3232 3611 :minor
3268 3559 3412 3609 enim
3461 3570 3543 3612 est
3593 3559 3730 3626 ipsa.

2167 3623 2478 3696 Lexautem
2504 3627 2723 3696 Moysis,
2749 3643 2852 3681 non
2886 3626 3080 3687 littera,
3107 3628 3199 3680 sed
3230 3627 3471 3693 spiritus.
3489 3638 3544 3682 et
3568 3623 3731 3696 spiri-

2168 3696 2242 3746 tui
2277 3694 2409 3765 legis
2438 3694 3148 3765 ιἐειιοιιόεηιεερτοιιιιειωε
3183 3707 3236 3747 ει
3258 3699 3350 3764 qui
3385 3697 3435 3748 in
3457 3694 3732 3763 ipsisSunt

2164 3779 2444 3820 sermones
2491 3767 2785 3834 Spit-itales.
2845 3766 3027 3832 Quare
3080 3767 3368 3835 diligenter
3427 3768 3728 3824 observare

2163 3845 2375 3900 oportet
2406 3852 2527 3888 eum
2559 3837 2648 3902 qui
2684 3837 2894 3890 divinas
2926 3838 3234 3904 Scripturas
3264 3837 3590 3904 pervolutat,
3620 3854 3726 3892 non

2165 3919 2258 3959 cas
2291 3920 2505 3973 semper
2533 3907 2717 3958 iisdem
2749 3907 3006 3968 vocibus,
3041 3921 3146 3959 non
3179 3907 3368 3958 iisdem
3407 3907 3565 3960 rebus
3603 3910 3678 3962 uti
3715 3927 3728 3963 :

2164 3975 2306 4042 quod
2343 3976 2608 4029 interdum
2640 3974 2844 4029 faciunt
2865 3992 2960 4044 per
2989 3976 3538 4042 cognominationem,
3561 3995 3734 4044 quau-

2164 4046 2352 4115 doque
2387 4060 2482 4112 per
2531 4044 2811 4114 ﬁguratam
2854 4047 3141 4108 rationem,
3190 4046 3479 4112 aliquando
3511 4059 3734 4115 propter

2163 4114 2480 4186 elocutionis
2510 4126 2846 4181 contextum,
2869 4118 2957 4183 qui
2983 4115 3154 4184 exigit
3178 4126 3235 4167 ut
3263 4116 3420 4186 aliter
3447 4115 3498 4167 in
3531 4114 3728 4186 aliqui-

2165 4183 2264 4253 bus
2297 4184 2462 4238 dictio
2496 4195 2816 4252 usurpetur,
2854 4200 3014 4253 quam
3063 4183 3115 4237 ut
3154 4187 3207 4237 in
3256 4185 3379 4238 aliis
3421 4186 3591 4252 posita
3619 4183 3724 4241 est.

2163 4251 2317 4318 Quod
2357 4254 2402 4308 si
2428 4251 2640 4308 attente
2660 4251 3025 4320 observemus,
3057 4256 3260 4308 multos
3295 4251 3472 4322 lapsus
3494 4257 3728 4310 evitabi-

2163 4337 2284 4376 mus
2333 4333 2387 4378 et
2442 4324 2692 4378 sinistras
2744 4325 3236 4393 interpretatiimes.
3300 4325 3590 4393 Sciendum
3645 4336 3731 4381 est

2166 4393 2464 4463 itaquenon
2487 4395 2673 4448 eodem
2697 4389 2909 4462 semper
2961 4389 3266 4460 signiﬁcatu
3329 4392 3492 4463 poni,
3553 4396 3722 4462 vidit,

2163 4461 2256 4515 sed
2283 4463 2570 4533 aliquando
2599 4465 2649 4516 in
2680 4464 2795 4533 visu
2820 4461 3098 4533 corporis,
3129 4470 3268 4517 idem
3308 4461 3574 4517 interdum
3607 4461 3729 4519 esse

2163 4532 2305 4599 quod
2359 4533 2676 4601 intelligere.
2718 4532 2774 4586 Id
2806 4532 2950 4586 enim
2997 4535 3248 4587 universe
3290 4533 3569 4587 sciendum
3613 4545 3725 4600 est,

2162 4605 2306 4668 quod
2334 4617 2453 4656 cum
2481 4603 2760 4658 decretum
2787 4603 2857 4656 sit
2887 4602 3110 4670 Spiritui
3137 4620 3226 4670 qui
3251 4603 3304 4656 in
3340 4604 3620 4672 prophetis
3643 4604 3725 4656 lo-

2162 4672 2380 4740 quitur,
2428 4672 2789 4734 abscondere,
2830 4687 3003 4740 neque
3039 4674 3213 4740 palam
3259 4687 3529 4740 exponere
3567 4689 3728 4729 sensa

2165 4742 2441 4806 veritatis;
2470 4742 2921 4811 quemadmodum
2947 4742 3147 4796 Christi
3181 4746 3364 4808 verbo,
3419 4743 3470 4794 in
3504 4756 3726 4811 aposto-

2166 4811 2259 4875 lis;
2290 4827 2433 4880 swpe
2463 4824 2517 4865 et
2541 4812 2641 4864 sub
2669 4811 2941 4865 locutione
2964 4813 3343 4880 permiscetur,
3367 4828 3544 4879 neque
3566 4814 3724 4881 quasi

2165 4885 2263 4934 sub
2287 4897 2449 4935 uuam
2481 4882 2676 4935 seriem
2701 4881 2961 4934 orationis
3000 4885 3332 4946 contexitur,
3373 4898 3439 4935 ne
3471 4885 3726 4936 videlicet

2167 4951 2366 5016 indigni
2409 4951 2490 5021 ad
2513 4951 2710 5004 anima:
2741 4966 2850 5004 sua:
2876 4951 3136 5021 judicuum
3169 4956 3440 5006 inveniant
3465 4968 3585 5020 quae
3621 4955 3729 5005 uti-

2165 5021 2286 5074 liter
2315 5020 2420 5074 illis
2450 5020 2762 5075 abscondita
2778 5020 2936 5092 sunt.
2978 5023 3105 5086 Qua:
3141 5031 3197 5074 ut
3236 5024 3522 5092 plurimum
3558 5039 3724 5076 causa

2162 5101 2276 5153 est,
2313 5106 2408 5144 cur
2444 5091 2729 5146 videantur
2771 5090 3065 5160 Scriptura:
3099 5108 3204 5144 non
3237 5090 3372 5146 satis
3404 5103 3530 5159 apta
3569 5107 3724 5146 com-

2163 5161 2431 5230 positione
2453 5169 2506 5213 et
2536 5161 2916 5216 consecutione
2953 5163 3254 5226 cohaerere,
3303 5165 3538 5214 maxime
3567 5178 3724 5229 vero,

2166 5232 2258 5301 uti
2277 5231 2525 5299 superius
2547 5231 2802 5292 diximus,
2836 5232 3147 5301 preplietica
3176 5245 3230 5286 et
3253 5233 3570 5299 apostolica,
3599 5233 3724 5300 Epi-

2164 5300 2299 5355 stola
2340 5302 2742 5372 praesertimad
2779 5300 3085 5366 Rullianus,
3127 5303 3177 5355 in
3206 5319 3308 5371 qua
3351 5318 3471 5368 quae.
3506 5304 3570 5355 de
3605 5304 3723 5372 lege

2164 5372 2438 5434 dicuntur,
2463 5371 2692 5426 diversis
2719 5373 2890 5425 modis
2919 5373 3190 5436 dicuntur,
3215 5385 3270 5426 et
3303 5372 3533 5425 diversis
3562 5371 3725 5427 rebus

495 5452 550 5513 et
581 5437 896 5506 Sodomitis,
919 5441 1109 5497 etaliis
1135 5439 1543 5513 inumuerisant
1569 5437 1870 5513 multiantc
1888 5439 2055 5513 legem
2089 5441 2136 5500 υ
2163 5443 2533 5507 imponuntur,
2561 5456 2621 5495 ut
2652 5443 2900 5495 videatur
2939 5443 3134 5497 Paulus
3154 5443 3204 5497 in
3227 5442 3315 5497 illa
3338 5442 3579 5513 Epistula
3607 5458 3722 5496 rem

497 5512 694 5583 Moysis
711 5523 987 5581 peccatum
1013 5519 1399 5583 cognoverunt.
1422 5511 1530 5583 Nec
1553 5507 1923 5583 minerisquod
1941 5511 2058 5583 dua:
2161 5513 2484 5583 propositam
2515 5528 2617 5566 non
2644 5513 2886 5580 exsequi.
2903 5531 2924 5565 ›

496 5576 629 5651 legis
656 5576 1258 5651 signiﬁcatimics'vocis
1287 5581 1445 5643 huius
1477 5576 2052 5651 iueod'emlocoacci-

496 5645 738 5718 piantur:
770 5653 923 5707 llunc
941 5652 1084 5706 enim
1109 5665 1315 5704 morem
1333 5661 1389 5704 et
1417 5652 1468 5704 in
1501 5649 1621 5701 aliis
1649 5645 1940 5718 Scripturis
1969 5652 2050 5700 in-

497 5717 809 5789 veniemus;
846 5720 1297 5791 quemadmodum
1339 5740 1354 5776 :
1399 5717 1792 5778 Nonnedicilis
1824 5732 2050 5785 quatuor

2233 5581 2341 5650 (89)
2379 5581 2536 5649 Etliti,
2566 5599 2588 5635 ι
2620 5584 2786 5650 quod,
2826 5600 2847 5633 ι
2887 5580 3047 5637 male.

2231 5653 2342 5722 (Ub)
2367 5653 2532 5720 Editi,
2563 5669 2582 5705 ι
2620 5655 2847 5708 diccbat.
2884 5670 2906 5706 ι
