4146 6442
391 319 524 376 1081

1343 312 1700 371 COMMENT.
1737 313 1805 368 IN
1846 311 2065 368 EPIST.
2099 313 2192 366 AD
2224 311 2394 368 ROM.
2429 313 2558 370 LIB.
2600 314 2686 372 VI.

3513 321 3650 378 108‘!

395 436 706 494 noverimus
741 435 881 490 inter
910 435 1107 488 bonum
1142 439 1199 488 et
1227 433 1426 487 malum
1458 434 1795 500 discernere,
1841 443 1897 488 et
1941 449 1970 486 a
2001 440 2048 494 Α
2076 433 2389 499 aliquando.
2424 433 2530 486 Sed
2560 432 2646 486 ubi
2686 433 2832 488 venit
2859 434 3172 489 Inundalum
3195 477 3212 500 ,
3251 445 3529 509 peccatum
3560 457 3646 492 re-

391 529 721 586 conscientia
752 539 934 582 n05tra
967 527 1082 595 (91)
1132 527 1488 579 audierimus.
1521 525 1790 594 Loquitur
1821 525 1968 579 enim

392 622 546 675 nobis
571 621 708 673 intra
736 618 1124 672 conscientiam
1159 615 1297 684 (9'2),
1333 626 1386 670 et
1420 618 1588 670 dicit:
1632 634 1650 666 ι
1685 614 1802 669 Non
1833 630 1968 670 con-

389 715 657 782 cupisces.
697 731 717 764 ι
755 711 860 764 Sed
891 709 1147 778 quoniam
1177 722 1281 761 non
1309 723 1558 776 semper,
1591 722 1690 761 nec
1715 723 1782 760 ex
1817 707 1970 759 initio

389 815 448 857 ut
483 805 726 858 nascitur
756 803 937 861 homo,
967 800 1050 852 lex
1089 799 1189 852 ista
1217 798 1490 851 invenitur
1526 798 1578 850 in
1609 798 1846 861 homine,
1875 797 1968 850 sed

390 896 726 965 aliquandiu,
753 896 879 948 dum
909 904 1043 947 tetas
1074 893 1308 946 nondum
1338 891 1560 959 patitur,
1583 891 1702 944 sine
1724 892 1824 942 hac.
1855 888 1970 957 lege

390 988 606 1050 vivitur,
631 986 773 1039 sicut
801 992 855 1038 et
891 985 1004 1052 ipse
1034 981 1231 1036 Paulus
1257 982 1456 1036 fatetur
1479 982 1571 1050 qui
1595 981 1728 1034 dicit
1757 998 1770 1034 :
1807 999 1825 1030 ι
1857 979 1968 1048 Ego

389 1091 567 1132 aut-ein
605 1078 849 1131 vivebam
879 1077 998 1130 sine
1040 1079 1154 1144 lege
1198 1074 1508 1141 aliquando,
1545 1091 1564 1123 ι
1609 1075 1660 1124 in
1703 1072 1794 1124 illo
1828 1083 1965 1125 tent-

390 1185 520 1239 pore
543 1185 650 1238 quo
673 1169 790 1222 sine
814 1168 926 1237 lege
938 1169 1199 1228 viximus,
1223 1165 1722 1234 concupiscentiam
1755 1163 1966 1217 nescie-

389 1259 600 1313 bamus.
633 1257 747 1312 Non
777 1259 942 1322 dixit,
982 1273 1086 1311 non
1124 1257 1412 1320 habebam,
1445 1258 1539 1310 sed
1575 1256 1670 1320 ait,
1704 1273 1725 1305 ι
1765 1255 1969 1308 nescie-

390 1351 538 1412 bam,
579 1368 597 1401 ι
633 1358 894 1416 tanquam
917 1362 1035 1416 qua:
1061 1357 1203 1401 esset
1236 1346 1478 1416 quidem,
1507 1346 1849 1415 ignoraretur
1887 1354 1968 1396 ta-

393 1455 517 1494 tnen
547 1441 692 1508 quod
729 1449 876 1494 esset
927 1439 1388 1508 concupiscentia.
1441 1437 1545 1492 Ubi
1587 1445 1770 1492 autem
1819 1436 1968 1490 venit

390 1530 554 1597 ratio,
576 1541 633 1585 et
661 1531 743 1584 lex
775 1530 1041 1585 naturalis
1066 1530 1246 1585 Iocunt
1278 1529 1332 1584 in
1363 1528 1519 1584 nobis
1545 1543 1803 1597 processu
1837 1537 1967 1580 tcta-

390 1627 461 1680 tis
493 1627 721 1692 invenit,
747 1626 943 1680 docere
992 1640 1093 1680 nos
1125 1623 1292 1690 cmpit
1339 1637 1460 1692 quae
1504 1632 1685 1676 essent
1716 1622 1878 1686 bona,
1909 1627 1967 1673 et

390 1719 680 1788 prohibere
709 1734 738 1772 a
772 1719 944 1772 malis.
988 1717 1112 1771 Haec
1137 1732 1267 1787 ergo
1294 1716 1420 1770 dum
1456 1715 1587 1770 dicit
1616 1713 1752 1785 (93),
1804 1731 1821 1764 ι
1858 1728 1963 1767 non

2072 526 2233 577 vixit.
2261 525 2370 593 Ego
2413 537 2591 578 autem
2643 535 2889 580 mortuus
2921 542 3084 590 sunt;
3129 537 3184 580 et
3234 530 3516 582 inventum
3567 542 3652 585 est

2072 617 2203 670 mihi
2251 617 2565 669 mandatum
2591 659 2606 678 ,
2637 619 2780 684 quod
2813 629 2932 670 erat
2964 619 3029 669 ad
3063 620 3268 684 vitam,
3299 621 3400 674 hoc
3431 635 3553 675 esse
3583 623 3651 675 ad

2071 715 2302 760 mortem
2329 707 2475 759 7"".
2505 726 2523 758 ι
2550 708 2622 760 De
2648 709 2730 760 his
2761 723 2896 777 pene
2918 709 3170 762 omnibus
3194 711 3306 779 jam
3332 711 3383 764 in
3411 716 3652 782 superio-

2070 800 2225 852 ribus
2277 798 2433 868 plene
2464 809 2752 853 tractatttm
2791 811 2916 865 est;
2950 804 3090 856 unde
3139 820 3204 855 ne
3234 804 3422 856 eadem
3453 806 3651 871 sacpius

2071 890 2432 953 revolvamus,
2464 891 2703 944 breviter
2742 907 2866 961 quae
2907 894 3050 947 dicta
3081 905 3204 946 sunt
3238 895 3291 947 in
3329 897 3648 949 memoriam

2070 983 2474 1037 revocabimus.
2506 982 2637 1036 Sine
2669 984 2788 1054 lege
2834 998 3014 1038 autent
3055 998 3337 1056 peccatum
3379 996 3646 1040 mortuum

2069 1088 2189 1127 esse
2213 1073 2267 1126 in
2300 1075 2480 1136 nobis,
2512 1074 2616 1128 hoc
2644 1084 2726 1129 est
2777 1087 3070 1145 antequam
3110 1093 3205 1145 per
3241 1086 3451 1131 aetatem
3485 1082 3651 1132 ratio-

2069 1166 2272 1220 nabilis
2302 1166 2449 1219 intra
2501 1182 2600 1221 nos
2629 1181 2820 1222 sensus
2846 1169 3088 1238 vigeret.
3132 1169 3492 1233 ostendimus,
3524 1185 3645 1222 cum

2068 1258 2232 1311 etiam
2261 1258 2570 1325 exemplum
2603 1258 2680 1330 (I)
2725 1261 2876 1327 pueri
2925 1261 3283 1329 percutientis
3313 1271 3516 1330 patrem
3556 1272 3649 1314 attt

2070 1360 2323 1416 matrem,
2351 1350 2436 1403 vel
2469 1350 2841 1406 maledicentis
2866 1352 3212 1407 adduximus.
3243 1353 3296 1406 In
3321 1369 3432 1423 quo
3453 1369 3649 1407 secun-

2069 1441 2196 1494 dum
2241 1439 2414 1510 legem
2448 1441 2665 1509 quidem
2713 1444 3089 1510 prohibentem
3122 1445 3330 1512 percuti
3365 1443 3444 1497 vel
3479 1444 3650 1497 male-

2067 1533 2175 1586 dici
2204 1545 2412 1602 patrem
2444 1545 2538 1587 aut
2567 1548 2794 1589 matrem
2828 1538 2896 1600 ⁷⁸,
2931 1546 3211 1606 peccatum
3247 1536 3359 1592 ﬁeri
3394 1537 3644 1592 videtur:

2068 1623 2160 1677 sed
2199 1625 2339 1678 istud
2374 1637 2662 1692 peccatum
2693 1639 2968 1681 mortuum
3007 1642 3129 1683 esse
3153 1628 3376 1692 dicitur,
3407 1629 3533 1698 quia
3562 1629 3644 1681 lex

2072 1718 2309 1770 nondum
2340 1717 2494 1772 adest
2522 1718 2574 1771 itt
2603 1733 2771 1786 puero
2795 1758 2811 1783 ,
2839 1734 2959 1787 quae
2985 1735 3108 1773 eum
3155 1721 3343 1773 doceat
3374 1721 3475 1773 hoc
3501 1720 3643 1788 quod

388 1778 768 1877 concupisces,
807 1827 826 1859 ι
865 1808 1009 1876 quod
1043 1817 1171 1860 ante
1201 1778 1602 1869 nesciebamus,
1626 1778 1848 1872 ‘ab'ipsa
1877 1803 1964 1856 di-
1997 1778 2038 1836 Β
2069 1805 2219 1872 facit,
2249 1807 2364 1862 fieri
2399 1823 2503 1861 non
2533 1778 2719 1862 licere.
2750 1778 2880 1862 Sine
2911 1809 3012 1861 hac
3045 1818 3226 1861 autent
3268 1808 3382 1876 lege
3416 1817 3470 1860 et
3499 1778 3644 1859 Pau-

388 1901 620 1955 dicimus
647 1900 842 1954 malam
874 1915 999 1956 esse
1043 1896 1556 1967 concupiscentiam.
1607 1913 1625 1948 ι
1667 1895 1964 1951 Occasione

387 2003 567 2044 autem
600 2003 844 2061 accepta,
877 2000 1154 2060 peccatum
1199 2005 1295 2060 per
1329 1991 1643 2042 mandatum
1677 1999 1960 2055 Operatntn

385 2095 472 2142 est
515 2086 569 2140 in
621 2100 706 2140 me
751 2100 964 2139 omnem
1008 2083 1526 2153 concupiscentiam.
1573 2099 1592 2133 ι
1635 2080 1748 2134 Lex
1779 2079 1865 2134 illa
1898 2080 1965 2133 de

386 2194 496 2245 qua
530 2179 690 2243 dicit,
721 2179 843 2246 quia
878 2195 899 2230 ι
939 2176 1437 2245 concupiscentiam
1484 2173 1824 2238 nesciebam,
1859 2172 1963 2226 nisi

387 2271 471 2324 lex
501 2272 705 2324 diceret
734 2287 748 2323 :
783 2269 898 2324 Non
931 2269 1305 2337 concupisces,
1340 2286 1360 2319 ι
1397 2267 1510 2336 ipsa
1539 2266 1703 2319 etiam
1735 2266 1964 2318 manda-

389 2373 500 2416 tum
545 2361 861 2431 appellatur.
889 2361 980 2415 Ait
1016 2376 1146 2429 ergo
1181 2361 1307 2430 quia
1340 2360 1632 2414 occasione
1661 2357 1773 2428 (94)
1806 2373 1964 2410 man-

385 2453 493 2507 dati
529 2453 691 2519 hujus
713 2466 821 2520 qtto
851 2451 1234 2520 concupiscere
1267 2451 1640 2520 prohibemur,
1671 2460 1959 2518 peccatum

383 2545 764 2598 vehementius
789 2543 899 2614 (95)
927 2543 1135 2597 exarsit
1157 2543 1207 2596 in
1237 2543 1410 2607 nobis,
1439 2551 1490 2597 et
1523 2557 1738 2597 omnem
1771 2556 1962 2610 Opera-

387 2646 501 2690 tum
523 2645 606 2692 est
632 2637 683 2690 in
709 2637 865 2690 nobis
887 2635 1409 2705 concupiscentiam.
1429 2634 1485 2689 In
1503 2649 1570 2689 eo
1592 2649 1825 2704 namque
1848 2632 1960 2705 (96)

386 2730 440 2782 in
473 2742 581 2797 quo
608 2727 946 2797 concupiscit
978 2741 1107 2781 caro
1157 2729 1418 2782 adversus
1463 2726 1737 2796 spiritum,
1773 2726 1826 2780 id
1856 2735 1960 2792 est,

385 2820 650 2875 adversus
696 2821 865 2888 legem
922 2833 1042 2888 qua:
1091 2818 1257 2882 dicit,
1299 2838 1318 2871 ι
1357 2833 1461 2873 non
1509 2819 1898 2887 concupisces,
1936 2837 1956 2870 ι

383 2915 547 2969 etiam
580 2915 907 2969 adversatur
941 2914 1012 2978 ei,
1043 2921 1098 2967 et
1129 2922 1406 2966 certamen
1435 2913 1839 2980 quodammodo
1864 2925 1960 2980 ge-

385 3008 490 3071 rit,
532 3015 590 3059 ut
623 3021 730 3060 non
783 3006 955 3060 solum
987 3005 1445 3072 concupiscentia:
1491 3003 1792 3056 satisfaciat
1823 3002 1958 3075 (97),

383 3101 476 3153 sed
500 3099 664 3152 etiam
698 3097 1070 3151 adversarium
1095 3097 1297 3150 vincat.
1331 3096 1454 3150 l-lzec
1475 3107 1560 3149 est
1589 3112 1720 3163 ergo
1746 3098 1961 3151 occasio
1988 3119 2029 3175 ο

381 3200 547 3254 quam
581 3185 710 3239 dicit
736 3185 924 3238 venire
960 3199 1026 3238 ex
1058 3188 1335 3238 mandato.
1381 3183 1576 3239 Nescio
1618 3200 1726 3253 quo
1754 3187 1956 3240 etenint

381 3289 541 3349 pacto
577 3293 638 3332 ea
667 3292 788 3346 quae
816 3277 1170 3344 prohibentur
1219 3277 1496 3331 ardentius
1541 3279 1956 3340 desiderantur;

382 3381 437 3427 et
457 3373 579 3425 ideo
600 3385 722 3425 cum
749 3369 1063 3424 mandatum
1088 3378 1358 3434 sanctum,
1383 3378 1434 3423 et
1451 3367 1654 3436 justum
1681 3381 1735 3425 et
1760 3371 1958 3426 bonum

381 3465 452 3518 sit
481 3461 642 3533 (quod
670 3463 814 3515 enim
850 3459 1098 3528 prohibet
1129 3463 1327 3512 malum
1349 3499 1364 3523 ,
1407 3461 1719 3514 necessario
1755 3461 1958 3516 bonum

381 3554 509 3624 est),
543 3553 669 3605 dum
705 3550 1043 3620 prohibendo
1086 3548 1582 3622 concupiscentiam
1618 3551 1790 3620 magis
1836 3566 1954 3604 eam

381 3653 640 3713 provocat
671 3653 729 3697 et
771 3641 1106 3708 inflammat,
1136 3655 1235 3710 per
1263 3640 1465 3693 bonum
1499 3640 1630 3694 mihi
1674 3652 1957 3710 operatum

380 3748 465 3788 eat
497 3743 742 3788 mortem.
777 3733 986 3786 Indicat
1037 3741 1218 3786 tamen
1253 3732 1539 3800 Apostolus
1575 3731 1627 3786 iit
1680 3733 1786 3795 his,
1817 3735 1958 3800 quod

382 3826 538 3895 origo
571 3825 776 3893 peccati
820 3839 887 3879 ex
921 3823 1363 3892 concupiscentia
1391 3835 1510 3878 orta
1542 3825 1635 3892 sit,
1669 3825 1796 3879 dum
1829 3842 1957 3896 pro-

384 3918 602 3971 hibente
623 3916 734 3987 (98)
769 3918 884 3985 lege
915 3917 1030 3970 sive
1055 3915 1242 3987 Moysi,
1270 3931 1390 3985 quae
1416 3917 1547 3971 dicit
1573 3936 1587 3972 :
1624 3936 1642 3968 ι
1679 3915 1793 3972 Non
1827 3935 1958 3973 con-

382 4010 630 4078 cupisces
654 4009 720 4072 ⁷³,
765 4027 784 4060 ι
816 4008 933 4062 sive
961 4009 1150 4074 etiam,
1185 4017 1245 4062 ut
1269 4025 1430 4075 supra
1459 4011 1828 4078 exposuimus,
1861 4027 1959 4064 tta-

383 4104 566 4166 turali,
593 4119 658 4158 eo
691 4105 1089 4158 conten‘tiositts
1114 4105 1263 4172 quod
1313 4105 1632 4171 prohibetur
1661 4108 1954 4174 expetitur.

382 4193 672 4250 Sciendum
705 4210 839 4250 sane
875 4205 959 4249 est
981 4197 1123 4263 quod
1157 4195 1602 4262 concupiscentia
1648 4197 1739 4250 hic
1772 4197 1954 4252 culna-

381 4287 775 4354 bilis,ponitur.
812 4287 905 4340 Est
936 4295 1116 4339 autem
1147 4287 1197 4338 in
1230 4285 1420 4341 multis
1449 4296 1504 4341 et
1535 4287 1958 4349 Iandabilis,sic~

380 4389 440 4432 ut
498 4393 661 4448 supra
739 4378 1078 4432 ostendimus
1130 4376 1260 4448 (99).
1296 4397 1314 4429 t
1355 4379 1483 4432 Sine
1516 4379 1630 4444 lege
1660 4381 1805 4434 enim
1831 4394 1958 4448 pec-

2066 1899 2174 1951 lnm
2199 1906 2254 1952 et
2281 1913 2469 1952 omnes
2494 1899 2744 1953 homines
2763 1911 2972 1953 certum
2995 1910 3078 1953 est
3107 1901 3394 1969 aliquando
3420 1899 3644 1961 vixisse,

2068 1989 2167 2043 hoc
2203 1999 2290 2044 est
2318 1989 2370 2044 in
2403 2001 2565 2043 actate
2606 1990 2823 2057 puerili.
2857 1989 3062 2045 Omnes
3093 1993 3237 2044 enim
3269 1992 3520 2046 similiter
3549 2006 3648 2058 per

2065 2079 2196 2132 illttd
2236 2089 2447 2148 tempus
2482 2082 2720 2134 nondum
2751 2095 2982 2148 capaces
3029 2082 3188 2149 hujus
3220 2082 3481 2135 naturalis
3510 2083 3645 2151 legis

2064 2171 2362 2224 exsistunt.
2393 2168 2526 2223 Nam
2555 2173 2746 2240 utique
2786 2187 2892 2225 non
2938 2176 3215 2228 videretur
3259 2176 3324 2228 de
3357 2176 3460 2227 hoc
3491 2173 3641 2227 Pauli

2065 2277 2193 2315 vera
2223 2276 2345 2316 esse
2370 2261 2660 2331 professio.
2694 2263 2978 2330 Quomodo
3005 2267 3150 2319 enim
3182 2268 3301 2321 sine
3325 2267 3440 2336 lege
3474 2265 3643 2338 Moysi

2065 2353 2386 2422 probabitur
2435 2351 2634 2408 Paulus
2675 2355 2969 2423 aliquando
3012 2357 3236 2421 vixisse,
3280 2371 3403 2411 cum
3437 2359 3549 2426 ipse
3582 2375 3641 2411 se

2065 2442 2348 2496 Hebraeum
2375 2457 2442 2497 ex
2470 2443 2749 2509 Hebraeis,
2782 2454 2838 2498 et
2880 2455 3073 2500 octava
3127 2446 3215 2499 die
3258 2447 3643 2501 circumcisum

2063 2535 2360 2588 secundum
2424 2536 2560 2606 legis
2620 2548 2912 2606 praacepta,
2974 2539 3317 2592 fateatur"?
3379 2539 3487 2595 Sed
3541 2541 3644 2594 hoc

2064 2628 2223 2680 modo
2252 2642 2360 2696 quo
2386 2629 2659 2693 diximus,
2707 2631 2824 2684 sine
2865 2631 2984 2700 lege
3023 2631 3256 2685 naturali
3297 2632 3435 2684 vixit
3481 2633 3644 2686 etiam

2065 2717 2180 2784 ipse
2221 2717 2514 2787 aliquando
2562 2719 2614 2772 in
2665 2722 2920 2789 pueritia.
2975 2721 3093 2788 Quo
3141 2722 3193 2775 in
3245 2733 3491 2792 tempore
3537 2740 3644 2778 non

2061 2808 2202 2863 dixit
2239 2824 2344 2864 non
2381 2809 2550 2864 fuisse
2576 2811 2628 2865 itt
2655 2814 2874 2867 homine
2901 2824 3205 2884 peccatum,
3238 2815 3332 2869 sed
3367 2825 3642 2869 mortuunt

2062 2901 2234 2956 fuisse
2260 2942 2275 2967 ,
2315 2913 2372 2957 et
2424 2906 2690 2960 revixisse
2725 2909 3066 2976 postmodum
3106 2909 3194 2962 ubi
3237 2909 3320 2963 lex
3380 2911 3645 2965 naturalis

2062 2996 2365 3050 adveniens
2405 2998 2699 3065 prohibere
2738 3001 3239 3069 concupiscentiam
3277 3003 3481 3070 coepit:
3523 3019 3644 3072 qua:

2064 3084 2150 3138 lex
2178 3085 2340 3140 veluti
2371 3097 2643 3142 mortuum
2669 3089 2955 3143 suscitavit
2981 3103 3267 3160 peccatum
3297 3092 3399 3164 (2).
3431 3091 3643 3148 Peccati

2065 3192 2298 3245 namque
2329 3189 2521 3231 natura
2555 3180 2670 3234 hrec
2698 3192 2803 3246 est,
2837 3183 2880 3236 si
2919 3187 3010 3235 llat
3041 3186 3183 3253 quod
3212 3183 3294 3237 lex
3333 3185 3445 3238 ﬁeri
3475 3196 3641 3239 vetat.

2061 3267 2442 3322 Reviviscente
2469 3285 2600 3337 ergo
2629 3281 2886 3340 peccato,
2926 3291 2944 3323 ι
2988 3289 3126 3343 ego,
3161 3275 3357 3343 inquit,
3396 3289 3641 3331 mortuus

2061 3378 2180 3415 sum
2213 3364 2278 3416 ⁷⁸,
2311 3363 2440 3430 Ego.
2477 3382 2496 3415 ι
2533 3364 2702 3428 Quis?
2724 3366 2918 3419 Anima
2953 3369 3071 3420 sine
3101 3369 3264 3422 dubio
3295 3383 3411 3436 qua:
3437 3366 3645 3422 fecerat

2061 3452 2224 3525 583
2260 3458 2400 3522 quod
2436 3455 2552 3510 ﬁeri
2585 3456 2671 3510 lex
2700 3459 2917 3511 vetabat
2950 3476 2963 3512 :
3002 3478 3020 3509 ι
3045 3460 3276 3512 Animas
3310 3462 3450 3515 enim
3489 3479 3642 3532 «qua:

2060 3559 2272 3614 peccat,
2298 3566 2316 3598 ι
2360 3557 2417 3600 ιιι
2448 3549 2709 3618 propheta
2748 3551 2880 3603 dicit
2909 3551 3011 3620 (5),
3051 3569 3070 3603 ι
3099 3553 3212 3620 ipsa
3251 3555 3514 3608 morietur
3536 3555 3636 3610 ⁷³.»

2061 3643 2343 3697 Inventum
2395 3657 2479 3698 est
2531 3661 2662 3715 ergo
2697 3651 3012 3700 mandatum
3045 3650 3186 3716 quod
3236 3649 3417 3704 datum
3467 3649 3643 3708 fuerat

2065 3736 2131 3787 ad
2182 3738 2374 3799 vitam,
2427 3737 2622 3789 anima:
2672 3737 2901 3801 scilicet,
2961 3750 3020 3790 nt
3067 3756 3182 3792 eam
3230 3741 3444 3795 doceret
3475 3756 3639 3810 opera

2061 3826 2204 3886 vitaz,
2223 3827 2454 3880 cessisse
2481 3828 2530 3881 ei
2557 3829 2623 3882 ad
2655 3839 2904 3893 mortem,
2933 3830 3057 3881 dum
3099 3832 3371 3897 prohibita
3395 3849 3498 3887 non
3531 3842 3640 3888 tam

2062 3918 2282 3986 refugit,
2321 3932 2480 3986 quam
2531 3921 2815 3972 ardentius
2867 3923 3094 3988 expetit.
3139 3923 3317 3977 Movet
3342 3939 3427 3978 me
3459 3936 3640 3981 tamen

2061 4008 2115 4062 in
2150 4009 2237 4062 his
2267 4011 2546 4076 quomodo
2595 4011 2795 4063 dixerit
2823 4025 3104 4078 peccatum
3145 4027 3412 4067 mortuum
3441 4031 3563 4071 esse
3588 4030 3643 4072 et

2060 4099 2326 4152 revixisse
2354 4099 2454 4171 (4).
2520 4098 2746 4154 Videtur
2795 4101 2938 4154 enim
2987 4104 3114 4171 quia
3164 4122 3267 4158 non
3318 4110 3487 4176 possit
3533 4109 3639 4163 dici

2059 4202 2336 4244 mortuum
2371 4192 2471 4244 nisi
2502 4195 2646 4260 quod
2686 4193 2977 4262 aliquando
3029 4200 3256 4262 vixerit,
3302 4211 3357 4252 et
3395 4212 3642 4268 postmo.

2059 4282 2184 4337 dum
2229 4283 2334 4335 vita
2367 4289 2625 4338 caruerit.
2670 4284 2774 4338 Sed
2819 4299 2873 4340 et
2923 4290 3023 4343 hoc
3070 4291 3243 4358 ipsum
3292 4295 3437 4360 quod
3487 4295 3641 4360 dicit,

2062 4391 2084 4424 ι
2123 4374 2379 4437 revixit”
2422 4391 2528 4428 tton
2582 4393 2752 4445 nuper
2793 4380 2973 4432 datam
3018 4382 3220 4447 vitant,
3267 4385 3361 4438 sed
3402 4387 3639 4454 priorem

378 4478 558 4529 catum
599 4477 873 4523 mortuum
902 4478 1004 4523 est.
1052 4468 1162 4538 Ego
1193 4481 1372 4522 autem
1403 4471 1648 4525 vivebam
1683 4475 1802 4526 sine
1840 4473 1956 4542 lege
1989 4460 2030 4513 ῐ)
2064 4466 2327 4520 redditatn
2354 4467 2513 4521 docet
2545 4487 2558 4522 :
2592 4469 2707 4538 ipse
2735 4471 2878 4524 enim
2907 4489 3109 4538 sermo,
3141 4493 3159 4525 ι
3201 4478 3425 4544 revixit,
3463 4499 3480 4530 ι
3523 4497 3642 4532 rur—

447 4607 495 4638 "
527 4603 701 4659 Exod.
729 4620 825 4668 xx,
853 4603 940 4658 I6.

379 4692 532 4741 xviii,
563 4676 618 4730 4.

1019 4603 1140 4635 ⁷⁵⁸⁷⁵
1171 4604 1325 4660 Rom.
1357 4621 1450 4670 vti,
1481 4607 1642 4662 8-10.

450 4785 558 4858 (91)
599 4784 782 4858 ᾼΙὶξιει,Δ
815 4802 835 4836 ι
874 4800 978 4838 non
1020 4785 1294 4847 novimus;
1336 4801 1354 4833 ι
1394 4783 1499 4858 ab,
1544 4801 1562 4834 ι
1604 4799 1706 4836 non
1743 4786 1959 4838 noveri-

383 4854 576 4909 mus.)
616 4854 837 4910 Deinde.
882 4877 898 4902 ι
951 4867 1004 4908 et
1047 4871 1152 4907 non
1205 4870 1232 4904 a
1280 4855 1618 4907 conscientia
1663 4867 1882 4918 nostra,
1931 4875 1950 4907 ι

377 4937 485 4982 etc.
527 4926 634 4979 Sed
667 4927 907 4996 potiores
940 4941 1068 4978 mss.
1098 4925 1268 4978 nostri
1309 4935 1363 4976 et
1401 4924 1656 4978 liabanus
1697 4928 1956 4980 omittunt

381 5015 403 5048 ι
438 5013 564 5048 11011.
615 5018 632 5046 1

449 5067 561 5134 (9‘2)
593 5067 684 5118 Sic
715 5079 845 5118 mss.
878 5075 931 5118 ct
976 5065 1246 5118 Rabanus.
1283 5061 1421 5117 Editi
1451 5080 1597 5128 vero,
1635 5083 1653 5114 ι
1688 5065 1954 5135 Loquitur

377 5138 524 5192 enim
551 5138 692 5189 intra
721 5151 818 5189 nos
841 5135 1196 5189 conscientia.
1231 5154 1250 5186 ι

452 5205 564 5278 (95)
607 5205 769 5278 Editi,
810 5224 828 5257 ‹
858 5204 980 5278 IIoc
1004 5220 1133 5274 ergo
1158 5217 1241 5260 est
1262 5206 1389 5278 dum
1411 5203 1563 5271 dicit,
1602 5224 1621 5258 ι
1651 5215 1761 5278 etc.

453 5275 566 5348 (9-1)
593 5275 762 5348 Alias,
803 5294 822 5326 ι
855 5276 966 5342 ipsa
999 5287 1179 5328 autem
1211 5276 1414 5348 etiam,
1450 5293 1470 5324 ι
1506 5286 1614 5330 etc.
1656 5276 1788 5348 Mss.
1822 5277 1947 5346 qni-

381 5345 506 5400 tlain
538 5345 593 5401 et
619 5346 783 5410 editi,
825 5365 844 5396 ι
883 5348 1049 5414 ipsam
1092 5354 1274 5399 autem
1316 5345 1478 5398 etiam
1508 5345 1949 5416 mandatnm’ap-

381 5417 561 5484 pellat,
612 5430 734 5468 cum
773 5417 885 5482 ait,
933 5418 1057 5485 quia
1113 5416 1419 5481 occasione,
1453 5433 1472 5466 ι
1513 5425 1622 5471 etc.
1663 5416 1949 5473 Manifeste

383 5489 648 5541 redundat
671 5499 775 5540 vox
812 5507 830 5536 ι
863 5497 1064 5540 atttem.
1097 5506 1115 5538 ι

449 5556 562 5627 (95)
590 5557 749 5622 Editi,
785 5575 802 5606 ι
840 5559 1205 5612 vehementer.
1236 5573 1256 5606 ι

452 5629 565 5696 (9o)
592 5627 753 5697 Editi,
793 5641 1102 5696 perperam,
1135 5647 1151 5678 ‹
1190 5629 1313 5680 Ideo
1347 5642 1598 5697 namque.
1640 5648 1660 5680 ι

455 5699 568 5767 (97)
619 5696 782 5766 Editi,
821 5715 838 5746 ι
888 5700 1171 5749 Certamen
1220 5696 1500 5765 quoddam
1533 5703 1696 5768 gerit,
1738 5707 1796 5753 ut
1841 5717 1944 5753 non

383 5770 558 5823 solum
587 5770 1038 5838 concupiscentia:
1075 5784 1178 5822 non
1222 5768 1553 5838 satisfaciat,
1593 5789 1611 5822 ›
1644 5783 1751 5827 etc.
1789 5772 1944 5827 Salo-

1717 4606 1764 4637 "
1791 4606 1961 4661 Exod.
2000 4620 2114 4668 xxi,
2148 4603 2236 4659 15.

2311 4603 2355 4634 ⁷⁷
2382 4603 2581 4674 Philip.
2610 4620 2692 4670 Ill,
2718 4605 2774 4658 5.
2851 4607 2896 4638 ⁷⁸
2913 4606 3176 4676 ROIIIJ'II,
3207 4612 3284 4666 10.
3362 4615 3407 4646 ⁷⁸
3440 4615 3636 4672 Ezech.

2066 4784 2262 4860 dianus
2308 4783 2511 4837 omittit
2553 4802 2572 4835 ι
2616 4800 2719 4838 non
2759 4805 2779 4839 ι
2825 4799 2949 4841 ante
2997 4809 3016 4839 ι
3066 4792 3386 4860 satisfaciat,
3441 4813 3461 4846 ι
3499 4798 3638 4853 sicut

2063 4865 2120 4906 et
2154 4854 2408 4905 liabanus
2429 4866 2483 4906 et
2513 4871 2704 4910 omnes
2735 4873 2865 4910 mss.
2901 4865 3088 4912 nostri.

2134 4923 2246 4993 (98)
2281 4923 2424 4976 Editi
2461 4928 2617 4983 tnale.
2656 4944 2673 4975 ι
2704 4931 3040 4994 prohibetur.
3080 4952 3098 4983 ι

2134 4995 2245 5064 (99)
2277 4993 2462 5073 Editi,_
2493 5013 2520 5073 t_
2548 5005 2634 5047 est
2675 4993 2855 5051 autem
2900 5011 2956 5052 et
2999 5001 3050 5054 iit
3088 5001 3270 5058 inultis
3323 5003 3634 5073 laudabilis,

2062 5067 2204 5119 sicut
2227 5080 2387 5132 supra
2412 5064 2672 5119 diximus.
2713 5085 2732 5116 ι

2134 5138 2210 5258 (il)
2241 5132 2374 5188 Cum
2402 5137 2563 5187 etiam
2589 5142 2902 5207 exemplum,
2933 5151 3038 5195 etc.
3074 5141 3203 5197 Vide
3227 5157 3422 5215 supra,
3453 5146 3550 5206 lib.
3578 5165 3633 5216 v,

2058 5221 2208 5358 fuel.)
2251 5275 2341 5330 Sic
2371 5289 2500 5328 mss.
2532 5276 2888 5358 et_Rahant_is,
2918 5281 3027 5358 nisi
3052 5284 3193 5350 quod
3219 5284 3418 5358 habent
3455 5307 3474 5339 ι
3504 5291 3630 5358 quia

2057 5344 2219 5422 lex,»
2257 5361 2407 5422 pro-t
2448 5359 2567 5414 qua:
2593 5349 2698 5401 lex.
2730 5368 2748 5399 ι
2789 5350 2930 5403 Ειιὶιὶ
2958 5344 3107 5422 vero,
3148 5373 3164 5404 ι
3201 5357 3479 5422 prohibuit
3503 5344 3632 5412 c'ono

2055 5417 2468 5486 cupiscentiatn,
2487 5422 2760 5487 coepitque
2777 5421 2864 5474 lex
2888 5421 3050 5476 veluti
3069 5417 3339 5480 mortuum
3361 5430 3631 5486 suscitare

2095 5501 2362 5542 eccatutn.
2403 5505 2422 5537 ι

2128 5505 2154 5539 (3
2194 5505 2220 5539 3
2267 5507 2281 5539 Ι
2349 5528 2362 5542 .
2403 5505 2422 5537 ι

2055 5502 2204 5681 Σῖᾷ)
2231 5502 2586 5627 ιὶΙῖιρνορΙιεια
2615 5558 2762 5616 dicit.
2805 5561 2931 5618 Ilmc
2963 5565 3124 5620 verba
3163 5568 3541 5624 desiderantur
3576 5573 3626 5626 in

2089 5648 2101 5681 1
2127 5646 2138 5680 |
2173 5644 2235 5681 IS.

2089 5644 2235 5682 (IIIIS.

2128 5699 2205 5769 (ι)
2247 5699 2405 5763 Edili,
2443 5719 2464 5753 ι
2500 5701 2675 5754 Movet
2709 5719 2792 5756 tne
2830 5713 3006 5758 tamen
3032 5713 3307 5776 quomodo
3340 5711 3539 5774 dixerit
3572 5720 3624 5774 III

2056 5769 2142 5824 his
2169 5781 2448 5841 peccatum
2481 5785 2751 5828 mortuum
2787 5769 3064 5834 revixisse:
3105 5799 3124 5831 ο
