  <div class='ocr_page' id='page_1' title='image "/cluster/home/n/w/nwhite01/storage/ocr_20150623/14:no.4/coo.31924054872928/553.png"; bbox 0 0 4146 6432; ppageno 0'>
   <div class='ocr_carea' id='block_1_1' title="bbox 554 308 698 366">
    <p class='ocr_par' dir='ltr' id='par_1_1' title="bbox 554 308 698 366">
     <span class='ocr_line' id='line_1_1' title="bbox 554 308 698 366; baseline 0.007 -1"><span class='ocrx_word' id='word_1_1' title='bbox 554 308 698 366; x_wconf 72' lang='grc'><strong>1085</strong></span> 
     </span>
    </p>
   </div>
   <div class='ocr_carea' id='block_1_2' title="bbox 2045 302 2364 359">
    <p class='ocr_par' dir='ltr' id='par_1_2' title="bbox 2045 302 2364 359">
     <span class='ocr_line' id='line_1_2' title="bbox 2045 302 2364 359; baseline -0.003 0"><span class='ocrx_word' id='word_1_2' title='bbox 2045 302 2364 359; x_wconf 77' lang='lat' dir='ltr'><strong>ORIGENIS</strong></span> 
     </span>
    </p>
   </div>
   <div class='ocr_carea' id='block_1_3' title="bbox 3664 297 3804 352">
    <p class='ocr_par' dir='ltr' id='par_1_3' title="bbox 3664 297 3804 352">
     <span class='ocr_line' id='line_1_3' title="bbox 3664 297 3804 352; baseline 0.014 -2"><span class='ocrx_word' id='word_1_3' title='bbox 3664 297 3804 352; x_wconf 69' lang='grc' dir='ltr'>ιοει</span> 
     </span>
    </p>
   </div>
   <div class='ocr_carea' id='block_1_4' title="bbox 549 411 3803 490">
    <p class='ocr_par' dir='ltr' id='par_1_4' title="bbox 549 411 3803 490">
     <span class='ocr_line' id='line_1_4' title="bbox 549 411 3803 490; baseline -0.004 -9"><span class='ocrx_word' id='word_1_4' title='bbox 549 441 670 482; x_wconf 78' lang='lat' dir='ltr'><strong>sum</strong></span> <span class='ocrx_word' id='word_1_5' title='bbox 701 421 905 477; x_wconf 80' lang='lat' dir='ltr'><strong>vixisse</strong></span> <span class='ocrx_word' id='word_1_6' title='bbox 939 418 1232 490; x_wconf 76' lang='lat' dir='ltr'><strong>significat.</strong></span> <span class='ocrx_word' id='word_1_7' title='bbox 1273 416 1330 474; x_wconf 88' lang='lat' dir='ltr'><strong>Si</strong></span> <span class='ocrx_word' id='word_1_8' title='bbox 1357 432 1489 488; x_wconf 89' lang='lat' dir='ltr'><strong>ergo</strong></span> <span class='ocrx_word' id='word_1_9' title='bbox 1520 419 1574 472; x_wconf 93' lang='lat' dir='ltr'><strong>in</strong></span> <span class='ocrx_word' id='word_1_10' title='bbox 1611 419 1794 472; x_wconf 81' lang='lat' dir='ltr'><strong>anima</strong></span> <span class='ocrx_word' id='word_1_11' title='bbox 1822 416 2021 472; x_wconf 90' lang='lat' dir='ltr'><strong>dicitur</strong></span> <span class='ocrx_word' id='word_1_12' title='bbox 2044 431 2130 471; x_wconf 87' lang='lat' dir='ltr'><strong>re-</strong></span> <span class='ocrx_word' id='word_1_13' title='bbox 2159 420 2206 474; x_wconf 83' lang='lat' dir='ltr'><strong>A</strong></span> <span class='ocrx_word' id='word_1_14' title='bbox 2233 429 2464 470; x_wconf 86' lang='lat' dir='ltr'><strong>reretur.</strong></span> <span class='ocrx_word' id='word_1_15' title='bbox 2507 414 2616 470; x_wconf 91' lang='lat' dir='ltr'><strong>Sed</strong></span> <span class='ocrx_word' id='word_1_16' title='bbox 2657 429 2726 469; x_wconf 89' lang='lat' dir='ltr'><strong>ne</strong></span> <span class='ocrx_word' id='word_1_17' title='bbox 2766 413 2889 482; x_wconf 85' lang='lat' dir='ltr'><strong>quis</strong></span> <span class='ocrx_word' id='word_1_18' title='bbox 2915 411 2995 484; x_wconf 91' lang='lat'><strong>(9)</strong></span> <span class='ocrx_word' id='word_1_19' title='bbox 3020 413 3123 466; x_wconf 88' lang='lat' dir='ltr'><strong>hoc</strong></span> <span class='ocrx_word' id='word_1_20' title='bbox 3155 411 3410 468; x_wconf 88' lang='lat' dir='ltr'><strong>mandato</strong></span> <span class='ocrx_word' id='word_1_21' title='bbox 3455 412 3590 482; x_wconf 83' lang='lat' dir='ltr'><strong>legis</strong></span> <span class='ocrx_word' id='word_1_22' title='bbox 3631 417 3803 470; x_wconf 89' lang='lat' dir='ltr'><strong>ascri-</strong></span> 
     </span>
    </p>
   </div>
   <div class='ocr_carea' id='block_1_5' title="bbox 553 509 2126 580">
    <p class='ocr_par' dir='ltr' id='par_1_5' title="bbox 553 509 2126 580">
     <span class='ocr_line' id='line_1_5' title="bbox 553 509 2126 580; baseline -0.004 -11"><span class='ocrx_word' id='word_1_23' title='bbox 553 515 757 570; x_wconf 88' lang='lat' dir='ltr'><strong>vixisse</strong></span> <span class='ocrx_word' id='word_1_24' title='bbox 806 521 1092 580; x_wconf 84' lang='lat' dir='ltr'><strong>peccatum</strong></span> <span class='ocrx_word' id='word_1_25' title='bbox 1119 551 1136 576; x_wconf 94' lang='lat'><strong>,</strong></span> <span class='ocrx_word' id='word_1_26' title='bbox 1173 509 1447 576; x_wconf 88' lang='lat' dir='ltr'><strong>quomodo</strong></span> <span class='ocrx_word' id='word_1_27' title='bbox 1493 509 1546 562; x_wconf 91' lang='lat' dir='ltr'><strong>hi</strong></span> <span class='ocrx_word' id='word_1_28' title='bbox 1601 509 1668 561; x_wconf 94' lang='lat' dir='ltr'><strong>de</strong></span> <span class='ocrx_word' id='word_1_29' title='bbox 1712 509 1818 562; x_wconf 84' lang='lat' dir='ltr'><strong>hoc</strong></span> <span class='ocrx_word' id='word_1_30' title='bbox 1870 523 2126 562; x_wconf 83' lang='lat' dir='ltr'><strong>sermone</strong></span> 
     </span>
    </p>
   </div>
   <div class='ocr_carea' id='block_1_6' title="bbox 548 598 2124 675">
    <p class='ocr_par' dir='ltr' id='par_1_6' title="bbox 548 598 2124 675">
     <span class='ocr_line' id='line_1_6' title="bbox 548 598 2124 675; baseline -0.004 -16"><span class='ocrx_word' id='word_1_31' title='bbox 548 603 788 675; x_wconf 82' lang='lat' dir='ltr'><strong>Apostoli</strong></span> <span class='ocrx_word' id='word_1_32' title='bbox 833 616 942 672; x_wconf 91' lang='lat' dir='ltr'><strong>quo</strong></span> <span class='ocrx_word' id='word_1_33' title='bbox 987 601 1098 663; x_wconf 92' lang='lat' dir='ltr'><strong>ait,</strong></span> <span class='ocrx_word' id='word_1_34' title='bbox 1141 617 1160 650; x_wconf 70' lang='grc' dir='ltr'><strong>ι</strong></span> <span class='ocrx_word' id='word_1_35' title='bbox 1196 599 1308 668; x_wconf 86' lang='lat' dir='ltr'><strong>Ego</strong></span> <span class='ocrx_word' id='word_1_36' title='bbox 1357 609 1537 652; x_wconf 89' lang='lat' dir='ltr'><strong>autem</strong></span> <span class='ocrx_word' id='word_1_37' title='bbox 1569 599 1819 654; x_wconf 82' lang='lat' dir='ltr'><strong>vivebam</strong></span> <span class='ocrx_word' id='word_1_38' title='bbox 1854 598 1973 652; x_wconf 86' lang='lat' dir='ltr'><strong>sine</strong></span> <span class='ocrx_word' id='word_1_39' title='bbox 2006 598 2124 666; x_wconf 89' lang='lat' dir='ltr'><strong>lege</strong></span> 
     </span>
    </p>
   </div>
   <div class='ocr_carea' id='block_1_7' title="bbox 549 689 2123 764">
    <p class='ocr_par' dir='ltr' id='par_1_7' title="bbox 549 689 2123 764">
     <span class='ocr_line' id='line_1_7' title="bbox 549 689 2123 764; baseline -0.004 -16"><span class='ocrx_word' id='word_1_40' title='bbox 549 693 860 764; x_wconf 79' lang='lat' dir='ltr'><strong>aliquando,</strong></span> <span class='ocrx_word' id='word_1_41' title='bbox 899 711 922 744; x_wconf 71' lang='grc' dir='ltr'><strong>ι</strong></span> <span class='ocrx_word' id='word_1_42' title='bbox 956 692 1150 756; x_wconf 84' lang='lat' dir='ltr'><strong>dogma</strong></span> <span class='ocrx_word' id='word_1_43' title='bbox 1181 689 1727 760; x_wconf 80' lang='grc' dir='ltr'><strong>μετενσωματώσεως</strong></span> <span class='ocrx_word' id='word_1_44' title='bbox 1753 690 2123 754; x_wconf 87' lang='lat' dir='ltr'><strong>introducunt,</strong></span> 
     </span>
    </p>
   </div>
   <div class='ocr_carea' id='block_1_8' title="bbox 550 780 2124 860">
    <p class='ocr_par' dir='ltr' id='par_1_8' title="bbox 550 780 2124 860">
     <span class='ocr_line' id='line_1_8' title="bbox 550 780 2124 860; baseline -0.004 -22"><span class='ocrx_word' id='word_1_45' title='bbox 550 785 691 854; x_wconf 88' lang='lat' dir='ltr'><strong>quod</strong></span> <span class='ocrx_word' id='word_1_46' title='bbox 721 784 933 860; x_wconf 75' lang='lat' dir='ltr'><strong>animas</strong></span> <span class='ocrx_word' id='word_1_47' title='bbox 969 782 1245 836; x_wconf 86' lang='lat' dir='ltr'><strong>hominum</strong></span> <span class='ocrx_word' id='word_1_48' title='bbox 1277 781 1425 851; x_wconf 88' lang='lat' dir='ltr'><strong>prius</strong></span> <span class='ocrx_word' id='word_1_49' title='bbox 1457 782 1508 834; x_wconf 94' lang='lat' dir='ltr'><strong>in</strong></span> <span class='ocrx_word' id='word_1_50' title='bbox 1534 781 1829 850; x_wconf 87' lang='lat' dir='ltr'><strong>pecudibus</strong></span> <span class='ocrx_word' id='word_1_51' title='bbox 1851 820 1867 845; x_wconf 95' lang='lat'><strong>,</strong></span> <span class='ocrx_word' id='word_1_52' title='bbox 1895 780 1980 835; x_wconf 86' lang='lat' dir='ltr'><strong>vel</strong></span> <span class='ocrx_word' id='word_1_53' title='bbox 2012 781 2124 833; x_wconf 90' lang='lat' dir='ltr'><strong>avi-</strong></span> 
     </span>
    </p>
   </div>
   <div class='ocr_carea' id='block_1_9' title="bbox 548 870 2124 942">
    <p class='ocr_par' dir='ltr' id='par_1_9' title="bbox 548 870 2124 942">
     <span class='ocr_line' id='line_1_9' title="bbox 548 870 2124 942; baseline -0.003 -13"><span class='ocrx_word' id='word_1_54' title='bbox 548 876 687 941; x_wconf 86' lang='lat' dir='ltr'><strong>bus,</strong></span> <span class='ocrx_word' id='word_1_55' title='bbox 729 885 820 928; x_wconf 91' lang='lat' dir='ltr'><strong>aut</strong></span> <span class='ocrx_word' id='word_1_56' title='bbox 863 874 1102 942; x_wconf 83' lang='lat' dir='ltr'><strong>piscibus</strong></span> <span class='ocrx_word' id='word_1_57' title='bbox 1148 873 1308 926; x_wconf 91' lang='lat' dir='ltr'><strong>docet</strong></span> <span class='ocrx_word' id='word_1_58' title='bbox 1347 870 1514 925; x_wconf 80' lang='lat' dir='ltr'><strong>fuisse</strong></span> <span class='ocrx_word' id='word_1_59' title='bbox 1539 911 1555 936; x_wconf 96' lang='lat'><strong>,</strong></span> <span class='ocrx_word' id='word_1_60' title='bbox 1587 880 1642 924; x_wconf 89' lang='lat' dir='ltr'><strong>et</strong></span> <span class='ocrx_word' id='word_1_61' title='bbox 1673 871 1752 926; x_wconf 90' lang='lat' dir='ltr'><strong>sic</strong></span> <span class='ocrx_word' id='word_1_62' title='bbox 1780 874 1848 925; x_wconf 89' lang='lat' dir='ltr'><strong>ad</strong></span> <span class='ocrx_word' id='word_1_63' title='bbox 1881 872 2124 925; x_wconf 87' lang='lat' dir='ltr'><strong>homines</strong></span> 
     </span>
    </p>
   </div>
   <div class='ocr_carea' id='block_1_10' title="bbox 547 961 2124 1032">
    <p class='ocr_par' dir='ltr' id='par_1_10' title="bbox 547 961 2124 1032">
     <span class='ocr_line' id='line_1_10' title="bbox 547 961 2124 1032; baseline -0.002 -15"><span class='ocrx_word' id='word_1_64' title='bbox 547 965 766 1020; x_wconf 86' lang='lat' dir='ltr'><strong>venisse</strong></span> <span class='ocrx_word' id='word_1_65' title='bbox 798 983 812 1020; x_wconf 90' lang='lat'><strong>:</strong></span> <span class='ocrx_word' id='word_1_66' title='bbox 845 973 900 1019; x_wconf 88' lang='lat' dir='ltr'><strong>et</strong></span> <span class='ocrx_word' id='word_1_67' title='bbox 926 973 1215 1032; x_wconf 76' lang='lat' dir='ltr'><strong>propterea</strong></span> <span class='ocrx_word' id='word_1_68' title='bbox 1251 963 1328 1031; x_wconf 79' lang='lat'>(5)</span> <span class='ocrx_word' id='word_1_69' title='bbox 1359 963 1561 1017; x_wconf 83' lang='lat' dir='ltr'><strong>dixisse</strong></span> <span class='ocrx_word' id='word_1_70' title='bbox 1582 962 1926 1032; x_wconf 80' lang='lat' dir='ltr'><strong>Apostolum,</strong></span> <span class='ocrx_word' id='word_1_71' title='bbox 1961 981 1979 1012; x_wconf 84' lang='grc'>‹</span> <span class='ocrx_word' id='word_1_72' title='bbox 2013 961 2124 1032; x_wconf 85' lang='lat' dir='ltr'><strong>Ego</strong></span> 
     </span>
    </p>
   </div>
   <div class='ocr_carea' id='block_1_11' title="bbox 545 1054 2121 1125">
    <p class='ocr_par' dir='ltr' id='par_1_11' title="bbox 545 1054 2121 1125">
     <span class='ocr_line' id='line_1_11' title="bbox 545 1054 2121 1125; baseline -0.001 -16"><span class='ocrx_word' id='word_1_73' title='bbox 545 1066 724 1112; x_wconf 90' lang='lat' dir='ltr'><strong>autem</strong></span> <span class='ocrx_word' id='word_1_74' title='bbox 777 1056 1024 1111; x_wconf 81' lang='lat' dir='ltr'><strong>vivebam</strong></span> <span class='ocrx_word' id='word_1_75' title='bbox 1074 1059 1192 1111; x_wconf 90' lang='lat' dir='ltr'><strong>sine</strong></span> <span class='ocrx_word' id='word_1_76' title='bbox 1243 1057 1363 1125; x_wconf 79' lang='lat' dir='ltr'><strong>lege</strong></span> <span class='ocrx_word' id='word_1_77' title='bbox 1417 1055 1741 1124; x_wconf 81' lang='lat' dir='ltr'><strong>aliquando,</strong></span> <span class='ocrx_word' id='word_1_78' title='bbox 1792 1073 1810 1104; x_wconf 74' lang='grc' dir='ltr'><strong>ι</strong></span> <span class='ocrx_word' id='word_1_79' title='bbox 1844 1054 2000 1123; x_wconf 89' lang='lat' dir='ltr'><strong>quasi</strong></span> <span class='ocrx_word' id='word_1_80' title='bbox 2031 1056 2121 1122; x_wconf 93' lang='lat' dir='ltr'><strong>qui</strong></span> 
     </span>
    </p>
   </div>
   <div class='ocr_carea' id='block_1_12' title="bbox 545 1147 2126 1216">
    <p class='ocr_par' dir='ltr' id='par_1_12' title="bbox 545 1147 2126 1216">
     <span class='ocr_line' id='line_1_12' title="bbox 545 1147 2126 1216; baseline -0.001 -16"><span class='ocrx_word' id='word_1_81' title='bbox 545 1155 838 1216; x_wconf 89' lang='lat' dir='ltr'><strong>antequam</strong></span> <span class='ocrx_word' id='word_1_82' title='bbox 874 1147 926 1200; x_wconf 93' lang='lat' dir='ltr'><strong>in</strong></span> <span class='ocrx_word' id='word_1_83' title='bbox 957 1147 1058 1200; x_wconf 78' lang='lat' dir='ltr'><strong>hoc</strong></span> <span class='ocrx_word' id='word_1_84' title='bbox 1082 1162 1280 1215; x_wconf 86' lang='lat' dir='ltr'><strong>corpus</strong></span> <span class='ocrx_word' id='word_1_85' title='bbox 1309 1148 1520 1201; x_wconf 78' lang='lat' dir='ltr'><strong>veniret</strong></span> <span class='ocrx_word' id='word_1_86' title='bbox 1546 1147 1840 1200; x_wconf 89' lang='lat' dir='ltr'><strong>humanum</strong></span> <span class='ocrx_word' id='word_1_87' title='bbox 1863 1185 1878 1209; x_wconf 95' lang='lat'><strong>,</strong></span> <span class='ocrx_word' id='word_1_88' title='bbox 1928 1148 2126 1200; x_wconf 86' lang='lat' dir='ltr'><strong>vixerit</strong></span> 
     </span>
    </p>
   </div>
   <div class='ocr_carea' id='block_1_13' title="bbox 545 1237 2124 1310">
    <p class='ocr_par' dir='ltr' id='par_1_13' title="bbox 545 1237 2124 1310">
     <span class='ocr_line' id='line_1_13' title="bbox 545 1237 2124 1310; baseline 0.001 -20"><span class='ocrx_word' id='word_1_89' title='bbox 545 1238 599 1290; x_wconf 93' lang='lat' dir='ltr'><strong>in</strong></span> <span class='ocrx_word' id='word_1_90' title='bbox 629 1237 694 1292; x_wconf 86' lang='lat' dir='ltr'><strong>eo</strong></span> <span class='ocrx_word' id='word_1_91' title='bbox 726 1238 919 1293; x_wconf 87' lang='lat' dir='ltr'><strong>ordine</strong></span> <span class='ocrx_word' id='word_1_92' title='bbox 946 1238 1119 1310; x_wconf 89' lang='lat' dir='ltr'><strong>(verbi</strong></span> <span class='ocrx_word' id='word_1_93' title='bbox 1153 1239 1348 1306; x_wconf 85' lang='lat' dir='ltr'><strong>gratia)</strong></span> <span class='ocrx_word' id='word_1_94' title='bbox 1380 1250 1473 1291; x_wconf 91' lang='lat' dir='ltr'><strong>aut</strong></span> <span class='ocrx_word' id='word_1_95' title='bbox 1506 1239 1686 1292; x_wconf 91' lang='lat' dir='ltr'><strong>avium</strong></span> <span class='ocrx_word' id='word_1_96' title='bbox 1707 1279 1723 1302; x_wconf 93' lang='lat'><strong>,</strong></span> <span class='ocrx_word' id='word_1_97' title='bbox 1771 1247 1864 1291; x_wconf 89' lang='lat' dir='ltr'><strong>aut</strong></span> <span class='ocrx_word' id='word_1_98' title='bbox 1914 1239 2124 1292; x_wconf 86' lang='lat' dir='ltr'><strong>anima-</strong></span> 
     </span>
    </p>
   </div>
   <div class='ocr_carea' id='block_1_14' title="bbox 543 1329 2126 1396">
    <p class='ocr_par' dir='ltr' id='par_1_14' title="bbox 543 1329 2126 1396">
     <span class='ocr_line' id='line_1_14' title="bbox 543 1329 2126 1396; baseline 0.001 -12"><span class='ocrx_word' id='word_1_99' title='bbox 543 1329 714 1394; x_wconf 83' lang='lat' dir='ltr'><strong>lium,</strong></span> <span class='ocrx_word' id='word_1_100' title='bbox 777 1331 868 1386; x_wconf 91' lang='lat' dir='ltr'><strong>ubi</strong></span> <span class='ocrx_word' id='word_1_101' title='bbox 921 1330 1008 1384; x_wconf 81' lang='lat' dir='ltr'><strong>lex</strong></span> <span class='ocrx_word' id='word_1_102' title='bbox 1061 1331 1206 1385; x_wconf 89' lang='lat' dir='ltr'><strong>nulla</strong></span> <span class='ocrx_word' id='word_1_103' title='bbox 1266 1330 1578 1385; x_wconf 85' lang='lat' dir='ltr'><strong>haberetur.</strong></span> <span class='ocrx_word' id='word_1_104' title='bbox 1651 1329 1973 1396; x_wconf 83' lang='lat' dir='ltr'><strong>Quomodo,</strong></span> <span class='ocrx_word' id='word_1_105' title='bbox 2043 1332 2126 1386; x_wconf 90' lang='lat' dir='ltr'><strong>in-</strong></span> 
     </span>
    </p>
   </div>
   <div class='ocr_carea' id='block_1_15' title="bbox 543 1409 2122 1495">
    <p class='ocr_par' dir='ltr' id='par_1_15' title="bbox 543 1409 2122 1495">
     <span class='ocr_line' id='line_1_15' title="bbox 543 1409 2122 1495; baseline 0 -19"><span class='ocrx_word' id='word_1_106' title='bbox 543 1438 708 1491; x_wconf 90' lang='lat' dir='ltr'><strong>quam</strong></span> <span class='ocrx_word' id='word_1_107' title='bbox 744 1423 858 1495; x_wconf 86' lang='lat'>(6),</span> <span class='ocrx_word' id='word_1_108' title='bbox 912 1423 981 1478; x_wconf 89' lang='lat' dir='ltr'><strong>ad</strong></span> <span class='ocrx_word' id='word_1_109' title='bbox 1030 1423 1132 1477; x_wconf 91' lang='lat' dir='ltr'><strong>hoc</strong></span> <span class='ocrx_word' id='word_1_110' title='bbox 1183 1431 1436 1491; x_wconf 89' lang='lat' dir='ltr'><strong>poterunt</strong></span> <span class='ocrx_word' id='word_1_111' title='bbox 1481 1409 1849 1490; x_wconf 80' lang='lat' dir='ltr'><strong>respondere,</strong></span> <span class='ocrx_word' id='word_1_112' title='bbox 1897 1437 2020 1476; x_wconf 84' lang='lat' dir='ltr'><strong>cum</strong></span> <span class='ocrx_word' id='word_1_113' title='bbox 2069 1423 2122 1476; x_wconf 91' lang='lat' dir='ltr'><strong>in</strong></span> 
     </span>
    </p>
   </div>
   <div class='ocr_carea' id='block_1_16' title="bbox 543 1516 2123 1584">
    <p class='ocr_par' dir='ltr' id='par_1_16' title="bbox 543 1516 2123 1584">
     <span class='ocr_line' id='line_1_16' title="bbox 543 1516 2123 1584; baseline 0 -16"><span class='ocrx_word' id='word_1_114' title='bbox 543 1517 724 1569; x_wconf 90' lang='lat' dir='ltr'><strong>anima</strong></span> <span class='ocrx_word' id='word_1_115' title='bbox 756 1531 862 1570; x_wconf 91' lang='lat' dir='ltr'><strong>non</strong></span> <span class='ocrx_word' id='word_1_116' title='bbox 892 1532 1064 1583; x_wconf 86' lang='lat' dir='ltr'><strong>nuper</strong></span> <span class='ocrx_word' id='word_1_117' title='bbox 1095 1525 1380 1579; x_wconf 89' lang='lat' dir='ltr'><strong>exortum,</strong></span> <span class='ocrx_word' id='word_1_118' title='bbox 1409 1516 1502 1569; x_wconf 87' lang='lat' dir='ltr'><strong>sed</strong></span> <span class='ocrx_word' id='word_1_119' title='bbox 1530 1517 1675 1584; x_wconf 86' lang='lat' dir='ltr'><strong>quod</strong></span> <span class='ocrx_word' id='word_1_120' title='bbox 1701 1525 1823 1569; x_wconf 87' lang='lat' dir='ltr'><strong>erat</strong></span> <span class='ocrx_word' id='word_1_121' title='bbox 1853 1527 2123 1569; x_wconf 89' lang='lat' dir='ltr'><strong>mortuum</strong></span> 
     </span>
    </p>
   </div>
   <div class='ocr_carea' id='block_1_17' title="bbox 544 1606 2122 1677">
    <p class='ocr_par' dir='ltr' id='par_1_17' title="bbox 544 1606 2122 1677">
     <span class='ocr_line' id='line_1_17' title="bbox 544 1606 2122 1677; baseline -0.002 -14"><span class='ocrx_word' id='word_1_122' title='bbox 544 1607 690 1663; x_wconf 84' lang='lat' dir='ltr'><strong>dicat</strong></span> <span class='ocrx_word' id='word_1_123' title='bbox 717 1607 983 1660; x_wconf 90' lang='lat' dir='ltr'><strong>revixisse</strong></span> <span class='ocrx_word' id='word_1_124' title='bbox 1003 1606 1327 1674; x_wconf 85' lang='lat' dir='ltr'><strong>peccatum?</strong></span> <span class='ocrx_word' id='word_1_125' title='bbox 1360 1609 1422 1660; x_wconf 82' lang='lat' dir='ltr'><strong>Et</strong></span> <span class='ocrx_word' id='word_1_126' title='bbox 1447 1616 1655 1660; x_wconf 89' lang='lat' dir='ltr'><strong>certum</strong></span> <span class='ocrx_word' id='word_1_127' title='bbox 1681 1618 1764 1661; x_wconf 91' lang='lat' dir='ltr'><strong>est</strong></span> <span class='ocrx_word' id='word_1_128' title='bbox 1790 1609 1932 1676; x_wconf 91' lang='lat' dir='ltr'><strong>quod</strong></span> <span class='ocrx_word' id='word_1_129' title='bbox 1959 1607 2004 1662; x_wconf 91' lang='lat' dir='ltr'><strong>is</strong></span> <span class='ocrx_word' id='word_1_130' title='bbox 2029 1608 2122 1677; x_wconf 88' lang='lat' dir='ltr'><strong>qui</strong></span> 
     </span>
    </p>
   </div>
   <div class='ocr_carea' id='block_1_18' title="bbox 547 1699 2121 1768">
    <p class='ocr_par' dir='ltr' id='par_1_18' title="bbox 547 1699 2121 1768">
     <span class='ocr_line' id='line_1_18' title="bbox 547 1699 2121 1768; baseline 0 -14"><span class='ocrx_word' id='word_1_131' title='bbox 547 1700 862 1762; x_wconf 87' lang='lat' dir='ltr'><strong>reviviscit,</strong></span> <span class='ocrx_word' id='word_1_132' title='bbox 897 1700 1035 1752; x_wconf 83' lang='lat' dir='ltr'><strong>vixit</strong></span> <span class='ocrx_word' id='word_1_133' title='bbox 1067 1699 1380 1767; x_wconf 88' lang='lat' dir='ltr'><strong>aliquando.</strong></span> <span class='ocrx_word' id='word_1_134' title='bbox 1423 1699 1709 1767; x_wconf 86' lang='lat' dir='ltr'><strong>Nunquam</strong></span> <span class='ocrx_word' id='word_1_135' title='bbox 1761 1715 1893 1768; x_wconf 90' lang='lat' dir='ltr'><strong>ergo</strong></span> <span class='ocrx_word' id='word_1_136' title='bbox 1939 1701 2121 1755; x_wconf 87' lang='lat' dir='ltr'><strong>anima</strong></span> 
     </span>
    </p>
   </div>
   <div class='ocr_carea' id='block_1_19' title="bbox 2231 501 3803 574">
    <p class='ocr_par' dir='ltr' id='par_1_19' title="bbox 2231 501 3803 574">
     <span class='ocr_line' id='line_1_19' title="bbox 2231 501 3803 574; baseline 0 -14"><span class='ocrx_word' id='word_1_137' title='bbox 2231 506 2386 560; x_wconf 89' lang='lat' dir='ltr'><strong>heret</strong></span> <span class='ocrx_word' id='word_1_138' title='bbox 2407 546 2422 570; x_wconf 93' lang='lat'><strong>,</strong></span> <span class='ocrx_word' id='word_1_139' title='bbox 2469 505 2610 574; x_wconf 90' lang='lat' dir='ltr'><strong>quod</strong></span> <span class='ocrx_word' id='word_1_140' title='bbox 2645 503 2938 559; x_wconf 86' lang='lat' dir='ltr'><strong>occasione</strong></span> <span class='ocrx_word' id='word_1_141' title='bbox 2968 501 3220 572; x_wconf 70' lang='lat' dir='ltr'><strong>praecepti</strong></span> <span class='ocrx_word' id='word_1_142' title='bbox 3253 517 3283 554; x_wconf 88' lang='lat' dir='ltr'><strong>a</strong></span> <span class='ocrx_word' id='word_1_143' title='bbox 3315 513 3540 570; x_wconf 90' lang='lat' dir='ltr'><strong>peccato</strong></span> <span class='ocrx_word' id='word_1_144' title='bbox 3567 503 3680 572; x_wconf 73' lang='lat'>(10)</span> <span class='ocrx_word' id='word_1_145' title='bbox 3710 521 3803 560; x_wconf 90' lang='lat' dir='ltr'><strong>se-</strong></span> 
     </span>
    </p>
   </div>
   <div class='ocr_carea' id='block_1_20' title="bbox 2231 591 3805 662">
    <p class='ocr_par' dir='ltr' id='par_1_20' title="bbox 2231 591 3805 662">
     <span class='ocr_line' id='line_1_20' title="bbox 2231 591 3805 662; baseline 0.002 -16"><span class='ocrx_word' id='word_1_146' title='bbox 2231 593 2394 648; x_wconf 87' lang='lat' dir='ltr'><strong>ducta</strong></span> <span class='ocrx_word' id='word_1_147' title='bbox 2419 603 2504 648; x_wconf 91' lang='lat' dir='ltr'><strong>est</strong></span> <span class='ocrx_word' id='word_1_148' title='bbox 2532 595 2712 648; x_wconf 87' lang='lat' dir='ltr'><strong>anima</strong></span> <span class='ocrx_word' id='word_1_149' title='bbox 2738 603 2792 647; x_wconf 90' lang='lat' dir='ltr'><strong>et</strong></span> <span class='ocrx_word' id='word_1_150' title='bbox 2824 593 3005 648; x_wconf 91' lang='lat' dir='ltr'><strong>occisa</strong></span> <span class='ocrx_word' id='word_1_151' title='bbox 3029 631 3044 655; x_wconf 92' lang='lat'><strong>,</strong></span> <span class='ocrx_word' id='word_1_152' title='bbox 3093 591 3372 662; x_wconf 81' lang='lat' dir='ltr'><strong>subjuugit</strong></span> <span class='ocrx_word' id='word_1_153' title='bbox 3411 593 3722 661; x_wconf 85' lang='lat' dir='ltr'><strong>Apostolus,</strong></span> <span class='ocrx_word' id='word_1_154' title='bbox 3748 604 3805 649; x_wconf 91' lang='lat' dir='ltr'><strong>et</strong></span> 
     </span>
    </p>
   </div>
   <div class='ocr_carea' id='block_1_21' title="bbox 2231 686 3802 755">
    <p class='ocr_par' dir='ltr' id='par_1_21' title="bbox 2231 686 3802 755">
     <span class='ocr_line' id='line_1_21' title="bbox 2231 686 3802 755; baseline 0.002 -15"><span class='ocrx_word' id='word_1_155' title='bbox 2231 687 2410 740; x_wconf 86' lang='lat' dir='ltr'><strong>dicit:</strong></span> <span class='ocrx_word' id='word_1_156' title='bbox 2453 705 2472 737; x_wconf 75' lang='grc' dir='ltr'><strong>ι</strong></span> <span class='ocrx_word' id='word_1_157' title='bbox 2513 687 2699 755; x_wconf 89' lang='lat' dir='ltr'><strong>ltaque</strong></span> <span class='ocrx_word' id='word_1_158' title='bbox 2750 688 2835 740; x_wconf 89' lang='lat' dir='ltr'><strong>lex</strong></span> <span class='ocrx_word' id='word_1_159' title='bbox 2882 686 3098 754; x_wconf 87' lang='lat' dir='ltr'><strong>quidem</strong></span> <span class='ocrx_word' id='word_1_160' title='bbox 3147 695 3373 749; x_wconf 87' lang='lat' dir='ltr'><strong>sancta,</strong></span> <span class='ocrx_word' id='word_1_161' title='bbox 3405 695 3461 738; x_wconf 92' lang='grc' dir='ltr'>ει</span> <span class='ocrx_word' id='word_1_162' title='bbox 3490 689 3802 743; x_wconf 89' lang='lat' dir='ltr'><strong>mandatum</strong></span> 
     </span>
    </p>
   </div>
   <div class='ocr_carea' id='block_1_22' title="bbox 2231 775 3806 849">
    <p class='ocr_par' dir='ltr' id='par_1_22' title="bbox 2231 775 3806 849">
     <span class='ocr_line' id='line_1_22' title="bbox 2231 775 3806 849; baseline 0.003 -18"><span class='ocrx_word' id='word_1_163' title='bbox 2231 787 2502 844; x_wconf 89' lang='lat' dir='ltr'><strong>sanctum,</strong></span> <span class='ocrx_word' id='word_1_164' title='bbox 2555 787 2612 831; x_wconf 87' lang='lat' dir='ltr'><strong>et</strong></span> <span class='ocrx_word' id='word_1_165' title='bbox 2652 778 2884 847; x_wconf 85' lang='lat' dir='ltr'><strong>justum,</strong></span> <span class='ocrx_word' id='word_1_166' title='bbox 2912 786 2967 830; x_wconf 93' lang='lat' dir='ltr'><strong>et</strong></span> <span class='ocrx_word' id='word_1_167' title='bbox 2999 775 3219 832; x_wconf 90' lang='lat' dir='ltr'><strong>bonum.</strong></span> <span class='ocrx_word' id='word_1_168' title='bbox 3257 795 3277 828; x_wconf 76' lang='grc' dir='ltr'><strong>ι</strong></span> <span class='ocrx_word' id='word_1_169' title='bbox 3313 777 3526 832; x_wconf 87' lang='lat' dir='ltr'><strong>Bonum</strong></span> <span class='ocrx_word' id='word_1_170' title='bbox 3569 793 3806 849; x_wconf 81' lang='lat' dir='ltr'><strong>namque</strong></span> 
     </span>
    </p>
   </div>
   <div class='ocr_carea' id='block_1_23' title="bbox 2230 865 3805 936">
    <p class='ocr_par' dir='ltr' id='par_1_23' title="bbox 2230 865 3805 936">
     <span class='ocr_line' id='line_1_23' title="bbox 2230 865 3805 936; baseline 0 -14"><span class='ocrx_word' id='word_1_171' title='bbox 2230 877 2315 922; x_wconf 87' lang='lat' dir='ltr'><strong>est</strong></span> <span class='ocrx_word' id='word_1_172' title='bbox 2361 869 2691 934; x_wconf 89' lang='lat' dir='ltr'><strong>mandatum,</strong></span> <span class='ocrx_word' id='word_1_173' title='bbox 2743 876 2799 922; x_wconf 92' lang='lat' dir='ltr'><strong>et</strong></span> <span class='ocrx_word' id='word_1_174' title='bbox 2842 867 2924 920; x_wconf 88' lang='lat' dir='ltr'><strong>lex</strong></span> <span class='ocrx_word' id='word_1_175' title='bbox 2953 875 3138 920; x_wconf 83' lang='lat' dir='ltr'><strong>sancta</strong></span> <span class='ocrx_word' id='word_1_176' title='bbox 3170 875 3272 920; x_wconf 90' lang='lat' dir='ltr'><strong>est.</strong></span> <span class='ocrx_word' id='word_1_177' title='bbox 3313 865 3462 921; x_wconf 89' lang='lat' dir='ltr'><strong>Bona</strong></span> <span class='ocrx_word' id='word_1_178' title='bbox 3490 867 3634 922; x_wconf 79' lang='lat' dir='ltr'><strong>enim</strong></span> <span class='ocrx_word' id='word_1_179' title='bbox 3664 883 3805 936; x_wconf 65' lang='lat' dir='ltr'><strong>prae—</strong></span> 
     </span>
    </p>
   </div>
   <div class='ocr_carea' id='block_1_24' title="bbox 2231 960 3805 1029">
    <p class='ocr_par' dir='ltr' id='par_1_24' title="bbox 2231 960 3805 1029">
     <span class='ocr_line' id='line_1_24' title="bbox 2231 960 3805 1029; baseline 0.001 -14"><span class='ocrx_word' id='word_1_180' title='bbox 2231 961 2395 1029; x_wconf 89' lang='lat' dir='ltr'><strong>cipit,</strong></span> <span class='ocrx_word' id='word_1_181' title='bbox 2442 971 2498 1015; x_wconf 92' lang='lat' dir='ltr'><strong>et</strong></span> <span class='ocrx_word' id='word_1_182' title='bbox 2543 960 2807 1015; x_wconf 90' lang='lat' dir='ltr'><strong>bonorum</strong></span> <span class='ocrx_word' id='word_1_183' title='bbox 2853 961 3256 1014; x_wconf 79' lang='lat' dir='ltr'><strong>observantiam</strong></span> <span class='ocrx_word' id='word_1_184' title='bbox 3307 961 3548 1016; x_wconf 88' lang='lat' dir='ltr'><strong>mandat.</strong></span> <span class='ocrx_word' id='word_1_185' title='bbox 3594 980 3613 1012; x_wconf 79' lang='grc' dir='ltr'><strong>ι</strong></span> <span class='ocrx_word' id='word_1_186' title='bbox 3648 961 3805 1028; x_wconf 85' lang='lat' dir='ltr'><strong>Quod</strong></span> 
     </span>
    </p>
   </div>
   <div class='ocr_carea' id='block_1_25' title="bbox 2230 1050 3800 1120">
    <p class='ocr_par' dir='ltr' id='par_1_25' title="bbox 2230 1050 3800 1120">
     <span class='ocr_line' id='line_1_25' title="bbox 2230 1050 3800 1120; baseline 0.002 -17"><span class='ocrx_word' id='word_1_187' title='bbox 2230 1064 2416 1119; x_wconf 68' lang='lat' dir='ltr'><strong>ergo.)</strong></span> <span class='ocrx_word' id='word_1_188' title='bbox 2449 1050 2647 1120; x_wconf 89' lang='lat' dir='ltr'><strong>inquit,</strong></span> <span class='ocrx_word' id='word_1_189' title='bbox 2687 1068 2704 1100; x_wconf 78' lang='grc' dir='ltr'><strong>ι</strong></span> <span class='ocrx_word' id='word_1_190' title='bbox 2738 1052 2934 1104; x_wconf 87' lang='lat' dir='ltr'><strong>bonum</strong></span> <span class='ocrx_word' id='word_1_191' title='bbox 2967 1059 3070 1117; x_wconf 91' lang='lat' dir='ltr'><strong>est,</strong></span> <span class='ocrx_word' id='word_1_192' title='bbox 3103 1052 3234 1105; x_wconf 87' lang='lat' dir='ltr'><strong>mihi</strong></span> <span class='ocrx_word' id='word_1_193' title='bbox 3263 1066 3410 1106; x_wconf 90' lang='lat' dir='ltr'><strong>mors</strong></span> <span class='ocrx_word' id='word_1_194' title='bbox 3441 1051 3559 1106; x_wconf 79' lang='lat' dir='ltr'><strong>est?</strong></span> <span class='ocrx_word' id='word_1_195' title='bbox 3589 1050 3800 1107; x_wconf 62' lang='lat' dir='ltr'><strong>Absit.»</strong></span> 
     </span>
    </p>
   </div>
   <div class='ocr_carea' id='block_1_26' title="bbox 2231 1141 3807 1214">
    <p class='ocr_par' dir='ltr' id='par_1_26' title="bbox 2231 1141 3807 1214">
     <span class='ocr_line' id='line_1_26' title="bbox 2231 1141 3807 1214; baseline 0.001 -17"><span class='ocrx_word' id='word_1_196' title='bbox 2231 1141 2606 1208; x_wconf 87' lang='lat' dir='ltr'><strong>Objectionem</strong></span> <span class='ocrx_word' id='word_1_197' title='bbox 2658 1141 2862 1197; x_wconf 76' lang='lat' dir='ltr'><strong>refellit</strong></span> <span class='ocrx_word' id='word_1_198' title='bbox 2908 1143 3218 1197; x_wconf 84' lang='lat' dir='ltr'><strong>necessario</strong></span> <span class='ocrx_word' id='word_1_199' title='bbox 3264 1155 3716 1214; x_wconf 79' lang='lat' dir='ltr'><strong>consurgentem,</strong></span> <span class='ocrx_word' id='word_1_200' title='bbox 3748 1155 3807 1200; x_wconf 88' lang='lat' dir='ltr'><strong>et</strong></span> 
     </span>
    </p>
   </div>
   <div class='ocr_carea' id='block_1_27' title="bbox 2231 1232 3804 1303">
    <p class='ocr_par' dir='ltr' id='par_1_27' title="bbox 2231 1232 3804 1303">
     <span class='ocr_line' id='line_1_27' title="bbox 2231 1232 3804 1303; baseline 0.002 -16"><span class='ocrx_word' id='word_1_201' title='bbox 2231 1233 2402 1289; x_wconf 88' lang='lat' dir='ltr'><strong>dicit:</strong></span> <span class='ocrx_word' id='word_1_202' title='bbox 2441 1232 2558 1287; x_wconf 87' lang='lat' dir='ltr'><strong>Non</strong></span> <span class='ocrx_word' id='word_1_203' title='bbox 2589 1234 2730 1302; x_wconf 91' lang='lat' dir='ltr'><strong>quod</strong></span> <span class='ocrx_word' id='word_1_204' title='bbox 2759 1232 2964 1288; x_wconf 91' lang='lat' dir='ltr'><strong>bonum</strong></span> <span class='ocrx_word' id='word_1_205' title='bbox 3014 1233 3146 1303; x_wconf 82' lang='lat' dir='ltr'><strong>legis</strong></span> <span class='ocrx_word' id='word_1_206' title='bbox 3190 1243 3244 1288; x_wconf 88' lang='lat' dir='ltr'><strong>et</strong></span> <span class='ocrx_word' id='word_1_207' title='bbox 3288 1236 3526 1290; x_wconf 87' lang='lat' dir='ltr'><strong>mandati</strong></span> <span class='ocrx_word' id='word_1_208' title='bbox 3570 1247 3804 1292; x_wconf 90' lang='lat' dir='ltr'><strong>mortem</strong></span> 
     </span>
    </p>
   </div>
   <div class='ocr_carea' id='block_1_28' title="bbox 2232 1329 3800 1399">
    <p class='ocr_par' dir='ltr' id='par_1_28' title="bbox 2232 1329 3800 1399">
     <span class='ocr_line' id='line_1_28' title="bbox 2232 1329 3800 1399; baseline 0 -15"><span class='ocrx_word' id='word_1_209' title='bbox 2232 1329 2364 1384; x_wconf 91' lang='lat' dir='ltr'><strong>mihi</strong></span> <span class='ocrx_word' id='word_1_210' title='bbox 2414 1329 2696 1394; x_wconf 88' lang='lat' dir='ltr'><strong>intulerit;</strong></span> <span class='ocrx_word' id='word_1_211' title='bbox 2751 1347 2770 1380; x_wconf 80' lang='grc' dir='ltr'><strong>ι</strong></span> <span class='ocrx_word' id='word_1_212' title='bbox 2800 1329 2894 1384; x_wconf 89' lang='lat' dir='ltr'><strong>sed</strong></span> <span class='ocrx_word' id='word_1_213' title='bbox 2942 1339 3260 1398; x_wconf 82' lang='lat' dir='ltr'><strong>peccatum,</strong></span> <span class='ocrx_word' id='word_1_214' title='bbox 3295 1347 3315 1381; x_wconf 82' lang='grc' dir='ltr'><strong>ι</strong></span> <span class='ocrx_word' id='word_1_215' title='bbox 3373 1330 3588 1399; x_wconf 90' lang='lat' dir='ltr'><strong>inquit,</strong></span> <span class='ocrx_word' id='word_1_216' title='bbox 3628 1349 3648 1383; x_wconf 76' lang='grc' dir='ltr'><strong>ι</strong></span> <span class='ocrx_word' id='word_1_217' title='bbox 3681 1339 3741 1384; x_wconf 97' lang='grc' dir='ltr'><strong>ιιι</strong></span> <span class='ocrx_word' id='word_1_218' title='bbox 3778 1349 3800 1383; x_wconf 76' lang='grc' dir='ltr'><strong>ι</strong></span> 
     </span>
    </p>
   </div>
   <div class='ocr_carea' id='block_1_29' title="bbox 2229 1421 3804 1493">
    <p class='ocr_par' dir='ltr' id='par_1_29' title="bbox 2229 1421 3804 1493">
     <span class='ocr_line' id='line_1_29' title="bbox 2229 1421 3804 1493; baseline 0.001 -17"><span class='ocrx_word' id='word_1_219' title='bbox 2229 1438 2392 1493; x_wconf 88' lang='lat' dir='ltr'><strong>quam</strong></span> <span class='ocrx_word' id='word_1_220' title='bbox 2426 1423 2669 1491; x_wconf 90' lang='lat' dir='ltr'><strong>iniquum</strong></span> <span class='ocrx_word' id='word_1_221' title='bbox 2700 1421 2772 1476; x_wconf 91' lang='lat' dir='ltr'><strong>sit</strong></span> <span class='ocrx_word' id='word_1_222' title='bbox 2806 1441 2824 1472; x_wconf 86' lang='grc'><strong><em>‹</em></strong></span> <span class='ocrx_word' id='word_1_223' title='bbox 2869 1431 3165 1492; x_wconf 90' lang='lat' dir='ltr'><strong>appareat,</strong></span> <span class='ocrx_word' id='word_1_224' title='bbox 3193 1437 3289 1491; x_wconf 91' lang='lat' dir='ltr'><strong>per</strong></span> <span class='ocrx_word' id='word_1_225' title='bbox 3317 1421 3516 1478; x_wconf 86' lang='lat' dir='ltr'><strong>bonum</strong></span> <span class='ocrx_word' id='word_1_226' title='bbox 3551 1422 3682 1476; x_wconf 88' lang='lat' dir='ltr'><strong>mihi</strong></span> <span class='ocrx_word' id='word_1_227' title='bbox 3715 1425 3804 1477; x_wconf 86' lang='lat' dir='ltr'><strong>in-</strong></span> 
     </span>
    </p>
   </div>
   <div class='ocr_carea' id='block_1_30' title="bbox 2233 1514 3804 1586">
    <p class='ocr_par' dir='ltr' id='par_1_30' title="bbox 2233 1514 3804 1586">
     <span class='ocr_line' id='line_1_30' title="bbox 2233 1514 3804 1586; baseline -0.001 -16"><span class='ocrx_word' id='word_1_228' title='bbox 2233 1516 2354 1570; x_wconf 90' lang='lat' dir='ltr'><strong>tulit</strong></span> <span class='ocrx_word' id='word_1_229' title='bbox 2382 1526 2609 1570; x_wconf 89' lang='lat' dir='ltr'><strong>mortem</strong></span> <span class='ocrx_word' id='word_1_230' title='bbox 2642 1514 2781 1586; x_wconf 78' lang='lat' dir='ltr'><strong>(il).</strong></span> <span class='ocrx_word' id='word_1_231' title='bbox 2816 1534 2836 1566; x_wconf 75' lang='grc' dir='ltr'><strong>ι</strong></span> <span class='ocrx_word' id='word_1_232' title='bbox 2876 1515 3082 1570; x_wconf 87' lang='lat' dir='ltr'><strong>Bonum</strong></span> <span class='ocrx_word' id='word_1_233' title='bbox 3113 1531 3347 1584; x_wconf 88' lang='lat' dir='ltr'><strong>namque</strong></span> <span class='ocrx_word' id='word_1_234' title='bbox 3377 1525 3462 1570; x_wconf 90' lang='lat' dir='ltr'><strong>est</strong></span> <span class='ocrx_word' id='word_1_235' title='bbox 3491 1518 3804 1570; x_wconf 89' lang='lat' dir='ltr'><strong>mandatum</strong></span> 
     </span>
    </p>
   </div>
   <div class='ocr_carea' id='block_1_31' title="bbox 2230 1606 3808 1672">
    <p class='ocr_par' dir='ltr' id='par_1_31' title="bbox 2230 1606 3808 1672">
     <span class='ocr_line' id='line_1_31' title="bbox 2230 1606 3808 1672; baseline -0.001 -11"><span class='ocrx_word' id='word_1_236' title='bbox 2230 1622 2354 1661; x_wconf 94' lang='lat' dir='ltr'><strong>cum</strong></span> <span class='ocrx_word' id='word_1_237' title='bbox 2399 1615 2699 1662; x_wconf 89' lang='lat' dir='ltr'><strong>servatur:</strong></span> <span class='ocrx_word' id='word_1_238' title='bbox 2733 1606 2778 1661; x_wconf 90' lang='lat' dir='ltr'><strong>si</strong></span> <span class='ocrx_word' id='word_1_239' title='bbox 2828 1621 2959 1661; x_wconf 87' lang='lat' dir='ltr'><strong>vero</strong></span> <span class='ocrx_word' id='word_1_240' title='bbox 3005 1621 3110 1660; x_wconf 92' lang='lat' dir='ltr'><strong>non</strong></span> <span class='ocrx_word' id='word_1_241' title='bbox 3153 1616 3438 1672; x_wconf 88' lang='lat' dir='ltr'><strong>servetur,</strong></span> <span class='ocrx_word' id='word_1_242' title='bbox 3493 1608 3808 1662; x_wconf 88' lang='lat' dir='ltr'><strong>necessario</strong></span> 
     </span>
    </p>
   </div>
   <div class='ocr_carea' id='block_1_32' title="bbox 2231 1698 3807 1772">
    <p class='ocr_par' dir='ltr' id='par_1_32' title="bbox 2231 1698 3807 1772">
     <span class='ocr_line' id='line_1_32' title="bbox 2231 1698 3807 1772; baseline 0.004 -20"><span class='ocrx_word' id='word_1_243' title='bbox 2231 1699 2431 1752; x_wconf 89' lang='lat' dir='ltr'><strong>malum</strong></span> <span class='ocrx_word' id='word_1_244' title='bbox 2483 1699 2590 1752; x_wconf 90' lang='lat' dir='ltr'><strong>erit</strong></span> <span class='ocrx_word' id='word_1_245' title='bbox 2638 1698 2712 1752; x_wconf 90' lang='lat' dir='ltr'><strong>illi</strong></span> <span class='ocrx_word' id='word_1_246' title='bbox 2769 1698 2863 1768; x_wconf 88' lang='lat' dir='ltr'><strong>qui</strong></span> <span class='ocrx_word' id='word_1_247' title='bbox 2904 1699 3205 1767; x_wconf 88' lang='lat' dir='ltr'><strong>perdiderit</strong></span> <span class='ocrx_word' id='word_1_248' title='bbox 3252 1700 3474 1753; x_wconf 92' lang='lat' dir='ltr'><strong>bonum.</strong></span> <span class='ocrx_word' id='word_1_249' title='bbox 3537 1699 3624 1756; x_wconf 86' lang='lat' dir='ltr'><strong>Fit</strong></span> <span class='ocrx_word' id='word_1_250' title='bbox 3672 1717 3807 1772; x_wconf 86' lang='lat' dir='ltr'><strong>ergo</strong></span> 
     </span>
    </p>
   </div>
   <div class='ocr_carea' id='block_1_33' title="bbox 547 1777 3805 1859">
    <p class='ocr_par' dir='ltr' id='par_1_33' title="bbox 547 1777 3805 1859">
     <span class='ocr_line' id='line_1_33' title="bbox 547 1777 3805 1859; baseline 0 -13"><span class='ocrx_word' id='word_1_251' title='bbox 547 1792 601 1846; x_wconf 85' lang='lat' dir='ltr'><strong>in</strong></span> <span class='ocrx_word' id='word_1_252' title='bbox 645 1806 713 1848; x_wconf 88' lang='lat' dir='ltr'><strong>eo</strong></span> <span class='ocrx_word' id='word_1_253' title='bbox 740 1791 934 1847; x_wconf 87' lang='lat' dir='ltr'><strong>ordine</strong></span> <span class='ocrx_word' id='word_1_254' title='bbox 984 1790 1152 1846; x_wconf 82' lang='lat' dir='ltr'><strong>fuisse</strong></span> <span class='ocrx_word' id='word_1_255' title='bbox 1184 1791 1458 1847; x_wconf 88' lang='lat' dir='ltr'><strong>videbitur</strong></span> <span class='ocrx_word' id='word_1_256' title='bbox 1481 1833 1499 1859; x_wconf 92' lang='lat'><strong>,</strong></span> <span class='ocrx_word' id='word_1_257' title='bbox 1547 1793 1637 1847; x_wconf 91' lang='lat' dir='ltr'><strong>ubi</strong></span> <span class='ocrx_word' id='word_1_258' title='bbox 1685 1801 1968 1859; x_wconf 81' lang='lat' dir='ltr'><strong>peccatum</strong></span> <span class='ocrx_word' id='word_1_259' title='bbox 2010 1794 2128 1850; x_wconf 87' lang='lat' dir='ltr'><strong>sine</strong></span> <span class='ocrx_word' id='word_1_260' title='bbox 2157 1777 2200 1832; x_wconf 83' lang='lat' dir='ltr'><strong>B</strong></span> <span class='ocrx_word' id='word_1_261' title='bbox 2235 1808 2254 1842; x_wconf 80' lang='grc' dir='ltr'><strong>ι</strong></span> <span class='ocrx_word' id='word_1_262' title='bbox 2293 1791 2466 1858; x_wconf 91' lang='lat' dir='ltr'><strong>ipsum</strong></span> <span class='ocrx_word' id='word_1_263' title='bbox 2503 1799 2786 1858; x_wconf 88' lang='lat' dir='ltr'><strong>peccatum</strong></span> <span class='ocrx_word' id='word_1_264' title='bbox 2822 1803 2984 1858; x_wconf 88' lang='lat' dir='ltr'><strong>supra</strong></span> <span class='ocrx_word' id='word_1_265' title='bbox 3013 1788 3228 1843; x_wconf 91' lang='lat' dir='ltr'><strong>modum</strong></span> <span class='ocrx_word' id='word_1_266' title='bbox 3267 1803 3520 1858; x_wconf 82' lang='lat' dir='ltr'><strong>peccator</strong></span> <span class='ocrx_word' id='word_1_267' title='bbox 3551 1811 3570 1842; x_wconf 76' lang='grc' dir='ltr'><strong>ι</strong></span> <span class='ocrx_word' id='word_1_268' title='bbox 3601 1809 3668 1847; x_wconf 79' lang='lat' dir='ltr'><strong>ex</strong></span> <span class='ocrx_word' id='word_1_269' title='bbox 3703 1809 3805 1848; x_wconf 87' lang='lat' dir='ltr'><strong>oc-</strong></span> 
     </span>
    </p>
   </div>
   <div class='ocr_carea' id='block_1_34' title="bbox 549 1881 2125 1952">
    <p class='ocr_par' dir='ltr' id='par_1_34' title="bbox 549 1881 2125 1952">
     <span class='ocr_line' id='line_1_34' title="bbox 549 1881 2125 1952; baseline 0.003 -16"><span class='ocrx_word' id='word_1_270' title='bbox 549 1882 666 1950; x_wconf 89' lang='lat' dir='ltr'><strong>lege</strong></span> <span class='ocrx_word' id='word_1_271' title='bbox 699 1897 801 1938; x_wconf 91' lang='lat' dir='ltr'><strong>nec</strong></span> <span class='ocrx_word' id='word_1_272' title='bbox 829 1881 997 1937; x_wconf 76' lang='lat' dir='ltr'><strong>fuisse</strong></span> <span class='ocrx_word' id='word_1_273' title='bbox 1044 1883 1258 1952; x_wconf 90' lang='lat' dir='ltr'><strong>potuit,</strong></span> <span class='ocrx_word' id='word_1_274' title='bbox 1288 1897 1387 1937; x_wconf 92' lang='lat' dir='ltr'><strong>nec</strong></span> <span class='ocrx_word' id='word_1_275' title='bbox 1420 1885 1640 1940; x_wconf 81' lang='lat' dir='ltr'><strong>vixisse.</strong></span> <span class='ocrx_word' id='word_1_276' title='bbox 1683 1883 1810 1939; x_wconf 68' lang='lat' dir='ltr'><strong>llaec</strong></span> <span class='ocrx_word' id='word_1_277' title='bbox 1839 1887 2125 1941; x_wconf 86' lang='lat' dir='ltr'><strong>adversum</strong></span> 
     </span>
    </p>
   </div>
   <div class='ocr_carea' id='block_1_35' title="bbox 545 1973 2123 2046">
    <p class='ocr_par' dir='ltr' id='par_1_35' title="bbox 545 1973 2123 2046">
     <span class='ocr_line' id='line_1_35' title="bbox 545 1973 2123 2046; baseline 0.002 -18"><span class='ocrx_word' id='word_1_278' title='bbox 545 1973 666 2030; x_wconf 87' lang='lat' dir='ltr'><strong>illos</strong></span> <span class='ocrx_word' id='word_1_279' title='bbox 694 1974 838 2029; x_wconf 90' lang='lat' dir='ltr'><strong>dicta</strong></span> <span class='ocrx_word' id='word_1_280' title='bbox 874 1974 1027 2038; x_wconf 90' lang='lat' dir='ltr'><strong>sint,</strong></span> <span class='ocrx_word' id='word_1_281' title='bbox 1077 1975 1170 2041; x_wconf 88' lang='lat' dir='ltr'><strong>qui</strong></span> <span class='ocrx_word' id='word_1_282' title='bbox 1199 1974 1439 2042; x_wconf 83' lang='lat' dir='ltr'><strong>Apostoli</strong></span> <span class='ocrx_word' id='word_1_283' title='bbox 1483 1989 1793 2030; x_wconf 90' lang='lat' dir='ltr'><strong>sermonem</strong></span> <span class='ocrx_word' id='word_1_284' title='bbox 1827 1977 1892 2028; x_wconf 86' lang='lat' dir='ltr'><strong>ad</strong></span> <span class='ocrx_word' id='word_1_285' title='bbox 1929 1979 2123 2046; x_wconf 80' lang='lat' dir='ltr'><strong>dogma</strong></span> 
     </span>
    </p>
   </div>
   <div class='ocr_carea' id='block_1_36' title="bbox 547 2063 2124 2136">
    <p class='ocr_par' dir='ltr' id='par_1_36' title="bbox 547 2063 2124 2136">
     <span class='ocr_line' id='line_1_36' title="bbox 547 2063 2124 2136; baseline 0.003 -17"><span class='ocrx_word' id='word_1_286' title='bbox 547 2063 772 2133; x_wconf 86' lang='lat' dir='ltr'><strong>impium</strong></span> <span class='ocrx_word' id='word_1_287' title='bbox 799 2064 1043 2118; x_wconf 88' lang='lat' dir='ltr'><strong>trahunt.</strong></span> <span class='ocrx_word' id='word_1_288' title='bbox 1084 2063 1198 2118; x_wconf 86' lang='lat' dir='ltr'><strong>Nos</strong></span> <span class='ocrx_word' id='word_1_289' title='bbox 1240 2075 1421 2120; x_wconf 88' lang='lat' dir='ltr'><strong>autem</strong></span> <span class='ocrx_word' id='word_1_290' title='bbox 1472 2075 1701 2120; x_wconf 88' lang='lat' dir='ltr'><strong>mortem</strong></span> <span class='ocrx_word' id='word_1_291' title='bbox 1749 2067 1892 2122; x_wconf 91' lang='lat' dir='ltr'><strong>hanc</strong></span> <span class='ocrx_word' id='word_1_292' title='bbox 1919 2071 2124 2136; x_wconf 91' lang='lat' dir='ltr'><strong>peccati</strong></span> 
     </span>
    </p>
   </div>
   <div class='ocr_carea' id='block_1_37' title="bbox 544 2154 2127 2228">
    <p class='ocr_par' dir='ltr' id='par_1_37' title="bbox 544 2154 2127 2228">
     <span class='ocr_line' id='line_1_37' title="bbox 544 2154 2127 2228; baseline 0.004 -20"><span class='ocrx_word' id='word_1_293' title='bbox 544 2154 807 2210; x_wconf 82' lang='lat' dir='ltr'><strong>beneﬁcio</strong></span> <span class='ocrx_word' id='word_1_294' title='bbox 836 2155 928 2211; x_wconf 89' lang='lat' dir='ltr'><strong>Dei</strong></span> <span class='ocrx_word' id='word_1_295' title='bbox 960 2156 1142 2210; x_wconf 88' lang='lat' dir='ltr'><strong>datam</strong></span> <span class='ocrx_word' id='word_1_296' title='bbox 1185 2157 1418 2212; x_wconf 89' lang='lat' dir='ltr'><strong>dicimus</strong></span> <span class='ocrx_word' id='word_1_297' title='bbox 1466 2166 1711 2227; x_wconf 92' lang='lat' dir='ltr'><strong>tempore</strong></span> <span class='ocrx_word' id='word_1_298' title='bbox 1739 2173 1839 2221; x_wconf 90' lang='lat' dir='ltr'><strong>eo,</strong></span> <span class='ocrx_word' id='word_1_299' title='bbox 1870 2174 1978 2228; x_wconf 87' lang='lat' dir='ltr'><strong>quo</strong></span> <span class='ocrx_word' id='word_1_300' title='bbox 2008 2161 2127 2215; x_wconf 83' lang='lat' dir='ltr'><strong>sine</strong></span> 
     </span>
    </p>
   </div>
   <div class='ocr_carea' id='block_1_38' title="bbox 545 2235 2126 2318">
    <p class='ocr_par' dir='ltr' id='par_1_38' title="bbox 545 2235 2126 2318">
     <span class='ocr_line' id='line_1_38' title="bbox 545 2235 2126 2318; baseline 0.004 -19"><span class='ocrx_word' id='word_1_301' title='bbox 545 2244 663 2314; x_wconf 84' lang='lat' dir='ltr'><strong>iege</strong></span> <span class='ocrx_word' id='word_1_302' title='bbox 692 2244 1033 2301; x_wconf 88' lang='lat' dir='ltr'><strong>vivebamus.</strong></span> <span class='ocrx_word' id='word_1_303' title='bbox 1057 2245 1210 2311; x_wconf 85' lang='lat' dir='ltr'><strong>Quod</strong></span> <span class='ocrx_word' id='word_1_304' title='bbox 1239 2255 1296 2301; x_wconf 91' lang='lat' dir='ltr'><strong>et</strong></span> <span class='ocrx_word' id='word_1_305' title='bbox 1319 2245 1365 2300; x_wconf 88' lang='lat' dir='ltr'><strong>si</strong></span> <span class='ocrx_word' id='word_1_306' title='bbox 1394 2245 1649 2302; x_wconf 87' lang='lat' dir='ltr'><strong>veniente</strong></span> <span class='ocrx_word' id='word_1_307' title='bbox 1675 2247 1950 2312; x_wconf 85' lang='lat' dir='ltr'><strong>mandato,</strong></span> <span class='ocrx_word' id='word_1_308' title='bbox 1980 2235 2126 2318; x_wconf 89' lang='lat' dir='ltr'><strong>quod</strong></span> 
     </span>
    </p>
   </div>
   <div class='ocr_carea' id='block_1_39' title="bbox 549 2336 2127 2404">
    <p class='ocr_par' dir='ltr' id='par_1_39' title="bbox 549 2336 2127 2404">
     <span class='ocr_line' id='line_1_39' title="bbox 549 2336 2127 2404; baseline 0.004 -16"><span class='ocrx_word' id='word_1_309' title='bbox 549 2353 571 2388; x_wconf 76' lang='grc' dir='ltr'><strong>ι</strong></span> <span class='ocrx_word' id='word_1_310' title='bbox 604 2345 660 2392; x_wconf 88' lang='lat' dir='ltr'><strong>et</strong></span> <span class='ocrx_word' id='word_1_311' title='bbox 683 2345 958 2400; x_wconf 84' lang='lat' dir='ltr'><strong>sanctum,</strong></span> <span class='ocrx_word' id='word_1_312' title='bbox 986 2346 1043 2390; x_wconf 91' lang='lat' dir='ltr'><strong>et</strong></span> <span class='ocrx_word' id='word_1_313' title='bbox 1063 2337 1294 2404; x_wconf 88' lang='lat' dir='ltr'><strong>justum,</strong></span> <span class='ocrx_word' id='word_1_314' title='bbox 1327 2347 1381 2390; x_wconf 92' lang='lat' dir='ltr'><strong>et</strong></span> <span class='ocrx_word' id='word_1_315' title='bbox 1411 2336 1610 2390; x_wconf 90' lang='lat' dir='ltr'><strong>bonum</strong></span> <span class='ocrx_word' id='word_1_316' title='bbox 1643 2347 1748 2400; x_wconf 86' lang='lat' dir='ltr'><strong>est,</strong></span> <span class='ocrx_word' id='word_1_317' title='bbox 1788 2356 1808 2390; x_wconf 77' lang='grc' dir='ltr'><strong>ι</strong></span> <span class='ocrx_word' id='word_1_318' title='bbox 1850 2340 2127 2396; x_wconf 89' lang='lat' dir='ltr'><strong>reviviscit</strong></span> 
     </span>
    </p>
   </div>
   <div class='ocr_carea' id='block_1_40' title="bbox 545 2430 2124 2501">
    <p class='ocr_par' dir='ltr' id='par_1_40' title="bbox 545 2430 2124 2501">
     <span class='ocr_line' id='line_1_40' title="bbox 545 2430 2124 2501; baseline 0.001 -16"><span class='ocrx_word' id='word_1_319' title='bbox 545 2431 602 2485; x_wconf 83' lang='lat' dir='ltr'><strong>in</strong></span> <span class='ocrx_word' id='word_1_320' title='bbox 631 2432 788 2486; x_wconf 89' lang='lat' dir='ltr'><strong>nobis</strong></span> <span class='ocrx_word' id='word_1_321' title='bbox 814 2440 1124 2501; x_wconf 74' lang='lat' dir='ltr'><strong>peccaturo,</strong></span> <span class='ocrx_word' id='word_1_322' title='bbox 1143 2440 1199 2486; x_wconf 91' lang='lat' dir='ltr'><strong>et</strong></span> <span class='ocrx_word' id='word_1_323' title='bbox 1223 2430 1427 2486; x_wconf 90' lang='lat' dir='ltr'><strong>occidit</strong></span> <span class='ocrx_word' id='word_1_324' title='bbox 1455 2445 1557 2484; x_wconf 93' lang='lat' dir='ltr'><strong>nos</strong></span> <span class='ocrx_word' id='word_1_325' title='bbox 1591 2431 1637 2500; x_wconf 74' lang='grc' dir='ltr'>(ι</span> <span class='ocrx_word' id='word_1_326' title='bbox 1674 2441 1955 2501; x_wconf 89' lang='lat' dir='ltr'><strong>peccatum</strong></span> <span class='ocrx_word' id='word_1_327' title='bbox 1979 2433 2124 2487; x_wconf 92' lang='lat' dir='ltr'><strong>enim</strong></span> 
     </span>
    </p>
   </div>
   <div class='ocr_carea' id='block_1_41' title="bbox 545 2521 2127 2593">
    <p class='ocr_par' dir='ltr' id='par_1_41' title="bbox 545 2521 2127 2593">
     <span class='ocr_line' id='line_1_41' title="bbox 545 2521 2127 2593; baseline 0.001 -16"><span class='ocrx_word' id='word_1_328' title='bbox 545 2532 768 2592; x_wconf 85' lang='lat' dir='ltr'><strong>accepta</strong></span> <span class='ocrx_word' id='word_1_329' title='bbox 796 2521 1083 2577; x_wconf 89' lang='lat' dir='ltr'><strong>occasione</strong></span> <span class='ocrx_word' id='word_1_330' title='bbox 1112 2535 1210 2590; x_wconf 91' lang='lat' dir='ltr'><strong>per</strong></span> <span class='ocrx_word' id='word_1_331' title='bbox 1233 2524 1548 2575; x_wconf 89' lang='lat' dir='ltr'><strong>mandatum</strong></span> <span class='ocrx_word' id='word_1_332' title='bbox 1574 2523 1788 2576; x_wconf 78' lang='lat' dir='ltr'><strong>seduxit</strong></span> <span class='ocrx_word' id='word_1_333' title='bbox 1816 2539 1920 2588; x_wconf 89' lang='lat' dir='ltr'><strong>me,</strong></span> <span class='ocrx_word' id='word_1_334' title='bbox 1946 2535 2001 2578; x_wconf 89' lang='lat' dir='ltr'><strong>et</strong></span> <span class='ocrx_word' id='word_1_335' title='bbox 2029 2540 2127 2593; x_wconf 92' lang='lat' dir='ltr'><strong>per</strong></span> 
     </span>
    </p>
   </div>
   <div class='ocr_carea' id='block_1_42' title="bbox 549 2608 2126 2682">
    <p class='ocr_par' dir='ltr' id='par_1_42' title="bbox 549 2608 2126 2682">
     <span class='ocr_line' id='line_1_42' title="bbox 549 2608 2126 2682; baseline 0.004 -21"><span class='ocrx_word' id='word_1_336' title='bbox 549 2610 680 2665; x_wconf 91' lang='lat' dir='ltr'><strong>illud</strong></span> <span class='ocrx_word' id='word_1_337' title='bbox 733 2611 937 2665; x_wconf 90' lang='lat' dir='ltr'><strong>occidit</strong></span> <span class='ocrx_word' id='word_1_338' title='bbox 970 2608 1018 2682; x_wconf 80' lang='grc' dir='ltr'>ι)</span> <span class='ocrx_word' id='word_1_339' title='bbox 1048 2625 1152 2664; x_wconf 91' lang='lat' dir='ltr'><strong>non</strong></span> <span class='ocrx_word' id='word_1_340' title='bbox 1180 2619 1264 2664; x_wconf 88' lang='lat' dir='ltr'><strong>est</strong></span> <span class='ocrx_word' id='word_1_341' title='bbox 1307 2609 1583 2663; x_wconf 86' lang='lat' dir='ltr'><strong>accusatio</strong></span> <span class='ocrx_word' id='word_1_342' title='bbox 1618 2612 1855 2664; x_wconf 88' lang='lat' dir='ltr'><strong>mandati</strong></span> <span class='ocrx_word' id='word_1_343' title='bbox 1893 2628 1988 2681; x_wconf 90' lang='lat' dir='ltr'><strong>per</strong></span> <span class='ocrx_word' id='word_1_344' title='bbox 2023 2613 2126 2668; x_wconf 93' lang='lat' dir='ltr'><strong>hoc</strong></span> 
     </span>
    </p>
   </div>
   <div class='ocr_carea' id='block_1_43' title="bbox 547 2701 2126 2772">
    <p class='ocr_par' dir='ltr' id='par_1_43' title="bbox 547 2701 2126 2772">
     <span class='ocr_line' id='line_1_43' title="bbox 547 2701 2126 2772; baseline 0.004 -16"><span class='ocrx_word' id='word_1_345' title='bbox 547 2703 691 2772; x_wconf 86' lang='lat' dir='ltr'><strong>quod</strong></span> <span class='ocrx_word' id='word_1_346' title='bbox 729 2703 1072 2758; x_wconf 88' lang='lat' dir='ltr'><strong>occasionem</strong></span> <span class='ocrx_word' id='word_1_347' title='bbox 1101 2717 1204 2772; x_wconf 88' lang='lat' dir='ltr'><strong>qua</strong></span> <span class='ocrx_word' id='word_1_348' title='bbox 1233 2701 1436 2756; x_wconf 90' lang='lat' dir='ltr'><strong>occidit</strong></span> <span class='ocrx_word' id='word_1_349' title='bbox 1471 2719 1559 2757; x_wconf 93' lang='lat' dir='ltr'><strong>me</strong></span> <span class='ocrx_word' id='word_1_350' title='bbox 1600 2714 1882 2772; x_wconf 85' lang='lat' dir='ltr'><strong>peccatum</strong></span> <span class='ocrx_word' id='word_1_351' title='bbox 1909 2706 2126 2762; x_wconf 90' lang='lat' dir='ltr'><strong>venisse</strong></span> 
     </span>
    </p>
   </div>
   <div class='ocr_carea' id='block_1_44' title="bbox 545 2795 2124 2865">
    <p class='ocr_par' dir='ltr' id='par_1_44' title="bbox 545 2795 2124 2865">
     <span class='ocr_line' id='line_1_44' title="bbox 545 2795 2124 2865; baseline 0.003 -15"><span class='ocrx_word' id='word_1_352' title='bbox 545 2795 676 2850; x_wconf 90' lang='lat' dir='ltr'><strong>dicit</strong></span> <span class='ocrx_word' id='word_1_353' title='bbox 719 2809 789 2851; x_wconf 88' lang='lat' dir='ltr'><strong>ex</strong></span> <span class='ocrx_word' id='word_1_354' title='bbox 834 2797 1124 2858; x_wconf 88' lang='lat' dir='ltr'><strong>mandato,</strong></span> <span class='ocrx_word' id='word_1_355' title='bbox 1158 2796 1251 2849; x_wconf 88' lang='lat' dir='ltr'><strong>sed</strong></span> <span class='ocrx_word' id='word_1_356' title='bbox 1296 2795 1413 2848; x_wconf 63' lang='lat' dir='ltr'><strong>haac</strong></span> <span class='ocrx_word' id='word_1_357' title='bbox 1450 2805 1536 2850; x_wconf 93' lang='lat' dir='ltr'><strong>est</strong></span> <span class='ocrx_word' id='word_1_358' title='bbox 1570 2796 1700 2851; x_wconf 89' lang='lat' dir='ltr'><strong>dicti</strong></span> <span class='ocrx_word' id='word_1_359' title='bbox 1745 2797 1906 2865; x_wconf 88' lang='lat' dir='ltr'><strong>hujus</strong></span> <span class='ocrx_word' id='word_1_360' title='bbox 1931 2814 2124 2854; x_wconf 88' lang='lat' dir='ltr'><strong>conse-</strong></span> 
     </span>
    </p>
   </div>
   <div class='ocr_carea' id='block_1_45' title="bbox 544 2885 2124 2956">
    <p class='ocr_par' dir='ltr' id='par_1_45' title="bbox 544 2885 2124 2956">
     <span class='ocr_line' id='line_1_45' title="bbox 544 2885 2124 2956; baseline 0.006 -20"><span class='ocrx_word' id='word_1_361' title='bbox 544 2886 791 2955; x_wconf 84' lang='lat' dir='ltr'><strong>quentia.</strong></span> <span class='ocrx_word' id='word_1_362' title='bbox 850 2885 960 2941; x_wconf 89' lang='lat' dir='ltr'><strong>Lex</strong></span> <span class='ocrx_word' id='word_1_363' title='bbox 1011 2887 1212 2941; x_wconf 91' lang='lat' dir='ltr'><strong>dicitur</strong></span> <span class='ocrx_word' id='word_1_364' title='bbox 1240 2902 1362 2956; x_wconf 66' lang='lat' dir='ltr'><strong>quae</strong></span> <span class='ocrx_word' id='word_1_365' title='bbox 1396 2887 1553 2941; x_wconf 90' lang='lat' dir='ltr'><strong>docet</strong></span> <span class='ocrx_word' id='word_1_366' title='bbox 1593 2886 1722 2956; x_wconf 86' lang='lat' dir='ltr'><strong>quid</strong></span> <span class='ocrx_word' id='word_1_367' title='bbox 1752 2887 1871 2943; x_wconf 85' lang='lat' dir='ltr'><strong>ﬁeri</strong></span> <span class='ocrx_word' id='word_1_368' title='bbox 1907 2889 2124 2956; x_wconf 88' lang='lat' dir='ltr'><strong>debeat,</strong></span> 
     </span>
    </p>
   </div>
   <div class='ocr_carea' id='block_1_46' title="bbox 541 2974 2126 3048">
    <p class='ocr_par' dir='ltr' id='par_1_46' title="bbox 541 2974 2126 3048">
     <span class='ocr_line' id='line_1_46' title="bbox 541 2974 2126 3048; baseline 0.006 -22"><span class='ocrx_word' id='word_1_369' title='bbox 541 2974 673 3044; x_wconf 89' lang='lat' dir='ltr'><strong>quid</strong></span> <span class='ocrx_word' id='word_1_370' title='bbox 705 2975 920 3043; x_wconf 88' lang='lat' dir='ltr'><strong>caveri;</strong></span> <span class='ocrx_word' id='word_1_371' title='bbox 955 2987 1012 3031; x_wconf 90' lang='lat' dir='ltr'><strong>et</strong></span> <span class='ocrx_word' id='word_1_372' title='bbox 1052 2991 1276 3031; x_wconf 83' lang='lat' dir='ltr'><strong>necesse</strong></span> <span class='ocrx_word' id='word_1_373' title='bbox 1307 2986 1390 3031; x_wconf 88' lang='lat' dir='ltr'><strong>est</strong></span> <span class='ocrx_word' id='word_1_374' title='bbox 1417 2987 1472 3031; x_wconf 93' lang='lat' dir='ltr'><strong>ut</strong></span> <span class='ocrx_word' id='word_1_375' title='bbox 1498 2977 1629 3032; x_wconf 90' lang='lat' dir='ltr'><strong>illud</strong></span> <span class='ocrx_word' id='word_1_376' title='bbox 1665 2978 1808 3048; x_wconf 87' lang='lat' dir='ltr'><strong>quod</strong></span> <span class='ocrx_word' id='word_1_377' title='bbox 1835 2979 2017 3034; x_wconf 88' lang='lat' dir='ltr'><strong>caveri</strong></span> <span class='ocrx_word' id='word_1_378' title='bbox 2044 2980 2126 3035; x_wconf 90' lang='lat' dir='ltr'><strong>di-</strong></span> 
     </span>
    </p>
   </div>
   <div class='ocr_carea' id='block_1_47' title="bbox 541 3068 2120 3140">
    <p class='ocr_par' dir='ltr' id='par_1_47' title="bbox 541 3068 2120 3140">
     <span class='ocr_line' id='line_1_47' title="bbox 541 3068 2120 3140; baseline 0.004 -18"><span class='ocrx_word' id='word_1_379' title='bbox 541 3068 642 3132; x_wconf 93' lang='lat' dir='ltr'><strong>cit,</strong></span> <span class='ocrx_word' id='word_1_380' title='bbox 671 3068 897 3124; x_wconf 89' lang='lat' dir='ltr'><strong>edoceat</strong></span> <span class='ocrx_word' id='word_1_381' title='bbox 928 3068 1006 3140; x_wconf 92' lang='grc'><strong>(7)</strong></span> <span class='ocrx_word' id='word_1_382' title='bbox 1040 3069 1202 3140; x_wconf 88' lang='lat' dir='ltr'><strong>quale</strong></span> <span class='ocrx_word' id='word_1_383' title='bbox 1227 3071 1320 3134; x_wconf 88' lang='lat' dir='ltr'><strong>sit,</strong></span> <span class='ocrx_word' id='word_1_384' title='bbox 1370 3085 1478 3138; x_wconf 91' lang='lat' dir='ltr'><strong>quo</strong></span> <span class='ocrx_word' id='word_1_385' title='bbox 1507 3086 1604 3140; x_wconf 90' lang='lat' dir='ltr'><strong>per</strong></span> <span class='ocrx_word' id='word_1_386' title='bbox 1630 3071 1734 3128; x_wconf 92' lang='lat' dir='ltr'><strong>hoc</strong></span> <span class='ocrx_word' id='word_1_387' title='bbox 1758 3072 1942 3128; x_wconf 87' lang='lat' dir='ltr'><strong>caveri</strong></span> <span class='ocrx_word' id='word_1_388' title='bbox 1977 3071 2120 3128; x_wconf 70' lang='lat' dir='ltr'><strong>facio</strong></span> 
     </span>
    </p>
   </div>
   <div class='ocr_carea' id='block_1_48' title="bbox 2230 1879 3804 1954">
    <p class='ocr_par' dir='ltr' id='par_1_48' title="bbox 2230 1879 3804 1954">
     <span class='ocr_line' id='line_1_48' title="bbox 2230 1879 3804 1954; baseline 0.006 -22"><span class='ocrx_word' id='word_1_389' title='bbox 2230 1881 2453 1934; x_wconf 80' lang='lat' dir='ltr'><strong>rasione</strong></span> <span class='ocrx_word' id='word_1_390' title='bbox 2500 1881 2763 1934; x_wconf 88' lang='lat' dir='ltr'><strong>mandati.</strong></span> <span class='ocrx_word' id='word_1_391' title='bbox 2808 1879 3057 1934; x_wconf 85' lang='lat' dir='ltr'><strong>Diximus</strong></span> <span class='ocrx_word' id='word_1_392' title='bbox 3093 1889 3148 1934; x_wconf 93' lang='lat' dir='ltr'><strong>et</strong></span> <span class='ocrx_word' id='word_1_393' title='bbox 3177 1883 3429 1950; x_wconf 83' lang='lat' dir='ltr'><strong>superius</strong></span> <span class='ocrx_word' id='word_1_394' title='bbox 3476 1887 3619 1952; x_wconf 91' lang='lat' dir='ltr'><strong>quod</strong></span> <span class='ocrx_word' id='word_1_395' title='bbox 3646 1888 3804 1954; x_wconf 86' lang='lat' dir='ltr'><strong>quasi</strong></span> 
     </span>
    </p>
   </div>
   <div class='ocr_carea' id='block_1_49' title="bbox 2228 1972 3805 2046">
    <p class='ocr_par' dir='ltr' id='par_1_49' title="bbox 2228 1972 3805 2046">
     <span class='ocr_line' id='line_1_49' title="bbox 2228 1972 3805 2046; baseline 0.003 -20"><span class='ocrx_word' id='word_1_396' title='bbox 2228 1988 2518 2042; x_wconf 91' lang='lat' dir='ltr'><strong>personam</strong></span> <span class='ocrx_word' id='word_1_397' title='bbox 2572 1972 2794 2027; x_wconf 86' lang='lat' dir='ltr'><strong>ﬁnxerit</strong></span> <span class='ocrx_word' id='word_1_398' title='bbox 2848 1973 3096 2042; x_wconf 84' lang='lat' dir='ltr'><strong>peccati,</strong></span> <span class='ocrx_word' id='word_1_399' title='bbox 3133 1983 3191 2028; x_wconf 91' lang='lat' dir='ltr'><strong>et</strong></span> <span class='ocrx_word' id='word_1_400' title='bbox 3229 1973 3296 2028; x_wconf 88' lang='lat' dir='ltr'><strong>de</strong></span> <span class='ocrx_word' id='word_1_401' title='bbox 3323 1973 3435 2042; x_wconf 86' lang='lat' dir='ltr'><strong>ipsa</strong></span> <span class='ocrx_word' id='word_1_402' title='bbox 3465 1975 3611 2030; x_wconf 92' lang='lat' dir='ltr'><strong>dicat</strong></span> <span class='ocrx_word' id='word_1_403' title='bbox 3640 1993 3805 2046; x_wconf 90' lang='lat' dir='ltr'><strong>supra</strong></span> 
     </span>
    </p>
   </div>
   <div class='ocr_carea' id='block_1_50' title="bbox 2230 2061 3808 2135">
    <p class='ocr_par' dir='ltr' id='par_1_50' title="bbox 2230 2061 3808 2135">
     <span class='ocr_line' id='line_1_50' title="bbox 2230 2061 3808 2135; baseline 0.006 -20"><span class='ocrx_word' id='word_1_404' title='bbox 2230 2064 2444 2116; x_wconf 90' lang='lat' dir='ltr'><strong>modum</strong></span> <span class='ocrx_word' id='word_1_405' title='bbox 2495 2073 2832 2131; x_wconf 88' lang='lat' dir='ltr'><strong>peccatorem</strong></span> <span class='ocrx_word' id='word_1_406' title='bbox 2865 2061 3118 2118; x_wconf 73' lang='lat' dir='ltr'><strong>ellectum</strong></span> <span class='ocrx_word' id='word_1_407' title='bbox 3165 2064 3339 2133; x_wconf 88' lang='lat' dir='ltr'><strong>ipsum</strong></span> <span class='ocrx_word' id='word_1_408' title='bbox 3371 2077 3652 2135; x_wconf 89' lang='lat' dir='ltr'><strong>peccatum</strong></span> <span class='ocrx_word' id='word_1_409' title='bbox 3681 2107 3698 2134; x_wconf 94' lang='lat'><strong>,</strong></span> <span class='ocrx_word' id='word_1_410' title='bbox 3737 2070 3808 2124; x_wconf 84' lang='lat' dir='ltr'><strong>de</strong></span> 
     </span>
    </p>
   </div>
   <div class='ocr_carea' id='block_1_51' title="bbox 2229 2153 3805 2222">
    <p class='ocr_par' dir='ltr' id='par_1_51' title="bbox 2229 2153 3805 2222">
     <span class='ocr_line' id='line_1_51' title="bbox 2229 2153 3805 2222; baseline 0.004 -16"><span class='ocrx_word' id='word_1_411' title='bbox 2229 2153 2385 2222; x_wconf 83' lang='lat' dir='ltr'><strong>cujus</strong></span> <span class='ocrx_word' id='word_1_412' title='bbox 2409 2167 2642 2221; x_wconf 90' lang='lat' dir='ltr'><strong>persona</strong></span> <span class='ocrx_word' id='word_1_413' title='bbox 2672 2153 2950 2222; x_wconf 90' lang='lat' dir='ltr'><strong>loquitur,</strong></span> <span class='ocrx_word' id='word_1_414' title='bbox 2977 2168 3044 2208; x_wconf 82' lang='lat' dir='ltr'><strong>ex</strong></span> <span class='ocrx_word' id='word_1_415' title='bbox 3077 2156 3372 2211; x_wconf 90' lang='lat' dir='ltr'><strong>occasione</strong></span> <span class='ocrx_word' id='word_1_416' title='bbox 3398 2159 3656 2212; x_wconf 89' lang='lat' dir='ltr'><strong>mandati.</strong></span> <span class='ocrx_word' id='word_1_417' title='bbox 3701 2160 3805 2213; x_wconf 77' lang='lat' dir='ltr'><strong>Mi—</strong></span> 
     </span>
    </p>
   </div>
   <div class='ocr_carea' id='block_1_52' title="bbox 2229 2243 3804 2316">
    <p class='ocr_par' dir='ltr' id='par_1_52' title="bbox 2229 2243 3804 2316">
     <span class='ocr_line' id='line_1_52' title="bbox 2229 2243 3804 2316; baseline 0.003 -18"><span class='ocrx_word' id='word_1_418' title='bbox 2229 2260 2330 2299; x_wconf 90' lang='lat' dir='ltr'><strong>nus</strong></span> <span class='ocrx_word' id='word_1_419' title='bbox 2366 2245 2510 2296; x_wconf 90' lang='lat' dir='ltr'><strong>enim</strong></span> <span class='ocrx_word' id='word_1_420' title='bbox 2541 2245 2749 2312; x_wconf 87' lang='lat' dir='ltr'><strong>peccati</strong></span> <span class='ocrx_word' id='word_1_421' title='bbox 2776 2252 2860 2298; x_wconf 88' lang='lat' dir='ltr'><strong>est</strong></span> <span class='ocrx_word' id='word_1_422' title='bbox 2889 2243 3001 2315; x_wconf 66' lang='grc' dir='ltr'><strong>(ιε)</strong></span> <span class='ocrx_word' id='word_1_423' title='bbox 3023 2284 3038 2307; x_wconf 86' lang='grc'><em>,</em></span> <span class='ocrx_word' id='word_1_424' title='bbox 3071 2244 3116 2298; x_wconf 90' lang='lat' dir='ltr'><strong>si</strong></span> <span class='ocrx_word' id='word_1_425' title='bbox 3145 2245 3195 2298; x_wconf 91' lang='lat' dir='ltr'><strong>id</strong></span> <span class='ocrx_word' id='word_1_426' title='bbox 3223 2247 3366 2313; x_wconf 83' lang='lat' dir='ltr'><strong>quod</strong></span> <span class='ocrx_word' id='word_1_427' title='bbox 3399 2262 3506 2301; x_wconf 92' lang='lat' dir='ltr'><strong>non</strong></span> <span class='ocrx_word' id='word_1_428' title='bbox 3543 2249 3804 2316; x_wconf 88' lang='lat' dir='ltr'><strong>prohibe-</strong></span> 
     </span>
    </p>
   </div>
   <div class='ocr_carea' id='block_1_53' title="bbox 2226 2333 3807 2396">
    <p class='ocr_par' dir='ltr' id='par_1_53' title="bbox 2226 2333 3807 2396">
     <span class='ocr_line' id='line_1_53' title="bbox 2226 2333 3807 2396; baseline 0.004 -6"><span class='ocrx_word' id='word_1_429' title='bbox 2226 2344 2317 2390; x_wconf 88' lang='lat' dir='ltr'><strong>tur</strong></span> <span class='ocrx_word' id='word_1_430' title='bbox 2349 2335 2625 2390; x_wconf 83' lang='lat' dir='ltr'><strong>admittas.</strong></span> <span class='ocrx_word' id='word_1_431' title='bbox 2670 2333 2728 2389; x_wconf 92' lang='lat' dir='ltr'><strong>Si</strong></span> <span class='ocrx_word' id='word_1_432' title='bbox 2765 2351 2899 2390; x_wconf 92' lang='lat' dir='ltr'><strong>vero</strong></span> <span class='ocrx_word' id='word_1_433' title='bbox 2930 2336 3096 2390; x_wconf 88' lang='lat' dir='ltr'><strong>vetita</strong></span> <span class='ocrx_word' id='word_1_434' title='bbox 3121 2346 3176 2390; x_wconf 91' lang='lat' dir='ltr'><strong>et</strong></span> <span class='ocrx_word' id='word_1_435' title='bbox 3197 2337 3484 2392; x_wconf 89' lang='lat' dir='ltr'><strong>interdicta</strong></span> <span class='ocrx_word' id='word_1_436' title='bbox 3513 2342 3807 2396; x_wconf 87' lang='lat' dir='ltr'><strong>commise-</strong></span> 
     </span>
    </p>
   </div>
   <div class='ocr_carea' id='block_1_54' title="bbox 2228 2428 3802 2504">
    <p class='ocr_par' dir='ltr' id='par_1_54' title="bbox 2228 2428 3802 2504">
     <span class='ocr_line' id='line_1_54' title="bbox 2228 2428 3802 2504; baseline 0.003 -20"><span class='ocrx_word' id='word_1_437' title='bbox 2228 2431 2327 2495; x_wconf 88' lang='lat' dir='ltr'><strong>ris,</strong></span> <span class='ocrx_word' id='word_1_438' title='bbox 2359 2443 2520 2498; x_wconf 87' lang='lat' dir='ltr'><strong>supra</strong></span> <span class='ocrx_word' id='word_1_439' title='bbox 2556 2429 2810 2492; x_wconf 91' lang='lat' dir='ltr'><strong>modum,</strong></span> <span class='ocrx_word' id='word_1_440' title='bbox 2840 2437 2898 2482; x_wconf 92' lang='lat' dir='ltr'><strong>ut</strong></span> <span class='ocrx_word' id='word_1_441' title='bbox 2930 2429 3003 2482; x_wconf 88' lang='lat' dir='ltr'><strong>ita</strong></span> <span class='ocrx_word' id='word_1_442' title='bbox 3035 2428 3233 2493; x_wconf 89' lang='lat' dir='ltr'><strong>dicam,</strong></span> <span class='ocrx_word' id='word_1_443' title='bbox 3257 2441 3512 2501; x_wconf 88' lang='lat' dir='ltr'><strong>peccator</strong></span> <span class='ocrx_word' id='word_1_444' title='bbox 3535 2448 3596 2489; x_wconf 89' lang='lat' dir='ltr'><strong>es</strong></span> <span class='ocrx_word' id='word_1_445' title='bbox 3625 2452 3639 2489; x_wconf 92' lang='lat'>:</span> <span class='ocrx_word' id='word_1_446' title='bbox 3674 2436 3802 2504; x_wconf 77' lang='lat' dir='ltr'><strong>quia</strong></span> 
     </span>
    </p>
   </div>
   <div class='ocr_carea' id='block_1_55' title="bbox 2230 2519 3804 2590">
    <p class='ocr_par' dir='ltr' id='par_1_55' title="bbox 2230 2519 3804 2590">
     <span class='ocr_line' id='line_1_55' title="bbox 2230 2519 3804 2590; baseline 0.004 -17"><span class='ocrx_word' id='word_1_447' title='bbox 2230 2535 2335 2574; x_wconf 93' lang='lat' dir='ltr'><strong>non</strong></span> <span class='ocrx_word' id='word_1_448' title='bbox 2369 2519 2544 2574; x_wconf 91' lang='lat' dir='ltr'><strong>solum</strong></span> <span class='ocrx_word' id='word_1_449' title='bbox 2578 2519 2901 2574; x_wconf 90' lang='lat' dir='ltr'><strong>commisisti</strong></span> <span class='ocrx_word' id='word_1_450' title='bbox 2951 2519 3094 2587; x_wconf 90' lang='lat' dir='ltr'><strong>quod</strong></span> <span class='ocrx_word' id='word_1_451' title='bbox 3139 2534 3246 2572; x_wconf 89' lang='lat' dir='ltr'><strong>non</strong></span> <span class='ocrx_word' id='word_1_452' title='bbox 3292 2521 3562 2590; x_wconf 88' lang='lat' dir='ltr'><strong>debuisti,</strong></span> <span class='ocrx_word' id='word_1_453' title='bbox 3610 2527 3706 2579; x_wconf 88' lang='lat' dir='ltr'><strong>sed</strong></span> <span class='ocrx_word' id='word_1_454' title='bbox 3747 2537 3804 2582; x_wconf 91' lang='lat' dir='ltr'><strong>et</strong></span> 
     </span>
    </p>
   </div>
   <div class='ocr_carea' id='block_1_56' title="bbox 2225 2609 3804 2695">
    <p class='ocr_par' dir='ltr' id='par_1_56' title="bbox 2225 2609 3804 2695">
     <span class='ocr_line' id='line_1_56' title="bbox 2225 2609 3804 2695; baseline 0.004 -31"><span class='ocrx_word' id='word_1_455' title='bbox 2225 2622 2550 2680; x_wconf 77' lang='lat' dir='ltr'><strong>praeceptum</strong></span> <span class='ocrx_word' id='word_1_456' title='bbox 2602 2611 2990 2680; x_wconf 68' lang='lat' dir='ltr'><strong>praevaricatus</strong></span> <span class='ocrx_word' id='word_1_457' title='bbox 3039 2625 3119 2664; x_wconf 87' lang='lat' dir='ltr'><strong>es.</strong></span> <span class='ocrx_word' id='word_1_458' title='bbox 3159 2609 3313 2675; x_wconf 87' lang='lat' dir='ltr'><strong>Quod</strong></span> <span class='ocrx_word' id='word_1_459' title='bbox 3344 2622 3525 2668; x_wconf 89' lang='lat' dir='ltr'><strong>autem</strong></span> <span class='ocrx_word' id='word_1_460' title='bbox 3567 2617 3804 2695; x_wconf 72' lang='lat' dir='ltr'><strong>diximus</strong></span> 
     </span>
    </p>
   </div>
   <div class='ocr_carea' id='block_1_57' title="bbox 2231 2705 3806 2774">
    <p class='ocr_par' dir='ltr' id='par_1_57' title="bbox 2231 2705 3806 2774">
     <span class='ocr_line' id='line_1_57' title="bbox 2231 2705 3806 2774; baseline 0.007 -20"><span class='ocrx_word' id='word_1_461' title='bbox 2231 2720 2251 2754; x_wconf 80' lang='grc' dir='ltr'><strong>ι</strong></span> <span class='ocrx_word' id='word_1_462' title='bbox 2285 2713 2568 2772; x_wconf 86' lang='lat' dir='ltr'><strong>peccatum</strong></span> <span class='ocrx_word' id='word_1_463' title='bbox 2602 2712 2878 2774; x_wconf 90' lang='lat' dir='ltr'><strong>peccator,</strong></span> <span class='ocrx_word' id='word_1_464' title='bbox 2913 2723 2934 2756; x_wconf 78' lang='grc' dir='ltr'><strong>ι</strong></span> <span class='ocrx_word' id='word_1_465' title='bbox 2975 2705 3282 2762; x_wconf 82' lang='lat' dir='ltr'><strong>&#39;maluimus</strong></span> <span class='ocrx_word' id='word_1_466' title='bbox 3317 2708 3507 2762; x_wconf 89' lang='lat' dir='ltr'><strong>vitium</strong></span> <span class='ocrx_word' id='word_1_467' title='bbox 3536 2712 3806 2766; x_wconf 90' lang='lat' dir='ltr'><strong>sermonis</strong></span> 
     </span>
    </p>
   </div>
   <div class='ocr_carea' id='block_1_58' title="bbox 2229 2793 3803 2869">
    <p class='ocr_par' dir='ltr' id='par_1_58' title="bbox 2229 2793 3803 2869">
     <span class='ocr_line' id='line_1_58' title="bbox 2229 2793 3803 2869; baseline 0.004 -22"><span class='ocrx_word' id='word_1_468' title='bbox 2229 2793 2500 2862; x_wconf 83' lang='lat' dir='ltr'><strong>recipere,</strong></span> <span class='ocrx_word' id='word_1_469' title='bbox 2523 2810 2685 2864; x_wconf 90' lang='lat' dir='ltr'><strong>quam</strong></span> <span class='ocrx_word' id='word_1_470' title='bbox 2711 2811 2929 2850; x_wconf 88' lang='lat' dir='ltr'><strong>sensum</strong></span> <span class='ocrx_word' id='word_1_471' title='bbox 2952 2798 3198 2868; x_wconf 88' lang='lat' dir='ltr'><strong>Apostoli</strong></span> <span class='ocrx_word' id='word_1_472' title='bbox 3237 2813 3343 2852; x_wconf 94' lang='lat' dir='ltr'><strong>non</strong></span> <span class='ocrx_word' id='word_1_473' title='bbox 3379 2799 3592 2868; x_wconf 78' lang='lat' dir='ltr'><strong>integre</strong></span> <span class='ocrx_word' id='word_1_474' title='bbox 3618 2803 3803 2869; x_wconf 88' lang='lat' dir='ltr'><strong>expri-</strong></span> 
     </span>
    </p>
   </div>
   <div class='ocr_carea' id='block_1_59' title="bbox 2228 2887 3806 2958">
    <p class='ocr_par' dir='ltr' id='par_1_59' title="bbox 2228 2887 3806 2958">
     <span class='ocr_line' id='line_1_59' title="bbox 2228 2887 3806 2958; baseline 0.004 -19"><span class='ocrx_word' id='word_1_475' title='bbox 2228 2900 2380 2942; x_wconf 92' lang='lat' dir='ltr'><strong>mere</strong></span> <span class='ocrx_word' id='word_1_476' title='bbox 2412 2901 2427 2938; x_wconf 93' lang='lat'><strong>:</strong></span> <span class='ocrx_word' id='word_1_477' title='bbox 2465 2888 2587 2954; x_wconf 90' lang='lat' dir='ltr'><strong>quia</strong></span> <span class='ocrx_word' id='word_1_478' title='bbox 2624 2887 2677 2941; x_wconf 89' lang='lat' dir='ltr'><strong>in</strong></span> <span class='ocrx_word' id='word_1_479' title='bbox 2714 2887 2910 2942; x_wconf 87' lang='lat' dir='ltr'><strong>Latino</strong></span> <span class='ocrx_word' id='word_1_480' title='bbox 2953 2905 3206 2947; x_wconf 88' lang='lat' dir='ltr'><strong>sermone</strong></span> <span class='ocrx_word' id='word_1_481' title='bbox 3247 2893 3556 2958; x_wconf 88' lang='lat' dir='ltr'><strong>angustavit</strong></span> <span class='ocrx_word' id='word_1_482' title='bbox 3579 2909 3677 2956; x_wconf 86' lang='lat' dir='ltr'><strong>nos</strong></span> <span class='ocrx_word' id='word_1_483' title='bbox 3707 2911 3806 2946; x_wconf 85' lang='lat' dir='ltr'><strong>no-</strong></span> 
     </span>
    </p>
   </div>
   <div class='ocr_carea' id='block_1_60' title="bbox 2228 2979 3807 3058">
    <p class='ocr_par' dir='ltr' id='par_1_60' title="bbox 2228 2979 3807 3058">
     <span class='ocr_line' id='line_1_60' title="bbox 2228 2979 3807 3058; baseline 0.001 -28"><span class='ocrx_word' id='word_1_484' title='bbox 2228 2993 2353 3032; x_wconf 91' lang='lat' dir='ltr'><strong>men</strong></span> <span class='ocrx_word' id='word_1_485' title='bbox 2388 2979 2623 3047; x_wconf 86' lang='lat' dir='ltr'><strong>peccati.</strong></span> <span class='ocrx_word' id='word_1_486' title='bbox 2643 2982 2788 3048; x_wconf 92' lang='lat' dir='ltr'><strong>quod</strong></span> <span class='ocrx_word' id='word_1_487' title='bbox 2819 2990 3013 3037; x_wconf 91' lang='lat' dir='ltr'><strong>neutro</strong></span> <span class='ocrx_word' id='word_1_488' title='bbox 3033 2998 3230 3052; x_wconf 87' lang='lat' dir='ltr'><strong>genere</strong></span> <span class='ocrx_word' id='word_1_489' title='bbox 3255 2983 3561 3038; x_wconf 89' lang='lat' dir='ltr'><strong>declinatur</strong></span> <span class='ocrx_word' id='word_1_490' title='bbox 3594 2998 3607 3032; x_wconf 91' lang='lat'>:</span> <span class='ocrx_word' id='word_1_491' title='bbox 3640 2985 3807 3058; x_wconf 56' lang='lat'><strong>585</strong></span> 
     </span>
    </p>
   </div>
   <div class='ocr_carea' id='block_1_61' title="bbox 2230 3066 3804 3140">
    <p class='ocr_par' dir='ltr' id='par_1_61' title="bbox 2230 3066 3804 3140">
     <span class='ocr_line' id='line_1_61' title="bbox 2230 3066 3804 3140; baseline 0.008 -20"><span class='ocrx_word' id='word_1_492' title='bbox 2230 3067 2282 3120; x_wconf 93' lang='lat' dir='ltr'><strong>in</strong></span> <span class='ocrx_word' id='word_1_493' title='bbox 2304 3066 2494 3122; x_wconf 65' lang='lat' dir='ltr'><strong>Graeco</strong></span> <span class='ocrx_word' id='word_1_494' title='bbox 2524 3083 2653 3123; x_wconf 86' lang='lat' dir='ltr'><strong>vero</strong></span> <span class='ocrx_word' id='word_1_495' title='bbox 2675 3069 2992 3124; x_wconf 80' lang='lat' dir='ltr'><strong>femininum</strong></span> <span class='ocrx_word' id='word_1_496' title='bbox 3016 3072 3310 3140; x_wconf 86' lang='lat' dir='ltr'><strong>est;etideo</strong></span> <span class='ocrx_word' id='word_1_497' title='bbox 3322 3081 3659 3140; x_wconf 82' lang='lat' dir='ltr'><strong>peccatorem</strong></span> <span class='ocrx_word' id='word_1_498' title='bbox 3678 3093 3804 3133; x_wconf 88' lang='lat' dir='ltr'><strong>eum</strong></span> 
     </span>
    </p>
   </div>
   <div class='ocr_carea' id='block_1_62' title="bbox 542 3148 3807 3238">
    <p class='ocr_par' dir='ltr' id='par_1_62' title="bbox 542 3148 3807 3238">
     <span class='ocr_line' id='line_1_62' title="bbox 542 3148 3807 3238; baseline 0.003 -27"><span class='ocrx_word' id='word_1_499' title='bbox 542 3156 647 3213; x_wconf 87' lang='lat' dir='ltr'><strong>lius</strong></span> <span class='ocrx_word' id='word_1_500' title='bbox 675 3158 867 3228; x_wconf 89' lang='lat' dir='ltr'><strong>possit.</strong></span> <span class='ocrx_word' id='word_1_501' title='bbox 908 3157 1080 3214; x_wconf 88' lang='lat' dir='ltr'><strong>Nemo</strong></span> <span class='ocrx_word' id='word_1_502' title='bbox 1122 3159 1268 3213; x_wconf 89' lang='lat' dir='ltr'><strong>enim</strong></span> <span class='ocrx_word' id='word_1_503' title='bbox 1314 3168 1494 3228; x_wconf 88' lang='lat' dir='ltr'><strong>potest</strong></span> <span class='ocrx_word' id='word_1_504' title='bbox 1535 3161 1709 3216; x_wconf 87' lang='lat' dir='ltr'><strong>vitare</strong></span> <span class='ocrx_word' id='word_1_505' title='bbox 1751 3161 1893 3230; x_wconf 88' lang='lat' dir='ltr'><strong>quod</strong></span> <span class='ocrx_word' id='word_1_506' title='bbox 1925 3162 2117 3217; x_wconf 88' lang='lat' dir='ltr'><strong>nescit.</strong></span> <span class='ocrx_word' id='word_1_507' title='bbox 2147 3148 2190 3205; x_wconf 81' lang='lat' dir='ltr'><strong>C</strong></span> <span class='ocrx_word' id='word_1_508' title='bbox 2227 3172 2326 3211; x_wconf 85' lang='lat' dir='ltr'><strong>nos</strong></span> <span class='ocrx_word' id='word_1_509' title='bbox 2353 3157 2742 3228; x_wconf 78' lang='lat' dir='ltr'><strong>appellavimus</strong></span> <span class='ocrx_word' id='word_1_510' title='bbox 2775 3177 2787 3213; x_wconf 91' lang='lat'>:</span> <span class='ocrx_word' id='word_1_511' title='bbox 2829 3175 2952 3215; x_wconf 89' lang='lat' dir='ltr'><strong>nam</strong></span> <span class='ocrx_word' id='word_1_512' title='bbox 2988 3161 3065 3216; x_wconf 86' lang='lat' dir='ltr'><strong>ibi</strong></span> <span class='ocrx_word' id='word_1_513' title='bbox 3093 3163 3373 3232; x_wconf 88' lang='lat' dir='ltr'><strong>peccatrix</strong></span> <span class='ocrx_word' id='word_1_514' title='bbox 3417 3167 3676 3234; x_wconf 88' lang='lat' dir='ltr'><strong>appellari</strong></span> <span class='ocrx_word' id='word_1_515' title='bbox 3708 3184 3807 3238; x_wconf 87' lang='lat' dir='ltr'><strong>po-</strong></span> 
     </span>
    </p>
   </div>
   <div class='ocr_carea' id='block_1_63' title="bbox 544 3249 2120 3323">
    <p class='ocr_par' dir='ltr' id='par_1_63' title="bbox 544 3249 2120 3323">
     <span class='ocr_line' id='line_1_63' title="bbox 544 3249 2120 3323; baseline 0.003 -20"><span class='ocrx_word' id='word_1_516' title='bbox 544 3249 599 3303; x_wconf 88' lang='lat' dir='ltr'><strong>Si</strong></span> <span class='ocrx_word' id='word_1_517' title='bbox 628 3250 752 3319; x_wconf 92' lang='lat' dir='ltr'><strong>quis</strong></span> <span class='ocrx_word' id='word_1_518' title='bbox 782 3265 914 3319; x_wconf 88' lang='lat' dir='ltr'><strong>ergo</strong></span> <span class='ocrx_word' id='word_1_519' title='bbox 946 3249 1169 3306; x_wconf 90' lang='lat' dir='ltr'><strong>edoctus</strong></span> <span class='ocrx_word' id='word_1_520' title='bbox 1195 3265 1292 3320; x_wconf 89' lang='lat' dir='ltr'><strong>per</strong></span> <span class='ocrx_word' id='word_1_521' title='bbox 1322 3251 1492 3320; x_wconf 90' lang='lat' dir='ltr'><strong>legem</strong></span> <span class='ocrx_word' id='word_1_522' title='bbox 1534 3252 1694 3322; x_wconf 89' lang='lat' dir='ltr'><strong>quale</strong></span> <span class='ocrx_word' id='word_1_523' title='bbox 1724 3254 1797 3308; x_wconf 91' lang='lat' dir='ltr'><strong>sit</strong></span> <span class='ocrx_word' id='word_1_524' title='bbox 1820 3253 1951 3309; x_wconf 89' lang='lat' dir='ltr'><strong>illud</strong></span> <span class='ocrx_word' id='word_1_525' title='bbox 1980 3258 2120 3323; x_wconf 86' lang='lat' dir='ltr'><strong>quod</strong></span> 
     </span>
    </p>
   </div>
   <div class='ocr_carea' id='block_1_64' title="bbox 543 3343 2120 3414">
    <p class='ocr_par' dir='ltr' id='par_1_64' title="bbox 543 3343 2120 3414">
     <span class='ocr_line' id='line_1_64' title="bbox 543 3343 2120 3414; baseline 0.003 -18"><span class='ocrx_word' id='word_1_526' title='bbox 543 3358 736 3398; x_wconf 87' lang='lat' dir='ltr'><strong>cavere</strong></span> <span class='ocrx_word' id='word_1_527' title='bbox 767 3343 952 3407; x_wconf 86' lang='lat' dir='ltr'><strong>debet,</strong></span> <span class='ocrx_word' id='word_1_528' title='bbox 997 3359 1106 3398; x_wconf 93' lang='lat' dir='ltr'><strong>non</strong></span> <span class='ocrx_word' id='word_1_529' title='bbox 1139 3353 1248 3398; x_wconf 87' lang='lat' dir='ltr'><strong>tam</strong></span> <span class='ocrx_word' id='word_1_530' title='bbox 1281 3354 1496 3410; x_wconf 88' lang='lat' dir='ltr'><strong>caveat,</strong></span> <span class='ocrx_word' id='word_1_531' title='bbox 1540 3361 1702 3414; x_wconf 92' lang='lat' dir='ltr'><strong>quam</strong></span> <span class='ocrx_word' id='word_1_532' title='bbox 1735 3346 1905 3402; x_wconf 87' lang='lat' dir='ltr'><strong>faciat</strong></span> <span class='ocrx_word' id='word_1_533' title='bbox 1949 3347 2076 3401; x_wconf 91' lang='lat' dir='ltr'><strong>illud</strong></span> <span class='ocrx_word' id='word_1_534' title='bbox 2106 3365 2120 3411; x_wconf 88' lang='lat'>;</span> 
     </span>
    </p>
   </div>
   <div class='ocr_carea' id='block_1_65' title="bbox 535 3435 2122 3506">
    <p class='ocr_par' dir='ltr' id='par_1_65' title="bbox 535 3435 2122 3506">
     <span class='ocr_line' id='line_1_65' title="bbox 535 3435 2122 3506; baseline 0.004 -17"><span class='ocrx_word' id='word_1_535' title='bbox 535 3436 830 3494; x_wconf 84' lang='lat' dir='ltr'><strong>occasione</strong></span> <span class='ocrx_word' id='word_1_536' title='bbox 855 3436 1073 3504; x_wconf 88' lang='lat' dir='ltr'><strong>quidem</strong></span> <span class='ocrx_word' id='word_1_537' title='bbox 1107 3435 1244 3506; x_wconf 89' lang='lat' dir='ltr'><strong>legis</strong></span> <span class='ocrx_word' id='word_1_538' title='bbox 1274 3451 1378 3490; x_wconf 91' lang='lat' dir='ltr'><strong>non</strong></span> <span class='ocrx_word' id='word_1_539' title='bbox 1427 3437 1693 3492; x_wconf 75' lang='lat' dir='ltr'><strong>faciendae</strong></span> <span class='ocrx_word' id='word_1_540' title='bbox 1724 3440 1800 3493; x_wconf 91' lang='lat' dir='ltr'><strong>rei</strong></span> <span class='ocrx_word' id='word_1_541' title='bbox 1836 3440 2122 3496; x_wconf 89' lang='lat' dir='ltr'><strong>scientiam</strong></span> 
     </span>
    </p>
   </div>
   <div class='ocr_carea' id='block_1_66' title="bbox 541 3527 2121 3598">
    <p class='ocr_par' dir='ltr' id='par_1_66' title="bbox 541 3527 2121 3598">
     <span class='ocr_line' id='line_1_66' title="bbox 541 3527 2121 3598; baseline 0.006 -18"><span class='ocrx_word' id='word_1_542' title='bbox 541 3527 818 3582; x_wconf 88' lang='lat' dir='ltr'><strong>videbitur</strong></span> <span class='ocrx_word' id='word_1_543' title='bbox 861 3529 1141 3598; x_wconf 87' lang='lat' dir='ltr'><strong>accepisse</strong></span> <span class='ocrx_word' id='word_1_544' title='bbox 1187 3547 1202 3582; x_wconf 91' lang='lat'><strong>:</strong></span> <span class='ocrx_word' id='word_1_545' title='bbox 1241 3530 1337 3584; x_wconf 89' lang='lat' dir='ltr'><strong>sed</strong></span> <span class='ocrx_word' id='word_1_546' title='bbox 1365 3529 1451 3584; x_wconf 86' lang='lat' dir='ltr'><strong>lex</strong></span> <span class='ocrx_word' id='word_1_547' title='bbox 1483 3545 1589 3584; x_wconf 94' lang='lat' dir='ltr'><strong>non</strong></span> <span class='ocrx_word' id='word_1_548' title='bbox 1629 3531 1835 3586; x_wconf 90' lang='lat' dir='ltr'><strong>idcirco</strong></span> <span class='ocrx_word' id='word_1_549' title='bbox 1869 3547 1992 3586; x_wconf 86' lang='lat' dir='ltr'><strong>eum</strong></span> <span class='ocrx_word' id='word_1_550' title='bbox 2021 3534 2121 3589; x_wconf 90' lang='lat' dir='ltr'><strong>do-</strong></span> 
     </span>
    </p>
   </div>
   <div class='ocr_carea' id='block_1_67' title="bbox 541 3619 2120 3694">
    <p class='ocr_par' dir='ltr' id='par_1_67' title="bbox 541 3619 2120 3694">
     <span class='ocr_line' id='line_1_67' title="bbox 541 3619 2120 3694; baseline 0.003 -18"><span class='ocrx_word' id='word_1_551' title='bbox 541 3630 734 3677; x_wconf 89' lang='lat' dir='ltr'><strong>cuerat</strong></span> <span class='ocrx_word' id='word_1_552' title='bbox 766 3631 828 3676; x_wconf 90' lang='lat' dir='ltr'><strong>ut</strong></span> <span class='ocrx_word' id='word_1_553' title='bbox 858 3619 1066 3676; x_wconf 82' lang='lat' dir='ltr'><strong>faceret</strong></span> <span class='ocrx_word' id='word_1_554' title='bbox 1098 3623 1242 3692; x_wconf 88' lang='lat' dir='ltr'><strong>quod</strong></span> <span class='ocrx_word' id='word_1_555' title='bbox 1273 3638 1382 3677; x_wconf 91' lang='lat' dir='ltr'><strong>non</strong></span> <span class='ocrx_word' id='word_1_556' title='bbox 1409 3625 1661 3690; x_wconf 89' lang='lat' dir='ltr'><strong>debebat,</strong></span> <span class='ocrx_word' id='word_1_557' title='bbox 1695 3634 1751 3679; x_wconf 90' lang='lat' dir='ltr'><strong>et</strong></span> <span class='ocrx_word' id='word_1_558' title='bbox 1781 3635 2120 3694; x_wconf 92' lang='lat' dir='ltr'><strong>moreretur;</strong></span> 
     </span>
    </p>
   </div>
   <div class='ocr_carea' id='block_1_68' title="bbox 541 3713 2121 3786">
    <p class='ocr_par' dir='ltr' id='par_1_68' title="bbox 541 3713 2121 3786">
     <span class='ocr_line' id='line_1_68' title="bbox 541 3713 2121 3786; baseline 0.003 -18"><span class='ocrx_word' id='word_1_559' title='bbox 541 3715 638 3769; x_wconf 86' lang='lat' dir='ltr'><strong>sed</strong></span> <span class='ocrx_word' id='word_1_560' title='bbox 666 3722 723 3766; x_wconf 90' lang='lat' dir='ltr'><strong>ut</strong></span> <span class='ocrx_word' id='word_1_561' title='bbox 753 3728 859 3768; x_wconf 90' lang='lat' dir='ltr'><strong>non</strong></span> <span class='ocrx_word' id='word_1_562' title='bbox 887 3713 1114 3780; x_wconf 84' lang='lat' dir='ltr'><strong>faceret,</strong></span> <span class='ocrx_word' id='word_1_563' title='bbox 1149 3722 1206 3770; x_wconf 91' lang='lat' dir='ltr'><strong>et</strong></span> <span class='ocrx_word' id='word_1_564' title='bbox 1229 3715 1456 3770; x_wconf 89' lang='lat' dir='ltr'><strong>viveret.</strong></span> <span class='ocrx_word' id='word_1_565' title='bbox 1505 3715 1596 3770; x_wconf 85' lang='lat' dir='ltr'><strong>Sic</strong></span> <span class='ocrx_word' id='word_1_566' title='bbox 1619 3732 1748 3786; x_wconf 86' lang='lat' dir='ltr'><strong>ergo</strong></span> <span class='ocrx_word' id='word_1_567' title='bbox 1793 3735 1812 3768; x_wconf 80' lang='grc' dir='ltr'><strong>ι</strong></span> <span class='ocrx_word' id='word_1_568' title='bbox 1837 3727 2121 3785; x_wconf 89' lang='lat' dir='ltr'><strong>peccatum</strong></span> 
     </span>
    </p>
   </div>
   <div class='ocr_carea' id='block_1_69' title="bbox 541 3804 2125 3881">
    <p class='ocr_par' dir='ltr' id='par_1_69' title="bbox 541 3804 2125 3881">
     <span class='ocr_line' id='line_1_69' title="bbox 541 3804 2125 3881; baseline 0.002 -22"><span class='ocrx_word' id='word_1_569' title='bbox 541 3804 832 3881; x_wconf 85' lang='lat' dir='ltr'><strong>occasione</strong></span> <span class='ocrx_word' id='word_1_570' title='bbox 859 3813 1083 3875; x_wconf 85' lang='lat' dir='ltr'><strong>accepta</strong></span> <span class='ocrx_word' id='word_1_571' title='bbox 1107 3820 1202 3874; x_wconf 91' lang='lat' dir='ltr'><strong>per</strong></span> <span class='ocrx_word' id='word_1_572' title='bbox 1229 3807 1544 3860; x_wconf 87' lang='lat' dir='ltr'><strong>mandatum</strong></span> <span class='ocrx_word' id='word_1_573' title='bbox 1577 3807 1795 3861; x_wconf 89' lang='lat' dir='ltr'><strong>seduxit</strong></span> <span class='ocrx_word' id='word_1_574' title='bbox 1818 3823 1924 3873; x_wconf 91' lang='lat' dir='ltr'><strong>me,</strong></span> <span class='ocrx_word' id='word_1_575' title='bbox 1948 3816 2004 3862; x_wconf 90' lang='lat' dir='ltr'><strong>et</strong></span> <span class='ocrx_word' id='word_1_576' title='bbox 2030 3824 2125 3878; x_wconf 91' lang='lat' dir='ltr'><strong>per</strong></span> 
     </span>
    </p>
   </div>
   <div class='ocr_carea' id='block_1_70' title="bbox 544 3896 2121 3970">
    <p class='ocr_par' dir='ltr' id='par_1_70' title="bbox 544 3896 2121 3970">
     <span class='ocr_line' id='line_1_70' title="bbox 544 3896 2121 3970; baseline 0.003 -21"><span class='ocrx_word' id='word_1_577' title='bbox 544 3896 673 3950; x_wconf 93' lang='lat' dir='ltr'><strong>illud</strong></span> <span class='ocrx_word' id='word_1_578' title='bbox 707 3896 927 3951; x_wconf 91' lang='lat' dir='ltr'><strong>occidit.</strong></span> <span class='ocrx_word' id='word_1_579' title='bbox 953 3916 972 3950; x_wconf 79' lang='grc' dir='ltr'><strong>ι</strong></span> <span class='ocrx_word' id='word_1_580' title='bbox 1015 3899 1126 3952; x_wconf 87' lang='lat' dir='ltr'><strong>Aut</strong></span> <span class='ocrx_word' id='word_1_581' title='bbox 1159 3908 1308 3953; x_wconf 89' lang='lat' dir='ltr'><strong>certe</strong></span> <span class='ocrx_word' id='word_1_582' title='bbox 1335 3899 1460 3966; x_wconf 88' lang='lat' dir='ltr'><strong>quia</strong></span> <span class='ocrx_word' id='word_1_583' title='bbox 1488 3899 1627 3953; x_wconf 88' lang='lat' dir='ltr'><strong>dixit</strong></span> <span class='ocrx_word' id='word_1_584' title='bbox 1656 3899 1756 3970; x_wconf 87' lang='lat'><strong>(8),</strong></span> <span class='ocrx_word' id='word_1_585' title='bbox 1793 3919 1810 3950; x_wconf 86' lang='grc' dir='ltr'><strong>ι</strong></span> <span class='ocrx_word' id='word_1_586' title='bbox 1835 3900 2121 3954; x_wconf 75' lang='lat' dir='ltr'><strong>Peccatum</strong></span> 
     </span>
    </p>
   </div>
   <div class='ocr_carea' id='block_1_71' title="bbox 543 3989 2116 4061">
    <p class='ocr_par' dir='ltr' id='par_1_71' title="bbox 543 3989 2116 4061">
     <span class='ocr_line' id='line_1_71' title="bbox 543 3989 2116 4061; baseline 0.003 -20"><span class='ocrx_word' id='word_1_587' title='bbox 543 4004 641 4059; x_wconf 90' lang='lat' dir='ltr'><strong>per</strong></span> <span class='ocrx_word' id='word_1_588' title='bbox 671 3989 983 4044; x_wconf 87' lang='lat' dir='ltr'><strong>mandatum</strong></span> <span class='ocrx_word' id='word_1_589' title='bbox 1028 3992 1244 4045; x_wconf 83' lang='lat' dir='ltr'><strong>seduxit</strong></span> <span class='ocrx_word' id='word_1_590' title='bbox 1285 4006 1392 4056; x_wconf 92' lang='lat' dir='ltr'><strong>me,</strong></span> <span class='ocrx_word' id='word_1_591' title='bbox 1427 4000 1482 4045; x_wconf 92' lang='lat' dir='ltr'><strong>et</strong></span> <span class='ocrx_word' id='word_1_592' title='bbox 1530 3993 1801 4061; x_wconf 67' lang='lat' dir='ltr'><strong>perillud</strong></span> <span class='ocrx_word' id='word_1_593' title='bbox 1831 3994 2052 4060; x_wconf 87' lang='lat' dir='ltr'><strong>occidit,</strong></span> <span class='ocrx_word' id='word_1_594' title='bbox 2097 4012 2116 4046; x_wconf 80' lang='grc' dir='ltr'><strong>ι</strong></span> 
     </span>
    </p>
   </div>
   <div class='ocr_carea' id='block_1_72' title="bbox 545 4082 2124 4152">
    <p class='ocr_par' dir='ltr' id='par_1_72' title="bbox 545 4082 2124 4152">
     <span class='ocr_line' id='line_1_72' title="bbox 545 4082 2124 4152; baseline 0.006 -21"><span class='ocrx_word' id='word_1_595' title='bbox 545 4091 724 4150; x_wconf 85' lang='lat' dir='ltr'><strong>potest</strong></span> <span class='ocrx_word' id='word_1_596' title='bbox 750 4082 837 4136; x_wconf 92' lang='lat' dir='ltr'><strong>hic</strong></span> <span class='ocrx_word' id='word_1_597' title='bbox 871 4100 890 4132; x_wconf 74' lang='grc' dir='ltr'><strong>ι</strong></span> <span class='ocrx_word' id='word_1_598' title='bbox 924 4091 1209 4152; x_wconf 89' lang='lat' dir='ltr'><strong>peccatum</strong></span> <span class='ocrx_word' id='word_1_599' title='bbox 1237 4101 1257 4134; x_wconf 77' lang='grc' dir='ltr'><strong>ι</strong></span> <span class='ocrx_word' id='word_1_600' title='bbox 1294 4083 1380 4138; x_wconf 92' lang='lat' dir='ltr'><strong>vel</strong></span> <span class='ocrx_word' id='word_1_601' title='bbox 1407 4083 1582 4151; x_wconf 87' lang='lat' dir='ltr'><strong>ipsum</strong></span> <span class='ocrx_word' id='word_1_602' title='bbox 1611 4095 1888 4138; x_wconf 88' lang='lat' dir='ltr'><strong>auctorem</strong></span> <span class='ocrx_word' id='word_1_603' title='bbox 1921 4085 2124 4140; x_wconf 86' lang='lat' dir='ltr'><strong>dixisse</strong></span> 
     </span>
    </p>
   </div>
   <div class='ocr_carea' id='block_1_73' title="bbox 544 4172 2124 4243">
    <p class='ocr_par' dir='ltr' id='par_1_73' title="bbox 544 4172 2124 4243">
     <span class='ocr_line' id='line_1_73' title="bbox 544 4172 2124 4243; baseline 0.002 -16"><span class='ocrx_word' id='word_1_604' title='bbox 544 4172 790 4240; x_wconf 90' lang='lat' dir='ltr'><strong>peccati,</strong></span> <span class='ocrx_word' id='word_1_605' title='bbox 823 4173 890 4228; x_wconf 90' lang='lat' dir='ltr'><strong>de</strong></span> <span class='ocrx_word' id='word_1_606' title='bbox 936 4188 1044 4243; x_wconf 91' lang='lat' dir='ltr'><strong>quo</strong></span> <span class='ocrx_word' id='word_1_607' title='bbox 1087 4173 1350 4241; x_wconf 76' lang='lat' dir='ltr'><strong>Scriptum</strong></span> <span class='ocrx_word' id='word_1_608' title='bbox 1393 4185 1477 4228; x_wconf 88' lang='lat' dir='ltr'><strong>est</strong></span> <span class='ocrx_word' id='word_1_609' title='bbox 1515 4193 1528 4229; x_wconf 95' lang='lat'>:</span> <span class='ocrx_word' id='word_1_610' title='bbox 1570 4193 1590 4226; x_wconf 75' lang='grc' dir='ltr'><strong>ι</strong></span> <span class='ocrx_word' id='word_1_611' title='bbox 1625 4173 1868 4243; x_wconf 88' lang='lat' dir='ltr'><strong>Serpens</strong></span> <span class='ocrx_word' id='word_1_612' title='bbox 1910 4177 2124 4230; x_wconf 84' lang='lat' dir='ltr'><strong>seduxit</strong></span> 
     </span>
    </p>
   </div>
   <div class='ocr_carea' id='block_1_74' title="bbox 544 4263 2124 4336">
    <p class='ocr_par' dir='ltr' id='par_1_74' title="bbox 544 4263 2124 4336">
     <span class='ocr_line' id='line_1_74' title="bbox 544 4263 2124 4336; baseline 0.003 -20"><span class='ocrx_word' id='word_1_613' title='bbox 544 4277 630 4318; x_wconf 90' lang='lat' dir='ltr'><strong>me</strong></span> <span class='ocrx_word' id='word_1_614' title='bbox 659 4263 706 4293; x_wconf 79' lang='grc' dir='ltr'><strong>⁸ο</strong></span> <span class='ocrx_word' id='word_1_615' title='bbox 739 4282 754 4318; x_wconf 86' lang='lat'><strong>:</strong></span> <span class='ocrx_word' id='word_1_616' title='bbox 793 4283 812 4314; x_wconf 81' lang='grc' dir='ltr'><strong>ι</strong></span> <span class='ocrx_word' id='word_1_617' title='bbox 856 4265 939 4336; x_wconf 82' lang='lat' dir='ltr'><strong>vel</strong></span> <span class='ocrx_word' id='word_1_618' title='bbox 971 4265 1136 4318; x_wconf 89' lang='lat' dir='ltr'><strong>etiam</strong></span> <span class='ocrx_word' id='word_1_619' title='bbox 1169 4281 1459 4335; x_wconf 85' lang='lat' dir='ltr'><strong>personam</strong></span> <span class='ocrx_word' id='word_1_620' title='bbox 1487 4265 1710 4321; x_wconf 78' lang='lat' dir='ltr'><strong>tinxisse</strong></span> <span class='ocrx_word' id='word_1_621' title='bbox 1739 4267 1972 4335; x_wconf 92' lang='lat' dir='ltr'><strong>peccati,</strong></span> <span class='ocrx_word' id='word_1_622' title='bbox 2003 4282 2124 4335; x_wconf 78' lang='lat' dir='ltr'><strong>qua:</strong></span> 
     </span>
    </p>
   </div>
   <div class='ocr_carea' id='block_1_75' title="bbox 541 4356 2123 4424">
    <p class='ocr_par' dir='ltr' id='par_1_75' title="bbox 541 4356 2123 4424">
     <span class='ocr_line' id='line_1_75' title="bbox 541 4356 2123 4424; baseline 0.003 -18"><span class='ocrx_word' id='word_1_623' title='bbox 541 4356 659 4408; x_wconf 88' lang='lat' dir='ltr'><strong>visa</strong></span> <span class='ocrx_word' id='word_1_624' title='bbox 689 4356 761 4410; x_wconf 89' lang='lat' dir='ltr'><strong>sit</strong></span> <span class='ocrx_word' id='word_1_625' title='bbox 795 4356 1068 4424; x_wconf 68' lang='grc' dir='ltr'>Ιιειιιὶιιΐειιι</span> <span class='ocrx_word' id='word_1_626' title='bbox 1112 4358 1394 4411; x_wconf 86' lang='lat' dir='ltr'><strong>seduxisse</strong></span> <span class='ocrx_word' id='word_1_627' title='bbox 1440 4361 1730 4412; x_wconf 82' lang='lat' dir='ltr'><strong>occasione</strong></span> <span class='ocrx_word' id='word_1_628' title='bbox 1761 4359 2032 4424; x_wconf 89' lang='lat' dir='ltr'><strong>mandati,</strong></span> <span class='ocrx_word' id='word_1_629' title='bbox 2064 4367 2123 4410; x_wconf 87' lang='lat' dir='ltr'><strong>ut</strong></span> 
     </span>
    </p>
   </div>
   <div class='ocr_carea' id='block_1_76' title="bbox 541 4445 2123 4516">
    <p class='ocr_par' dir='ltr' id='par_1_76' title="bbox 541 4445 2123 4516">
     <span class='ocr_line' id='line_1_76' title="bbox 541 4445 2123 4516; baseline 0.001 -17"><span class='ocrx_word' id='word_1_630' title='bbox 541 4460 762 4499; x_wconf 87' lang='lat' dir='ltr'><strong>suavem</strong></span> <span class='ocrx_word' id='word_1_631' title='bbox 789 4445 995 4500; x_wconf 84' lang='lat' dir='ltr'><strong>faceret</strong></span> <span class='ocrx_word' id='word_1_632' title='bbox 1024 4449 1616 4516; x_wconf 79' lang='lat' dir='ltr'><strong>concupiscentiam,et</strong></span> <span class='ocrx_word' id='word_1_633' title='bbox 1638 4449 1818 4500; x_wconf 87' lang='lat' dir='ltr'><strong>anima</strong></span> <span class='ocrx_word' id='word_1_634' title='bbox 1846 4449 1972 4501; x_wconf 92' lang='lat' dir='ltr'><strong>dum</strong></span> <span class='ocrx_word' id='word_1_635' title='bbox 1997 4464 2123 4502; x_wconf 90' lang='lat' dir='ltr'><strong>sua-</strong></span> 
     </span>
    </p>
   </div>
   <div class='ocr_carea' id='block_1_77' title="bbox 540 4537 2120 4608">
    <p class='ocr_par' dir='ltr' id='par_1_77' title="bbox 540 4537 2120 4608">
     <span class='ocr_line' id='line_1_77' title="bbox 540 4537 2120 4608; baseline 0.004 -20"><span class='ocrx_word' id='word_1_636' title='bbox 540 4537 711 4591; x_wconf 85' lang='lat' dir='ltr'><strong>vitate</strong></span> <span class='ocrx_word' id='word_1_637' title='bbox 775 4538 1236 4605; x_wconf 76' lang='lat' dir='ltr'><strong>concupiscentite</strong></span> <span class='ocrx_word' id='word_1_638' title='bbox 1307 4539 1652 4604; x_wconf 85' lang='lat' dir='ltr'><strong>delectatur,</strong></span> <span class='ocrx_word' id='word_1_639' title='bbox 1705 4541 2120 4608; x_wconf 82' lang='lat' dir='ltr'><strong>praevaricando</strong></span> 
     </span>
    </p>
   </div>
   <div class='ocr_carea' id='block_1_78' title="bbox 542 4619 2122 4701">
    <p class='ocr_par' dir='ltr' id='par_1_78' title="bbox 542 4619 2122 4701">
     <span class='ocr_line' id='line_1_78' title="bbox 542 4619 2122 4701; baseline 0.003 -19"><span class='ocrx_word' id='word_1_640' title='bbox 542 4619 856 4682; x_wconf 85' lang='lat' dir='ltr'><strong>mandatum</strong></span> <span class='ocrx_word' id='word_1_641' title='bbox 885 4630 1030 4699; x_wconf 90' lang='lat' dir='ltr'><strong>quod</strong></span> <span class='ocrx_word' id='word_1_642' title='bbox 1063 4629 1303 4695; x_wconf 91' lang='lat' dir='ltr'><strong>dicebat,</strong></span> <span class='ocrx_word' id='word_1_643' title='bbox 1355 4649 1373 4682; x_wconf 82' lang='grc' dir='ltr'><strong>ι</strong></span> <span class='ocrx_word' id='word_1_644' title='bbox 1405 4647 1510 4686; x_wconf 90' lang='lat' dir='ltr'><strong>non</strong></span> <span class='ocrx_word' id='word_1_645' title='bbox 1540 4632 1917 4701; x_wconf 87' lang='lat' dir='ltr'><strong>concupisces,</strong></span> <span class='ocrx_word' id='word_1_646' title='bbox 1957 4651 1978 4684; x_wconf 75' lang='grc' dir='ltr'><strong>ι</strong></span> <span class='ocrx_word' id='word_1_647' title='bbox 2006 4648 2122 4687; x_wconf 84' lang='lat' dir='ltr'><strong>mo-</strong></span> 
     </span>
    </p>
   </div>
   <div class='ocr_carea' id='block_1_79' title="bbox 609 4721 1064 4792">
    <p class='ocr_par' dir='ltr' id='par_1_79' title="bbox 609 4721 1064 4792">
     <span class='ocr_line' id='line_1_79' title="bbox 609 4721 1064 4792; baseline 0.007 -16"><span class='ocrx_word' id='word_1_648' title='bbox 609 4721 657 4754; x_wconf 78' lang='grc'><strong>⁸⁸</strong></span> <span class='ocrx_word' id='word_1_649' title='bbox 685 4721 825 4778; x_wconf 87' lang='lat' dir='ltr'><strong>Gen.</strong></span> <span class='ocrx_word' id='word_1_650' title='bbox 864 4738 949 4792; x_wconf 86' lang='lat' dir='ltr'><strong>Ill,</strong></span> <span class='ocrx_word' id='word_1_651' title='bbox 974 4723 1064 4779; x_wconf 78' lang='lat' dir='ltr'><strong>l5.</strong></span> 
     </span>
    </p>
   </div>
   <div class='ocr_carea' id='block_1_80' title="bbox 613 4821 2122 4894">
    <p class='ocr_par' dir='ltr' id='par_1_80' title="bbox 613 4821 2122 4894">
     <span class='ocr_line' id='line_1_80' title="bbox 613 4821 2122 4894; baseline 0.005 -20"><span class='ocrx_word' id='word_1_652' title='bbox 613 4821 696 4893; x_wconf 86' lang='lat'>(5)</span> <span class='ocrx_word' id='word_1_653' title='bbox 738 4822 829 4876; x_wconf 87' lang='lat' dir='ltr'><strong>Sic</strong></span> <span class='ocrx_word' id='word_1_654' title='bbox 871 4837 1008 4894; x_wconf 80' lang='lat' dir='ltr'><strong>mss.</strong></span> <span class='ocrx_word' id='word_1_655' title='bbox 1056 4821 1293 4894; x_wconf 84' lang='lat' dir='ltr'><strong>codices.</strong></span> <span class='ocrx_word' id='word_1_656' title='bbox 1334 4823 1474 4878; x_wconf 85' lang='lat' dir='ltr'><strong>Editi</strong></span> <span class='ocrx_word' id='word_1_657' title='bbox 1503 4837 1667 4894; x_wconf 73' lang='lat' dir='ltr'><strong>vero,</strong></span> <span class='ocrx_word' id='word_1_658' title='bbox 1703 4844 1722 4875; x_wconf 83' lang='grc'><em>‹</em></span> <span class='ocrx_word' id='word_1_659' title='bbox 1757 4825 2027 4894; x_wconf 81' lang='lat' dir='ltr'><strong>quomodo</strong></span> <span class='ocrx_word' id='word_1_660' title='bbox 2055 4826 2122 4880; x_wconf 92' lang='lat' dir='ltr'><strong>de</strong></span> 
     </span>
    </p>
   </div>
   <div class='ocr_carea' id='block_1_81' title="bbox 542 4892 2120 4962">
    <p class='ocr_par' dir='ltr' id='par_1_81' title="bbox 542 4892 2120 4962">
     <span class='ocr_line' id='line_1_81' title="bbox 542 4892 2120 4962; baseline 0.001 -16"><span class='ocrx_word' id='word_1_661' title='bbox 542 4892 647 4947; x_wconf 84' lang='lat' dir='ltr'><strong>hoc</strong></span> <span class='ocrx_word' id='word_1_662' title='bbox 699 4907 949 4962; x_wconf 78' lang='lat' dir='ltr'><strong>sermone</strong></span> <span class='ocrx_word' id='word_1_663' title='bbox 984 4892 1276 4960; x_wconf 86' lang='lat' dir='ltr'><strong>Apostolus</strong></span> <span class='ocrx_word' id='word_1_664' title='bbox 1319 4895 1396 4947; x_wconf 81' lang='lat' dir='ltr'><strong>ait</strong></span> <span class='ocrx_word' id='word_1_665' title='bbox 1447 4912 1462 4948; x_wconf 89' lang='lat'>:</span> <span class='ocrx_word' id='word_1_666' title='bbox 1511 4893 1623 4962; x_wconf 89' lang='lat' dir='ltr'><strong>Ego</strong></span> <span class='ocrx_word' id='word_1_667' title='bbox 1664 4892 1839 4948; x_wconf 79' lang='lat' dir='ltr'><strong>autem</strong></span> <span class='ocrx_word' id='word_1_668' title='bbox 1881 4897 2120 4949; x_wconf 81' lang='lat' dir='ltr'><strong>vivebam</strong></span> 
     </span>
    </p>
   </div>
   <div class='ocr_carea' id='block_1_82' title="bbox 537 4961 2122 5036">
    <p class='ocr_par' dir='ltr' id='par_1_82' title="bbox 537 4961 2122 5036">
     <span class='ocr_line' id='line_1_82' title="bbox 537 4961 2122 5036; baseline 0.004 -23"><span class='ocrx_word' id='word_1_669' title='bbox 537 4965 652 5036; x_wconf 60' lang='lat' dir='ltr'><strong>sine</strong></span> <span class='ocrx_word' id='word_1_670' title='bbox 697 4961 807 5036; x_wconf 82' lang='lat' dir='ltr'><strong>l_eg_e</strong></span> <span class='ocrx_word' id='word_1_671' title='bbox 865 4963 1178 5036; x_wconf 73' lang='lat' dir='ltr'><strong>aliquando.</strong></span> <span class='ocrx_word' id='word_1_672' title='bbox 1241 4961 1589 5036; x_wconf 69' lang='lat' dir='ltr'><strong>Respondent</strong></span> <span class='ocrx_word' id='word_1_673' title='bbox 1639 4965 2122 5036; x_wconf 77' lang='lat' dir='ltr'><strong>l‘ythagorizantes</strong></span> 
     </span>
    </p>
   </div>
   <div class='ocr_carea' id='block_1_83' title="bbox 539 5033 2120 5104">
    <p class='ocr_par' dir='ltr' id='par_1_83' title="bbox 539 5033 2120 5104">
     <span class='ocr_line' id='line_1_83' title="bbox 539 5033 2120 5104; baseline 0.002 -17"><span class='ocrx_word' id='word_1_674' title='bbox 539 5033 781 5104; x_wconf 75' lang='lat' dir='ltr'><strong>lucretici</strong></span> <span class='ocrx_word' id='word_1_675' title='bbox 822 5033 920 5104; x_wconf 89' lang='lat' dir='ltr'><strong>qui</strong></span> <span class='ocrx_word' id='word_1_676' title='bbox 947 5034 1142 5104; x_wconf 77' lang='lat' dir='ltr'><strong>docent</strong></span> <span class='ocrx_word' id='word_1_677' title='bbox 1187 5035 1402 5088; x_wconf 87' lang='lat' dir='ltr'><strong>animas</strong></span> <span class='ocrx_word' id='word_1_678' title='bbox 1437 5033 1718 5087; x_wconf 85' lang='lat' dir='ltr'><strong>hominum</strong></span> <span class='ocrx_word' id='word_1_679' title='bbox 1749 5040 1900 5104; x_wconf 87' lang='lat' dir='ltr'><strong>prius</strong></span> <span class='ocrx_word' id='word_1_680' title='bbox 1935 5052 1984 5088; x_wconf 83' lang='grc' dir='ltr'><strong>ιιι</strong></span> <span class='ocrx_word' id='word_1_681' title='bbox 2027 5052 2120 5104; x_wconf 90' lang='lat' dir='ltr'><strong>pe-</strong></span> 
     </span>
    </p>
   </div>
   <div class='ocr_carea' id='block_1_84' title="bbox 537 5100 2118 5171">
    <p class='ocr_par' dir='ltr' id='par_1_84' title="bbox 537 5100 2118 5171">
     <span class='ocr_line' id='line_1_84' title="bbox 537 5100 2118 5171; baseline 0.004 -18"><span class='ocrx_word' id='word_1_682' title='bbox 537 5100 769 5156; x_wconf 77' lang='lat' dir='ltr'><strong>cudibus</strong></span> <span class='ocrx_word' id='word_1_683' title='bbox 791 5141 807 5166; x_wconf 94' lang='lat'><strong>,</strong></span> <span class='ocrx_word' id='word_1_684' title='bbox 831 5100 923 5171; x_wconf 62' lang='grc' dir='ltr'>γει</span> <span class='ocrx_word' id='word_1_685' title='bbox 956 5103 1149 5156; x_wconf 89' lang='lat' dir='ltr'><strong>avibus</strong></span> <span class='ocrx_word' id='word_1_686' title='bbox 1169 5141 1184 5164; x_wconf 93' lang='lat'><strong>,</strong></span> <span class='ocrx_word' id='word_1_687' title='bbox 1221 5115 1310 5155; x_wconf 88' lang='lat' dir='ltr'><strong>aut</strong></span> <span class='ocrx_word' id='word_1_688' title='bbox 1349 5104 1587 5171; x_wconf 86' lang='lat' dir='ltr'><strong>piscibus</strong></span> <span class='ocrx_word' id='word_1_689' title='bbox 1617 5100 1816 5170; x_wconf 74' lang='lat' dir='ltr'><strong>luisse,</strong></span> <span class='ocrx_word' id='word_1_690' title='bbox 1845 5119 1902 5161; x_wconf 88' lang='lat' dir='ltr'><strong>et</strong></span> <span class='ocrx_word' id='word_1_691' title='bbox 1941 5100 2118 5161; x_wconf 39' lang='lat' dir='ltr'><strong>sic-ad</strong></span> 
     </span>
    </p>
   </div>
   <div class='ocr_carea' id='block_1_85' title="bbox 539 5170 1602 5240">
    <p class='ocr_par' dir='ltr' id='par_1_85' title="bbox 539 5170 1602 5240">
     <span class='ocr_line' id='line_1_85' title="bbox 539 5170 1602 5240; baseline 0 -14"><span class='ocrx_word' id='word_1_692' title='bbox 539 5171 791 5226; x_wconf 86' lang='lat' dir='ltr'><strong>homines</strong></span> <span class='ocrx_word' id='word_1_693' title='bbox 818 5170 1062 5236; x_wconf 82' lang='lat' dir='ltr'><strong>ﬂuxisse,</strong></span> <span class='ocrx_word' id='word_1_694' title='bbox 1097 5170 1401 5240; x_wconf 83' lang='lat' dir='ltr'><strong>propterea,</strong></span> <span class='ocrx_word' id='word_1_695' title='bbox 1447 5192 1465 5224; x_wconf 77' lang='grc' dir='ltr'><strong>ι</strong></span> <span class='ocrx_word' id='word_1_696' title='bbox 1497 5187 1602 5227; x_wconf 89' lang='lat' dir='ltr'><strong>etc.</strong></span> 
     </span>
    </p>
   </div>
   <div class='ocr_carea' id='block_1_86' title="bbox 633 5241 1431 5312">
    <p class='ocr_par' dir='ltr' id='par_1_86' title="bbox 633 5241 1431 5312">
     <span class='ocr_line' id='line_1_86' title="bbox 633 5241 1431 5312; baseline 0 -16"><span class='ocrx_word' id='word_1_697' title='bbox 633 5243 688 5312; x_wconf 83' lang='lat'>6)</span> <span class='ocrx_word' id='word_1_698' title='bbox 726 5241 892 5312; x_wconf 72' lang='lat' dir='ltr'><strong>Editi,</strong></span> <span class='ocrx_word' id='word_1_699' title='bbox 924 5259 943 5292; x_wconf 77' lang='grc' dir='ltr'><strong>ι</strong></span> <span class='ocrx_word' id='word_1_700' title='bbox 979 5243 1174 5310; x_wconf 88' lang='lat' dir='ltr'><strong>inquit,</strong></span> <span class='ocrx_word' id='word_1_701' title='bbox 1214 5260 1234 5292; x_wconf 73' lang='grc' dir='ltr'><strong>ι</strong></span> <span class='ocrx_word' id='word_1_702' title='bbox 1273 5244 1431 5298; x_wconf 89' lang='lat' dir='ltr'><strong>male.</strong></span> 
     </span>
    </p>
   </div>
   <div class='ocr_carea' id='block_1_87' title="bbox 612 5243 2118 5384">
    <p class='ocr_par' dir='ltr' id='par_1_87' title="bbox 612 5243 2118 5384">
     <span class='ocr_line' id='line_1_87' title="bbox 633 5243 1431 5312; baseline 0 -16"><span class='ocrx_word' id='word_1_703' title='bbox 633 5243 688 5312; x_wconf 83' lang='lat'>6)</span> <span class='ocrx_word' id='word_1_704' title='bbox 726 5243 892 5304; x_wconf 87' lang='lat' dir='ltr'><strong>Editi,</strong></span> <span class='ocrx_word' id='word_1_705' title='bbox 924 5259 943 5292; x_wconf 77' lang='grc' dir='ltr'><strong>ι</strong></span> <span class='ocrx_word' id='word_1_706' title='bbox 979 5243 1174 5310; x_wconf 88' lang='lat' dir='ltr'><strong>inquit,</strong></span> <span class='ocrx_word' id='word_1_707' title='bbox 1214 5260 1234 5292; x_wconf 73' lang='grc' dir='ltr'><strong>ι</strong></span> <span class='ocrx_word' id='word_1_708' title='bbox 1273 5244 1431 5298; x_wconf 89' lang='lat' dir='ltr'><strong>male.</strong></span> 
     </span>
     <span class='ocr_line' id='line_1_88' title="bbox 612 5243 2118 5384; baseline 0.002 -18"><span class='ocrx_word' id='word_1_709' title='bbox 612 5243 820 5384; x_wconf 46' lang='lat' dir='ltr'><strong>(7)_Sic</strong></span> <span class='ocrx_word' id='word_1_710' title='bbox 849 5323 999 5368; x_wconf 90' lang='lat' dir='ltr'><strong>recte</strong></span> <span class='ocrx_word' id='word_1_711' title='bbox 1026 5328 1129 5367; x_wconf 89' lang='lat' dir='ltr'><strong>ms.</strong></span> <span class='ocrx_word' id='word_1_712' title='bbox 1159 5329 1314 5384; x_wconf 64' lang='lat' dir='ltr'><strong>unus</strong></span> <span class='ocrx_word' id='word_1_713' title='bbox 1348 5314 1552 5384; x_wconf 72' lang='lat' dir='ltr'><strong>Regius</strong></span> <span class='ocrx_word' id='word_1_714' title='bbox 1582 5329 1730 5367; x_wconf 92' lang='lat' dir='ltr'><strong>num.</strong></span> <span class='ocrx_word' id='word_1_715' title='bbox 1767 5313 1925 5369; x_wconf 79' lang='grc'>1659.</span> <span class='ocrx_word' id='word_1_716' title='bbox 1967 5313 2118 5369; x_wconf 84' lang='lat' dir='ltr'><strong>Alter</strong></span> 
     </span>
    </p>
   </div>
   <div class='ocr_carea' id='block_1_88' title="bbox 536 5381 2122 5463">
    <p class='ocr_par' dir='ltr' id='par_1_88' title="bbox 536 5381 2122 5463">
     <span class='ocr_line' id='line_1_89' title="bbox 536 5381 2122 5463; baseline 0 -26"><span class='ocrx_word' id='word_1_717' title='bbox 536 5381 672 5463; x_wconf 81' lang='lat' dir='ltr'><strong>vero</strong></span> <span class='ocrx_word' id='word_1_718' title='bbox 696 5382 897 5463; x_wconf 71' lang='lat' dir='ltr'><strong>I_i_egius</strong></span> <span class='ocrx_word' id='word_1_719' title='bbox 925 5399 1084 5463; x_wconf 76' lang='lat' dir='ltr'><strong>nutu.</strong></span> <span class='ocrx_word' id='word_1_720' title='bbox 1115 5381 1274 5463; x_wconf 72' lang='lat'><strong>16“,</strong></span> <span class='ocrx_word' id='word_1_721' title='bbox 1313 5401 1332 5435; x_wconf 77' lang='grc' dir='ltr'><strong>ι</strong></span> <span class='ocrx_word' id='word_1_722' title='bbox 1362 5394 1412 5438; x_wconf 85' lang='grc' dir='ltr'>ει</span> <span class='ocrx_word' id='word_1_723' title='bbox 1435 5381 1667 5463; x_wconf 50' lang='grc' dir='ltr'>ξρεςεεεε</span> <span class='ocrx_word' id='word_1_724' title='bbox 1691 5384 1820 5463; x_wconf 72' lang='lat' dir='ltr'><strong>illud</strong></span> <span class='ocrx_word' id='word_1_725' title='bbox 1847 5386 1992 5452; x_wconf 92' lang='lat' dir='ltr'><strong>quod</strong></span> <span class='ocrx_word' id='word_1_726' title='bbox 2029 5399 2122 5438; x_wconf 90' lang='lat' dir='ltr'><strong>ca-</strong></span> 
     </span>
    </p>
   </div>
   <div class='ocr_carea' id='block_1_89' title="bbox 538 5453 2124 5521">
    <p class='ocr_par' dir='ltr' id='par_1_89' title="bbox 538 5453 2124 5521">
     <span class='ocr_line' id='line_1_90' title="bbox 538 5453 2124 5521; baseline 0.003 -17"><span class='ocrx_word' id='word_1_727' title='bbox 538 5453 656 5506; x_wconf 83' lang='lat' dir='ltr'><strong>veri</strong></span> <span class='ocrx_word' id='word_1_728' title='bbox 690 5453 845 5516; x_wconf 90' lang='lat' dir='ltr'><strong>dicit,</strong></span> <span class='ocrx_word' id='word_1_729' title='bbox 883 5461 940 5506; x_wconf 93' lang='lat' dir='ltr'><strong>ut</strong></span> <span class='ocrx_word' id='word_1_730' title='bbox 973 5454 1188 5516; x_wconf 86' lang='lat' dir='ltr'><strong>doceat,</strong></span> <span class='ocrx_word' id='word_1_731' title='bbox 1230 5471 1248 5504; x_wconf 76' lang='grc' dir='ltr'><strong>ι</strong></span> <span class='ocrx_word' id='word_1_732' title='bbox 1284 5464 1392 5506; x_wconf 90' lang='lat' dir='ltr'><strong>etc.</strong></span> <span class='ocrx_word' id='word_1_733' title='bbox 1433 5453 1574 5506; x_wconf 88' lang='lat' dir='ltr'><strong>Editi</strong></span> <span class='ocrx_word' id='word_1_734' title='bbox 1603 5463 1657 5507; x_wconf 91' lang='lat' dir='ltr'><strong>et</strong></span> <span class='ocrx_word' id='word_1_735' title='bbox 1691 5453 1967 5521; x_wconf 74' lang='lat' dir='ltr'><strong>Babanus,</strong></span> <span class='ocrx_word' id='word_1_736' title='bbox 2011 5473 2029 5504; x_wconf 75' lang='grc' dir='ltr'><strong>ι</strong></span> <span class='ocrx_word' id='word_1_737' title='bbox 2067 5466 2124 5508; x_wconf 85' lang='grc' dir='ltr'>ει</span> 
     </span>
    </p>
   </div>
   <div class='ocr_carea' id='block_1_90' title="bbox 539 5522 2123 5592">
    <p class='ocr_par' dir='ltr' id='par_1_90' title="bbox 539 5522 2123 5592">
     <span class='ocr_line' id='line_1_91' title="bbox 539 5522 2123 5592; baseline 0.001 -16"><span class='ocrx_word' id='word_1_738' title='bbox 539 5537 762 5578; x_wconf 80' lang='lat' dir='ltr'><strong>necesse</strong></span> <span class='ocrx_word' id='word_1_739' title='bbox 804 5531 889 5578; x_wconf 87' lang='lat' dir='ltr'><strong>est</strong></span> <span class='ocrx_word' id='word_1_740' title='bbox 933 5523 1062 5578; x_wconf 91' lang='lat' dir='ltr'><strong>illud</strong></span> <span class='ocrx_word' id='word_1_741' title='bbox 1114 5533 1172 5576; x_wconf 92' lang='lat' dir='ltr'><strong>ut</strong></span> <span class='ocrx_word' id='word_1_742' title='bbox 1218 5526 1395 5577; x_wconf 88' lang='lat' dir='ltr'><strong>caveri</strong></span> <span class='ocrx_word' id='word_1_743' title='bbox 1437 5523 1584 5576; x_wconf 89' lang='lat' dir='ltr'><strong>dicat</strong></span> <span class='ocrx_word' id='word_1_744' title='bbox 1635 5522 1954 5592; x_wconf 58' lang='lat' dir='ltr'><strong>(l‘iubanus,</strong></span> <span class='ocrx_word' id='word_1_745' title='bbox 2006 5543 2024 5574; x_wconf 86' lang='grc'>‹</span> <span class='ocrx_word' id='word_1_746' title='bbox 2066 5533 2123 5578; x_wconf 89' lang='grc' dir='ltr'><strong>ιιι</strong></span> 
     </span>
    </p>
   </div>
   <div class='ocr_carea' id='block_1_91' title="bbox 537 5593 1684 5664">
    <p class='ocr_par' dir='ltr' id='par_1_91' title="bbox 537 5593 1684 5664">
     <span class='ocr_line' id='line_1_92' title="bbox 537 5593 1684 5664; baseline 0.001 -20"><span class='ocrx_word' id='word_1_747' title='bbox 537 5593 680 5664; x_wconf 82' lang='lat' dir='ltr'><strong>quod</strong></span> <span class='ocrx_word' id='word_1_748' title='bbox 715 5593 897 5664; x_wconf 86' lang='lat' dir='ltr'><strong>caveri</strong></span> <span class='ocrx_word' id='word_1_749' title='bbox 929 5595 1060 5648; x_wconf 86' lang='lat' dir='ltr'><strong>dicit</strong></span> <span class='ocrx_word' id='word_1_750' title='bbox 1109 5596 1154 5664; x_wconf 79' lang='grc' dir='ltr'>ι)</span> <span class='ocrx_word' id='word_1_751' title='bbox 1190 5607 1243 5648; x_wconf 89' lang='grc' dir='ltr'>ει</span> <span class='ocrx_word' id='word_1_752' title='bbox 1268 5595 1480 5658; x_wconf 86' lang='lat' dir='ltr'><strong>doceat,</strong></span> <span class='ocrx_word' id='word_1_753' title='bbox 1522 5611 1540 5643; x_wconf 74' lang='grc' dir='ltr'><strong>ι</strong></span> <span class='ocrx_word' id='word_1_754' title='bbox 1577 5605 1684 5647; x_wconf 86' lang='lat' dir='ltr'><strong>etc.</strong></span> 
     </span>
    </p>
   </div>
   <div class='ocr_carea' id='block_1_92' title="bbox 608 5663 2122 5736">
    <p class='ocr_par' dir='ltr' id='par_1_92' title="bbox 608 5663 2122 5736">
     <span class='ocr_line' id='line_1_93' title="bbox 608 5663 2122 5736; baseline 0.001 -20"><span class='ocrx_word' id='word_1_755' title='bbox 608 5663 697 5736; x_wconf 14' lang='lat'>(8)7</span> <span class='ocrx_word' id='word_1_756' title='bbox 726 5663 898 5736; x_wconf 63' lang='lat' dir='ltr'><strong>Alias,</strong></span> <span class='ocrx_word' id='word_1_757' title='bbox 940 5665 1075 5719; x_wconf 66' lang='lat' dir='ltr'><strong>«Aut</strong></span> <span class='ocrx_word' id='word_1_758' title='bbox 1099 5663 1249 5720; x_wconf 86' lang='lat' dir='ltr'><strong>certe</strong></span> <span class='ocrx_word' id='word_1_759' title='bbox 1274 5665 1543 5736; x_wconf 87' lang='lat' dir='ltr'><strong>quia(al.,</strong></span> <span class='ocrx_word' id='word_1_760' title='bbox 1578 5681 1596 5714; x_wconf 85' lang='lat' dir='ltr'><strong>t</strong></span> <span class='ocrx_word' id='word_1_761' title='bbox 1620 5665 1761 5734; x_wconf 87' lang='lat' dir='ltr'><strong>quod</strong></span> <span class='ocrx_word' id='word_1_762' title='bbox 1797 5665 1845 5732; x_wconf 80' lang='grc' dir='ltr'>ι)</span> <span class='ocrx_word' id='word_1_763' title='bbox 1870 5665 2122 5734; x_wconf 80' lang='lat' dir='ltr'><strong>frequen-</strong></span> 
     </span>
    </p>
   </div>
   <div class='ocr_carea' id='block_1_93' title="bbox 541 5734 868 5789">
    <p class='ocr_par' dir='ltr' id='par_1_93' title="bbox 541 5734 868 5789">
     <span class='ocr_line' id='line_1_94' title="bbox 541 5734 868 5789; baseline -0.003 -3"><span class='ocrx_word' id='word_1_764' title='bbox 541 5741 623 5788; x_wconf 65' lang='lat' dir='ltr'><strong>itfl&#39;</strong></span> <span class='ocrx_word' id='word_1_765' title='bbox 646 5734 804 5789; x_wconf 71' lang='grc' dir='ltr'><strong>άίιὶι.</strong></span> <span class='ocrx_word' id='word_1_766' title='bbox 850 5753 868 5785; x_wconf 74' lang='grc'><strong>1</strong></span> 
     </span>
    </p>
   </div>
   <div class='ocr_carea' id='block_1_94' title="bbox 2231 3260 2352 3305">
    <p class='ocr_par' dir='ltr' id='par_1_94' title="bbox 2231 3260 2352 3305">
     <span class='ocr_line' id='line_1_95' title="bbox 2231 3260 2352 3305; baseline 0.008 -1"><span class='ocrx_word' id='word_1_767' title='bbox 2231 3260 2352 3305; x_wconf 78' lang='lat' dir='ltr'><strong>test.</strong></span> 
     </span>
    </p>
   </div>
   <div class='ocr_carea' id='block_1_95' title="bbox 2297 3343 3806 3421">
    <p class='ocr_par' dir='ltr' id='par_1_95' title="bbox 2297 3343 3806 3421">
     <span class='ocr_line' id='line_1_96' title="bbox 2297 3343 3806 3421; baseline 0.006 -22"><span class='ocrx_word' id='word_1_768' title='bbox 2297 3345 2353 3400; x_wconf 91' lang='lat'><strong>9.</strong></span> <span class='ocrx_word' id='word_1_769' title='bbox 2397 3363 2415 3395; x_wconf 73' lang='grc' dir='ltr'>ί</span> <span class='ocrx_word' id='word_1_770' title='bbox 2441 3343 2658 3402; x_wconf 87' lang='lat' dir='ltr'><strong>Scimus</strong></span> <span class='ocrx_word' id='word_1_771' title='bbox 2681 3348 2827 3401; x_wconf 90' lang='lat' dir='ltr'><strong>enim</strong></span> <span class='ocrx_word' id='word_1_772' title='bbox 2854 3349 2978 3418; x_wconf 89' lang='lat' dir='ltr'><strong>quia</strong></span> <span class='ocrx_word' id='word_1_773' title='bbox 3011 3347 3096 3402; x_wconf 86' lang='lat' dir='ltr'><strong>lex</strong></span> <span class='ocrx_word' id='word_1_774' title='bbox 3124 3347 3383 3417; x_wconf 87' lang='lat' dir='ltr'><strong>spiritalis</strong></span> <span class='ocrx_word' id='word_1_775' title='bbox 3413 3359 3498 3404; x_wconf 86' lang='lat' dir='ltr'><strong>est</strong></span> <span class='ocrx_word' id='word_1_776' title='bbox 3525 3365 3540 3404; x_wconf 86' lang='lat'><strong>:</strong></span> <span class='ocrx_word' id='word_1_777' title='bbox 3575 3367 3676 3421; x_wconf 88' lang='lat' dir='ltr'><strong>ego</strong></span> <span class='ocrx_word' id='word_1_778' title='bbox 3705 3369 3806 3408; x_wconf 87' lang='lat' dir='ltr'><strong>au-</strong></span> 
     </span>
    </p>
   </div>
   <div class='ocr_carea' id='block_1_96' title="bbox 2229 3440 3805 3510">
    <p class='ocr_par' dir='ltr' id='par_1_96' title="bbox 2229 3440 3805 3510">
     <span class='ocr_line' id='line_1_97' title="bbox 2229 3440 3805 3510; baseline 0.004 -18"><span class='ocrx_word' id='word_1_779' title='bbox 2229 3449 2334 3493; x_wconf 91' lang='lat' dir='ltr'><strong>tem</strong></span> <span class='ocrx_word' id='word_1_780' title='bbox 2371 3440 2614 3496; x_wconf 87' lang='lat' dir='ltr'><strong>carnalis</strong></span> <span class='ocrx_word' id='word_1_781' title='bbox 2644 3455 2788 3506; x_wconf 90' lang='lat' dir='ltr'><strong>sum,</strong></span> <span class='ocrx_word' id='word_1_782' title='bbox 2831 3443 3172 3496; x_wconf 87' lang='lat' dir='ltr'><strong>venundatus</strong></span> <span class='ocrx_word' id='word_1_783' title='bbox 3216 3440 3317 3495; x_wconf 92' lang='lat' dir='ltr'><strong>sub</strong></span> <span class='ocrx_word' id='word_1_784' title='bbox 3363 3453 3610 3509; x_wconf 84' lang='lat' dir='ltr'><strong>peccato.</strong></span> <span class='ocrx_word' id='word_1_785' title='bbox 3651 3444 3805 3510; x_wconf 85' lang='lat' dir='ltr'><strong>Quod</strong></span> 
     </span>
    </p>
   </div>
   <div class='ocr_carea' id='block_1_97' title="bbox 2225 3531 3806 3606">
    <p class='ocr_par' dir='ltr' id='par_1_97' title="bbox 2225 3531 3806 3606">
     <span class='ocr_line' id='line_1_98' title="bbox 2225 3531 3806 3606; baseline 0.005 -21"><span class='ocrx_word' id='word_1_786' title='bbox 2225 3531 2366 3585; x_wconf 92' lang='lat' dir='ltr'><strong>enim</strong></span> <span class='ocrx_word' id='word_1_787' title='bbox 2399 3545 2616 3601; x_wconf 91' lang='lat' dir='ltr'><strong>operor,</strong></span> <span class='ocrx_word' id='word_1_788' title='bbox 2635 3531 2826 3601; x_wconf 87' lang='lat' dir='ltr'><strong>ignoro</strong></span> <span class='ocrx_word' id='word_1_789' title='bbox 2847 3547 2982 3587; x_wconf 83' lang='lat' dir='ltr'><strong>:non</strong></span> <span class='ocrx_word' id='word_1_790' title='bbox 3000 3532 3146 3586; x_wconf 92' lang='lat' dir='ltr'><strong>enim</strong></span> <span class='ocrx_word' id='word_1_791' title='bbox 3228 3532 3370 3601; x_wconf 91' lang='lat' dir='ltr'><strong>quod</strong></span> <span class='ocrx_word' id='word_1_792' title='bbox 3402 3532 3523 3587; x_wconf 92' lang='lat' dir='ltr'><strong>volo</strong></span> <span class='ocrx_word' id='word_1_793' title='bbox 3547 3534 3806 3606; x_wconf 77' lang='lat' dir='ltr'><strong>(l5),hoc</strong></span> 
     </span>
    </p>
   </div>
   <div class='ocr_carea' id='block_1_98' title="bbox 2224 3623 3804 3696">
    <p class='ocr_par' dir='ltr' id='par_1_98' title="bbox 2224 3623 3804 3696">
     <span class='ocr_line' id='line_1_99' title="bbox 2224 3623 3804 3696; baseline 0.003 -18"><span class='ocrx_word' id='word_1_794' title='bbox 2224 3640 2362 3691; x_wconf 75' lang='lat' dir='ltr'><strong>ago;</strong></span> <span class='ocrx_word' id='word_1_795' title='bbox 2399 3625 2492 3677; x_wconf 87' lang='lat' dir='ltr'><strong>sed</strong></span> <span class='ocrx_word' id='word_1_796' title='bbox 2524 3625 2665 3693; x_wconf 92' lang='lat' dir='ltr'><strong>quod</strong></span> <span class='ocrx_word' id='word_1_797' title='bbox 2694 3625 2805 3687; x_wconf 88' lang='lat' dir='ltr'><strong>odi,</strong></span> <span class='ocrx_word' id='word_1_798' title='bbox 2836 3623 2966 3678; x_wconf 91' lang='lat' dir='ltr'><strong>illud</strong></span> <span class='ocrx_word' id='word_1_799' title='bbox 2995 3624 3152 3678; x_wconf 81' lang='lat' dir='ltr'><strong>facio.</strong></span> <span class='ocrx_word' id='word_1_800' title='bbox 3187 3623 3242 3679; x_wconf 93' lang='lat' dir='ltr'><strong>Si</strong></span> <span class='ocrx_word' id='word_1_801' title='bbox 3271 3637 3452 3680; x_wconf 88' lang='lat' dir='ltr'><strong>autem</strong></span> <span class='ocrx_word' id='word_1_802' title='bbox 3484 3631 3627 3696; x_wconf 90' lang='lat' dir='ltr'><strong>quod</strong></span> <span class='ocrx_word' id='word_1_803' title='bbox 3655 3629 3804 3692; x_wconf 91' lang='lat' dir='ltr'><strong>nolo,</strong></span> 
     </span>
    </p>
   </div>
   <div class='ocr_carea' id='block_1_99' title="bbox 2225 3713 3805 3784">
    <p class='ocr_par' dir='ltr' id='par_1_99' title="bbox 2225 3713 3805 3784">
     <span class='ocr_line' id='line_1_100' title="bbox 2225 3713 3805 3784; baseline 0.004 -18"><span class='ocrx_word' id='word_1_804' title='bbox 2225 3713 2356 3769; x_wconf 86' lang='lat' dir='ltr'><strong>illud</strong></span> <span class='ocrx_word' id='word_1_805' title='bbox 2388 3715 2552 3779; x_wconf 88' lang='lat' dir='ltr'><strong>l‘acio,</strong></span> <span class='ocrx_word' id='word_1_806' title='bbox 2587 3716 2868 3769; x_wconf 86' lang='lat' dir='ltr'><strong>consentio</strong></span> <span class='ocrx_word' id='word_1_807' title='bbox 2896 3715 3020 3784; x_wconf 85' lang='lat' dir='ltr'><strong>legi,</strong></span> <span class='ocrx_word' id='word_1_808' title='bbox 3057 3716 3314 3783; x_wconf 89' lang='lat' dir='ltr'><strong>quoniam</strong></span> <span class='ocrx_word' id='word_1_809' title='bbox 3355 3718 3491 3772; x_wconf 89' lang='lat' dir='ltr'><strong>bona</strong></span> <span class='ocrx_word' id='word_1_810' title='bbox 3519 3727 3623 3773; x_wconf 84' lang='lat' dir='ltr'><strong>est.</strong></span> <span class='ocrx_word' id='word_1_811' title='bbox 3649 3717 3805 3782; x_wconf 82' lang='lat' dir='ltr'><strong>Nunc</strong></span> 
     </span>
    </p>
   </div>
   <div class='ocr_carea' id='block_1_100' title="bbox 2232 3805 3806 3877">
    <p class='ocr_par' dir='ltr' id='par_1_100' title="bbox 2232 3805 3806 3877">
     <span class='ocr_line' id='line_1_101' title="bbox 2232 3805 3806 3877; baseline 0.001 -16"><span class='ocrx_word' id='word_1_812' title='bbox 2232 3817 2411 3861; x_wconf 87' lang='lat' dir='ltr'><strong>autem</strong></span> <span class='ocrx_word' id='word_1_813' title='bbox 2453 3805 2565 3872; x_wconf 86' lang='lat' dir='ltr'><strong>jam</strong></span> <span class='ocrx_word' id='word_1_814' title='bbox 2596 3820 2700 3858; x_wconf 93' lang='lat' dir='ltr'><strong>non</strong></span> <span class='ocrx_word' id='word_1_815' title='bbox 2742 3821 2839 3874; x_wconf 86' lang='lat' dir='ltr'><strong>ego</strong></span> <span class='ocrx_word' id='word_1_816' title='bbox 2882 3820 3076 3872; x_wconf 89' lang='lat' dir='ltr'><strong>operor</strong></span> <span class='ocrx_word' id='word_1_817' title='bbox 3105 3805 3269 3871; x_wconf 90' lang='lat' dir='ltr'><strong>illud,</strong></span> <span class='ocrx_word' id='word_1_818' title='bbox 3306 3808 3399 3861; x_wconf 89' lang='lat' dir='ltr'><strong>sed</strong></span> <span class='ocrx_word' id='word_1_819' title='bbox 3426 3812 3567 3877; x_wconf 87' lang='lat' dir='ltr'><strong>quod</strong></span> <span class='ocrx_word' id='word_1_820' title='bbox 3596 3807 3806 3863; x_wconf 86' lang='lat' dir='ltr'><strong>habitat</strong></span> 
     </span>
    </p>
   </div>
   <div class='ocr_carea' id='block_1_101' title="bbox 2227 3897 3802 3966">
    <p class='ocr_par' dir='ltr' id='par_1_101' title="bbox 2227 3897 3802 3966">
     <span class='ocr_line' id='line_1_102' title="bbox 2227 3897 3802 3966; baseline 0.003 -16"><span class='ocrx_word' id='word_1_821' title='bbox 2227 3897 2278 3950; x_wconf 94' lang='lat' dir='ltr'><strong>in</strong></span> <span class='ocrx_word' id='word_1_822' title='bbox 2315 3911 2400 3949; x_wconf 89' lang='lat' dir='ltr'><strong>me</strong></span> <span class='ocrx_word' id='word_1_823' title='bbox 2430 3905 2735 3964; x_wconf 90' lang='lat' dir='ltr'><strong>peccatum.</strong></span> <span class='ocrx_word' id='word_1_824' title='bbox 2781 3899 2908 3951; x_wconf 88' lang='lat' dir='ltr'><strong>Scio</strong></span> <span class='ocrx_word' id='word_1_825' title='bbox 2957 3898 3101 3951; x_wconf 89' lang='lat' dir='ltr'><strong>enim</strong></span> <span class='ocrx_word' id='word_1_826' title='bbox 3149 3901 3279 3966; x_wconf 88' lang='lat' dir='ltr'><strong>quia</strong></span> <span class='ocrx_word' id='word_1_827' title='bbox 3331 3914 3440 3953; x_wconf 91' lang='lat' dir='ltr'><strong>non</strong></span> <span class='ocrx_word' id='word_1_828' title='bbox 3495 3901 3704 3956; x_wconf 85' lang='lat' dir='ltr'><strong>habitat</strong></span> <span class='ocrx_word' id='word_1_829' title='bbox 3749 3903 3802 3955; x_wconf 89' lang='lat' dir='ltr'><strong>in</strong></span> 
     </span>
    </p>
   </div>
   <div class='ocr_carea' id='block_1_102' title="bbox 2225 3981 3802 4051">
    <p class='ocr_par' dir='ltr' id='par_1_102' title="bbox 2225 3981 3802 4051">
     <span class='ocr_line' id='line_1_103' title="bbox 2225 3981 3802 4051; baseline 0.001 -11"><span class='ocrx_word' id='word_1_830' title='bbox 2225 4003 2333 4051; x_wconf 87' lang='lat' dir='ltr'><strong>me,</strong></span> <span class='ocrx_word' id='word_1_831' title='bbox 2373 3986 2474 4040; x_wconf 90' lang='lat' dir='ltr'><strong>hoc</strong></span> <span class='ocrx_word' id='word_1_832' title='bbox 2501 3994 2586 4040; x_wconf 88' lang='lat' dir='ltr'><strong>est</strong></span> <span class='ocrx_word' id='word_1_833' title='bbox 2615 3981 2667 4040; x_wconf 85' lang='lat' dir='ltr'><strong>in</strong></span> <span class='ocrx_word' id='word_1_834' title='bbox 2698 4000 2864 4041; x_wconf 91' lang='lat' dir='ltr'><strong>carne</strong></span> <span class='ocrx_word' id='word_1_835' title='bbox 2888 4001 3028 4047; x_wconf 82' lang='lat' dir='ltr'><strong>mea,</strong></span> <span class='ocrx_word' id='word_1_836' title='bbox 3055 3987 3282 4040; x_wconf 89' lang='lat' dir='ltr'><strong>bonum.</strong></span> <span class='ocrx_word' id='word_1_837' title='bbox 3347 3987 3495 4042; x_wconf 82' lang='lat' dir='ltr'><strong>Velle</strong></span> <span class='ocrx_word' id='word_1_838' title='bbox 3519 3989 3666 4043; x_wconf 91' lang='lat' dir='ltr'><strong>enim</strong></span> <span class='ocrx_word' id='word_1_839' title='bbox 3701 3990 3802 4042; x_wconf 77' lang='lat' dir='ltr'><strong>ad-</strong></span> 
     </span>
    </p>
   </div>
   <div class='ocr_carea' id='block_1_103' title="bbox 2219 4076 3801 4147">
    <p class='ocr_par' dir='ltr' id='par_1_103' title="bbox 2219 4076 3801 4147">
     <span class='ocr_line' id='line_1_104' title="bbox 2219 4076 3801 4147; baseline 0.001 -14"><span class='ocrx_word' id='word_1_840' title='bbox 2219 4077 2368 4147; x_wconf 84' lang='lat' dir='ltr'><strong>jacet</strong></span> <span class='ocrx_word' id='word_1_841' title='bbox 2400 4078 2532 4132; x_wconf 91' lang='lat' dir='ltr'><strong>mihi</strong></span> <span class='ocrx_word' id='word_1_842' title='bbox 2582 4094 2596 4132; x_wconf 90' lang='lat'><strong>:</strong></span> <span class='ocrx_word' id='word_1_843' title='bbox 2648 4076 2906 4146; x_wconf 82' lang='lat' dir='ltr'><strong>perﬁcere</strong></span> <span class='ocrx_word' id='word_1_844' title='bbox 2947 4087 3124 4133; x_wconf 84' lang='lat' dir='ltr'><strong>autem</strong></span> <span class='ocrx_word' id='word_1_845' title='bbox 3179 4078 3381 4132; x_wconf 87' lang='lat' dir='ltr'><strong>bonum</strong></span> <span class='ocrx_word' id='word_1_846' title='bbox 3413 4094 3518 4133; x_wconf 93' lang='lat' dir='ltr'><strong>non</strong></span> <span class='ocrx_word' id='word_1_847' title='bbox 3561 4080 3801 4135; x_wconf 87' lang='lat' dir='ltr'><strong>invenio.</strong></span> 
     </span>
    </p>
   </div>
   <div class='ocr_carea' id='block_1_104' title="bbox 2224 4169 3804 4239">
    <p class='ocr_par' dir='ltr' id='par_1_104' title="bbox 2224 4169 3804 4239">
     <span class='ocr_line' id='line_1_105' title="bbox 2224 4169 3804 4239; baseline -0.001 -13"><span class='ocrx_word' id='word_1_848' title='bbox 2224 4171 2340 4228; x_wconf 85' lang='lat' dir='ltr'><strong>Non</strong></span> <span class='ocrx_word' id='word_1_849' title='bbox 2373 4173 2516 4225; x_wconf 89' lang='lat' dir='ltr'><strong>enim</strong></span> <span class='ocrx_word' id='word_1_850' title='bbox 2549 4171 2692 4239; x_wconf 89' lang='lat' dir='ltr'><strong>quod</strong></span> <span class='ocrx_word' id='word_1_851' title='bbox 2724 4171 2845 4224; x_wconf 90' lang='lat' dir='ltr'><strong>volo</strong></span> <span class='ocrx_word' id='word_1_852' title='bbox 2878 4169 3021 4224; x_wconf 84' lang='lat' dir='ltr'><strong>facio</strong></span> <span class='ocrx_word' id='word_1_853' title='bbox 3059 4173 3293 4236; x_wconf 89' lang='lat' dir='ltr'><strong>bonum;</strong></span> <span class='ocrx_word' id='word_1_854' title='bbox 3336 4171 3432 4224; x_wconf 90' lang='lat' dir='ltr'><strong>sed</strong></span> <span class='ocrx_word' id='word_1_855' title='bbox 3483 4171 3626 4239; x_wconf 89' lang='lat' dir='ltr'><strong>quod</strong></span> <span class='ocrx_word' id='word_1_856' title='bbox 3677 4171 3804 4226; x_wconf 91' lang='lat' dir='ltr'><strong>nolo</strong></span> 
     </span>
    </p>
   </div>
   <div class='ocr_carea' id='block_1_105' title="bbox 2226 4262 3801 4333">
    <p class='ocr_par' dir='ltr' id='par_1_105' title="bbox 2226 4262 3801 4333">
     <span class='ocr_line' id='line_1_106' title="bbox 2226 4262 3801 4333; baseline -0.001 -15"><span class='ocrx_word' id='word_1_857' title='bbox 2226 4264 2448 4324; x_wconf 90' lang='lat' dir='ltr'><strong>malum,</strong></span> <span class='ocrx_word' id='word_1_858' title='bbox 2489 4263 2592 4316; x_wconf 87' lang='lat' dir='ltr'><strong>hoc</strong></span> <span class='ocrx_word' id='word_1_859' title='bbox 2619 4278 2739 4330; x_wconf 87' lang='lat' dir='ltr'><strong>ago.</strong></span> <span class='ocrx_word' id='word_1_860' title='bbox 2784 4262 2842 4316; x_wconf 81' lang='lat' dir='ltr'><strong>Si</strong></span> <span class='ocrx_word' id='word_1_861' title='bbox 2869 4270 3048 4317; x_wconf 87' lang='lat' dir='ltr'><strong>autem</strong></span> <span class='ocrx_word' id='word_1_862' title='bbox 3079 4262 3190 4332; x_wconf 81' lang='lat' dir='ltr'>(M)</span> <span class='ocrx_word' id='word_1_863' title='bbox 3221 4264 3362 4331; x_wconf 91' lang='lat' dir='ltr'><strong>quod</strong></span> <span class='ocrx_word' id='word_1_864' title='bbox 3397 4262 3544 4328; x_wconf 92' lang='lat' dir='ltr'><strong>nolo,</strong></span> <span class='ocrx_word' id='word_1_865' title='bbox 3587 4278 3684 4333; x_wconf 85' lang='lat' dir='ltr'><strong>ego</strong></span> <span class='ocrx_word' id='word_1_866' title='bbox 3717 4265 3801 4316; x_wconf 79' lang='lat' dir='ltr'><strong>fa-</strong></span> 
     </span>
    </p>
   </div>
   <div class='ocr_carea' id='block_1_106' title="bbox 2225 4353 3800 4423">
    <p class='ocr_par' dir='ltr' id='par_1_106' title="bbox 2225 4353 3800 4423">
     <span class='ocr_line' id='line_1_107' title="bbox 2225 4353 3800 4423; baseline -0.001 -15"><span class='ocrx_word' id='word_1_867' title='bbox 2225 4355 2335 4418; x_wconf 90' lang='lat' dir='ltr'><strong>cio,</strong></span> <span class='ocrx_word' id='word_1_868' title='bbox 2371 4369 2475 4407; x_wconf 88' lang='lat' dir='ltr'><strong>non</strong></span> <span class='ocrx_word' id='word_1_869' title='bbox 2501 4353 2610 4422; x_wconf 89' lang='lat' dir='ltr'><strong>jam</strong></span> <span class='ocrx_word' id='word_1_870' title='bbox 2647 4368 2750 4422; x_wconf 86' lang='lat' dir='ltr'><strong>ego</strong></span> <span class='ocrx_word' id='word_1_871' title='bbox 2781 4368 2981 4420; x_wconf 92' lang='lat' dir='ltr'><strong>operor</strong></span> <span class='ocrx_word' id='word_1_872' title='bbox 3005 4354 3153 4415; x_wconf 91' lang='lat' dir='ltr'><strong>illud,</strong></span> <span class='ocrx_word' id='word_1_873' title='bbox 3201 4353 3294 4406; x_wconf 86' lang='lat' dir='ltr'><strong>sed</strong></span> <span class='ocrx_word' id='word_1_874' title='bbox 3322 4353 3466 4423; x_wconf 90' lang='lat' dir='ltr'><strong>quod</strong></span> <span class='ocrx_word' id='word_1_875' title='bbox 3509 4354 3718 4407; x_wconf 90' lang='lat' dir='ltr'><strong>habitat</strong></span> <span class='ocrx_word' id='word_1_876' title='bbox 3746 4355 3800 4407; x_wconf 91' lang='lat' dir='ltr'><strong>in</strong></span> 
     </span>
    </p>
   </div>
   <div class='ocr_carea' id='block_1_107' title="bbox 2231 4443 3798 4515">
    <p class='ocr_par' dir='ltr' id='par_1_107' title="bbox 2231 4443 3798 4515">
     <span class='ocr_line' id='line_1_108' title="bbox 2231 4443 3798 4515; baseline -0.001 -15"><span class='ocrx_word' id='word_1_877' title='bbox 2231 4463 2319 4500; x_wconf 87' lang='lat' dir='ltr'><strong>me</strong></span> <span class='ocrx_word' id='word_1_878' title='bbox 2353 4457 2653 4515; x_wconf 86' lang='lat' dir='ltr'><strong>peccatum.</strong></span> <span class='ocrx_word' id='word_1_879' title='bbox 2696 4445 2919 4499; x_wconf 86' lang='lat' dir='ltr'><strong>Invenio</strong></span> <span class='ocrx_word' id='word_1_880' title='bbox 2965 4444 3129 4512; x_wconf 84' lang='lat' dir='ltr'><strong>igitur</strong></span> <span class='ocrx_word' id='word_1_881' title='bbox 3164 4443 3334 4513; x_wconf 84' lang='lat' dir='ltr'><strong>legem</strong></span> <span class='ocrx_word' id='word_1_882' title='bbox 3359 4487 3374 4512; x_wconf 91' lang='lat'><strong>,</strong></span> <span class='ocrx_word' id='word_1_883' title='bbox 3415 4443 3616 4498; x_wconf 89' lang='lat' dir='ltr'><strong>volenti</strong></span> <span class='ocrx_word' id='word_1_884' title='bbox 3667 4444 3798 4498; x_wconf 91' lang='lat' dir='ltr'><strong>mihi</strong></span> 
     </span>
    </p>
   </div>
   <div class='ocr_carea' id='block_1_108' title="bbox 2227 4535 3806 4605">
    <p class='ocr_par' dir='ltr' id='par_1_108' title="bbox 2227 4535 3806 4605">
     <span class='ocr_line' id='line_1_109' title="bbox 2227 4535 3806 4605; baseline -0.003 -13"><span class='ocrx_word' id='word_1_885' title='bbox 2227 4538 2408 4592; x_wconf 74' lang='lat' dir='ltr'><strong>facere</strong></span> <span class='ocrx_word' id='word_1_886' title='bbox 2440 4539 2638 4591; x_wconf 91' lang='lat' dir='ltr'><strong>bonum</strong></span> <span class='ocrx_word' id='word_1_887' title='bbox 2664 4576 2679 4601; x_wconf 92' lang='lat'><strong>,</strong></span> <span class='ocrx_word' id='word_1_888' title='bbox 2714 4537 2968 4605; x_wconf 89' lang='lat' dir='ltr'><strong>quoniam</strong></span> <span class='ocrx_word' id='word_1_889' title='bbox 2999 4536 3129 4589; x_wconf 91' lang='lat' dir='ltr'><strong>mihi</strong></span> <span class='ocrx_word' id='word_1_890' title='bbox 3161 4535 3360 4589; x_wconf 90' lang='lat' dir='ltr'><strong>malum</strong></span> <span class='ocrx_word' id='word_1_891' title='bbox 3389 4537 3621 4605; x_wconf 89' lang='lat' dir='ltr'><strong>adjacet.</strong></span> <span class='ocrx_word' id='word_1_892' title='bbox 3661 4537 3806 4590; x_wconf 82' lang='lat' dir='ltr'><strong>Cou-</strong></span> 
     </span>
    </p>
   </div>
   <div class='ocr_carea' id='block_1_109' title="bbox 2233 4627 3802 4699">
    <p class='ocr_par' dir='ltr' id='par_1_109' title="bbox 2233 4627 3802 4699">
     <span class='ocr_line' id='line_1_110' title="bbox 2233 4627 3802 4699; baseline -0.003 -13"><span class='ocrx_word' id='word_1_893' title='bbox 2233 4630 2473 4686; x_wconf 90' lang='lat' dir='ltr'><strong>deleclor</strong></span> <span class='ocrx_word' id='word_1_894' title='bbox 2499 4630 2644 4682; x_wconf 89' lang='lat' dir='ltr'><strong>enim</strong></span> <span class='ocrx_word' id='word_1_895' title='bbox 2678 4629 2778 4699; x_wconf 78' lang='lat' dir='ltr'><strong>legi</strong></span> <span class='ocrx_word' id='word_1_896' title='bbox 2821 4627 2916 4684; x_wconf 90' lang='lat' dir='ltr'><strong>Dei</strong></span> <span class='ocrx_word' id='word_1_897' title='bbox 2947 4634 3244 4686; x_wconf 90' lang='lat' dir='ltr'><strong>secundum</strong></span> <span class='ocrx_word' id='word_1_898' title='bbox 3279 4630 3595 4685; x_wconf 90' lang='lat' dir='ltr'><strong>interiorem</strong></span> <span class='ocrx_word' id='word_1_899' title='bbox 3629 4628 3802 4683; x_wconf 87' lang='lat' dir='ltr'><strong>homi-</strong></span> 
     </span>
    </p>
   </div>
   <div class='ocr_carea' id='block_1_110' title="bbox 2295 4813 3800 4889">
    <p class='ocr_par' dir='ltr' id='par_1_110' title="bbox 2295 4813 3800 4889">
     <span class='ocr_line' id='line_1_111' title="bbox 2295 4813 3800 4889; baseline 0.002 -16"><span class='ocrx_word' id='word_1_900' title='bbox 2295 4819 2373 4889; x_wconf 87' lang='lat'>(9)</span> <span class='ocrx_word' id='word_1_901' title='bbox 2409 4817 2561 4889; x_wconf 77' lang='lat' dir='ltr'><strong>Quis.</strong></span> <span class='ocrx_word' id='word_1_902' title='bbox 2613 4816 2775 4869; x_wconf 88' lang='lat' dir='ltr'><strong>Deest</strong></span> <span class='ocrx_word' id='word_1_903' title='bbox 2799 4815 2877 4889; x_wconf 86' lang='lat' dir='ltr'><strong>__in</strong></span> <span class='ocrx_word' id='word_1_904' title='bbox 2927 4815 3105 4870; x_wconf 86' lang='lat' dir='ltr'><strong>editis.</strong></span> <span class='ocrx_word' id='word_1_905' title='bbox 3163 4815 3312 4869; x_wconf 87' lang='lat' dir='ltr'><strong>Alias</strong></span> <span class='ocrx_word' id='word_1_906' title='bbox 3335 4856 3351 4881; x_wconf 95' lang='lat'><strong>,</strong></span> <span class='ocrx_word' id='word_1_907' title='bbox 3406 4834 3424 4865; x_wconf 79' lang='grc' dir='ltr'><strong>ι</strong></span> <span class='ocrx_word' id='word_1_908' title='bbox 3459 4813 3563 4870; x_wconf 89' lang='lat' dir='ltr'><strong>Sed</strong></span> <span class='ocrx_word' id='word_1_909' title='bbox 3596 4832 3664 4872; x_wconf 81' lang='lat' dir='ltr'><strong>ne</strong></span> <span class='ocrx_word' id='word_1_910' title='bbox 3696 4819 3800 4876; x_wconf 71' lang='lat' dir='ltr'><strong>hoc</strong></span> 
     </span>
    </p>
   </div>
   <div class='ocr_carea' id='block_1_111' title="bbox 2222 4885 3254 4955">
    <p class='ocr_par' dir='ltr' id='par_1_111' title="bbox 2222 4885 3254 4955">
     <span class='ocr_line' id='line_1_112' title="bbox 2222 4885 3254 4955; baseline -0.005 -10"><span class='ocrx_word' id='word_1_911' title='bbox 2222 4885 2476 4946; x_wconf 79' lang='lat' dir='ltr'><strong>mandato</strong></span> <span class='ocrx_word' id='word_1_912' title='bbox 2505 4888 2638 4955; x_wconf 77' lang='lat' dir='ltr'><strong>legis</strong></span> <span class='ocrx_word' id='word_1_913' title='bbox 2669 4885 3053 4950; x_wconf 85' lang='lat' dir='ltr'><strong>ascriberetur,</strong></span> <span class='ocrx_word' id='word_1_914' title='bbox 3099 4905 3118 4937; x_wconf 76' lang='grc' dir='ltr'><strong>ι</strong></span> <span class='ocrx_word' id='word_1_915' title='bbox 3150 4899 3254 4940; x_wconf 85' lang='lat' dir='ltr'><strong>etc.</strong></span> 
     </span>
    </p>
   </div>
   <div class='ocr_carea' id='block_1_112' title="bbox 2293 4955 3616 5027">
    <p class='ocr_par' dir='ltr' id='par_1_112' title="bbox 2293 4955 3616 5027">
     <span class='ocr_line' id='line_1_113' title="bbox 2293 4955 3616 5027; baseline -0.003 -15"><span class='ocrx_word' id='word_1_916' title='bbox 2293 4959 2408 5027; x_wconf 75' lang='lat'>(10)</span> <span class='ocrx_word' id='word_1_917' title='bbox 2448 4960 2488 5010; x_wconf 83' lang='lat' dir='ltr'><strong><em>A</em></strong></span> <span class='ocrx_word' id='word_1_918' title='bbox 2521 4967 2755 5027; x_wconf 71' lang='lat' dir='ltr'><strong>peccato.</strong></span> <span class='ocrx_word' id='word_1_919' title='bbox 2793 4955 3140 5010; x_wconf 91' lang='lat' dir='ltr'><strong>Desideratur</strong></span> <span class='ocrx_word' id='word_1_920' title='bbox 3171 4958 3224 5010; x_wconf 89' lang='lat' dir='ltr'><strong>in</strong></span> <span class='ocrx_word' id='word_1_921' title='bbox 3250 4965 3406 5008; x_wconf 89' lang='lat' dir='ltr'><strong>antea</strong></span> <span class='ocrx_word' id='word_1_922' title='bbox 3436 4956 3616 5011; x_wconf 88' lang='lat' dir='ltr'><strong>editis.</strong></span> 
     </span>
    </p>
   </div>
   <div class='ocr_carea' id='block_1_113' title="bbox 2295 5024 3794 5095">
    <p class='ocr_par' dir='ltr' id='par_1_113' title="bbox 2295 5024 3794 5095">
     <span class='ocr_line' id='line_1_114' title="bbox 2295 5024 3794 5095; baseline -0.001 -12"><span class='ocrx_word' id='word_1_923' title='bbox 2295 5024 2407 5094; x_wconf 75' lang='grc' dir='ltr'><strong>(Η)</strong></span> <span class='ocrx_word' id='word_1_924' title='bbox 2449 5029 2618 5088; x_wconf 74' lang='lat' dir='ltr'><strong>Alias,</strong></span> <span class='ocrx_word' id='word_1_925' title='bbox 2648 5024 2790 5078; x_wconf 75' lang='lat' dir='ltr'><strong>«Non</strong></span> <span class='ocrx_word' id='word_1_926' title='bbox 2821 5027 2962 5092; x_wconf 88' lang='lat' dir='ltr'><strong>quod</strong></span> <span class='ocrx_word' id='word_1_927' title='bbox 2988 5027 3183 5079; x_wconf 81' lang='lat' dir='ltr'><strong>bonum</strong></span> <span class='ocrx_word' id='word_1_928' title='bbox 3209 5027 3342 5095; x_wconf 79' lang='lat' dir='ltr'><strong>legis</strong></span> <span class='ocrx_word' id='word_1_929' title='bbox 3369 5038 3424 5080; x_wconf 84' lang='lat' dir='ltr'><strong>et</strong></span> <span class='ocrx_word' id='word_1_930' title='bbox 3451 5031 3794 5082; x_wconf 62' lang='lat' dir='ltr'><strong>mandatum»</strong></span> 
     </span>
    </p>
   </div>
   <div class='ocr_carea' id='block_1_114' title="bbox 2222 5095 3796 5169">
    <p class='ocr_par' dir='ltr' id='par_1_114' title="bbox 2222 5095 3796 5169">
     <span class='ocr_line' id='line_1_115' title="bbox 2222 5095 3796 5169; baseline -0.002 -18"><span class='ocrx_word' id='word_1_931' title='bbox 2222 5103 2318 5169; x_wconf 81' lang='lat' dir='ltr'><strong>(al.</strong></span> <span class='ocrx_word' id='word_1_932' title='bbox 2361 5099 2507 5152; x_wconf 69' lang='lat' dir='ltr'><strong>«Non</strong></span> <span class='ocrx_word' id='word_1_933' title='bbox 2535 5096 2898 5169; x_wconf 18' lang='lat' dir='ltr'><strong>QIlOdrbOIIUlll</strong></span> <span class='ocrx_word' id='word_1_934' title='bbox 2925 5097 3060 5169; x_wconf 73' lang='lat' dir='ltr'><strong>legis</strong></span> <span class='ocrx_word' id='word_1_935' title='bbox 3082 5098 3448 5169; x_wconf 68' lang='lat' dir='ltr'><strong>mandatum.)</strong></span> <span class='ocrx_word' id='word_1_936' title='bbox 3471 5095 3581 5169; x_wconf 79' lang='lat' dir='ltr'><strong>AL,</strong></span> <span class='ocrx_word' id='word_1_937' title='bbox 3613 5098 3796 5165; x_wconf 66' lang='lat' dir='ltr'><strong>«Quod</strong></span> 
     </span>
    </p>
   </div>
   <div class='ocr_carea' id='block_1_115' title="bbox 2221 5165 3797 5236">
    <p class='ocr_par' dir='ltr' id='par_1_115' title="bbox 2221 5165 3797 5236">
     <span class='ocr_line' id='line_1_116' title="bbox 2221 5165 3797 5236; baseline -0.002 -10"><span class='ocrx_word' id='word_1_938' title='bbox 2221 5165 2325 5226; x_wconf 82' lang='lat' dir='ltr'><strong>non</strong></span> <span class='ocrx_word' id='word_1_939' title='bbox 2360 5170 2560 5224; x_wconf 89' lang='lat' dir='ltr'><strong>bonum</strong></span> <span class='ocrx_word' id='word_1_940' title='bbox 2593 5167 2726 5236; x_wconf 87' lang='lat' dir='ltr'><strong>legis</strong></span> <span class='ocrx_word' id='word_1_941' title='bbox 2755 5165 3120 5233; x_wconf 73' lang='lat' dir='ltr'><strong>etmandatir)</strong></span> <span class='ocrx_word' id='word_1_942' title='bbox 3155 5167 3444 5233; x_wconf 72' lang='lat' dir='ltr'><strong>intulerit;</strong></span> <span class='ocrx_word' id='word_1_943' title='bbox 3485 5168 3577 5221; x_wconf 89' lang='lat' dir='ltr'><strong>scd</strong></span> <span class='ocrx_word' id='word_1_944' title='bbox 3602 5181 3797 5236; x_wconf 86' lang='lat' dir='ltr'><strong>pecca—</strong></span> 
     </span>
    </p>
   </div>
   <div class='ocr_carea' id='block_1_116' title="bbox 2221 5238 3792 5309">
    <p class='ocr_par' dir='ltr' id='par_1_116' title="bbox 2221 5238 3792 5309">
     <span class='ocr_line' id='line_1_117' title="bbox 2221 5238 3792 5309; baseline -0.001 -15"><span class='ocrx_word' id='word_1_945' title='bbox 2221 5253 2357 5305; x_wconf 88' lang='lat' dir='ltr'><strong>tum,</strong></span> <span class='ocrx_word' id='word_1_946' title='bbox 2393 5239 2589 5309; x_wconf 90' lang='lat' dir='ltr'><strong>inquit,</strong></span> <span class='ocrx_word' id='word_1_947' title='bbox 2625 5247 2683 5290; x_wconf 91' lang='lat' dir='ltr'><strong>ut</strong></span> <span class='ocrx_word' id='word_1_948' title='bbox 2710 5251 2774 5290; x_wconf 91' lang='lat' dir='ltr'><strong>eo</strong></span> <span class='ocrx_word' id='word_1_949' title='bbox 2801 5242 2944 5309; x_wconf 83' lang='lat' dir='ltr'><strong>quod</strong></span> <span class='ocrx_word' id='word_1_950' title='bbox 2975 5240 3216 5309; x_wconf 80' lang='lat' dir='ltr'><strong>iniquum</strong></span> <span class='ocrx_word' id='word_1_951' title='bbox 3250 5238 3342 5300; x_wconf 90' lang='lat' dir='ltr'><strong>sit,</strong></span> <span class='ocrx_word' id='word_1_952' title='bbox 3390 5253 3488 5309; x_wconf 79' lang='lat' dir='ltr'><strong>per</strong></span> <span class='ocrx_word' id='word_1_953' title='bbox 3516 5240 3739 5303; x_wconf 86' lang='lat' dir='ltr'><strong>bonum,</strong></span> <span class='ocrx_word' id='word_1_954' title='bbox 3771 5259 3792 5292; x_wconf 72' lang='grc' dir='ltr'><strong>ι</strong></span> 
     </span>
    </p>
   </div>
   <div class='ocr_carea' id='block_1_117' title="bbox 2217 5307 3799 5378">
    <p class='ocr_par' dir='ltr' id='par_1_117' title="bbox 2217 5307 3799 5378">
     <span class='ocr_line' id='line_1_118' title="bbox 2217 5307 3799 5378; baseline -0.001 -13"><span class='ocrx_word' id='word_1_955' title='bbox 2217 5312 2312 5371; x_wconf 88' lang='lat' dir='ltr'><strong>al.,</strong></span> <span class='ocrx_word' id='word_1_956' title='bbox 2348 5319 2437 5362; x_wconf 72' lang='lat' dir='ltr'><strong>«ut</strong></span> <span class='ocrx_word' id='word_1_957' title='bbox 2465 5307 2592 5378; x_wconf 76' lang='lat' dir='ltr'><strong>quia</strong></span> <span class='ocrx_word' id='word_1_958' title='bbox 2616 5309 2857 5374; x_wconf 86' lang='lat' dir='ltr'><strong>iniquum</strong></span> <span class='ocrx_word' id='word_1_959' title='bbox 2887 5307 2979 5368; x_wconf 85' lang='lat' dir='ltr'><strong>sit,</strong></span> <span class='ocrx_word' id='word_1_960' title='bbox 2998 5323 3090 5375; x_wconf 87' lang='lat' dir='ltr'><strong>per</strong></span> <span class='ocrx_word' id='word_1_961' title='bbox 3117 5307 3369 5359; x_wconf 68' lang='lat' dir='ltr'><strong>bonum.)</strong></span> <span class='ocrx_word' id='word_1_962' title='bbox 3404 5307 3490 5360; x_wconf 85' lang='lat' dir='ltr'><strong>Al.</strong></span> <span class='ocrx_word' id='word_1_963' title='bbox 3524 5319 3609 5361; x_wconf 69' lang='lat' dir='ltr'><strong>tut</strong></span> <span class='ocrx_word' id='word_1_964' title='bbox 3632 5325 3799 5376; x_wconf 84' lang='lat' dir='ltr'><strong>quain</strong></span> 
     </span>
    </p>
   </div>
   <div class='ocr_carea' id='block_1_118' title="bbox 2217 5378 3800 5449">
    <p class='ocr_par' dir='ltr' id='par_1_118' title="bbox 2217 5378 3800 5449">
     <span class='ocr_line' id='line_1_119' title="bbox 2217 5378 3800 5449; baseline -0.001 -14"><span class='ocrx_word' id='word_1_965' title='bbox 2217 5382 2460 5449; x_wconf 88' lang='lat' dir='ltr'><strong>iniquum</strong></span> <span class='ocrx_word' id='word_1_966' title='bbox 2486 5381 2557 5432; x_wconf 92' lang='lat' dir='ltr'><strong>sit</strong></span> <span class='ocrx_word' id='word_1_967' title='bbox 2591 5393 3001 5446; x_wconf 81' lang='lat' dir='ltr'><strong>cognoscerem,</strong></span> <span class='ocrx_word' id='word_1_968' title='bbox 3026 5393 3122 5445; x_wconf 86' lang='lat' dir='ltr'><strong>per</strong></span> <span class='ocrx_word' id='word_1_969' title='bbox 3151 5379 3371 5442; x_wconf 88' lang='lat' dir='ltr'><strong>bonum,</strong></span> <span class='ocrx_word' id='word_1_970' title='bbox 3394 5395 3412 5427; x_wconf 78' lang='grc' dir='ltr'><strong>ι</strong></span> <span class='ocrx_word' id='word_1_971' title='bbox 3437 5378 3572 5431; x_wconf 89' lang='lat' dir='ltr'><strong>mibi</strong></span> <span class='ocrx_word' id='word_1_972' title='bbox 3601 5395 3800 5448; x_wconf 72' lang='lat' dir='ltr'><strong>opera~</strong></span> 
     </span>
    </p>
   </div>
   <div class='ocr_carea' id='block_1_119' title="bbox 2218 5459 2784 5504">
    <p class='ocr_par' dir='ltr' id='par_1_119' title="bbox 2218 5459 2784 5504">
     <span class='ocr_line' id='line_1_120' title="bbox 2218 5459 2784 5504; baseline -0.009 0"><span class='ocrx_word' id='word_1_973' title='bbox 2218 5461 2328 5504; x_wconf 86' lang='lat' dir='ltr'><strong>tum</strong></span> <span class='ocrx_word' id='word_1_974' title='bbox 2362 5459 2446 5504; x_wconf 87' lang='lat' dir='ltr'><strong>est</strong></span> <span class='ocrx_word' id='word_1_975' title='bbox 2479 5461 2729 5504; x_wconf 89' lang='lat' dir='ltr'><strong>mortem.</strong></span> <span class='ocrx_word' id='word_1_976' title='bbox 2766 5467 2784 5499; x_wconf 76' lang='grc' dir='ltr'><strong>ι</strong></span> 
     </span>
    </p>
   </div>
   <div class='ocr_carea' id='block_1_120' title="bbox 2317 5515 3796 5586">
    <p class='ocr_par' dir='ltr' id='par_1_120' title="bbox 2317 5515 3796 5586">
     <span class='ocr_line' id='line_1_121' title="bbox 2317 5515 3796 5586; baseline 0.002 -13"><span class='ocrx_word' id='word_1_977' title='bbox 2317 5522 2401 5586; x_wconf 71' lang='grc'><strong>12)</strong></span> <span class='ocrx_word' id='word_1_978' title='bbox 2441 5519 2542 5572; x_wconf 82' lang='lat' dir='ltr'><strong>Ms.</strong></span> <span class='ocrx_word' id='word_1_979' title='bbox 2571 5535 2744 5580; x_wconf 84' lang='lat' dir='ltr'><strong>unus,</strong></span> <span class='ocrx_word' id='word_1_980' title='bbox 2786 5536 2802 5568; x_wconf 83' lang='grc' dir='ltr'><strong>ι</strong></span> <span class='ocrx_word' id='word_1_981' title='bbox 2844 5515 3017 5572; x_wconf 83' lang='lat' dir='ltr'><strong>Minus</strong></span> <span class='ocrx_word' id='word_1_982' title='bbox 3045 5518 3187 5571; x_wconf 85' lang='lat' dir='ltr'><strong>enim</strong></span> <span class='ocrx_word' id='word_1_983' title='bbox 3233 5528 3488 5584; x_wconf 85' lang='lat' dir='ltr'><strong>peccator</strong></span> <span class='ocrx_word' id='word_1_984' title='bbox 3513 5533 3592 5582; x_wconf 86' lang='lat' dir='ltr'><strong>es,</strong></span> <span class='ocrx_word' id='word_1_985' title='bbox 3631 5536 3650 5570; x_wconf 79' lang='grc' dir='ltr'><strong>ι</strong></span> <span class='ocrx_word' id='word_1_986' title='bbox 3685 5530 3796 5576; x_wconf 89' lang='lat' dir='ltr'><strong>etc.</strong></span> 
     </span>
    </p>
   </div>
   <div class='ocr_carea' id='block_1_121' title="bbox 2315 5587 3794 5659">
    <p class='ocr_par' dir='ltr' id='par_1_121' title="bbox 2315 5587 3794 5659">
     <span class='ocr_line' id='line_1_122' title="bbox 2315 5587 3794 5659; baseline 0.001 -16"><span class='ocrx_word' id='word_1_987' title='bbox 2315 5593 2404 5659; x_wconf 83' lang='grc'><strong>15)</strong></span> <span class='ocrx_word' id='word_1_988' title='bbox 2447 5591 2538 5644; x_wconf 85' lang='lat' dir='ltr'><strong>Sic</strong></span> <span class='ocrx_word' id='word_1_989' title='bbox 2582 5604 2714 5643; x_wconf 84' lang='lat' dir='ltr'><strong>mss.</strong></span> <span class='ocrx_word' id='word_1_990' title='bbox 2748 5588 2999 5659; x_wconf 12' lang='lat' dir='ltr'><strong>plerique,</strong></span> <span class='ocrx_word' id='word_1_991' title='bbox 3041 5600 3094 5640; x_wconf 91' lang='lat' dir='ltr'><strong>et</strong></span> <span class='ocrx_word' id='word_1_992' title='bbox 3133 5587 3406 5642; x_wconf 79' lang='lat' dir='ltr'><strong>Babanus.</strong></span> <span class='ocrx_word' id='word_1_993' title='bbox 3471 5589 3620 5659; x_wconf 14' lang='lat' dir='ltr'><strong>Editir</strong></span> <span class='ocrx_word' id='word_1_994' title='bbox 3643 5605 3794 5655; x_wconf 88' lang='lat' dir='ltr'><strong>vero,</strong></span> 
     </span>
    </p>
   </div>
   <div class='ocr_carea' id='block_1_122' title="bbox 2226 5658 3787 5728">
    <p class='ocr_par' dir='ltr' id='par_1_122' title="bbox 2226 5658 3787 5728">
     <span class='ocr_line' id='line_1_123' title="bbox 2226 5658 3787 5728; baseline 0 -14"><span class='ocrx_word' id='word_1_995' title='bbox 2226 5681 2243 5714; x_wconf 79' lang='grc' dir='ltr'><strong>ι</strong></span> <span class='ocrx_word' id='word_1_996' title='bbox 2277 5658 2418 5728; x_wconf 80' lang='lat' dir='ltr'><strong>quod</strong></span> <span class='ocrx_word' id='word_1_997' title='bbox 2447 5660 2568 5714; x_wconf 92' lang='lat' dir='ltr'><strong>volo</strong></span> <span class='ocrx_word' id='word_1_998' title='bbox 2599 5661 2797 5728; x_wconf 82' lang='lat' dir='ltr'><strong>bonum</strong></span> <span class='ocrx_word' id='word_1_999' title='bbox 2822 5675 2836 5723; x_wconf 86' lang='lat'>;</span> <span class='ocrx_word' id='word_1_1000' title='bbox 2863 5676 2882 5708; x_wconf 73' lang='grc' dir='ltr'><strong>ι</strong></span> <span class='ocrx_word' id='word_1_1001' title='bbox 2919 5658 3132 5725; x_wconf 87' lang='lat' dir='ltr'><strong>deinde,</strong></span> <span class='ocrx_word' id='word_1_1002' title='bbox 3175 5677 3193 5708; x_wconf 74' lang='grc' dir='ltr'><strong>ι</strong></span> <span class='ocrx_word' id='word_1_1003' title='bbox 3228 5660 3370 5728; x_wconf 90' lang='lat' dir='ltr'><strong>quod</strong></span> <span class='ocrx_word' id='word_1_1004' title='bbox 3401 5659 3488 5714; x_wconf 87' lang='lat' dir='ltr'><strong>odi</strong></span> <span class='ocrx_word' id='word_1_1005' title='bbox 3524 5658 3746 5716; x_wconf 86' lang='lat' dir='ltr'><strong>malum.</strong></span> <span class='ocrx_word' id='word_1_1006' title='bbox 3773 5691 3787 5714; x_wconf 79' lang='grc' dir='ltr'><strong>ι</strong></span> 
     </span>
    </p>
   </div>
   <div class='ocr_carea' id='block_1_123' title="bbox 2294 5727 3209 5800">
    <p class='ocr_par' dir='ltr' id='par_1_123' title="bbox 2294 5727 3209 5800">
     <span class='ocr_line' id='line_1_124' title="bbox 2294 5727 3209 5800; baseline -0.002 -15"><span class='ocrx_word' id='word_1_1007' title='bbox 2294 5727 2405 5800; x_wconf 69' lang='grc'><strong>(14)</strong></span> <span class='ocrx_word' id='word_1_1008' title='bbox 2447 5731 2610 5794; x_wconf 83' lang='lat' dir='ltr'><strong>Editi,</strong></span> <span class='ocrx_word' id='word_1_1009' title='bbox 2650 5747 2668 5779; x_wconf 78' lang='grc' dir='ltr'><strong>ι</strong></span> <span class='ocrx_word' id='word_1_1010' title='bbox 2711 5727 2767 5782; x_wconf 86' lang='lat' dir='ltr'><strong>Si</strong></span> <span class='ocrx_word' id='word_1_1011' title='bbox 2798 5729 2960 5795; x_wconf 86' lang='lat' dir='ltr'><strong>enim,</strong></span> <span class='ocrx_word' id='word_1_1012' title='bbox 2997 5748 3018 5781; x_wconf 77' lang='grc' dir='ltr'><strong>ι</strong></span> <span class='ocrx_word' id='word_1_1013' title='bbox 3051 5729 3209 5784; x_wconf 83' lang='lat' dir='ltr'><strong>male.</strong></span> 
     </span>
    </p>
   </div>
  </div>
