4146 6406
313 319 318 324 ’
344 310 490 368 1085

1302 306 1659 362 COMMENT.
1700 305 1770 360 1N
1811 303 2027 361 EI’IST.
2057 305 2149 360 AD
2180 304 2349 362 ROM.
2389 305 2518 362 LIB.
2547 304 2636 364 VI.

3462 305 3603 364 l086

341 445 466 487 nem
517 447 533 486 :
572 428 730 485 video
777 437 956 484 autem
993 428 1153 482 aliam
1188 426 1360 498 legem
1395 428 1449 482 in
1483 428 1742 482 membris
1789 429 1924 482 meis
1954 437 1999 488 Α
2027 427 2180 493 Quod
2213 443 2345 484 vero
2390 428 2557 494 dicit,
2595 446 2616 480 ‹
2653 427 2764 498 Ego
2796 435 2976 482 autem
3024 426 3262 482 carnalis
3303 443 3427 484 sum
3450 471 3464 495 ,
3506 444 3602 484 ve-

344 527 738 593 repugnantem
767 521 866 591 legi
896 521 1094 576 mentis
1122 535 1288 584 mete,
1315 530 1370 572 et
1396 519 1666 590 captivum
1699 534 1785 573 me
1821 520 1923 573 du-

320 625 564 671 centem
597 615 649 669 in
683 615 796 685 lege
823 613 1068 683 peccati,
1115 627 1236 681 quae
1269 620 1355 664 est
1386 611 1440 665 in
1473 611 1731 665 membris
1763 611 1920 665 meis.

344 706 512 762 Miser
532 721 632 776 ego
659 708 842 768 homo,
876 707 998 774 quis
1027 720 1112 759 me
1143 705 1397 760 liberabit
1429 705 1494 758 de
1523 718 1751 771 corpore
1778 719 1924 757 mor-

345 801 416 854 tis
449 798 648 866 hujus?
675 797 863 853 Gratia
897 797 990 852 Dei
1024 796 1137 864 (l5)
1179 812 1279 867 per
1306 795 1488 850 Jesum
1516 785 1792 851 Christum
1819 796 1924 850 Do-

344 891 549 944 tninum
597 899 840 944 nostrum
867 889 913 921 ⁸¹
945 931 960 944 .
993 908 1012 940 ι
1067 889 1124 944 Si
1176 889 1261 944 cui
1310 889 1450 943 forte
1491 887 1580 942 illa
1629 888 1919 957 expositio,

341 996 504 1049 quam
551 982 616 1035 de
662 982 840 1048 legum
889 982 1206 1036 diversitate
1251 983 1608 1047 tenebamus,
1657 981 1924 1036 violenter

342 1083 673 1144 praesumpta
721 1074 1044 1138 videbatur,
1077 1073 1328 1128 advertat
1357 1087 1498 1126 nunc
1540 1073 1592 1125 in
1630 1073 1733 1126 huc
1776 1073 1924 1138 capi-

343 1167 478 1232 tulo,
510 1165 782 1234 quomodo
813 1164 929 1234 (l6).
959 1179 1062 1217 non
1097 1163 1270 1218 solum
1298 1164 1501 1232 legum,
1531 1165 1624 1217 sed
1656 1173 1710 1218 et
1743 1178 1925 1232 perso-

343 1273 538 1311 narum
571 1258 867 1312 diversitas
895 1257 1282 1311 introducitur.
1343 1257 1477 1312 Nam
1509 1257 1712 1311 Paulus
1740 1258 1831 1326 qui
1869 1257 1920 1309 in

342 1349 466 1404 aliis
499 1349 640 1403 dixit
669 1351 714 1382 “
740 1389 757 1414 ,
798 1368 817 1400 ε
852 1347 963 1404 Nos
989 1350 1136 1403 enim
1163 1350 1214 1403 in
1248 1363 1413 1405 carne
1440 1351 1781 1405 ambulantes
1812 1365 1917 1403 non

343 1441 639 1496 secundum
731 1456 952 1496 carnem
997 1441 1295 1496 militamus
1339 1441 1491 1513 (l7),
1530 1459 1550 1494 ι
1588 1443 1640 1496 in
1669 1440 1922 1510 praesenti

341 1533 464 1589 loco
512 1533 644 1589 dicit
689 1548 750 1590 se
792 1550 914 1590 esse
962 1534 1237 1588 carnalem
1289 1551 1303 1588 :
1347 1543 1402 1587 et
1439 1533 1528 1588 hic
1559 1533 1662 1588 sub
1697 1540 1924 1601 peccato

341 1625 478 1679 dicit
510 1638 570 1680 se
601 1639 722 1680 esse
749 1626 1145 1688 venundatum,
1198 1625 1288 1694 qui
1340 1624 1395 1678 in
1435 1624 1558 1678 aliis
1592 1623 1728 1677 dixit
1755 1621 1866 1693 (18)
1906 1639 1918 1674 :

345 1731 367 1765 ι
400 1712 583 1770 Pretio
625 1715 794 1783 empti
847 1714 983 1771 estis
1003 1715 1084 1781 3‘;
1130 1733 1150 1765 ι
1192 1723 1246 1768 et
1296 1714 1489 1768 iterum
1538 1729 1554 1768 :
1619 1732 1638 1766 ε
1672 1713 1923 1768 Christus

2031 520 2303 574 nundatus
2351 520 2454 575 sub
2501 527 2744 588 peccato,
2779 538 2798 572 ι
2840 520 2927 572 hic
2967 519 3078 589 jam
3129 529 3382 588 tanquam
3412 520 3605 574 ductor

2028 610 2294 666 Ecclesiae
2325 624 2612 680 personam
2639 612 2690 665 in
2724 612 3076 681 semetipsum
3108 612 3335 680 suscipit
3359 613 3606 665 inﬁrmo-

2029 717 2185 766 rum;
2222 712 2446 770 propter
2476 702 2620 770 quod
2674 711 2731 755 et
2777 702 2904 757 alibi
2958 701 3097 755 dixit
3132 719 3146 755 :
3187 719 3210 752 (ι
3242 700 3439 756 Factus
3486 716 3604 755 sum

2031 794 2263 848 inlirmis
2292 793 2542 850 inﬁrmus
2562 833 2578 859 ,
2615 804 2676 848 ut
2705 793 2949 848 inﬁrmos
2979 794 3226 849 lucrarer
3251 794 3318 846 9°.
3348 812 3367 845 ι
3423 793 3489 848 Et
3518 793 3608 848 hic

2029 899 2160 952 ergo
2189 884 2580 941 inﬁrmioribus
2610 886 2920 956 quibusque
2940 925 2955 949 ,
2993 885 3045 940 id
3071 893 3153 939 est
3177 883 3487 939 carnalibus
3506 925 3522 949 ,
3554 896 3609 940 et

2029 979 2120 1046 qui
2162 979 2263 1032 sub
2312 989 2542 1047 peccato
2587 976 2880 1032 venundati
2929 966 3091 1041 sunt,
3139 975 3372 1030 ellicitnr
3409 975 3610 1032 Paulus

2030 1069 2272 1124 carnalis
2313 1079 2367 1122 et
2393 1069 2494 1124 sub
2523 1077 2750 1139 peccato
2776 1069 3144 1133 venundatus,
3190 1077 3244 1123 et
3277 1069 3516 1137 loquitur
3545 1083 3608 1124 ea

2029 1177 2150 1230 qua:
2179 1161 2286 1215 illis
2317 1162 2465 1232 loqui
2497 1162 2664 1216 moris
2695 1170 2780 1215 est
2813 1161 2899 1215 vel
2926 1163 3294 1217 excusationis
3342 1161 3428 1216 vel
3456 1163 3612 1216 incu-

2030 1253 2261 1308 sationis
2310 1254 2558 1308 obtentu.
2613 1253 2703 1307 Ait
2731 1268 2862 1323 ergo
2901 1254 2968 1309 de
3009 1269 3068 1309 se
3109 1253 3222 1324 (26)
3254 1264 3508 1324 tanquam
3541 1271 3610 1311 ex
3689 1299 3699 1306 .

2031 1359 2264 1414 persona
2319 1345 2540 1400 illorum
2573 1345 2801 1417 loquens
2849 1363 2864 1400 :
2925 1364 2946 1397 ε
2988 1346 3100 1415 Ego
3151 1356 3332 1400 autem
3375 1347 3609 1402 carnalis

2031 1453 2173 1503 sum,
2220 1439 2566 1493 venundatus
2593 1438 2696 1492 sub
2726 1447 2948 1508 peccato
2981 1457 2996 1494 ε
3035 1440 3136 1495 hoe
3184 1451 3266 1496 est
3312 1443 3608 1496 secundum

2029 1544 2252 1584 carnem
2283 1529 2500 1596 vivens,
2528 1539 2584 1585 et
2615 1533 2668 1586 in
2697 1533 2906 1602 peccati
2934 1541 3260 1602 potestatem
3289 1533 3527 1588 libidinis
3555 1541 3611 1589 et

2031 1623 2490 1692 concupiscentia:
2524 1623 2699 1693 pretio
2746 1626 3023 1678 redactus.
3073 1644 3092 1676 ί
3124 1623 3280 1690 Quod
3309 1625 3450 1678 enim
3475 1639 3608 1692 θυεμ

2032 1726 2125 1766 ror
2159 1712 2368 1781 ignoro.
2431 1712 2548 1767 Non
2581 1712 2726 1768 enim
2779 1715 2923 1783 quod
2972 1714 3093 1769 volo
3136 1715 3308 1779 facio;
3342 1715 3435 1769 sed
3465 1714 3607 1784 quod

341 1817 442 1858 nos
470 1803 698 1859 redemit
731 1805 814 1871 “;
854 1825 872 1858 I
921 1813 978 1859 et
1024 1819 1242 1859 rursum
1273 1803 1328 1858 in
1359 1802 1483 1858 aliis
1518 1804 1648 1858 dicit
1681 1822 1696 1858 :
1737 1821 1756 1855 ι
1794 1802 1928 1857 Vivo
1959 1798 2002 1853 B
2029 1805 2156 1869 odi,
2189 1806 2293 1860 hoc
2319 1820 2442 1874 ago.
2482 1824 2502 1858 ι
2540 1805 2694 1872 Quod
2723 1821 2856 1874 ergo
2880 1806 2990 1872 ait,
3025 1807 3155 1876 quia
3190 1825 3209 1858 ‹
3246 1807 3432 1874 ignoro
3463 1809 3606 1873 quod

343 1907 556 1962 autem,
595 1911 702 1952 non
728 1897 840 1967 jam
865 1912 992 1967 ego,
1024 1897 1156 1952 vivit
1187 1911 1319 1952 vero
1349 1896 1402 1950 in
1436 1910 1521 1950 me
1541 1895 1792 1951 Christus
1819 1897 1918 1950 ³⁵.»

342 1986 410 2040 Ει
443 1985 640 2042 iterum
670 1989 761 2057 qui
798 1989 898 2052 ait,
930 2007 949 2039 ς
983 1986 1212 2058 Propter
1235 1988 1627 2043 inhabitantem
1664 1988 1924 2056 Spiritum

343 2077 466 2146 ejus
489 2078 544 2133 in
579 2095 598 2130 ι
639 2079 801 2134 nobis
828 2079 908 2147 ⁸⁸,
949 2093 1096 2134 nunc
1127 2079 1258 2133 dicit
1292 2095 1306 2132 :
1351 2096 1370 2128 ι
1409 2076 1545 2144 Quia
1573 2093 1681 2132 non
1714 2079 1927 2134 habitat

340 2168 396 2223 in
425 2181 550 2232 me,
593 2169 698 2225 hoc
747 2177 833 2225 est
871 2168 926 2224 in
965 2183 1136 2226 carne
1170 2183 1286 2222 mea
1315 2209 1333 2236 ,
1368 2167 1590 2224 bonum.
1629 2187 1650 2222 ι
1689 2169 1845 2238 Quod
1879 2172 1924 2228 si

339 2273 448 2314 non
480 2258 690 2314 habitat
713 2260 768 2314 in
798 2273 964 2316 carne
993 2257 1110 2329 ejus
1138 2261 1363 2325 bonum,
1393 2262 1668 2330 quomodo
1696 2261 1830 2316 dicit
1852 2261 1925 2329 ",

339 2351 471 2421 quia
501 2366 702 2422 corpus
728 2361 974 2408 nostrum
1004 2353 1120 2424 (l9)
1146 2351 1401 2422 templum
1430 2363 1516 2408 est
1548 2352 1676 2419 Dei,
1708 2364 1764 2409 et
1790 2362 1926 2409 tem-

340 2442 486 2512 plum
522 2443 759 2514 Spiritus
785 2446 1001 2502 sancti?
1036 2446 1144 2502 Sed
1167 2455 1225 2502 et
1251 2457 1454 2503 caetera
1483 2448 1536 2502 in
1581 2445 1782 2518 quibus
1811 2446 1924 2520 (20)

337 2535 627 2592 conﬁtetur
657 2553 687 2591 a
718 2537 834 2608 lege
865 2553 987 2609 quae
1017 2539 1072 2594 in
1109 2539 1371 2596 membris
1415 2541 1533 2596 suis
1574 2551 1689 2606 est,
1739 2550 1795 2598 et
1840 2555 1926 2596 re-

339 2637 546 2698 pugnat
571 2629 680 2699 legi
722 2632 922 2686 mentis
957 2646 1074 2687 suae
1098 2671 1114 2698 ,
1147 2632 1418 2704 captivum
1447 2633 1570 2688 duci
1605 2647 1666 2690 se
1713 2635 1766 2689 iu
1805 2634 1925 2702 lege

337 2720 547 2789 peccati
574 2720 643 2787 ⁸³,
674 2721 949 2791 quomodo
976 2722 1289 2794 apostolicae
1326 2725 1652 2780 convenient
1686 2724 1804 2796 (2l)
1839 2725 1926 2780 di-

336 2812 530 2882 gnitati
551 2853 567 2877 ,
592 2825 649 2868 et
678 2813 843 2869 Paulo
868 2816 1142 2884 praecipue
1167 2852 1186 2882 ,
1216 2817 1268 2872 in
1295 2831 1404 2886 quo
1426 2818 1679 2874 Christus
1708 2827 1763 2874 et
1788 2818 1924 2874 vivit

333 2915 391 2959 et
415 2906 692 2976 loquitur?
731 2907 839 2963 Sed
867 2909 1188 2981 colligamus
1213 2925 1280 2966 ex
1323 2910 1410 2966 his
1450 2912 1724 2981 quomodo
1754 2912 1923 2968 moris

334 3008 421 3054 est
456 2999 755 3072 Scriptura:
784 3003 981 3059 divinae
1025 3013 1080 3060 et
1110 3019 1371 3074 personas
1413 3004 1650 3059 latenter
1671 3043 1688 3069 ,
1721 3013 1777 3060 et
1810 3020 1918 3070 res,

335 3099 393 3144 et
422 3106 619 3148 causas
642 3095 708 3148 de
733 3095 931 3164 quibus
966 3096 1153 3151 dicere
1180 3097 1415 3162 videtur,
1449 3108 1505 3152 et
1530 3099 1750 3152 nomina
1779 3113 1922 3154 com-

333 3191 568 3248 mutare,
599 3184 709 3240 imo
733 3188 914 3254 potius
939 3188 1147 3244 eisdem
1175 3190 1484 3244 nominibus
1513 3190 1565 3244 in
1603 3189 1727 3246 aliis
1751 3200 1916 3261 atque

329 3273 456 3330 aliis
488 3277 652 3332 rebus
679 3280 755 3334 uti
777 3319 792 3343 ,
833 3289 889 3334 ut
922 3281 975 3336 in
1005 3281 1255 3352 praesenti
1298 3283 1416 3338 loco
1457 3283 1534 3338 ait
1575 3284 1862 3353 Apostolus
1895 3306 1910 3341 :

335 3385 360 3418 α
393 3366 611 3424 Scimus
641 3371 785 3425 enim
822 3371 948 3442 quia
984 3372 1071 3429 lex
1100 3375 1365 3444 spiritalis
1392 3385 1493 3431 est.
1535 3393 1555 3428 ι
1591 3374 1707 3432 Hoc
1734 3377 1912 3431 adhuc

327 3456 450 3535 (22)
478 3461 622 3532 quod
654 3462 827 3518 dixit:
861 3483 880 3516 ι
913 3464 1127 3522 Scimus
1150 3468 1278 3536 quia
1304 3468 1388 3522 lex
1417 3468 1676 3539 spiritalis
1697 3468 1858 3533 est”,
1883 3486 1906 3522 ι

329 3553 624 3624 apostolica
670 3556 996 3612 auctoritate
1047 3559 1387 3628 pronuntiat.
1447 3558 1565 3614 Non
1613 3560 1758 3614 enim
1806 3559 1912 3615 scit

330 3645 505 3717 legem
533 3645 832 3715 spiritalem
859 3663 982 3704 esse
1011 3650 1104 3720 qui
1135 3651 1375 3706 carnalis
1405 3660 1518 3716 est,
1561 3661 1618 3707 et
1647 3653 1748 3708 sub
1779 3667 1908 3722 pec-

331 3748 454 3794 cato
481 3741 826 3797 venundatus
855 3752 972 3810 est;
1011 3744 1105 3800 sed
1133 3744 1224 3814 qui
1262 3744 1424 3799 habet
1460 3744 1512 3799 in
1550 3761 1612 3801 se
1644 3743 1908 3816 Spiritum

333 3830 467 3897 Dei,
513 3831 604 3887 ille
632 3834 736 3888 scit
779 3835 907 3904 quia
949 3835 1032 3890 lex
1069 3834 1181 3906 (25)
1222 3836 1479 3904 spiritalis
1507 3846 1587 3892 est
1621 3855 1635 3891 :
1670 3837 1813 3907 quod
1844 3837 1912 3892 de

331 3919 502 3994 Moysi
533 3923 650 3991 lege
701 3927 960 3980 convenit
990 3926 1214 3981 dictum.
1251 3929 1368 3996 Ipsa
1401 3943 1637 3999 namque
1680 3937 1765 3984 est
1790 3943 1912 3998 qua:

331 4016 381 4070 ei
411 4019 505 4088 qui
535 4017 862 4087 Spiritaliter
892 4017 1038 4071 illam
1069 4018 1325 4090 intelligit
1348 4019 1485 4091 (24),
1521 4019 1606 4075 lex
1651 4020 1912 4090 Spiritalis

329 4117 434 4175 est,
463 4118 519 4165 et
551 4109 787 4180 Spiritus
818 4108 1135 4175 viviﬁcans;
1168 4111 1259 4180 qui
1295 4125 1422 4166 vero
1469 4111 1783 4176 carnaliter,
1822 4115 1907 4167 lex

329 4198 525 4253 litterae
571 4207 627 4253 et
676 4197 854 4252 littera
906 4197 1164 4253 occidens
1218 4213 1340 4254 esse
1393 4210 1732 4256 memoratur
1769 4201 1904 4273 (25).

400 4337 446 4370 "
499 4335 661 4391 Rom.
696 4351 792 4398 vn,
824 4335 912 4390 14.
987 4337 1032 4368 δ’
1065 4336 1102 4389 ll
1137 4336 1264 4392 Cor.
1302 4353 1335 4391 x
1358 4379 1375 4405 ,
1417 4339 1473 4400 5.

1575 4340 1623 4372 ⁸³
1651 4339 1673 4394 Ι
1702 4340 1832 4396 Cor.
1875 4357 1977 4408 vn,
2001 4343 2093 4397 25.
2166 4342 2212 4372 ⁸⁸
2245 4341 2424 4396 Galat.
2463 4357 2544 4407 Ill,
2573 4341 2663 4396 15.

2027 1912 2280 1968 operor,»
2314 1913 2418 1951 non
2455 1906 2634 1952 tamen
2669 1912 2782 1952 rem
2808 1899 2981 1964 ipsam
3006 1913 3172 1967 quam
3201 1907 3458 1966 operatur
3486 1898 3609 1966 quis

2027 1989 2263 2058 ignorat,
2284 1987 2412 2042 licet
2440 1986 2677 2042 carnalis
2702 1988 2793 2048 sit,
2828 1987 2922 2042 sed
2948 2002 3166 2042 causam
3197 1987 3276 2042 rei
3307 2002 3468 2056 quam
3496 1989 3610 2056 agit

2027 2081 2230 2136 dicitur
2274 2079 2527 2149 ignorare
2552 2078 2690 2149 (27).
2729 2078 2883 2145 Quod
2916 2093 3048 2134 vero
3084 2078 3218 2134 dicit
3251 2078 3386 2150 (28),
3428 2097 3447 2130 ι
3489 2078 3606 2133 Non

2024 2174 2168 2228 enim
2203 2173 2348 2242 quod
2380 2171 2503 2226 volo
2527 2187 2663 2240 ago;
2719 2171 2818 2226 sed
2862 2172 3006 2242 quod
3035 2171 3158 2236 odi,
3198 2172 3326 2226 illud
3361 2171 3538 2238 l‘acio,
3582 2190 3605 2225 ι

2026 2266 2270 2322 ostendit
2304 2266 2450 2335 quod
2483 2263 2614 2319 licet
2638 2265 2881 2319 carnalis
2910 2265 3002 2329 sit,
3047 2272 3106 2320 et
3131 2265 3232 2320 sub
3259 2274 3484 2335 peccato
3517 2279 3612 2320 ve-

2025 2358 2301 2414 nundatus
2327 2357 2420 2427 qui
2454 2356 2571 2412 hare
2602 2355 2873 2432 loquitur,
2925 2365 3104 2412 tamen
3145 2356 3312 2410 etiam
3351 2357 3610 2412 resistere

2024 2449 2421 2521 aliquantulum
2450 2449 2599 2504 vitiis
2623 2459 2851 2504 conetur
2873 2488 2889 2513 ,
2926 2448 3062 2519 legis
3095 2447 3306 2504 scilicet
3343 2447 3611 2503 naturalis

2026 2545 2318 2611 instinctu,
2347 2545 2443 2600 sed
2474 2545 2725 2600 vincatur
2753 2559 2782 2598 a
2824 2544 2972 2600 vitiis
3004 2553 3060 2598 et
3086 2543 3430 2614 opprimatur
3462 2541 3609 2596 invi-

2024 2647 2115 2692 tus
2139 2637 2253 2706 (29)
2285 2653 2300 2692 :
2337 2646 2397 2692 ut
2426 2651 2571 2707 saepe
2612 2635 2816 2692 accidit
2862 2637 3036 2708 (verbi
3073 2636 3274 2707 gratia)
3309 2651 3434 2692 cum
3479 2651 3608 2706 pro-

2023 2730 2177 2798 ponit
2205 2729 2328 2799 quis
2359 2729 2632 2798 patienter
2659 2729 2806 2785 ferre
2852 2730 3209 2800 instigantem
3239 2743 3317 2792 se,
3347 2738 3402 2783 et
3434 2729 3500 2782 ad
3527 2727 3611 2782 ul-

2025 2820 2214 2875 timum
2243 2821 2483 2876 vincitur
2515 2821 2798 2876 iracundia
2821 2862 2839 2888 ,
2889 2831 2945 2876 et
2973 2821 3181 2890 patitur
3216 2819 3322 2875 hoc
3355 2819 3556 2874 invitus
3587 2835 3606 2873 :

2024 2913 2279 2968 irascitur
2327 2927 2462 2983 ergo
2507 2913 2672 2967 etiam
2711 2928 2833 2968 cum
2884 2912 3021 2967 nolit
3073 2911 3260 2967 irasci.
3325 2910 3439 2966 Hoc
3464 2909 3607 2965 idem

2023 3007 2186 3061 etiam
2220 3005 2434 3060 timoris
2459 3005 2594 3060 vitio
2628 3006 2884 3061 accidere
2914 3003 3076 3070 solet,
3113 3011 3386 3059 utcontra
3421 3003 3609 3058 volun-

2026 3103 2191 3149 tatem
2238 3094 2365 3163 quis
2407 3102 2553 3150 metu
2606 3104 2662 3149 et
2715 3093 3007 3148 formidine
3058 3101 3364 3160 terreatur;
3399 3092 3506 3148 hoc
3550 3101 3608 3146 et

2025 3187 2076 3239 in
2142 3185 2378 3241 elatione
2446 3183 2609 3241 subiti
2681 3185 2764 3241 vel
2835 3186 3096 3256 inopinati
3171 3186 3395 3240 honoris
3461 3201 3607 3256 stupe

2020 3277 2181 3348 585
2206 3278 2490 3348 contingit,
2525 3289 2582 3332 ut
2607 3278 2950 3348 arrogantior
2980 3278 3072 3333 ﬁat
3099 3277 3238 3348 (29‘)
3263 3287 3319 3333 et
3344 3278 3607 3333 tumidior

2018 3388 2184 3442 quam
2216 3371 2352 3425 vult.
2400 3371 2648 3426 Vincitur
2691 3385 2825 3442 ergo
2853 3370 2906 3424 in
2953 3371 3039 3426 his
3082 3369 3312 3440 singulis
3339 3370 3430 3439 qui
3469 3385 3602 3424 non-

2019 3465 2146 3518 dum
2180 3462 2440 3532 spiritalis
2472 3473 2576 3529 est,
2610 3463 2776 3518 etiam
2820 3473 3010 3517 contra
3045 3463 3378 3516 voluntatem
3415 3476 3433 3517 :
3475 3461 3600 3530 quia

2018 3556 2274 3611 voluntas
2303 3555 2408 3611 ista
2435 3556 2674 3611 nondum
2724 3556 2799 3610 ita
2831 3555 3004 3617 fortis,
3035 3565 3089 3609 et
3130 3554 3202 3608 ita
3239 3554 3461 3608 robusta
3494 3562 3601 3616 est,

2019 3658 2078 3702 ut
2122 3648 2346 3703 deﬁniat
2389 3648 2532 3718 apud
2578 3663 2634 3702 se
2661 3662 2834 3718 usque
2872 3647 2939 3702 ad
2983 3655 3214 3701 mortem
3247 3660 3346 3715 pro
3371 3645 3603 3700 veritate

2019 3741 2344 3798 certandum
2372 3758 2387 3807 ;
2416 3757 2515 3796 nec
2540 3741 2662 3796 talis
2689 3750 2772 3796 est
2791 3756 2912 3811 qum
2938 3740 3105 3805 dicat,
3132 3757 3152 3791 ι
3178 3739 3296 3804 Est,
3319 3747 3442 3804 est;
3469 3754 3600 3802 non,

2019 3849 2124 3889 non
2150 3833 2196 3866 ⁹¹
2231 3853 2244 3899 ;
2282 3852 2301 3884 ι
2329 3842 2383 3887 et
2421 3835 2542 3889 ideo
2573 3849 2680 3887 non
2707 3841 2888 3903 potest
2927 3831 3143 3900 operari
3173 3845 3294 3900 quas
3334 3831 3463 3894 vult,
3501 3830 3598 3884 sed

2017 3941 2139 3996 quae
2161 3941 2270 3981 non
2304 3927 2437 3980 vult.
2474 3924 2678 3978 Tamen
2707 3941 2774 3980 ex
2803 3940 2865 3979 ea
2893 3933 3049 3994 parte
3071 3938 3183 3993 qua
3209 3939 3314 3978 non
3342 3922 3457 3976 vult
3487 3937 3601 3975 ma-

2017 4018 2149 4085 lum,
2172 4018 2446 4072 consentit
2473 4017 2576 4085 legi
2620 4016 2711 4071 Dei
2747 4017 2872 4086 quia
2902 4017 3041 4071 bona
3073 4025 3176 4079 est,
3206 4030 3326 4084 qua:
3350 4014 3601 4084 prohibet

2018 4110 2218 4165 malum
2245 4127 2260 4175 ;
2293 4119 2348 4164 et
2371 4111 2421 4163 in
2447 4109 2853 4164 consonantiam
2883 4110 3172 4178 quamdam
3208 4107 3275 4161 ad
3307 4106 3480 4176 legem
3503 4105 3596 4159 Dei

2018 4203 2104 4258 lex
2133 4202 2399 4257 naturalis
2423 4202 2713 4258 adducitur
2743 4201 2876 4273 (50),
2910 4212 2970 4256 ιιι
2996 4202 3184 4257 eadem
3211 4199 3401 4266 velint,
3427 4206 3596 4268 atque

2752 4342 2800 4374 ⁸⁸
2839 4341 3015 4397 Galal.
3064 4339 3258 4405 ",120.
3351 4338 3399 4371 ⁸⁸
3432 4338 3594 4396 Rom.

332 4423 448 4475 vm,
479 4406 568 4462 ll.
645 4405 690 4439 ⁸⁷
718 4405 739 4459 1
765 4407 889 4462 Cor.
921 4423 996 4472 vr,
1029 4407 1116 4463 l9.
1195 4408 1242 4440 ³⁸
1271 4407 1431 4464 Rom.
1461 4425 1560 4476 vn,
1587 4411 1679 4464 25.
1755 4412 1800 4443 ³³
1835 4411 1918 4467 Ro

2038 4429 2134 4476 vn,
2162 4413 2252 4467 14.
2324 4412 2372 4444 ⁹⁰
2405 4405 2568 4467 ICor.
2595 4429 2672 4478 ιχ,
2700 4411 2791 4466 22.
2869 4413 2912 4444 ⁹¹
2947 4411 3136 4466 Matth.
3185 4427 3236 4476 v,
3267 4411 3358 4466 5⁸7.

399 4521 516 4592 (l5)
553 4519 720 4592 Editi,
764 4538 786 4592 ε
805 4527 859 4592 et
886 4519 1254 4592 captivantem
1285 4537 1370 4578 me
1402 4521 1458 4575 in
1491 4521 1610 4591 lege
1645 4523 1907 4592 peccati,»
1945 4523 1992 4579 D
2093 4523 2208 4592 (25)
2232 4522 2358 4577 Lex.
2382 4521 2732 4578 Desideratur
2754 4522 2806 4576 in
2829 4523 2993 4578 editis
3012 4532 3066 4577 et
3089 4523 3140 4576 in
3168 4521 3439 4591 plerisque
3461 4539 3590 4578 mss.

327 4590 436 4647 etc.
475 4591 699 4653 Deinde,
740 4590 963 4643 «Infelix
995 4607 1092 4660 ego
1116 4591 1279 4644 homo
1305 4593 1426 4660 quis
1453 4590 1816 4650 meliberabit
1846 4596 1914 4651 de

327 4675 558 4733 corpore
585 4660 780 4733 mortis
806 4661 1000 4733 hujus?
1037 4660 1223 4717 Gratia
1255 4663 1373 4730 Dei,
1409 4682 1427 4714 ι
1463 4673 1571 4718 etc.
1615 4664 1716 4718 Ms.
1749 4681 1913 4733 unus,

333 4751 352 4784 ι
391 4729 492 4786 nisi
523 4731 694 4799 gratia
728 4729 850 4799 Dei,
877 4750 895 4782 ι
930 4741 1036 4786 etc.

399 4800 514 4873 (l6)
532 4798 707 4865 ’Editi,
735 4798 821 4873 (Si
845 4803 928 4854 cui
952 4800 1384 4870 (Genebrardus,
1413 4803 1644 4867 (δίειμι)
1675 4805 1908 4863 forte...

331 4872 657 4944 praesumpta
698 4872 949 4925 videatur
975 4914 991 4939 ,
1029 4873 1282 4927 advertat
1326 4890 1472 4929 nunc
1521 4875 1574 4928 in
1624 4876 1906 4944 Apostolo,

327 4943 620 5013 quomodo.
655 4960 674 4993 ι
711 4951 818 4995 etc.

403 5012 519 5081 (l7)
561 5010 652 5067 Sic
681 5020 830 5066 recte
859 5026 962 5066 ms.
993 5027 1133 5068 unus
1175 5013 1374 5081 Regius
1410 5031 1558 5067 num.
1599 5015 1755 5070 l659.
1795 5016 1911 5071 Cae-

2091 4593 2203 4665 (24)
2246 4593 2464 4665 8101118.
2501 4610 2658 4647 unus.
2693 4592 2866 4665 AAlias
2901 4609 3061 4658 vero,
3094 4611 3141 4665 ﬁt
3190 4609 3307 4660 qme
3329 4594 3436 4665 his_
3469 4594 3590 4662 (aL,

2021 4686 2040 4716 ε
2077 4663 2197 4734 qua:
2236 4665 2288 4717 in
2313 4663 2468 4734 his»)
2495 4665 2584 4732 qui
2622 4663 2942 4732 spiritaliter
2977 4664 3301 4732 intelligunt.
3344 4683 3362 4714 ι
3409 4663 3590 4718 Raha-

2016 4752 2140 4800 nus,
2186 4754 2206 4787 ε
2233 4749 2356 4804 quae
2387 4735 2475 4788 hic
2516 4751 2543 4786 a
2577 4736 2776 4803 quibus
2818 4735 3139 4801 spiritaliter
3191 4734 3522 4803 intelligitur.
3563 4753 3584 4786 ι

2087 4805 2201 4877 (25)
2227 4806 2436 4877 Alias,
2462 4823 2480 4854 ι
2524 4805 2606 4877 lex
2645 4805 3122 4877 litterwoccidens
3166 4819 3289 4858 esse
3317 4819 3589 4857 memora-

2016 4874 2122 4929 tur.
2158 4895 2176 4926 ι
2208 4875 2291 4928 Al.
2317 4915 2333 4940 ,
2369 4893 2386 4926 ς
2423 4874 2511 4928 lex
2543 4874 2739 4928 litterae
2763 4885 2818 4930 et
2843 4875 2926 4930 lex
2956 4874 3212 4928 occidens
3237 4889 3357 4928 esse
3383 4889 3592 4929 memo-

2015 4956 2186 5001 ratur.
2228 4965 2246 4996 ›

2085 5016 2197 5088 (26)
2232 5015 2312 5070 De
2359 5033 2433 5070 se.
2489 5013 2615 5070 Haec
2648 5015 2813 5069 verba
2861 5017 3060 5070 desunt
3112 5015 3165 5068 in
3216 5013 3372 5070 libris
3425 5022 3586 5070 antea

331 5085 430 5137 teri
467 5099 600 5137 vero
629 5098 762 5136 mss.
803 5081 1092 5148 Rabauus,
1125 5095 1180 5137 et
1209 5081 1363 5150 editi,
1394 5100 1700 5153 perperam,
1735 5104 1754 5136 ι
1794 5087 1907 5141 Non
2011 5081 2193 5140 editis.

328 5153 474 5207 enim
506 5153 804 5228 secundum
837 5167 1058 5228 carnem
1095 5153 1364 5220 viximus,
1398 5170 1500 5209 nec
1524 5155 1644 5228 (aL.
1677 5174 1696 5209 ι
1731 5161 1826 5213 sed
1857 5158 1907 5228 ι)

327 5223 627 5278 secundum
659 5237 879 5276 carnem
915 5223 1266 5278 militamus.»

2084 5156 2198 5227 (27)
2237 5155 2365 5212 Mss.
2409 5157 2522 5211 fere
2555 5171 2745 5211 omnes
2768 5199 2782 5222 ,
2815 5155 3069 5227 Rabanus
3100 5163 3150 5208 et
3196 5155 3326 5209 editi
3359 5153 3582 5227 habent,

2015 5245 2034 5278 ‹
2070 5226 2262 5294 tam;,s
2297 5229 2391 5281 sed
2423 5243 2522 5281 ms.
2555 5242 2695 5280 unus
2729 5237 2875 5281 recte
2904 5226 3054 5295 legit,
3093 5243 3111 5275 ι
3146 5235 3346 5278 tamen.
3383 5244 3403 5276 ι
3434 5226 3584 5279 Alter

401 5293 515 5365 (l8)
555 5292 717 5366 Editi,
762 5292 1002 5366 t___qni_in
1029 5294 1136 5347 alio
1159 5294 1320 5348 dixit.
1354 5311 1373 5345 ι
1413 5293 1516 5349 Ms.
1543 5313 1682 5353 unus
1709 5310 1764 5353 et
1798 5297 1909 5352 Ra-
2010 5315 2112 5352 ms.
2147 5292 2330 5361 habet,
2366 5312 2504 5350 «non
2523 5297 2655 5350 dicit
2684 5292 3323 5366 tauquamsemetipsum
3347 5296 3438 5365 qui
3467 5295 3580 5365 jam

328 5362 522 5430 banus,
560 5381 579 5414 ι
613 5363 710 5430 qui
735 5362 854 5417 aliis
881 5363 1114 5418 dixerat.
1151 5384 1171 5416 ι

400 5433 513 5505 (19)
552 5433 724 5498 Alias,
763 5453 782 5484 ι
821 5433 1088 5489 inhabitat
1124 5437 1179 5489 in
1209 5449 1376 5490 carne
1398 5437 1599 5492 bonum
1620 5477 1636 5493 .
1658 5477 1673 5492 .
1696 5477 1712 5493 .
1733 5476 1751 5492 .
1777 5439 1905 5508 quia

317 5517 567 5576 corpora
591 5514 803 5576 nostra,
840 5522 859 5554 ι
892 5512 1000 5558 etc.

2007 5381 2266 5438 operatur
2296 5369 2420 5435 quis
2457 5369 2689 5436 ignoret,
2727 5385 2744 5417 ι
2777 5379 2890 5422 etc.

2230 5437 2398 5517 Editi,
2433 5457 2457 5517 ξ
2489 5439 2643 5517 Quod
2675 5438 2820 5517 enim
2855 5438 3007 5492 dicit.
3047 5455 3066 5488 ι

2079 5473 2192 5582 ἒᾶὅὶ
2232 5473 3216 5579 Ἑῖέὲῖύῐεέῗέίὶὶἓ,Ὶῖξέὑὶὶἰὶἶὲἷιἐάλη,
3253 5522 3273 5556 ‹
3293 5505 3348 5559 in
3376 5473 3575 5569 uuis”

397 5575 512 5646 (20)
549 5572 691 5648 Editi
720 5572 933 5648 e_t'mss.
957 5574 1176 5644 quidam
1203 5591 1487 5647 perperam
1515 5579 1738 5648 habent,
1768 5578 1903 5636 cSed
2006 5572 2169 5635 male.

327 5655 382 5699 et
409 5645 642 5716 certein
670 5645 888 5716 quibus,
924 5662 944 5695 ι
982 5655 1088 5716 etc.

397 5716 514 5788 (2l)
550 5715 722 5788 Alias,
756 5735 774 5766 ι
809 5715 1154 5788 conVeniuttt.
1194 5736 1214 5769 ι

395 5785 512 5857 (22)
550 5786 721 5856 Editi,
761 5804 780 5838 ε
814 5785 914 5842 llic
946 5787 1140 5843 adhuc.
1178 5809 1197 5841 ι

2074 5649 2210 5722 (29‘)
2245 5649 2414 5722 Alias,
2445 5668 2464 5700 ‹
2504 5648 2608 5715 sit;
2641 5667 2660 5701 ι
2689 5647 2784 5712 al.,
2817 5666 2837 5699 ι
2877 5647 3000 5722 quis
3038 5648 3148 5702 ﬁat.
3181 5664 3200 5697 ι
3233 5643 3341 5702 Sed
3388 5656 3579 5697 omnes

2002 5737 2136 5776 tnss.
2169 5719 2220 5773 et
2259 5719 2517 5774 Rabanus
2540 5723 2798 5773 omittunt
2825 5737 2845 5771 ο
2879 5719 3021 5789 quis.
3058 5737 3077 5770 ο

2079 5791 2191 5860 (50)
2223 5791 2384 5858 Edili,
2409 5809 2425 5840 ι
2462 5789 2711 5846 Adtlucit.
2744 5809 2762 5840 ι
