4146 6396
589 293 728 350 1087

2054 290 2210 347 ORlG
2220 289 2373 343 ENIS

3715 287 3852 343 1088

587 415 780 469 eadem
832 412 1031 467 nolint.
1081 413 1236 480 Quod
1267 412 1312 466 si
1349 412 1648 468 secundum
1688 412 2022 466 voluntatem
2069 411 2173 478 legi
2203 417 2251 469 Α
2280 405 2538 477 peccandi
2585 415 2870 474 peccatum
2916 401 3237 460 nominavit.
3270 422 3290 454 ι
3335 402 3551 459 Invenio
3581 402 3744 474 igitur
3771 404 3851 460 le-

588 505 684 559 Dei
741 505 1138 569 consentimus,
1183 503 1382 558 malum
1421 519 1550 572 ergo
1596 505 1739 572 quod
1779 503 2029 565 facimus,
2064 518 2168 573 non

582 596 696 664 jam
726 610 823 650 nos
857 595 930 659 id,
973 596 1066 650 sed
1097 603 1378 665 peccatum
1409 596 1551 662 quod
1582 595 1634 648 in
1665 595 1823 648 nobis
1849 603 1952 652 est.
1978 607 2170 662 opera-

586 696 695 749 tur,
727 686 777 739 id
805 698 891 741 est
922 686 1005 739 lex
1040 695 1095 740 et
1122 686 1373 741 voluntas
1405 687 1608 749 carnis,
1647 701 1768 755 quae
1797 688 2041 754 captivos
2072 699 2169 738 nos

585 777 733 830 ducit
775 778 825 830 in
875 777 987 844 lege
1023 779 1229 846 peccati
1261 793 1381 847 qua:
1431 778 1482 829 iu
1529 779 1786 831 membris
1814 786 1897 830 est
1931 774 2064 848 (5i).
2103 775 2171 829 Et

586 867 676 920 hic
722 867 938 934 quidem
987 865 1185 921 Paulus
1225 869 1460 922 carnalis
1509 867 1658 928 dicit,
1693 866 1819 935 quia
1857 885 1875 917 ι
1905 865 2016 933 jam
2061 881 2164 920 nou

582 974 684 1026 ego
729 975 926 1027 operor
953 959 1102 1021 illud,
1143 961 1240 1013 sed
1287 960 1430 1027 quod
1479 958 1688 1012 habitat
1739 959 1792 1012 in
1845 972 1931 1012 me
1976 972 2166 1028 pecca-

584 1059 716 1103 tum.
773 1045 792 1101 i
858 1049 1063 1103 Paulus
1101 1065 1232 1104 vero
1267 1050 1529 1119 spiritalis
1573 1051 1626 1104 in
1673 1050 1795 1104 aliis
1833 1050 2003 1116 dicit,
2038 1051 2164 1119 quia

587 1155 606 1188 ι
635 1137 1002 1194 abundantius
1026 1153 1189 1208 quam
1219 1155 1411 1194 omnes
1433 1141 1507 1194 illi
1533 1140 1774 1195 laboravi
1807 1157 1823 1205 ;
1853 1155 1956 1193 non
1983 1151 2163 1194 autem

579 1244 705 1298 ego,
738 1230 832 1284 sed
867 1231 1042 1298 gratia
1080 1233 1174 1286 Dei
1212 1249 1424 1287 tttccutn
1456 1236 1523 1285 ".
1560 1253 1578 1285 ι
1619 1231 1689 1286 llt
1717 1248 1848 1302 ergo
1881 1233 1983 1286 iste
2019 1232 2166 1286 labo-

580 1335 668 1373 res
692 1336 819 1375 suos
861 1337 965 1376 non
994 1323 1122 1389 sibi,
1155 1326 1248 1380 sed
1270 1326 1461 1391 gratiae
1504 1326 1622 1390 Dei,
1651 1341 1772 1396 quae
1799 1325 1851 1378 in
1894 1325 2010 1393 ipso
2031 1339 2163 1392 ope-

579 1411 830 1479 rabatur,
856 1415 1102 1480 ascribit,
1121 1416 1194 1469 ita
1223 1425 1279 1468 et
1305 1415 1395 1470 ille
1413 1415 1648 1470 carnalis
1671 1430 1836 1484 Opera
1871 1430 1977 1468 uon
2017 1414 2161 1467 bona

577 1515 684 1561 non
716 1503 843 1570 sibi,
875 1510 970 1563 sed
1008 1518 1255 1577 peccato,
1285 1510 1428 1578 quod
1465 1509 1515 1561 in
1559 1523 1618 1564 se
1645 1509 1860 1562 habitat
1889 1517 1947 1562 et
1976 1522 2166 1577 Opera-

580 1610 701 1666 tur,
734 1603 1076 1656 adnumerat.
1113 1602 1240 1657 ldeo
1285 1617 1414 1673 ergo
1467 1603 1644 1656 dicit:
1686 1596 1704 1654 ι
1759 1602 1877 1656 Νοη
1903 1601 2013 1669 jam
2059 1616 2162 1672 ego

575 1705 773 1758 operor
797 1693 948 1757 illud,
987 1695 1079 1747 sed
1111 1693 1256 1758 quod
1292 1694 1498 1747 habitat
1525 1693 1576 1746 in
1608 1708 1697 1748 me
1720 1703 2022 1762 peccatum.
2043 1691 2160 1746 Non

2273 513 2415 568 gem,
2445 499 2648 552 volenti
2686 497 2818 551 mihi
2851 497 3029 554 facere
3061 500 3284 561 bonum,
3317 496 3447 563 quia
3475 497 3608 550 mihi
3641 497 3852 564 adjacet

2272 589 2495 642 malum.
2527 588 2886 642 Condelector
2910 589 3054 642 enim
3099 588 3200 657 legi
3239 587 3332 641 Dei
3374 587 3670 641 secundum
3703 588 3849 643 inte-

2271 681 2471 734 riorem
2509 681 2805 734 hominem.
2855 700 2874 733 ι
2914 681 2978 734 Ει
3027 681 3078 734 iu
3120 682 3225 744 his,
3252 691 3310 733 ut
3342 695 3482 748 saepe
3516 679 3566 732 iu
3600 680 3848 749 superio-

2272 772 2421 824 ribus
2452 771 2562 842 (37)
2593 772 3057 836 commonuimus,
3091 787 3198 824 non
3232 771 3485 824 videntur
3513 770 3851 828 elocutiones

2270 862 2480 931 integre
2512 861 2794 931 explicari,
2823 861 2920 916 sed
2951 860 3390 929 coniunctionum
3432 858 3518 913 vel
3567 860 3850 914 abundan-

2271 951 2364 1015 tia,
2406 951 2492 1005 vel
2530 951 2957 1020 proprietatibus
2992 949 3263 1018 impediri.
3297 947 3414 1002 Tali
3445 962 3576 1018 ergo
3611 949 3847 1017 quodam

2267 1045 2457 1098 ordine
2485 1043 2666 1114 legere
2692 1042 2953 1098 debemus
2973 1083 2987 1105 ,
3019 1053 3078 1097 ut
3109 1040 3419 1095 intellectus
3452 1040 3681 1094 lucidior
3707 1040 3801 1094 tiat
3828 1055 3845 1092 :

2268 1133 2454 1204 Igitur,
2491 1134 2616 1202 quia
2650 1134 2849 1188 malum
2883 1135 3013 1188 mihi
3049 1135 3282 1203 adjacet,
3311 1132 3501 1186 volens
3539 1131 3718 1186 facere
3749 1133 3849 1186 bo-

2269 1242 2394 1279 num
2424 1226 2640 1280 invenio
2671 1226 2845 1295 legem
2875 1226 2990 1290 Dei,
3023 1237 3077 1280 et
3096 1225 3441 1280 condelector
3469 1225 3517 1278 ei
3547 1227 3846 1279 secumlum

2268 1315 2583 1372 interiorem
2622 1317 2918 1371 hominem.
2957 1318 3056 1372 Per
3079 1317 3221 1384 quod
3253 1317 3513 1382 ostendit,
3542 1316 3668 1385 quia
3703 1317 3849 1370 inte-

2266 1407 2379 1461 rior
2431 1409 2634 1469 homo,
2682 1408 2784 1463 hoc
2831 1418 2917 1462 est
2959 1409 3212 1462 voluntas
3256 1418 3311 1462 et
3357 1412 3690 1477 propositum
3737 1423 3846 1476 quo

2266 1499 2478 1552 initium
2515 1499 2714 1567 accipit
2753 1501 2999 1555 converti
3029 1502 3096 1554 ad
3132 1501 3439 1565 Dominum,
3463 1503 3566 1572 legi
3599 1503 3694 1556 Dei
3717 1518 3847 1556 con-

2266 1591 2449 1654 sentit,
2476 1599 2532 1643 et
2572 1591 2877 1645 delectatur
2919 1593 2972 1646 in
3008 1609 3092 1648 ea.
3151 1594 3279 1660 Sed,
3319 1604 3378 1649 ut
3407 1595 3663 1663 superius
3706 1595 3847 1651 dixi-

2266 1695 2408 1745 mus,
2437 1695 2543 1735 non
2579 1683 2762 1736 statim
2796 1693 2855 1736 ut
2886 1682 3220 1738 voluntatem
3267 1687 3391 1752 quis
3427 1687 3677 1739 habuerit
3715 1701 3847 1740 con-

573 1785 717 1837 euim
754 1783 962 1838 habitat
985 1785 1035 1838 in
1066 1800 1174 1848 me,
1209 1787 1310 1841 hoc
1330 1798 1414 1839 est
1452 1786 1504 1838 iu
1537 1800 1702 1839 carne
1737 1801 1878 1849 mea,
1908 1788 2159 1838 bonum.»
2201 1778 2242 1832 Β
2271 1771 2408 1824 Veni
2448 1772 2514 1824 ad
2567 1770 2731 1835 δοιιθν
2766 1771 2930 1825 etiam
2968 1785 3096 1825 “5"5
3135 1773 3258 1826 boui
3301 1773 3485 1840 ορεΐίε
3523 1774 3847 1828 ευυεθθυιυε

575 1872 824 1928 Nondum
852 1879 997 1929 enim
1040 1878 1093 1930 in
1136 1892 1201 1932 eo
1228 1877 1478 1932 Christus
1512 1877 1802 1941 inhabitat,
1844 1891 2018 1946 neque
2040 1890 2165 1931 cor-

573 1983 676 2036 pus
710 1969 827 2033 ejus
878 1969 1142 2038 templum
1200 1970 1294 2024 Dei
1334 1980 1418 2024 est
1452 1970 1588 2040 (32).
1627 1968 2016 2024 Verumtamen:
2055 1984 2164 2024 nou

575 2073 964 2129 usquequaque
999 2061 1110 2126 hic,
1161 2062 1316 2131 cujus
1353 2077 1584 2132 persona
1637 2061 1982 2131 proponitur,
2029 2063 2163 2118 alie-

573 2169 676 2207 nus
705 2161 790 2207 est
822 2166 852 2206 a
885 2153 1065 2218 bouis,
1101 2154 1195 2207 sed
1231 2152 1514 2222 proposito
1540 2152 1762 2221 quidem
1793 2161 1850 2206 et
1883 2152 2162 2208 voluntate

571 2244 740 2312 cmpit
784 2244 923 2297 bona
973 2243 1276 2312 requirere,
1309 2243 1549 2296 nondum
1590 2248 1772 2296 tamen
1815 2253 1996 2311 potest
2019 2244 2160 2298 bona

573 2334 736 2387 rebus
767 2342 824 2387 et
855 2333 1114 2402 operibus
1150 2333 1427 2388 obtinere.
1453 2333 1551 2388 Est
1580 2335 1726 2388 enim
1758 2334 1884 2388 talis
1913 2337 2157 2402 quaadam

573 2421 862 2478 inﬁrmitas
889 2424 942 2477 in
975 2423 1060 2478 his
1077 2423 1168 2488 qui
1201 2423 1351 2476 initia
1378 2425 1756 2479 conversionis
1787 2425 2080 2494 accipiunt,
2102 2436 2160 2479 nt

570 2529 696 2568 cum
719 2514 848 2570 velit
873 2515 995 2584 quis
1024 2515 1138 2585 (5'5)
1168 2516 1348 2570 statim
1380 2517 1562 2570 facere
1589 2532 1750 2571 omne
1778 2518 1921 2584 quod
1959 2519 2155 2572 bonum

571 2615 686 2670 est,
730 2621 836 2661 non
872 2607 1057 2662 statim
1087 2608 1422 2662 voluntatem
1463 2616 1723 2676 sequatur
1747 2607 1992 2664 ell‘ectus.
2021 2606 2153 2662 Nam

570 2706 627 2752 et
655 2694 770 2770 (54)
805 2699 1099 2753 meditatus
1128 2699 1270 2768 apud
1313 2700 1670 2769 semetipsum
1716 2699 2154 2770 decernit(verbi

573 2790 759 2855 causa)
796 2801 852 2843 ut
883 2806 988 2843 non
1013 2792 1374 2854 irascatur,et
1402 2793 1504 2846 hoc
1528 2793 1582 2846 in
1613 2791 1889 2846 voluntate
1922 2791 2110 2845 deﬁnit
2137 2807 2151 2842 :

571 2883 666 2936 sed
694 2883 950 2952 quoniam
989 2884 1146 2952 longo
1176 2899 1276 2938 usu
1308 2893 1366 2937 et
1407 2885 1800 2939 consuetudine
1835 2884 2045 2939 diutina
2078 2883 2156 2936 vi-

573 2976 708 3028 tium
769 2976 822 3029 in
877 2990 946 3030 eo
1002 2976 1304 3030 iracundia:
1377 2977 1713 3031 dominatum
1765 2988 1885 3042 est,
1932 2976 2154 3033 obsistit

570 3067 732 3120 etiam
765 3067 1029 3121 voluntati
1054 3076 1109 3120 et
1147 3068 1430 3136 proposito
1459 3085 1476 3130 ;
1509 3083 1573 3122 ac
1605 3069 1770 3122 solito
1796 3069 1898 3124 sibi
1930 3084 2024 3122 usa
2059 3069 2150 3121 iti-

569 3172 700 3212 nere
729 3158 842 3228 (55)
872 3159 954 3212 vis
992 3158 1196 3212 furoris
1219 3159 1475 3228 erumpit.
1509 3158 1780 3213 Similiter
1804 3159 1915 3228 agit
1939 3167 1994 3211 et
2025 3158 2148 3210 libi-

568 3250 708 3303 diuis
738 3251 948 3304 vitium.
984 3247 1108 3303 Pari
1146 3265 1363 3319 quoque
1414 3252 1824 3305 consuetudinis
1877 3252 2064 3306 morbo
2099 3263 2154 3307 et

569 3344 908 3396 mendacium
951 3343 1207 3413 subripit,
1251 3343 1483 3399 formido
1530 3344 1771 3398 deterret
1811 3360 1826 3409 ;
1861 3354 1915 3400 et
1967 3345 2020 3399 in
2070 3353 2153 3402 his

567 3435 798 3508 singulis
850 3437 949 3493 iste
999 3438 1092 3506 qui
1127 3440 1236 3509 jam
1285 3438 1442 3492 initia
1497 3438 1876 3492 conversionis
1928 3439 2150 3509 accipit,

566 3539 944 3597 competenter
989 3533 1144 3592 dicit,
1170 3531 1298 3600 quia
1331 3553 1351 3585 ι
1388 3527 1528 3584 velle
1562 3529 1777 3597 adjacet
1812 3529 2151 3600 mihi,pcrli-

567 3636 692 3676 cere
720 3633 899 3677 autem
928 3622 1125 3677 bonum
1161 3638 1268 3677 nan
1299 3622 1536 3676 invenio.
1566 3620 1680 3676 Non
1713 3622 1857 3677 enim
1889 3624 2030 3690 quod
2056 3637 2152 3676 vo-

568 3714 619 3767 lo
642 3714 865 3777 bonum,
890 3716 992 3769 hoc
1013 3731 1114 3785 ago
1145 3732 1160 3779 ;
1193 3717 1285 3771 sed
1319 3715 1466 3785 quod
1503 3714 1593 3769 odi
1628 3713 1850 3780 malum,
1883 3713 2012 3768 illud
2069 3713 2149 3768 fa-

567 3803 673 3859 cio.
712 3823 730 3854 ι
765 3804 914 3870 Quod
958 3807 1001 3861 si
1027 3806 1293 3876 judiciqu
1340 3808 1406 3860 de
1452 3806 1598 3860 bono
1644 3803 1810 3857 habet
1859 3803 2148 3870 voluntas,

566 3896 902 3948 consuetudo
929 3906 1111 3949 autem
1134 3895 1434 3950 carnalium
1458 3895 1736 3960 vitiorum,
1760 3911 1880 3964 quae
1913 3893 1999 3948 lex
2026 3909 2153 3950 car-

569 3986 654 4038 uis
698 3985 780 4039 Vel
831 3985 914 4040 lex
949 3989 1318 4043 membrorum
1361 3987 1636 4058 appellata
1671 3996 1790 4052 est,
1825 3987 2045 4041 obsistit
2095 3997 2151 4043 et

567 4077 823 4146 subripit,
849 4094 913 4134 ex
935 4093 1001 4132 eo
1032 4080 1178 4148 quod
1220 4078 1345 4132 boni
1375 4079 1706 4132 voluntatem
1755 4076 1870 4148 (56)
1902 4093 2053 4146 gero,
2087 4077 2152 4132 li-

566 4178 656 4222 cet
688 4184 846 4236 agam
879 4171 1041 4235 mala,
1064 4181 1240 4224 tamen
1267 4169 1394 4240 quia
1419 4170 1619 4224 invitus
1650 4185 1772 4239 ago,
1803 4188 1822 4222 (
1863 4171 2151 4226 consentio

567 4258 668 4329 legi
717 4260 810 4315 Dei
849 4261 1102 4329 quoniam
1141 4263 1278 4316 bona
1318 4270 1420 4315 est.
1466 4279 1484 4312 ι
1539 4260 1640 4316 Odi
1682 4263 1825 4315 enim
1886 4261 2049 4327 mala,
2095 4271 2150 4315 et

565 4353 726 4420 cupio
755 4368 916 4422 agere
939 4355 1073 4408 bona
1108 4369 1226 4422 quae
1253 4355 1332 4407 lex
1354 4353 1526 4420 jubet.
1561 4354 1714 4420 Quod
1758 4355 1804 4406 si
1839 4365 2029 4418 contra
2057 4369 2150 4407 vo-

2265 1872 2370 1916 est.
2403 1861 2519 1916 Cita
2543 1863 2690 1916 enim
2726 1877 2814 1917 res
2838 1874 2921 1918 est
2948 1865 3216 1928 voluntas,
3241 1876 3294 1919 et
3318 1865 3435 1919 sine
3459 1864 3847 1932 impedimento

2263 1957 2640 2020 convertitur;
2675 1972 2813 2025 opus
2857 1971 2990 2011 vero
3031 1958 3243 2010 tardqu
3278 1967 3381 2021 est,
3412 1959 3538 2026 quia
3563 1967 3618 2013 et
3659 1975 3842 2027 usum,

2263 2059 2318 2102 et
2353 2059 2552 2113 artem,
2597 2059 2653 2104 et
2699 2049 2940 2104 laborem
2991 2051 3218 2117 requirit
3266 2053 3548 2119 operandi.
3585 2052 3738 2118 Quod
3785 2063 3846 2107 ut

2261 2145 2570 2198 evidentius
2607 2146 2722 2209 liat,
2755 2154 2974 2199 utamur
2998 2145 3162 2198 etiam
3203 2145 3560 2202 similitudine
3584 2149 3837 2216 exempli.

2269 2234 2427 2288 Verbi
2457 2236 2649 2304 gratia,
2681 2236 2794 2290 vult
2817 2237 2939 2306 quis
2975 2238 3192 2306 sapiens
3217 2239 3357 2302 lieri,
3397 2254 3498 2293 nec
3524 2249 3700 2294 tamen
3726 2253 3841 2295 sta-

2263 2326 2358 2379 tim
2392 2336 2449 2381 ut
2475 2326 2665 2389 voluit,
2691 2330 2908 2398 sapiens
2936 2329 3159 2386 eﬂ'ectus
3175 2341 3260 2386 est
3280 2349 3294 2397 ;
3316 2332 3412 2385 sed
3445 2332 3696 2387 voluntas
3723 2335 3845 2403 qui-

2260 2417 2382 2472 dem
2411 2418 2714 2485 priecessit,
2745 2435 2847 2474 nec
2889 2421 3010 2475 sine
3055 2421 3334 2477 voluntate
3382 2423 3581 2493 aliquis
3606 2424 3722 2478 ﬁeri
3752 2441 3842 2479 sa-

2259 2509 2414 2576 piens
2464 2518 2678 2578 potest;
2721 2510 2819 2564 sed
2868 2522 3047 2566 tamen
3097 2530 3219 2568 cum
3261 2515 3514 2569 voluntas
3563 2515 3839 2578 adfuerit,

2259 2600 2598 2653 adhibendus
2636 2611 2720 2654 est
2751 2602 2926 2670 labor,
2960 2605 3222 2670 studium,
3251 2606 3582 2670 sollicitudo,
3617 2607 3838 2676 vigilite,

2257 2688 2527 2752 doctrina,
2562 2690 2873 2759 institutio;
2907 2705 2961 2748 et
2991 2696 3082 2750 vix
3118 2696 3414 2764 aliquando
3454 2714 3552 2752 usu
3589 2699 3752 2769 longo
3785 2709 3842 2752 et

2258 2783 2604 2835 meditatione
2632 2784 2890 2839 continua
2929 2787 3149 2856 sapiens
3187 2787 3441 2842 eﬂicitur.
3471 2788 3578 2843 Iste
3616 2804 3746 2859 ergo
3769 2790 3840 2845 ab

2257 2873 2410 2927 initio
2438 2875 2658 2942 quidem
2692 2877 2882 2930 statim
2916 2879 3244 2934 voluntatem
3279 2881 3473 2935 habuit
3495 2890 3553 2935 ut
3575 2892 3721 2937 esset
3751 2898 3842 2937 sa-

2253 2965 2428 3033 piens,
2455 2967 2547 3019 sed
2576 2983 2681 3020 non
2729 2971 2913 3022 statim
2959 2971 3132 3024 adfuit
3159 2972 3207 3026 ei
3237 2987 3377 3041 opus
3405 2974 3700 3042 sapientia.
3730 2973 3841 3030 Sed

2253 3064 2308 3108 et
2341 3055 2394 3110 in
2427 3071 2492 3111 eo
2531 3055 2698 3128 586
2741 3060 2859 3129 ipso
2892 3075 3018 3115 cum
3059 3063 3311 3118 eruditur
3340 3075 3399 3119 ut
3439 3066 3661 3134 sapiens
3710 3067 3837 3130 ﬁat,

2254 3157 2456 3218 quanta
2479 3151 2644 3204 stulte
2675 3159 2730 3206 et
2761 3164 2955 3207 contra
2986 3156 3308 3225 sapientiam
3338 3161 3508 3228 gessit
3535 3158 3647 3230 (58)
3682 3161 3695 3213 !
3732 3160 3836 3226 Qui

2259 3248 2438 3293 tamen
2475 3240 2780 3311 intelligere
2803 3243 3020 3312 quidem
3058 3248 3235 3314 putuit
3263 3263 3424 3317 quam
3461 3249 3626 3302 stulte
3652 3265 3840 3318 gesse-

2254 3333 2327 3386 rit
2354 3347 2368 3382 :
2393 3332 2628 3387 habebat
2657 3333 2800 3389 enim
2835 3336 2948 3406 ('59)
2967 3336 3079 3405 jam
3112 3341 3350 3394 studium
3381 3341 3662 3409 sapientiae
3688 3358 3704 3406 ;
3729 3358 3837 3397 non

2257 3432 2438 3478 tamen
2465 3423 2538 3478 ita
2560 3423 2673 3493 jam
2706 3427 2922 3495 sapiens
2945 3437 3084 3493 erat,
3112 3439 3170 3483 ut
3196 3445 3390 3484 cavere
3412 3440 3598 3499 posset
3620 3448 3687 3486 ne
3705 3431 3836 3501 quid

2256 3517 2575 3587 insipienter
2599 3510 2936 3575 admitteret.
2967 3520 3070 3575 Iste
3091 3526 3227 3576 ordo
3259 3531 3313 3576 et
3347 3522 3412 3576 de
3438 3523 3702 3591 pudicitia
3736 3523 3836 3577 ha-

2256 3611 2462 3665 bendus
2489 3621 2593 3676 est,
2625 3613 2765 3680 quod
2797 3627 2903 3667 non
2927 3615 3114 3668 statim
3137 3616 3262 3685 quis
3290 3625 3348 3669 ut
3369 3615 3601 3670 voluerit
3631 3616 3839 3686 pudici-

2255 3706 2384 3759 tiam
2416 3706 2677 3774 protiteri,
2699 3707 2861 3762 etiam
2901 3722 3067 3777 opere
3099 3707 3340 3778 implebit
3365 3718 3424 3763 ut
3453 3708 3615 3763 nullis
3635 3723 3838 3764 concu-

2252 3797 2530 3867 piscentia:
2558 3798 2796 3854 stimulis
2839 3799 3093 3869 agitetur.
3111 3799 3202 3854 Sic
3226 3809 3281 3854 et
3301 3800 3366 3854 de
3393 3801 3833 3866 mansuetudine,

2254 3901 2309 3943 et
2333 3891 2398 3944 de
2422 3890 2706 3959 patientia,
2733 3898 2788 3945 et
2833 3891 2901 3946 de
2941 3891 3174 3961 singulis
3202 3890 3507 3960 quibusque
3539 3891 3837 3947 virtutibus

2251 3985 2531 4039 sciendum
2555 3992 2658 4038 est.
2682 3983 2740 4038 In
2762 3983 2960 4053 quibus
2987 3985 3246 4040 omnibus
3266 3986 3368 4039 dici
3395 3987 3670 4049 convenit,
3701 3988 3835 4055 quia

2257 4094 2276 4125 ‹
2312 4075 2657 4130 condeleotor
2688 4074 2790 4146 legi
2836 4075 2952 4138 Dei,
2995 4094 3014 4127 ι
3069 4076 3173 4132 hoc
3202 4089 3286 4131 est
3341 4078 3658 4141 virtutibus,
3687 4095 3705 4127 ι
3742 4091 3835 4131 se-

2251 4169 2486 4220 cundum
2528 4167 2844 4222 interiorem
2878 4168 3176 4224 hominem.
3212 4167 3382 4224 Video
3432 4179 3612 4223 autem
3666 4168 3833 4222 aliam

2252 4257 2425 4326 legem
2457 4258 2508 4311 iu
2567 4257 2826 4313 membris
2862 4258 3018 4321 mei‘s,
3052 4269 3446 4330 repugnantem
3495 4259 3597 4330 legi
3632 4261 3835 4314 mentis

2255 4364 2410 4414 meae,
2431 4359 2484 4402 et
2509 4350 2782 4419 captivum
2811 4365 2898 4404 me
2921 4351 3206 4404 ducentem
3238 4351 3291 4405 in
3314 4351 3433 4421 lege
3465 4353 3690 4417 peccati,
3710 4368 3854 4420 quas

567 4445 829 4501 luntatem
869 4448 1006 4501 mala
1046 4465 1148 4516 ago
1173 4488 1188 4512 ,
1236 4453 1410 4504 victus
1443 4447 1842 4504 cou5netudiue
1889 4450 2142 4502 vitiorum
2178 4475 2222 4528 ι)
2253 4451 2334 4494 est
2367 4442 2419 4494 in
2453 4443 2714 4496 membris
2741 4443 2900 4496 meis.
2937 4460 2956 4492 ι
2992 4442 3148 4508 Quod
3180 4457 3341 4512 supra
3379 4444 3593 4498 dixerat
3633 4461 3652 4494 ι
3693 4444 3835 4498 velle

568 4555 776 4606 usuque
799 4541 1080 4609 peccandi,
1111 4559 1129 4591 ι
1170 4557 1273 4594 non
1309 4543 1420 4607 jam
1453 4559 1574 4613 ego,
1610 4562 1629 4595 ι
1663 4543 1766 4597 hoc
1789 4553 1888 4602 est,
1918 4541 2144 4594 interior

569 4629 749 4695 homo,
791 4648 811 4681 ι
853 4631 995 4699 quod
1019 4631 1220 4685 bonum
1251 4631 1391 4696 volo,
1414 4633 1516 4687 hoc
1550 4633 1729 4698 facio;
1757 4632 1851 4686 sed
1875 4632 2018 4699 quod
2047 4629 2146 4683 ha~

568 4719 708 4773 bitat
754 4721 807 4774 in
862 4735 947 4774 me
985 4734 1294 4790 peccatum.
1332 4741 1351 4775 ›
1395 4721 1860 4777 Consuetudinem
1913 4733 2146 4789 namque

635 4859 682 4891 "
719 4858 736 4912 l
776 4857 902 4916 Cor.
949 4874 1041 4926 xv,
1078 4858 1162 4914 10.

639 4975 750 5045 (3i)
787 4975 920 5040 Qua:
945 4978 1001 5029 in
1031 4979 1295 5033 membris.
1328 4977 1454 5034 Haec
1498 4977 1660 5030 verba
1686 4974 2064 5045 desiderantur
2093 4972 2144 5026 in

567 5046 750 5168 rditis,
785 5047 874 5110 qui
927 5057 1115 5116 postea
1169 5050 1398 5115 habent,
1449 5067 1466 5099 ι
1504 5047 1571 5102 Ει
1618 5045 1737 5111 hic,
1786 5045 1836 5100 id
1884 5056 1968 5100 est
2007 5044 2149 5100 Pau-

594 5133 676 5168 us.
719 5135 738 5166 ι
772 5127 877 5168 etc.

594 5133 676 5176 us,
719 5135 738 5166 ι
772 5127 877 5170 etc.

641 5185 754 5258 (32)
796 5187 967 5250 Alias,
1011 5205 1030 5237 ι
1069 5189 1328 5258 templum
1363 5197 1446 5242 est
1481 5187 1719 5255 Spiritus
1749 5187 1944 5242 sancti.
1979 5205 1998 5239 ›
2038 5184 2145 5240 Sed

568 5257 810 5325 potiores
844 5273 974 5312 mss.
1003 5268 1056 5311 et
1089 5258 1348 5313 [tabanus
1374 5271 1428 5312 ut
1464 5259 1516 5312 iu
1546 5268 1720 5311 textu.

643 5324 756 5396 (35)
795 5327 980 5396 Alias.
1017 5346 1034 5378 ι
1081 5329 1233 5381 initia
1268 5327 1699 5382 conversationis
1743 5327 2040 5396 accipiunt,
2089 5337 2147 5382 ut

569 5395 694 5449 cum
725 5395 893 5448 velint
922 5397 1161 5464 quidem,
1211 5417 1228 5449 ι
1259 5410 1390 5463 eIc.,
1417 5397 1574 5451 male.

643 5463 758 5535 (54)
798 5463 963 5531 Editi,
1001 5485 1019 5518 ι
1060 5469 1324 5522 mediator
1354 5470 1492 5535 apud
1540 5467 1886 5536 semetipsum
1938 5469 2146 5522 discer-

574 5535 743 5608 uit;i
780 5551 880 5589 ms.
917 5553 1055 5591 unus
1080 5580 1094 5602 ,
1130 5556 1147 5588 ι
1185 5539 1478 5592 meditatur
1511 5540 1654 5608 apud
1677 5535 2024 5608 semetipsum
2053 5540 2145 5593 de-

571 5606 746 5676 cernit
775 5623 789 5670 ;
823 5625 841 5657 ι
881 5607 976 5669 al.,
1005 5625 1023 5658 ς
1066 5608 1433 5676 decernitque.
1468 5627 1487 5659 ι

643 5674 758 5748 (55)
799 5676 891 5730 Sic
919 5693 1020 5731 tns.
1053 5693 1190 5733 unus
1217 5674 1412 5748 Regius
1442 5695 1592 5734 num.
1623 5679 1754 5734 H339
1780 5694 1843 5732 ac
1869 5679 2142 5732 Rabanns.

576 5745 722 5800 Editi
759 5761 906 5812 vero,
939 5766 958 5798 ι
991 5757 1048 5801 ει
1085 5745 1319 5803 insolita
1348 5751 1454 5806 sibi
1502 5765 1692 5807 rursus
1726 5751 1943 5806 itinera.
1977 5769 1995 5800 ι
2032 5749 2142 5808 AL.

2251 4534 2393 4587 enim
2425 4535 2626 4587 bonum
2679 4534 2891 4604 adjacet
2929 4535 3084 4599 mihi,
3136 4554 3154 4586 ι
3193 4536 3281 4590 hic
3325 4535 3656 4590 voluntatem
3703 4535 3830 4588 boni

2253 4623 2418 4692 legem
2450 4623 2649 4677 mentis
2679 4621 2980 4676 nominavit
3016 4637 3031 4686 ;
3066 4637 3184 4691 qua:
3221 4622 3304 4676 lex
3342 4625 3545 4676 mentis
3577 4623 3836 4676 convenit

2253 4731 2374 4770 cum
2407 4715 2523 4784 lege
2573 4715 2689 4780 Dei,
2735 4722 2792 4768 et
2828 4714 3105 4768 consentit
3129 4715 3201 4771 ei.
3238 4713 3348 4769 Sed
3389 4730 3605 4769 rursum
3650 4725 3834 4770 motus

2257 4995 2276 5027 ι
2316 4977 2392 5029 Ac
2421 4973 2579 5056 solito
2608 4973 2708 5028 sibi
2737 4973 2955 5031 itinere.
2987 4995 3005 5028 ι
3043 4973 3155 5039 AL,
3189 4993 3208 5028 ι
3244 4991 3307 5031 ac
3328 4976 3490 5031 solito
3515 4976 3617 5032 sibi
3647 4985 3702 5030 et
3737 4991 3834 5030 as-

2250 5057 2406 5102 sueto
2445 5058 2662 5098 lllllel‘e.
2695 5064 2712 5094 ι

2323 5115 2435 5185 (56)
2475 5115 2646 5179 Editi,
2681 5133 2698 5164 ι
2733 5116 2869 5167 bona
2900 5116 3176 5171 voluntate
3219 5115 3345 5187 (ms.
3378 5133 3519 5172 unus
3561 5135 3580 5169 ‹
3626 5119 3828 5172 bonam

2251 5188 2578 5240 voluntatem
2612 5187 2658 5249 ι)
2694 5200 2842 5253 gero.
2875 5205 2894 5237 ι

2323 5257 2434 5326 (57)
2475 5255 2633 5317 Editi,
2674 5273 2690 5306 ι
2735 5254 2798 5307 Et
2834 5256 2886 5308 in
2941 5257 3027 5311 bis
3054 5271 3206 5321 vero,
3233 5264 3291 5310 ut
3351 5257 3625 5326 superius,
3657 5279 3677 5311 ι
3712 5270 3828 5315 etc.

2253 5327 2452 5382 Deinde
2483 5342 2584 5380 tus.
2620 5342 2789 5395 unus.
2817 5344 2835 5375 ι
2873 5326 2954 5377 vel
2985 5327 3512 5395 impmprietatibus.
3555 5347 3573 5379 ι

2320 5396 2430 5473 (88)
2465 5393 2919 5473 ΑΙίίιεμεειίἰηηεο
2941 5393 3196 5473 ἰρδσςειιζ,
3227 5417 3244 5449 ι
3268 5400 3360 5452 sed
3375 5407 3438 5473 et
3467 5399 3609 5473 ineo
3632 5398 3749 5468 ipso
3777 5401 3832 5473 ι)

2246 5465 2488 5521 eruditus
2518 5477 2574 5518 ut
2594 5468 2807 5531 sapiens
2831 5465 2942 5528 liat,
2963 5467 3102 5532 quod
3131 5478 3256 5522 ante
3284 5469 3444 5522 stulte
3475 5469 3592 5533 (al.,
3619 5465 3831 5536 {quani

2249 5548 2302 5590 to
2329 5537 2491 5592 stulte
2517 5553 2534 5601 ;
2558 5557 2584 5589 ν)
2619 5537 2689 5588 al.
2730 5553 2747 5583 ι
2798 5549 2996 5603 quanta
3030 5538 3192 5592 stulte
3223 5539 3268 5608 ι)
3297 5550 3348 5593 ει
3383 5551 3571 5592 contra
3603 5540 3826 5607 sapien-

2250 5610 2378 5680 tiam
2435 5609 2641 5680 gessit;
2694 5621 2815 5674 qua:
2868 5617 3045 5660 tamen
3107 5609 3406 5680 intelligere
3457 5609 3633 5678 potuit
3676 5613 3827 5680 quod

2248 5678 2409 5730 stulte
2432 5677 2680 5745 gesserit.
2709 5695 2726 5725 ι

2319 5746 2434 5798 (391
2477 5747 2650 5801 Euam.
2685 5747 2844 5801 Deest
2869 5746 2921 5800 iu
2949 5746 3127 5803 editis.
