  <div class='ocr_page' id='page_1' title='image "/cluster/home/n/w/nwhite01/storage/ocr_20150623/14:no.4/coo.31924054872928/556.png"; bbox 0 0 4146 6450; ppageno 0'>
   <div class='ocr_carea' id='block_1_1' title="bbox 389 381 527 438">
    <p class='ocr_par' dir='ltr' id='par_1_1' title="bbox 389 381 527 438">
     <span class='ocr_line' id='line_1_1' title="bbox 389 381 527 438; baseline 0 -2"><span class='ocrx_word' id='word_1_1' title='bbox 389 381 527 438; x_wconf 70' lang='grc'><strong>1089</strong></span> 
     </span>
    </p>
   </div>
   <div class='ocr_carea' id='block_1_2' title="bbox 1333 374 2690 437">
    <p class='ocr_par' dir='ltr' id='par_1_2' title="bbox 1333 374 2690 437">
     <span class='ocr_line' id='line_1_2' title="bbox 1333 374 2690 437; baseline -0.002 0"><span class='ocrx_word' id='word_1_2' title='bbox 1333 378 1690 437; x_wconf 77' lang='lat' dir='ltr'><strong>COMMENT.</strong></span> <span class='ocrx_word' id='word_1_3' title='bbox 1733 377 1801 433; x_wconf 87' lang='lat' dir='ltr'><strong>IN</strong></span> <span class='ocrx_word' id='word_1_4' title='bbox 1844 375 2061 431; x_wconf 83' lang='lat' dir='ltr'><strong>EPIST.</strong></span> <span class='ocrx_word' id='word_1_5' title='bbox 2092 374 2185 430; x_wconf 80' lang='lat' dir='ltr'><strong>AD</strong></span> <span class='ocrx_word' id='word_1_6' title='bbox 2221 376 2387 431; x_wconf 80' lang='lat' dir='ltr'><strong>ROM.</strong></span> <span class='ocrx_word' id='word_1_7' title='bbox 2427 377 2556 433; x_wconf 89' lang='lat' dir='ltr'><strong>LIB.</strong></span> <span class='ocrx_word' id='word_1_8' title='bbox 2602 378 2690 435; x_wconf 74' lang='lat' dir='ltr'><strong>Vl.</strong></span> 
     </span>
    </p>
   </div>
   <div class='ocr_carea' id='block_1_3' title="bbox 3505 386 3643 445">
    <p class='ocr_par' dir='ltr' id='par_1_3' title="bbox 3505 386 3643 445">
     <span class='ocr_line' id='line_1_3' title="bbox 3505 386 3643 445; baseline 0 -1"><span class='ocrx_word' id='word_1_9' title='bbox 3505 386 3531 444; x_wconf 73' lang='grc' dir='ltr'><strong>Ι</strong></span> <span class='ocrx_word' id='word_1_10' title='bbox 3542 387 3643 445; x_wconf 77' lang='lat' dir='ltr'><strong>09C</strong></span> 
     </span>
    </p>
   </div>
   <div class='ocr_carea' id='block_1_4' title="bbox 385 491 3638 573">
    <p class='ocr_par' dir='ltr' id='par_1_4' title="bbox 385 491 3638 573">
     <span class='ocr_line' id='line_1_4' title="bbox 385 491 3638 573; baseline 0.002 -18"><span class='ocrx_word' id='word_1_11' title='bbox 385 497 630 570; x_wconf 85' lang='lat' dir='ltr'><strong>corporis</strong></span> <span class='ocrx_word' id='word_1_12' title='bbox 658 508 713 553; x_wconf 94' lang='lat' dir='ltr'><strong>et</strong></span> <span class='ocrx_word' id='word_1_13' title='bbox 741 499 759 570; x_wconf 95' lang='lat'><strong>(</strong></span> <span class='ocrx_word' id='word_1_14' title='bbox 776 498 884 571; x_wconf 68' lang='grc'><strong>40)</strong></span> <span class='ocrx_word' id='word_1_15' title='bbox 929 499 1198 555; x_wconf 88' lang='lat' dir='ltr'><strong>desideria</strong></span> <span class='ocrx_word' id='word_1_16' title='bbox 1250 500 1434 553; x_wconf 90' lang='lat' dir='ltr'><strong>carnis</strong></span> <span class='ocrx_word' id='word_1_17' title='bbox 1476 498 1649 568; x_wconf 84' lang='lat' dir='ltr'><strong>legem</strong></span> <span class='ocrx_word' id='word_1_18' title='bbox 1693 497 1958 550; x_wconf 85' lang='lat' dir='ltr'><strong>membro—</strong></span> <span class='ocrx_word' id='word_1_19' title='bbox 1987 496 2031 553; x_wconf 76' lang='grc' dir='ltr'>Α</span> <span class='ocrx_word' id='word_1_20' title='bbox 2060 491 2199 546; x_wconf 83' lang='lat' dir='ltr'><strong>sicut</strong></span> <span class='ocrx_word' id='word_1_21' title='bbox 2222 508 2359 547; x_wconf 81' lang='lat' dir='ltr'><strong>onus</strong></span> <span class='ocrx_word' id='word_1_22' title='bbox 2380 507 2543 563; x_wconf 86' lang='lat' dir='ltr'><strong>grave</strong></span> <span class='ocrx_word' id='word_1_23' title='bbox 2566 502 2801 560; x_wconf 75' lang='lat' dir='ltr'><strong>gravata)</strong></span> <span class='ocrx_word' id='word_1_24' title='bbox 2824 505 2950 549; x_wconf 89' lang='lat' dir='ltr'><strong>sunt</strong></span> <span class='ocrx_word' id='word_1_25' title='bbox 2972 511 3132 566; x_wconf 86' lang='lat' dir='ltr'><strong>super</strong></span> <span class='ocrx_word' id='word_1_26' title='bbox 3157 514 3261 555; x_wconf 91' lang='lat' dir='ltr'><strong>me.</strong></span> <span class='ocrx_word' id='word_1_27' title='bbox 3287 501 3638 573; x_wconf 78' lang='lat' dir='ltr'><strong>Compntrue-</strong></span> 
     </span>
    </p>
   </div>
   <div class='ocr_carea' id='block_1_5' title="bbox 386 585 1955 661">
    <p class='ocr_par' dir='ltr' id='par_1_5' title="bbox 386 585 1955 661">
     <span class='ocr_line' id='line_1_5' title="bbox 386 585 1955 661; baseline -0.004 -17"><span class='ocrx_word' id='word_1_28' title='bbox 386 607 504 644; x_wconf 89' lang='lat' dir='ltr'><strong>rum</strong></span> <span class='ocrx_word' id='word_1_29' title='bbox 539 590 693 653; x_wconf 89' lang='lat' dir='ltr'><strong>dicit,</strong></span> <span class='ocrx_word' id='word_1_30' title='bbox 724 606 845 661; x_wconf 74' lang='lat' dir='ltr'><strong>qua:</strong></span> <span class='ocrx_word' id='word_1_31' title='bbox 872 592 1140 659; x_wconf 87' lang='lat' dir='ltr'><strong>captivam</strong></span> <span class='ocrx_word' id='word_1_32' title='bbox 1167 590 1315 644; x_wconf 85' lang='lat' dir='ltr'><strong>ducit</strong></span> <span class='ocrx_word' id='word_1_33' title='bbox 1349 590 1607 651; x_wconf 84' lang='lat' dir='ltr'><strong>animam,</strong></span> <span class='ocrx_word' id='word_1_34' title='bbox 1643 596 1696 640; x_wconf 90' lang='lat' dir='ltr'><strong>et</strong></span> <span class='ocrx_word' id='word_1_35' title='bbox 1748 585 1955 655; x_wconf 90' lang='lat' dir='ltr'><strong>peccati</strong></span> 
     </span>
    </p>
   </div>
   <div class='ocr_carea' id='block_1_6' title="bbox 383 675 1956 754">
    <p class='ocr_par' dir='ltr' id='par_1_6' title="bbox 383 675 1956 754">
     <span class='ocr_line' id='line_1_6' title="bbox 383 675 1956 754; baseline -0.002 -17"><span class='ocrx_word' id='word_1_36' title='bbox 383 684 592 754; x_wconf 79' lang='lat' dir='ltr'><strong>legibus</strong></span> <span class='ocrx_word' id='word_1_37' title='bbox 623 684 828 739; x_wconf 89' lang='lat' dir='ltr'><strong>subdit.</strong></span> <span class='ocrx_word' id='word_1_38' title='bbox 855 684 1076 739; x_wconf 90' lang='lat' dir='ltr'><strong>Certum</strong></span> <span class='ocrx_word' id='word_1_39' title='bbox 1113 698 1197 738; x_wconf 85' lang='lat' dir='ltr'><strong>eSt</strong></span> <span class='ocrx_word' id='word_1_40' title='bbox 1241 698 1477 749; x_wconf 88' lang='lat' dir='ltr'><strong>namque</strong></span> <span class='ocrx_word' id='word_1_41' title='bbox 1503 675 1645 751; x_wconf 83' lang='lat' dir='ltr'><strong>quod</strong></span> <span class='ocrx_word' id='word_1_42' title='bbox 1685 682 1956 736; x_wconf 84' lang='lat' dir='ltr'><strong>desideria</strong></span> 
     </span>
    </p>
   </div>
   <div class='ocr_carea' id='block_1_7' title="bbox 381 774 1956 846">
    <p class='ocr_par' dir='ltr' id='par_1_7' title="bbox 381 774 1956 846">
     <span class='ocr_line' id='line_1_7' title="bbox 381 774 1956 846; baseline 0 -19"><span class='ocrx_word' id='word_1_43' title='bbox 381 776 565 829; x_wconf 80' lang='lat' dir='ltr'><strong>carnis</strong></span> <span class='ocrx_word' id='word_1_44' title='bbox 605 776 843 829; x_wconf 90' lang='lat' dir='ltr'><strong>animam</strong></span> <span class='ocrx_word' id='word_1_45' title='bbox 894 775 1107 828; x_wconf 88' lang='lat' dir='ltr'><strong>trahant</strong></span> <span class='ocrx_word' id='word_1_46' title='bbox 1138 774 1247 846; x_wconf 76' lang='grc'><strong>(41)</strong></span> <span class='ocrx_word' id='word_1_47' title='bbox 1280 774 1345 828; x_wconf 89' lang='lat' dir='ltr'><strong>ad</strong></span> <span class='ocrx_word' id='word_1_48' title='bbox 1393 784 1706 842; x_wconf 88' lang='lat' dir='ltr'><strong>peccatum,</strong></span> <span class='ocrx_word' id='word_1_49' title='bbox 1735 783 1791 828; x_wconf 91' lang='lat' dir='ltr'><strong>et</strong></span> <span class='ocrx_word' id='word_1_50' title='bbox 1837 788 1956 827; x_wconf 91' lang='lat' dir='ltr'><strong>eam</strong></span> 
     </span>
    </p>
   </div>
   <div class='ocr_carea' id='block_1_8' title="bbox 380 867 1955 938">
    <p class='ocr_par' dir='ltr' id='par_1_8' title="bbox 380 867 1955 938">
     <span class='ocr_line' id='line_1_8' title="bbox 380 867 1955 938; baseline -0.001 -16"><span class='ocrx_word' id='word_1_51' title='bbox 380 867 591 937; x_wconf 78' lang='lat' dir='ltr'><strong>legibus</strong></span> <span class='ocrx_word' id='word_1_52' title='bbox 610 867 729 938; x_wconf 93' lang='lat' dir='ltr'><strong>ejus</strong></span> <span class='ocrx_word' id='word_1_53' title='bbox 759 867 991 922; x_wconf 88' lang='lat' dir='ltr'><strong>subdant</strong></span> <span class='ocrx_word' id='word_1_54' title='bbox 1024 881 1038 919; x_wconf 89' lang='lat'><strong>:</strong></span> <span class='ocrx_word' id='word_1_55' title='bbox 1063 878 1117 920; x_wconf 93' lang='lat' dir='ltr'><strong>et</strong></span> <span class='ocrx_word' id='word_1_56' title='bbox 1146 868 1286 921; x_wconf 92' lang='lat' dir='ltr'><strong>sicut</strong></span> <span class='ocrx_word' id='word_1_57' title='bbox 1314 867 1399 922; x_wconf 80' lang='lat' dir='ltr'><strong>lex</strong></span> <span class='ocrx_word' id='word_1_58' title='bbox 1426 868 1642 933; x_wconf 90' lang='lat' dir='ltr'><strong>mentis,</strong></span> <span class='ocrx_word' id='word_1_59' title='bbox 1667 882 1789 937; x_wconf 78' lang='lat' dir='ltr'><strong>quze</strong></span> <span class='ocrx_word' id='word_1_60' title='bbox 1823 883 1955 922; x_wconf 91' lang='lat' dir='ltr'><strong>con-</strong></span> 
     </span>
    </p>
   </div>
   <div class='ocr_carea' id='block_1_9' title="bbox 376 956 1959 1030">
    <p class='ocr_par' dir='ltr' id='par_1_9' title="bbox 376 956 1959 1030">
     <span class='ocr_line' id='line_1_9' title="bbox 376 956 1959 1030; baseline -0.001 -15"><span class='ocrx_word' id='word_1_61' title='bbox 376 960 547 1016; x_wconf 85' lang='lat' dir='ltr'><strong>sentit</strong></span> <span class='ocrx_word' id='word_1_62' title='bbox 577 976 700 1016; x_wconf 91' lang='lat' dir='ltr'><strong>cum</strong></span> <span class='ocrx_word' id='word_1_63' title='bbox 730 960 847 1030; x_wconf 85' lang='lat' dir='ltr'><strong>lege</strong></span> <span class='ocrx_word' id='word_1_64' title='bbox 872 956 1291 1022; x_wconf 88' lang='lat' dir='ltr'><strong>Dei,sianimam</strong></span> <span class='ocrx_word' id='word_1_65' title='bbox 1313 964 1539 1028; x_wconf 85' lang='lat' dir='ltr'><strong>potuerit</strong></span> <span class='ocrx_word' id='word_1_66' title='bbox 1570 960 1838 1022; x_wconf 81' lang='lat' dir='ltr'><strong>obtinere.</strong></span> <span class='ocrx_word' id='word_1_67' title='bbox 1866 960 1959 1014; x_wconf 84' lang='lat' dir='ltr'><strong>ad-</strong></span> 
     </span>
    </p>
   </div>
   <div class='ocr_carea' id='block_1_10' title="bbox 376 1047 1956 1119">
    <p class='ocr_par' dir='ltr' id='par_1_10' title="bbox 376 1047 1956 1119">
     <span class='ocr_line' id='line_1_10' title="bbox 376 1047 1956 1119; baseline 0.004 -20"><span class='ocrx_word' id='word_1_68' title='bbox 376 1048 528 1101; x_wconf 91' lang='lat' dir='ltr'><strong>ducit</strong></span> <span class='ocrx_word' id='word_1_69' title='bbox 557 1062 679 1102; x_wconf 89' lang='lat' dir='ltr'><strong>eam</strong></span> <span class='ocrx_word' id='word_1_70' title='bbox 705 1050 772 1102; x_wconf 93' lang='lat' dir='ltr'><strong>ad</strong></span> <span class='ocrx_word' id='word_1_71' title='bbox 793 1048 963 1118; x_wconf 85' lang='lat' dir='ltr'><strong>legem</strong></span> <span class='ocrx_word' id='word_1_72' title='bbox 999 1047 1116 1115; x_wconf 89' lang='lat' dir='ltr'><strong>Dei,</strong></span> <span class='ocrx_word' id='word_1_73' title='bbox 1158 1050 1230 1102; x_wconf 91' lang='lat' dir='ltr'><strong>ita</strong></span> <span class='ocrx_word' id='word_1_74' title='bbox 1256 1059 1311 1103; x_wconf 90' lang='lat' dir='ltr'><strong>et</strong></span> <span class='ocrx_word' id='word_1_75' title='bbox 1344 1057 1427 1104; x_wconf 85' lang='lat' dir='ltr'><strong>lex</strong></span> <span class='ocrx_word' id='word_1_76' title='bbox 1451 1065 1573 1119; x_wconf 79' lang='lat' dir='ltr'><strong>qua:</strong></span> <span class='ocrx_word' id='word_1_77' title='bbox 1606 1050 1657 1104; x_wconf 92' lang='lat' dir='ltr'><strong>in</strong></span> <span class='ocrx_word' id='word_1_78' title='bbox 1694 1051 1956 1105; x_wconf 85' lang='lat' dir='ltr'><strong>membris</strong></span> 
     </span>
    </p>
   </div>
   <div class='ocr_carea' id='block_1_11' title="bbox 374 1138 1951 1210">
    <p class='ocr_par' dir='ltr' id='par_1_11' title="bbox 374 1138 1951 1210">
     <span class='ocr_line' id='line_1_11' title="bbox 374 1138 1951 1210; baseline 0.004 -21"><span class='ocrx_word' id='word_1_79' title='bbox 374 1147 481 1197; x_wconf 83' lang='lat' dir='ltr'><strong>est,</strong></span> <span class='ocrx_word' id='word_1_80' title='bbox 505 1146 557 1191; x_wconf 91' lang='lat' dir='ltr'><strong>et</strong></span> <span class='ocrx_word' id='word_1_81' title='bbox 582 1138 1020 1208; x_wconf 89' lang='lat' dir='ltr'><strong>concupiscentia</strong></span> <span class='ocrx_word' id='word_1_82' title='bbox 1055 1139 1259 1206; x_wconf 89' lang='lat' dir='ltr'><strong>carnis,</strong></span> <span class='ocrx_word' id='word_1_83' title='bbox 1292 1140 1339 1194; x_wconf 89' lang='lat' dir='ltr'><strong>si</strong></span> <span class='ocrx_word' id='word_1_84' title='bbox 1371 1141 1656 1195; x_wconf 91' lang='lat' dir='ltr'><strong>seduxerit</strong></span> <span class='ocrx_word' id='word_1_85' title='bbox 1687 1143 1951 1210; x_wconf 87' lang='lat' dir='ltr'><strong>animam,</strong></span> 
     </span>
    </p>
   </div>
   <div class='ocr_carea' id='block_1_12' title="bbox 375 1228 1951 1300">
    <p class='ocr_par' dir='ltr' id='par_1_12' title="bbox 375 1228 1951 1300">
     <span class='ocr_line' id='line_1_12' title="bbox 375 1228 1951 1300; baseline 0.007 -21"><span class='ocrx_word' id='word_1_86' title='bbox 375 1228 584 1294; x_wconf 78' lang='lat' dir='ltr'><strong>peccati</strong></span> <span class='ocrx_word' id='word_1_87' title='bbox 615 1243 734 1282; x_wconf 89' lang='lat' dir='ltr'><strong>eam</strong></span> <span class='ocrx_word' id='word_1_88' title='bbox 775 1229 990 1300; x_wconf 83' lang='lat' dir='ltr'><strong>legibus</strong></span> <span class='ocrx_word' id='word_1_89' title='bbox 1025 1233 1239 1287; x_wconf 90' lang='lat' dir='ltr'><strong>subdet.</strong></span> <span class='ocrx_word' id='word_1_90' title='bbox 1273 1231 1380 1287; x_wconf 87' lang='lat' dir='ltr'><strong>Sed</strong></span> <span class='ocrx_word' id='word_1_91' title='bbox 1419 1247 1541 1288; x_wconf 92' lang='lat' dir='ltr'><strong>cum</strong></span> <span class='ocrx_word' id='word_1_92' title='bbox 1586 1233 1700 1288; x_wconf 65' lang='lat' dir='ltr'><strong>haec</strong></span> <span class='ocrx_word' id='word_1_93' title='bbox 1732 1234 1951 1299; x_wconf 82' lang='lat' dir='ltr'><strong>Paulus,</strong></span> 
     </span>
    </p>
   </div>
   <div class='ocr_carea' id='block_1_13' title="bbox 372 1322 1951 1391">
    <p class='ocr_par' dir='ltr' id='par_1_13' title="bbox 372 1322 1951 1391">
     <span class='ocr_line' id='line_1_13' title="bbox 372 1322 1951 1391; baseline 0.006 -19"><span class='ocrx_word' id='word_1_94' title='bbox 372 1330 651 1387; x_wconf 86' lang='lat' dir='ltr'><strong>assumpta</strong></span> <span class='ocrx_word' id='word_1_95' title='bbox 682 1322 961 1391; x_wconf 82' lang='lat' dir='ltr'><strong>l&#39;ragiliore</strong></span> <span class='ocrx_word' id='word_1_96' title='bbox 995 1338 1252 1391; x_wconf 83' lang='lat' dir='ltr'><strong>persona,</strong></span> <span class='ocrx_word' id='word_1_97' title='bbox 1286 1324 1427 1378; x_wconf 88' lang='lat' dir='ltr'><strong>intra</strong></span> <span class='ocrx_word' id='word_1_98' title='bbox 1461 1324 1735 1381; x_wconf 83' lang='lat' dir='ltr'><strong>hominem</strong></span> <span class='ocrx_word' id='word_1_99' title='bbox 1762 1327 1951 1383; x_wconf 88' lang='lat' dir='ltr'><strong>haberi</strong></span> 
     </span>
    </p>
   </div>
   <div class='ocr_carea' id='block_1_14' title="bbox 369 1411 1950 1488">
    <p class='ocr_par' dir='ltr' id='par_1_14' title="bbox 369 1411 1950 1488">
     <span class='ocr_line' id='line_1_14' title="bbox 369 1411 1950 1488; baseline 0.006 -25"><span class='ocrx_word' id='word_1_100' title='bbox 369 1411 670 1465; x_wconf 85' lang='lat' dir='ltr'><strong>certamina</strong></span> <span class='ocrx_word' id='word_1_101' title='bbox 705 1412 819 1485; x_wconf 73' lang='grc'><strong>(42)</strong></span> <span class='ocrx_word' id='word_1_102' title='bbox 845 1413 1140 1477; x_wconf 85' lang='lat' dir='ltr'><strong>docuisset,</strong></span> <span class='ocrx_word' id='word_1_103' title='bbox 1179 1417 1591 1471; x_wconf 88' lang='lat' dir='ltr'><strong>etosteudisset</strong></span> <span class='ocrx_word' id='word_1_104' title='bbox 1618 1419 1950 1488; x_wconf 91' lang='lat' dir='ltr'><strong>quodetiam</strong></span> 
     </span>
    </p>
   </div>
   <div class='ocr_carea' id='block_1_15' title="bbox 369 1506 1947 1578">
    <p class='ocr_par' dir='ltr' id='par_1_15' title="bbox 369 1506 1947 1578">
     <span class='ocr_line' id='line_1_15' title="bbox 369 1506 1947 1578; baseline 0.007 -22"><span class='ocrx_word' id='word_1_105' title='bbox 369 1515 557 1558; x_wconf 87' lang='lat' dir='ltr'><strong>contra</strong></span> <span class='ocrx_word' id='word_1_106' title='bbox 590 1506 920 1562; x_wconf 87' lang='lat' dir='ltr'><strong>voluntatem</strong></span> <span class='ocrx_word' id='word_1_107' title='bbox 956 1522 1054 1578; x_wconf 92' lang='lat' dir='ltr'><strong>per</strong></span> <span class='ocrx_word' id='word_1_108' title='bbox 1091 1509 1359 1564; x_wconf 88' lang='lat' dir='ltr'><strong>desideria</strong></span> <span class='ocrx_word' id='word_1_109' title='bbox 1405 1511 1588 1564; x_wconf 90' lang='lat' dir='ltr'><strong>carnis</strong></span> <span class='ocrx_word' id='word_1_110' title='bbox 1627 1512 1810 1565; x_wconf 87' lang='lat' dir='ltr'><strong>anima</strong></span> <span class='ocrx_word' id='word_1_111' title='bbox 1848 1529 1947 1567; x_wconf 89' lang='lat' dir='ltr'><strong>usu</strong></span> 
     </span>
    </p>
   </div>
   <div class='ocr_carea' id='block_1_16' title="bbox 370 1597 1952 1671">
    <p class='ocr_par' dir='ltr' id='par_1_16' title="bbox 370 1597 1952 1671">
     <span class='ocr_line' id='line_1_16' title="bbox 370 1597 1952 1671; baseline 0.004 -21"><span class='ocrx_word' id='word_1_112' title='bbox 370 1597 488 1667; x_wconf 86' lang='lat' dir='ltr'><strong>ipso</strong></span> <span class='ocrx_word' id='word_1_113' title='bbox 516 1599 774 1666; x_wconf 89' lang='lat' dir='ltr'><strong>peccandi</strong></span> <span class='ocrx_word' id='word_1_114' title='bbox 808 1598 862 1654; x_wconf 88' lang='lat' dir='ltr'><strong>in</strong></span> <span class='ocrx_word' id='word_1_115' title='bbox 913 1602 1123 1670; x_wconf 85' lang='lat' dir='ltr'><strong>peccati</strong></span> <span class='ocrx_word' id='word_1_116' title='bbox 1147 1600 1269 1669; x_wconf 91' lang='lat' dir='ltr'><strong>jura</strong></span> <span class='ocrx_word' id='word_1_117' title='bbox 1307 1611 1631 1671; x_wconf 89' lang='lat' dir='ltr'><strong>raperetur,</strong></span> <span class='ocrx_word' id='word_1_118' title='bbox 1675 1601 1952 1657; x_wconf 76' lang='lat' dir='ltr'><strong>exclama-</strong></span> 
     </span>
    </p>
   </div>
   <div class='ocr_carea' id='block_1_17' title="bbox 370 1687 1953 1762">
    <p class='ocr_par' dir='ltr' id='par_1_17' title="bbox 370 1687 1953 1762">
     <span class='ocr_line' id='line_1_17' title="bbox 370 1687 1953 1762; baseline 0.004 -21"><span class='ocrx_word' id='word_1_119' title='bbox 370 1689 518 1744; x_wconf 90' lang='lat' dir='ltr'><strong>tione</strong></span> <span class='ocrx_word' id='word_1_120' title='bbox 552 1691 722 1745; x_wconf 88' lang='lat' dir='ltr'><strong>utitur</strong></span> <span class='ocrx_word' id='word_1_121' title='bbox 768 1691 947 1746; x_wconf 88' lang='lat' dir='ltr'><strong>adhuc</strong></span> <span class='ocrx_word' id='word_1_122' title='bbox 984 1707 1051 1746; x_wconf 76' lang='lat' dir='ltr'><strong>ex</strong></span> <span class='ocrx_word' id='word_1_123' title='bbox 1088 1707 1318 1760; x_wconf 86' lang='lat' dir='ltr'><strong>persona</strong></span> <span class='ocrx_word' id='word_1_124' title='bbox 1361 1687 1507 1748; x_wconf 89' lang='lat' dir='ltr'><strong>illius</strong></span> <span class='ocrx_word' id='word_1_125' title='bbox 1536 1708 1698 1762; x_wconf 88' lang='lat' dir='ltr'><strong>quem</strong></span> <span class='ocrx_word' id='word_1_126' title='bbox 1744 1693 1953 1749; x_wconf 85' lang='lat' dir='ltr'><strong>descri-</strong></span> 
     </span>
    </p>
   </div>
   <div class='ocr_carea' id='block_1_18' title="bbox 364 1779 1947 1854">
    <p class='ocr_par' dir='ltr' id='par_1_18' title="bbox 364 1779 1947 1854">
     <span class='ocr_line' id='line_1_18' title="bbox 364 1779 1947 1854; baseline 0.003 -19"><span class='ocrx_word' id='word_1_127' title='bbox 364 1781 472 1849; x_wconf 84' lang='lat' dir='ltr'><strong>psit</strong></span> <span class='ocrx_word' id='word_1_128' title='bbox 510 1779 646 1851; x_wconf 69' lang='grc'><strong>(45),</strong></span> <span class='ocrx_word' id='word_1_129' title='bbox 677 1790 731 1835; x_wconf 91' lang='lat' dir='ltr'><strong>et</strong></span> <span class='ocrx_word' id='word_1_130' title='bbox 761 1781 893 1835; x_wconf 85' lang='lat' dir='ltr'><strong>dicit</strong></span> <span class='ocrx_word' id='word_1_131' title='bbox 921 1799 935 1835; x_wconf 92' lang='lat'><strong>:</strong></span> <span class='ocrx_word' id='word_1_132' title='bbox 972 1800 991 1833; x_wconf 75' lang='grc' dir='ltr'><strong>ι</strong></span> <span class='ocrx_word' id='word_1_133' title='bbox 1023 1782 1188 1837; x_wconf 77' lang='lat' dir='ltr'><strong>Miser</strong></span> <span class='ocrx_word' id='word_1_134' title='bbox 1215 1798 1314 1854; x_wconf 84' lang='lat' dir='ltr'><strong>ego</strong></span> <span class='ocrx_word' id='word_1_135' title='bbox 1353 1784 1515 1839; x_wconf 92' lang='lat' dir='ltr'><strong>homo</strong></span> <span class='ocrx_word' id='word_1_136' title='bbox 1544 1784 1556 1838; x_wconf 90' lang='lat' dir='ltr'><strong>l</strong></span> <span class='ocrx_word' id='word_1_137' title='bbox 1592 1784 1727 1852; x_wconf 86' lang='lat' dir='ltr'><strong>Quis</strong></span> <span class='ocrx_word' id='word_1_138' title='bbox 1761 1801 1848 1841; x_wconf 92' lang='lat' dir='ltr'><strong>me</strong></span> <span class='ocrx_word' id='word_1_139' title='bbox 1881 1786 1947 1840; x_wconf 89' lang='lat' dir='ltr'><strong>li-</strong></span> 
     </span>
    </p>
   </div>
   <div class='ocr_carea' id='block_1_19' title="bbox 361 1871 1950 1942">
    <p class='ocr_par' dir='ltr' id='par_1_19' title="bbox 361 1871 1950 1942">
     <span class='ocr_line' id='line_1_19' title="bbox 361 1871 1950 1942; baseline 0.003 -15"><span class='ocrx_word' id='word_1_140' title='bbox 361 1871 581 1927; x_wconf 88' lang='lat' dir='ltr'><strong>berabit</strong></span> <span class='ocrx_word' id='word_1_141' title='bbox 603 1876 669 1926; x_wconf 90' lang='lat' dir='ltr'><strong>de</strong></span> <span class='ocrx_word' id='word_1_142' title='bbox 702 1886 932 1942; x_wconf 88' lang='lat' dir='ltr'><strong>corpore</strong></span> <span class='ocrx_word' id='word_1_143' title='bbox 967 1873 1158 1929; x_wconf 88' lang='lat' dir='ltr'><strong>mortis</strong></span> <span class='ocrx_word' id='word_1_144' title='bbox 1194 1872 1401 1942; x_wconf 71' lang='lat' dir='ltr'><strong>hujus?</strong></span> <span class='ocrx_word' id='word_1_145' title='bbox 1439 1892 1458 1927; x_wconf 79' lang='grc' dir='ltr'><strong>ι</strong></span> <span class='ocrx_word' id='word_1_146' title='bbox 1495 1874 1653 1930; x_wconf 86' lang='lat' dir='ltr'><strong>Videt</strong></span> <span class='ocrx_word' id='word_1_147' title='bbox 1689 1891 1749 1931; x_wconf 91' lang='lat' dir='ltr'><strong>se</strong></span> <span class='ocrx_word' id='word_1_148' title='bbox 1781 1878 1950 1932; x_wconf 86' lang='lat' dir='ltr'><strong>mise-</strong></span> 
     </span>
    </p>
   </div>
   <div class='ocr_carea' id='block_1_20' title="bbox 364 1964 1943 2041">
    <p class='ocr_par' dir='ltr' id='par_1_20' title="bbox 364 1964 1943 2041">
     <span class='ocr_line' id='line_1_20' title="bbox 364 1964 1943 2041; baseline 0.004 -22"><span class='ocrx_word' id='word_1_149' title='bbox 364 1980 508 2031; x_wconf 79' lang='lat' dir='ltr'><strong>rum,</strong></span> <span class='ocrx_word' id='word_1_150' title='bbox 543 1965 688 2019; x_wconf 90' lang='lat' dir='ltr'><strong>intra</strong></span> <span class='ocrx_word' id='word_1_151' title='bbox 718 1981 881 2035; x_wconf 89' lang='lat' dir='ltr'><strong>quem</strong></span> <span class='ocrx_word' id='word_1_152' title='bbox 913 1974 990 2020; x_wconf 93' lang='lat' dir='ltr'><strong>tot</strong></span> <span class='ocrx_word' id='word_1_153' title='bbox 1018 1964 1167 2037; x_wconf 82' lang='lat' dir='ltr'><strong>leges</strong></span> <span class='ocrx_word' id='word_1_154' title='bbox 1214 1967 1318 2022; x_wconf 86' lang='lat' dir='ltr'><strong>sibi</strong></span> <span class='ocrx_word' id='word_1_155' title='bbox 1348 1967 1580 2024; x_wconf 85' lang='lat' dir='ltr'><strong>invicem</strong></span> <span class='ocrx_word' id='word_1_156' title='bbox 1619 1981 1943 2041; x_wconf 88' lang='lat' dir='ltr'><strong>repugnant,</strong></span> 
     </span>
    </p>
   </div>
   <div class='ocr_carea' id='block_1_21' title="bbox 363 2058 1944 2130">
    <p class='ocr_par' dir='ltr' id='par_1_21' title="bbox 363 2058 1944 2130">
     <span class='ocr_line' id='line_1_21' title="bbox 363 2058 1944 2130; baseline 0.006 -20"><span class='ocrx_word' id='word_1_157' title='bbox 363 2066 444 2111; x_wconf 91' lang='lat' dir='ltr'><strong>tot</strong></span> <span class='ocrx_word' id='word_1_158' title='bbox 485 2058 669 2125; x_wconf 69' lang='lat' dir='ltr'><strong>praelia</strong></span> <span class='ocrx_word' id='word_1_159' title='bbox 703 2069 1163 2115; x_wconf 87' lang='lat' dir='ltr'><strong>commoventur:</strong></span> <span class='ocrx_word' id='word_1_160' title='bbox 1200 2078 1220 2112; x_wconf 71' lang='grc' dir='ltr'><strong>ι</strong></span> <span class='ocrx_word' id='word_1_161' title='bbox 1258 2059 1473 2130; x_wconf 81' lang='lat' dir='ltr'><strong>Pugnat</strong></span> <span class='ocrx_word' id='word_1_162' title='bbox 1518 2076 1649 2116; x_wconf 90' lang='lat' dir='ltr'><strong>caro</strong></span> <span class='ocrx_word' id='word_1_163' title='bbox 1683 2063 1944 2120; x_wconf 83' lang='lat' dir='ltr'><strong>adversus</strong></span> 
     </span>
    </p>
   </div>
   <div class='ocr_carea' id='block_1_22' title="bbox 359 2150 1943 2220">
    <p class='ocr_par' dir='ltr' id='par_1_22' title="bbox 359 2150 1943 2220">
     <span class='ocr_line' id='line_1_22' title="bbox 359 2150 1943 2220; baseline 0.007 -19"><span class='ocrx_word' id='word_1_164' title='bbox 359 2150 637 2219; x_wconf 88' lang='lat' dir='ltr'><strong>spiritum,</strong></span> <span class='ocrx_word' id='word_1_165' title='bbox 666 2150 896 2220; x_wconf 84' lang='lat' dir='ltr'><strong>spiritus</strong></span> <span class='ocrx_word' id='word_1_166' title='bbox 935 2161 1118 2206; x_wconf 89' lang='lat' dir='ltr'><strong>autem</strong></span> <span class='ocrx_word' id='word_1_167' title='bbox 1147 2152 1411 2208; x_wconf 89' lang='lat' dir='ltr'><strong>adversus</strong></span> <span class='ocrx_word' id='word_1_168' title='bbox 1437 2155 1718 2208; x_wconf 82' lang='lat' dir='ltr'><strong>carnem&quot;</strong></span> <span class='ocrx_word' id='word_1_169' title='bbox 1750 2173 1764 2209; x_wconf 87' lang='lat'><strong>:</strong></span> <span class='ocrx_word' id='word_1_170' title='bbox 1804 2174 1822 2207; x_wconf 79' lang='grc' dir='ltr'><strong>ι</strong></span> <span class='ocrx_word' id='word_1_171' title='bbox 1857 2155 1943 2211; x_wconf 87' lang='lat' dir='ltr'><strong>lex</strong></span> 
     </span>
    </p>
   </div>
   <div class='ocr_carea' id='block_1_23' title="bbox 357 2241 1943 2317">
    <p class='ocr_par' dir='ltr' id='par_1_23' title="bbox 357 2241 1943 2317">
     <span class='ocr_line' id='line_1_23' title="bbox 357 2241 1943 2317; baseline 0.008 -25"><span class='ocrx_word' id='word_1_172' title='bbox 357 2255 479 2310; x_wconf 86' lang='lat' dir='ltr'><strong>quae</strong></span> <span class='ocrx_word' id='word_1_173' title='bbox 497 2241 548 2295; x_wconf 94' lang='lat' dir='ltr'><strong>in</strong></span> <span class='ocrx_word' id='word_1_174' title='bbox 584 2242 842 2297; x_wconf 90' lang='lat' dir='ltr'><strong>membris</strong></span> <span class='ocrx_word' id='word_1_175' title='bbox 865 2252 949 2300; x_wconf 89' lang='lat' dir='ltr'><strong>est</strong></span> <span class='ocrx_word' id='word_1_176' title='bbox 972 2254 1238 2315; x_wconf 81' lang='lat' dir='ltr'><strong>repugnat</strong></span> <span class='ocrx_word' id='word_1_177' title='bbox 1272 2246 1372 2317; x_wconf 84' lang='lat' dir='ltr'><strong>legi</strong></span> <span class='ocrx_word' id='word_1_178' title='bbox 1408 2247 1629 2312; x_wconf 86' lang='lat' dir='ltr'><strong>mentis,</strong></span> <span class='ocrx_word' id='word_1_179' title='bbox 1654 2257 1707 2302; x_wconf 91' lang='lat' dir='ltr'><strong>et</strong></span> <span class='ocrx_word' id='word_1_180' title='bbox 1731 2249 1943 2317; x_wconf 89' lang='lat' dir='ltr'><strong>captiva</strong></span> 
     </span>
    </p>
   </div>
   <div class='ocr_carea' id='block_1_24' title="bbox 357 2335 1944 2412">
    <p class='ocr_par' dir='ltr' id='par_1_24' title="bbox 357 2335 1944 2412">
     <span class='ocr_line' id='line_1_24' title="bbox 357 2335 1944 2412; baseline 0.004 -22"><span class='ocrx_word' id='word_1_181' title='bbox 357 2335 571 2390; x_wconf 89' lang='lat' dir='ltr'><strong>ducitur</strong></span> <span class='ocrx_word' id='word_1_182' title='bbox 603 2336 780 2391; x_wconf 90' lang='lat' dir='ltr'><strong>anima</strong></span> <span class='ocrx_word' id='word_1_183' title='bbox 816 2337 869 2392; x_wconf 93' lang='lat' dir='ltr'><strong>in</strong></span> <span class='ocrx_word' id='word_1_184' title='bbox 901 2337 1018 2407; x_wconf 93' lang='lat' dir='ltr'><strong>lege</strong></span> <span class='ocrx_word' id='word_1_185' title='bbox 1054 2341 1291 2407; x_wconf 84' lang='lat' dir='ltr'><strong>peccati,</strong></span> <span class='ocrx_word' id='word_1_186' title='bbox 1326 2349 1382 2395; x_wconf 91' lang='lat' dir='ltr'><strong>et</strong></span> <span class='ocrx_word' id='word_1_187' title='bbox 1424 2341 1524 2395; x_wconf 88' lang='lat' dir='ltr'><strong>sub</strong></span> <span class='ocrx_word' id='word_1_188' title='bbox 1547 2341 1681 2412; x_wconf 87' lang='lat' dir='ltr'><strong>jugo</strong></span> <span class='ocrx_word' id='word_1_189' title='bbox 1714 2342 1831 2411; x_wconf 87' lang='lat' dir='ltr'><strong>ejus</strong></span> <span class='ocrx_word' id='word_1_190' title='bbox 1860 2342 1944 2398; x_wconf 85' lang='lat' dir='ltr'><strong>ef-</strong></span> 
     </span>
    </p>
   </div>
   <div class='ocr_carea' id='block_1_25' title="bbox 357 2423 1942 2500">
    <p class='ocr_par' dir='ltr' id='par_1_25' title="bbox 357 2423 1942 2500">
     <span class='ocr_line' id='line_1_25' title="bbox 357 2423 1942 2500; baseline 0.008 -22"><span class='ocrx_word' id='word_1_191' title='bbox 357 2423 560 2490; x_wconf 85' lang='lat' dir='ltr'><strong>ficitur,</strong></span> <span class='ocrx_word' id='word_1_192' title='bbox 591 2427 754 2481; x_wconf 89' lang='lat' dir='ltr'><strong>etiam</strong></span> <span class='ocrx_word' id='word_1_193' title='bbox 802 2443 927 2483; x_wconf 92' lang='lat' dir='ltr'><strong>cum</strong></span> <span class='ocrx_word' id='word_1_194' title='bbox 960 2429 1191 2484; x_wconf 90' lang='lat' dir='ltr'><strong>interior</strong></span> <span class='ocrx_word' id='word_1_195' title='bbox 1226 2430 1391 2484; x_wconf 86' lang='lat' dir='ltr'><strong>homo</strong></span> <span class='ocrx_word' id='word_1_196' title='bbox 1422 2429 1518 2484; x_wconf 91' lang='lat' dir='ltr'><strong>Dei</strong></span> <span class='ocrx_word' id='word_1_197' title='bbox 1561 2429 1679 2500; x_wconf 84' lang='lat' dir='ltr'><strong>lege</strong></span> <span class='ocrx_word' id='word_1_198' title='bbox 1708 2432 1942 2490; x_wconf 88' lang='lat' dir='ltr'><strong>delecte-</strong></span> 
     </span>
    </p>
   </div>
   <div class='ocr_carea' id='block_1_26' title="bbox 359 2518 1941 2585">
    <p class='ocr_par' dir='ltr' id='par_1_26' title="bbox 359 2518 1941 2585">
     <span class='ocr_line' id='line_1_26' title="bbox 359 2518 1941 2585; baseline 0.008 -16"><span class='ocrx_word' id='word_1_199' title='bbox 359 2526 450 2570; x_wconf 92' lang='lat' dir='ltr'><strong>tur</strong></span> <span class='ocrx_word' id='word_1_200' title='bbox 479 2532 496 2570; x_wconf 91' lang='lat'><strong>:</strong></span> <span class='ocrx_word' id='word_1_201' title='bbox 524 2518 796 2585; x_wconf 89' lang='lat' dir='ltr'><strong>quomodo</strong></span> <span class='ocrx_word' id='word_1_202' title='bbox 818 2519 872 2574; x_wconf 89' lang='lat' dir='ltr'><strong>in</strong></span> <span class='ocrx_word' id='word_1_203' title='bbox 898 2519 982 2574; x_wconf 88' lang='lat' dir='ltr'><strong>his</strong></span> <span class='ocrx_word' id='word_1_204' title='bbox 1008 2528 1087 2574; x_wconf 87' lang='lat' dir='ltr'><strong>tot</strong></span> <span class='ocrx_word' id='word_1_205' title='bbox 1114 2530 1171 2576; x_wconf 91' lang='lat' dir='ltr'><strong>et</strong></span> <span class='ocrx_word' id='word_1_206' title='bbox 1207 2521 1406 2576; x_wconf 87' lang='lat' dir='ltr'><strong>talibus</strong></span> <span class='ocrx_word' id='word_1_207' title='bbox 1451 2522 1609 2578; x_wconf 88' lang='lat' dir='ltr'><strong>malis</strong></span> <span class='ocrx_word' id='word_1_208' title='bbox 1634 2538 1744 2579; x_wconf 91' lang='lat' dir='ltr'><strong>non</strong></span> <span class='ocrx_word' id='word_1_209' title='bbox 1779 2524 1941 2581; x_wconf 86' lang='lat' dir='ltr'><strong>mise-</strong></span> 
     </span>
    </p>
   </div>
   <div class='ocr_carea' id='block_1_27' title="bbox 352 2609 1940 2685">
    <p class='ocr_par' dir='ltr' id='par_1_27' title="bbox 352 2609 1940 2685">
     <span class='ocr_line' id='line_1_27' title="bbox 352 2609 1940 2685; baseline 0.007 -25"><span class='ocrx_word' id='word_1_210' title='bbox 352 2623 476 2662; x_wconf 88' lang='lat' dir='ltr'><strong>rum</strong></span> <span class='ocrx_word' id='word_1_211' title='bbox 510 2625 569 2664; x_wconf 90' lang='lat' dir='ltr'><strong>se</strong></span> <span class='ocrx_word' id='word_1_212' title='bbox 606 2609 752 2666; x_wconf 90' lang='lat' dir='ltr'><strong>dicat</strong></span> <span class='ocrx_word' id='word_1_213' title='bbox 784 2613 964 2677; x_wconf 89' lang='lat' dir='ltr'><strong>homo,</strong></span> <span class='ocrx_word' id='word_1_214' title='bbox 991 2625 1045 2667; x_wconf 92' lang='lat' dir='ltr'><strong>et</strong></span> <span class='ocrx_word' id='word_1_215' title='bbox 1080 2615 1133 2669; x_wconf 92' lang='lat' dir='ltr'><strong>in</strong></span> <span class='ocrx_word' id='word_1_216' title='bbox 1171 2629 1402 2685; x_wconf 90' lang='lat' dir='ltr'><strong>corpore</strong></span> <span class='ocrx_word' id='word_1_217' title='bbox 1434 2615 1629 2672; x_wconf 91' lang='lat' dir='ltr'><strong>mortis</strong></span> <span class='ocrx_word' id='word_1_218' title='bbox 1652 2614 1940 2671; x_wconf 82' lang='lat' dir='ltr'><strong>habitare?</strong></span> 
     </span>
    </p>
   </div>
   <div class='ocr_carea' id='block_1_28' title="bbox 351 2699 1937 2777">
    <p class='ocr_par' dir='ltr' id='par_1_28' title="bbox 351 2699 1937 2777">
     <span class='ocr_line' id='line_1_28' title="bbox 351 2699 1937 2777; baseline 0.006 -23"><span class='ocrx_word' id='word_1_219' title='bbox 351 2699 548 2756; x_wconf 74' lang='lat' dir='ltr'><strong>Merito</strong></span> <span class='ocrx_word' id='word_1_220' title='bbox 604 2718 841 2773; x_wconf 85' lang='lat' dir='ltr'><strong>namque</strong></span> <span class='ocrx_word' id='word_1_221' title='bbox 875 2721 1078 2775; x_wconf 90' lang='lat' dir='ltr'><strong>corpus</strong></span> <span class='ocrx_word' id='word_1_222' title='bbox 1121 2706 1316 2760; x_wconf 89' lang='lat' dir='ltr'><strong>mortis</strong></span> <span class='ocrx_word' id='word_1_223' title='bbox 1361 2702 1684 2777; x_wconf 89' lang='lat' dir='ltr'><strong>appellatur,</strong></span> <span class='ocrx_word' id='word_1_224' title='bbox 1729 2708 1784 2760; x_wconf 88' lang='lat' dir='ltr'><strong>in</strong></span> <span class='ocrx_word' id='word_1_225' title='bbox 1828 2722 1937 2777; x_wconf 90' lang='lat' dir='ltr'><strong>quo</strong></span> 
     </span>
    </p>
   </div>
   <div class='ocr_carea' id='block_1_29' title="bbox 351 2790 1937 2867">
    <p class='ocr_par' dir='ltr' id='par_1_29' title="bbox 351 2790 1937 2867">
     <span class='ocr_line' id='line_1_29' title="bbox 351 2790 1937 2867; baseline 0.004 -21"><span class='ocrx_word' id='word_1_226' title='bbox 351 2792 565 2849; x_wconf 89' lang='lat' dir='ltr'><strong>habitat</strong></span> <span class='ocrx_word' id='word_1_227' title='bbox 602 2806 887 2865; x_wconf 90' lang='lat' dir='ltr'><strong>peccatum</strong></span> <span class='ocrx_word' id='word_1_228' title='bbox 931 2797 1075 2867; x_wconf 91' lang='lat' dir='ltr'><strong>quod</strong></span> <span class='ocrx_word' id='word_1_229' title='bbox 1127 2799 1323 2853; x_wconf 90' lang='lat' dir='ltr'><strong>mortis</strong></span> <span class='ocrx_word' id='word_1_230' title='bbox 1363 2790 1449 2854; x_wconf 77' lang='lat' dir='ltr'><strong>est</strong></span> <span class='ocrx_word' id='word_1_231' title='bbox 1496 2812 1683 2853; x_wconf 90' lang='lat' dir='ltr'><strong>causa.</strong></span> <span class='ocrx_word' id='word_1_232' title='bbox 1727 2797 1817 2853; x_wconf 89' lang='lat' dir='ltr'><strong>Fit</strong></span> <span class='ocrx_word' id='word_1_233' title='bbox 1847 2812 1937 2853; x_wconf 88' lang='lat' dir='ltr'><strong>er-</strong></span> 
     </span>
    </p>
   </div>
   <div class='ocr_carea' id='block_1_30' title="bbox 348 2885 1933 2965">
    <p class='ocr_par' dir='ltr' id='par_1_30' title="bbox 348 2885 1933 2965">
     <span class='ocr_line' id='line_1_30' title="bbox 348 2885 1933 2965; baseline 0.007 -25"><span class='ocrx_word' id='word_1_234' title='bbox 348 2901 418 2955; x_wconf 89' lang='lat' dir='ltr'><strong>go</strong></span> <span class='ocrx_word' id='word_1_235' title='bbox 440 2885 553 2955; x_wconf 74' lang='grc'><strong>(44)</strong></span> <span class='ocrx_word' id='word_1_236' title='bbox 587 2887 917 2945; x_wconf 89' lang='lat' dir='ltr'><strong>exclamatio</strong></span> <span class='ocrx_word' id='word_1_237' title='bbox 951 2891 1069 2947; x_wconf 67' lang='lat' dir='ltr'><strong>haec</strong></span> <span class='ocrx_word' id='word_1_238' title='bbox 1093 2908 1158 2947; x_wconf 92' lang='lat' dir='ltr'><strong>ex</strong></span> <span class='ocrx_word' id='word_1_239' title='bbox 1198 2909 1432 2963; x_wconf 90' lang='lat' dir='ltr'><strong>persona</strong></span> <span class='ocrx_word' id='word_1_240' title='bbox 1465 2894 1610 2949; x_wconf 88' lang='lat' dir='ltr'><strong>illius</strong></span> <span class='ocrx_word' id='word_1_241' title='bbox 1643 2910 1801 2965; x_wconf 88' lang='lat' dir='ltr'><strong>quem</strong></span> <span class='ocrx_word' id='word_1_242' title='bbox 1827 2894 1933 2951; x_wconf 90' lang='lat' dir='ltr'><strong>ini-</strong></span> 
     </span>
    </p>
   </div>
   <div class='ocr_carea' id='block_1_31' title="bbox 348 2977 1932 3058">
    <p class='ocr_par' dir='ltr' id='par_1_31' title="bbox 348 2977 1932 3058">
     <span class='ocr_line' id='line_1_31' title="bbox 348 2977 1932 3058; baseline 0.007 -25"><span class='ocrx_word' id='word_1_243' title='bbox 348 2977 423 3033; x_wconf 87' lang='lat' dir='ltr'><strong>tia</strong></span> <span class='ocrx_word' id='word_1_244' title='bbox 448 2980 667 3048; x_wconf 88' lang='lat' dir='ltr'><strong>quidem</strong></span> <span class='ocrx_word' id='word_1_245' title='bbox 699 2984 1075 3038; x_wconf 88' lang='lat' dir='ltr'><strong>conversionis</strong></span> <span class='ocrx_word' id='word_1_246' title='bbox 1103 2988 1384 3056; x_wconf 89' lang='lat' dir='ltr'><strong>accepisse</strong></span> <span class='ocrx_word' id='word_1_247' title='bbox 1414 2987 1674 3042; x_wconf 87' lang='lat' dir='ltr'><strong>describit</strong></span> <span class='ocrx_word' id='word_1_248' title='bbox 1696 2988 1932 3058; x_wconf 86' lang='lat' dir='ltr'><strong>Aposto-</strong></span> 
     </span>
    </p>
   </div>
   <div class='ocr_carea' id='block_1_32' title="bbox 349 3068 1931 3151">
    <p class='ocr_par' dir='ltr' id='par_1_32' title="bbox 349 3068 1931 3151">
     <span class='ocr_line' id='line_1_32' title="bbox 349 3068 1931 3151; baseline 0.009 -30"><span class='ocrx_word' id='word_1_249' title='bbox 349 3068 457 3136; x_wconf 86' lang='lat' dir='ltr'><strong>lus,</strong></span> <span class='ocrx_word' id='word_1_250' title='bbox 491 3073 542 3125; x_wconf 92' lang='lat' dir='ltr'><strong>iu</strong></span> <span class='ocrx_word' id='word_1_251' title='bbox 574 3087 641 3127; x_wconf 90' lang='lat' dir='ltr'><strong>eo</strong></span> <span class='ocrx_word' id='word_1_252' title='bbox 683 3073 826 3143; x_wconf 86' lang='lat' dir='ltr'><strong>quod</strong></span> <span class='ocrx_word' id='word_1_253' title='bbox 864 3074 1119 3131; x_wconf 87' lang='lat' dir='ltr'><strong>voluntas</strong></span> <span class='ocrx_word' id='word_1_254' title='bbox 1169 3078 1220 3132; x_wconf 92' lang='lat' dir='ltr'><strong>ei</strong></span> <span class='ocrx_word' id='word_1_255' title='bbox 1258 3078 1371 3149; x_wconf 68' lang='grc'><strong>(45)</strong></span> <span class='ocrx_word' id='word_1_256' title='bbox 1406 3079 1619 3151; x_wconf 78' lang='lat' dir='ltr'><strong>adiacet</strong></span> <span class='ocrx_word' id='word_1_257' title='bbox 1662 3080 1810 3145; x_wconf 91' lang='lat' dir='ltr'><strong>boui,</strong></span> <span class='ocrx_word' id='word_1_258' title='bbox 1838 3081 1931 3136; x_wconf 91' lang='lat' dir='ltr'><strong>sed</strong></span> 
     </span>
    </p>
   </div>
   <div class='ocr_carea' id='block_1_33' title="bbox 348 3161 1931 3226">
    <p class='ocr_par' dir='ltr' id='par_1_33' title="bbox 348 3161 1931 3226">
     <span class='ocr_line' id='line_1_33' title="bbox 348 3161 1931 3226; baseline 0.009 -14"><span class='ocrx_word' id='word_1_259' title='bbox 348 3161 589 3214; x_wconf 86' lang='lat' dir='ltr'><strong>nondum</strong></span> <span class='ocrx_word' id='word_1_260' title='bbox 637 3162 688 3216; x_wconf 93' lang='lat' dir='ltr'><strong>in</strong></span> <span class='ocrx_word' id='word_1_261' title='bbox 722 3162 976 3219; x_wconf 83' lang='lat' dir='ltr'><strong>effectum</strong></span> <span class='ocrx_word' id='word_1_262' title='bbox 1009 3168 1222 3220; x_wconf 88' lang='lat' dir='ltr'><strong>venerit</strong></span> <span class='ocrx_word' id='word_1_263' title='bbox 1250 3168 1399 3225; x_wconf 87' lang='lat' dir='ltr'><strong>boni.</strong></span> <span class='ocrx_word' id='word_1_264' title='bbox 1434 3168 1556 3223; x_wconf 86' lang='lat' dir='ltr'><strong>Non</strong></span> <span class='ocrx_word' id='word_1_265' title='bbox 1595 3169 1740 3224; x_wconf 92' lang='lat' dir='ltr'><strong>enim</strong></span> <span class='ocrx_word' id='word_1_266' title='bbox 1774 3171 1931 3226; x_wconf 88' lang='lat' dir='ltr'><strong>inve-</strong></span> 
     </span>
    </p>
   </div>
   <div class='ocr_carea' id='block_1_34' title="bbox 348 3251 1934 3327">
    <p class='ocr_par' dir='ltr' id='par_1_34' title="bbox 348 3251 1934 3327">
     <span class='ocr_line' id='line_1_34' title="bbox 348 3251 1934 3327; baseline 0.009 -24"><span class='ocrx_word' id='word_1_267' title='bbox 348 3251 425 3304; x_wconf 93' lang='lat' dir='ltr'><strong>nit</strong></span> <span class='ocrx_word' id='word_1_268' title='bbox 450 3255 710 3321; x_wconf 80' lang='lat' dir='ltr'><strong>perlicere</strong></span> <span class='ocrx_word' id='word_1_269' title='bbox 733 3256 934 3311; x_wconf 86' lang='lat' dir='ltr'><strong>bonum</strong></span> <span class='ocrx_word' id='word_1_270' title='bbox 985 3258 1115 3327; x_wconf 87' lang='lat' dir='ltr'><strong>quia</strong></span> <span class='ocrx_word' id='word_1_271' title='bbox 1149 3260 1387 3313; x_wconf 89' lang='lat' dir='ltr'><strong>nondum</strong></span> <span class='ocrx_word' id='word_1_272' title='bbox 1419 3260 1472 3314; x_wconf 91' lang='lat' dir='ltr'><strong>in</strong></span> <span class='ocrx_word' id='word_1_273' title='bbox 1512 3276 1578 3317; x_wconf 90' lang='lat' dir='ltr'><strong>eo</strong></span> <span class='ocrx_word' id='word_1_274' title='bbox 1607 3277 1736 3318; x_wconf 89' lang='lat' dir='ltr'><strong>usus</strong></span> <span class='ocrx_word' id='word_1_275' title='bbox 1769 3261 1934 3318; x_wconf 87' lang='lat' dir='ltr'><strong>inole-</strong></span> 
     </span>
    </p>
   </div>
   <div class='ocr_carea' id='block_1_35' title="bbox 347 3348 1932 3422">
    <p class='ocr_par' dir='ltr' id='par_1_35' title="bbox 347 3348 1932 3422">
     <span class='ocr_line' id='line_1_35' title="bbox 347 3348 1932 3422; baseline 0.008 -26"><span class='ocrx_word' id='word_1_276' title='bbox 347 3354 501 3399; x_wconf 85' lang='lat' dir='ltr'><strong>verat</strong></span> <span class='ocrx_word' id='word_1_277' title='bbox 530 3348 964 3417; x_wconf 82' lang='lat' dir='ltr'><strong>exercitiumque</strong></span> <span class='ocrx_word' id='word_1_278' title='bbox 996 3352 1279 3407; x_wconf 88' lang='lat' dir='ltr'><strong>virtutum.</strong></span> <span class='ocrx_word' id='word_1_279' title='bbox 1319 3350 1703 3422; x_wconf 82' lang='lat' dir='ltr'><strong>Respondetur</strong></span> <span class='ocrx_word' id='word_1_280' title='bbox 1729 3369 1858 3408; x_wconf 86' lang='lat' dir='ltr'><strong>vero</strong></span> <span class='ocrx_word' id='word_1_281' title='bbox 1883 3354 1932 3409; x_wconf 93' lang='lat' dir='ltr'><strong>ei</strong></span> 
     </span>
    </p>
   </div>
   <div class='ocr_carea' id='block_1_36' title="bbox 344 3437 1930 3515">
    <p class='ocr_par' dir='ltr' id='par_1_36' title="bbox 344 3437 1930 3515">
     <span class='ocr_line' id='line_1_36' title="bbox 344 3437 1930 3515; baseline 0.006 -25"><span class='ocrx_word' id='word_1_282' title='bbox 344 3437 412 3490; x_wconf 85' lang='lat' dir='ltr'><strong>ad</strong></span> <span class='ocrx_word' id='word_1_283' title='bbox 438 3439 543 3493; x_wconf 89' lang='lat' dir='ltr'><strong>hoc</strong></span> <span class='ocrx_word' id='word_1_284' title='bbox 566 3441 710 3509; x_wconf 89' lang='lat' dir='ltr'><strong>quod</strong></span> <span class='ocrx_word' id='word_1_285' title='bbox 734 3441 981 3497; x_wconf 81' lang='lat' dir='ltr'><strong>dixerat:</strong></span> <span class='ocrx_word' id='word_1_286' title='bbox 1006 3462 1024 3495; x_wconf 79' lang='grc' dir='ltr'><strong>ι</strong></span> <span class='ocrx_word' id='word_1_287' title='bbox 1059 3444 1191 3511; x_wconf 85' lang='lat' dir='ltr'><strong>Quis</strong></span> <span class='ocrx_word' id='word_1_288' title='bbox 1218 3460 1307 3500; x_wconf 81' lang='lat' dir='ltr'><strong>me</strong></span> <span class='ocrx_word' id='word_1_289' title='bbox 1326 3443 1584 3499; x_wconf 91' lang='lat' dir='ltr'><strong>liberabit</strong></span> <span class='ocrx_word' id='word_1_290' title='bbox 1613 3445 1680 3500; x_wconf 94' lang='lat' dir='ltr'><strong>de</strong></span> <span class='ocrx_word' id='word_1_291' title='bbox 1700 3460 1930 3515; x_wconf 83' lang='lat' dir='ltr'><strong>corpore</strong></span> 
     </span>
    </p>
   </div>
   <div class='ocr_carea' id='block_1_37' title="bbox 345 3534 1921 3607">
    <p class='ocr_par' dir='ltr' id='par_1_37' title="bbox 345 3534 1921 3607">
     <span class='ocr_line' id='line_1_37' title="bbox 345 3534 1921 3607; baseline 0.004 -21"><span class='ocrx_word' id='word_1_292' title='bbox 345 3536 539 3589; x_wconf 87' lang='lat' dir='ltr'><strong>mortis</strong></span> <span class='ocrx_word' id='word_1_293' title='bbox 562 3534 764 3604; x_wconf 84' lang='lat' dir='ltr'><strong>hujus?</strong></span> <span class='ocrx_word' id='word_1_294' title='bbox 794 3555 818 3589; x_wconf 73' lang='grc' dir='ltr'><strong>ι</strong></span> <span class='ocrx_word' id='word_1_295' title='bbox 841 3535 956 3605; x_wconf 89' lang='lat' dir='ltr'><strong>jam</strong></span> <span class='ocrx_word' id='word_1_296' title='bbox 990 3552 1098 3591; x_wconf 91' lang='lat' dir='ltr'><strong>non</strong></span> <span class='ocrx_word' id='word_1_297' title='bbox 1134 3553 1201 3591; x_wconf 83' lang='lat' dir='ltr'><strong>ex</strong></span> <span class='ocrx_word' id='word_1_298' title='bbox 1222 3537 1367 3592; x_wconf 89' lang='lat' dir='ltr'><strong>illius</strong></span> <span class='ocrx_word' id='word_1_299' title='bbox 1394 3547 1625 3607; x_wconf 79' lang='lat' dir='ltr'><strong>persona</strong></span> <span class='ocrx_word' id='word_1_300' title='bbox 1654 3538 1794 3606; x_wconf 65' lang='lat'><strong>(46),</strong></span> <span class='ocrx_word' id='word_1_301' title='bbox 1824 3539 1921 3593; x_wconf 89' lang='lat' dir='ltr'><strong>sed</strong></span> 
     </span>
    </p>
   </div>
   <div class='ocr_carea' id='block_1_38' title="bbox 338 3627 1927 3700">
    <p class='ocr_par' dir='ltr' id='par_1_38' title="bbox 338 3627 1927 3700">
     <span class='ocr_line' id='line_1_38' title="bbox 338 3627 1927 3700; baseline 0.005 -23"><span class='ocrx_word' id='word_1_302' title='bbox 338 3637 411 3677; x_wconf 83' lang='lat' dir='ltr'><strong>ex</strong></span> <span class='ocrx_word' id='word_1_303' title='bbox 449 3627 744 3694; x_wconf 89' lang='lat' dir='ltr'><strong>apostolica</strong></span> <span class='ocrx_word' id='word_1_304' title='bbox 800 3629 1168 3682; x_wconf 84' lang='lat' dir='ltr'><strong>auctoritate:</strong></span> <span class='ocrx_word' id='word_1_305' title='bbox 1204 3646 1224 3680; x_wconf 69' lang='grc' dir='ltr'><strong>ι</strong></span> <span class='ocrx_word' id='word_1_306' title='bbox 1257 3627 1445 3683; x_wconf 87' lang='lat' dir='ltr'><strong>Gratia</strong></span> <span class='ocrx_word' id='word_1_307' title='bbox 1480 3629 1573 3683; x_wconf 90' lang='lat' dir='ltr'><strong>Dei</strong></span> <span class='ocrx_word' id='word_1_308' title='bbox 1609 3645 1705 3700; x_wconf 89' lang='lat' dir='ltr'><strong>per</strong></span> <span class='ocrx_word' id='word_1_309' title='bbox 1740 3630 1927 3686; x_wconf 82' lang='lat' dir='ltr'><strong>Jesum</strong></span> 
     </span>
    </p>
   </div>
   <div class='ocr_carea' id='block_1_39' title="bbox 342 3700 1928 3793">
    <p class='ocr_par' dir='ltr' id='par_1_39' title="bbox 342 3700 1928 3793">
     <span class='ocr_line' id='line_1_39' title="bbox 342 3700 1928 3793; baseline 0.004 -23"><span class='ocrx_word' id='word_1_310' title='bbox 342 3700 622 3771; x_wconf 80' lang='lat' dir='ltr'><strong>Christum</strong></span> <span class='ocrx_word' id='word_1_311' title='bbox 656 3718 940 3774; x_wconf 90' lang='lat' dir='ltr'><strong>Dominum</strong></span> <span class='ocrx_word' id='word_1_312' title='bbox 975 3732 1244 3777; x_wconf 92' lang='lat' dir='ltr'><strong>nostrum.</strong></span> <span class='ocrx_word' id='word_1_313' title='bbox 1290 3739 1310 3773; x_wconf 81' lang='grc' dir='ltr'><strong>ι</strong></span> <span class='ocrx_word' id='word_1_314' title='bbox 1350 3719 1505 3777; x_wconf 90' lang='lat' dir='ltr'><strong>Unde</strong></span> <span class='ocrx_word' id='word_1_315' title='bbox 1533 3732 1760 3793; x_wconf 85' lang='lat' dir='ltr'><strong>apparet</strong></span> <span class='ocrx_word' id='word_1_316' title='bbox 1783 3722 1928 3793; x_wconf 86' lang='lat' dir='ltr'><strong>quod</strong></span> 
     </span>
    </p>
   </div>
   <div class='ocr_carea' id='block_1_40' title="bbox 341 3811 1927 3884">
    <p class='ocr_par' dir='ltr' id='par_1_40' title="bbox 341 3811 1927 3884">
     <span class='ocr_line' id='line_1_40' title="bbox 341 3811 1927 3884; baseline 0.007 -24"><span class='ocrx_word' id='word_1_317' title='bbox 341 3819 627 3878; x_wconf 84' lang='lat' dir='ltr'><strong>propterea</strong></span> <span class='ocrx_word' id='word_1_318' title='bbox 664 3811 779 3865; x_wconf 70' lang='lat' dir='ltr'><strong>haec</strong></span> <span class='ocrx_word' id='word_1_319' title='bbox 808 3812 990 3868; x_wconf 88' lang='lat' dir='ltr'><strong>onmia</strong></span> <span class='ocrx_word' id='word_1_320' title='bbox 1021 3814 1316 3884; x_wconf 89' lang='lat' dir='ltr'><strong>descripsit</strong></span> <span class='ocrx_word' id='word_1_321' title='bbox 1349 3815 1663 3884; x_wconf 85' lang='lat' dir='ltr'><strong>Apostolus,</strong></span> <span class='ocrx_word' id='word_1_322' title='bbox 1697 3826 1751 3869; x_wconf 89' lang='lat' dir='ltr'><strong>et</strong></span> <span class='ocrx_word' id='word_1_323' title='bbox 1784 3814 1927 3871; x_wconf 87' lang='lat' dir='ltr'><strong>mala</strong></span> 
     </span>
    </p>
   </div>
   <div class='ocr_carea' id='block_1_41' title="bbox 340 3905 1929 3979">
    <p class='ocr_par' dir='ltr' id='par_1_41' title="bbox 340 3905 1929 3979">
     <span class='ocr_line' id='line_1_41' title="bbox 340 3905 1929 3979; baseline 0.001 -21"><span class='ocrx_word' id='word_1_324' title='bbox 340 3918 465 3974; x_wconf 65' lang='lat' dir='ltr'><strong>qua</strong></span> <span class='ocrx_word' id='word_1_325' title='bbox 504 3905 649 3961; x_wconf 89' lang='lat' dir='ltr'><strong>intra</strong></span> <span class='ocrx_word' id='word_1_326' title='bbox 691 3921 792 3962; x_wconf 88' lang='lat' dir='ltr'><strong>nos</strong></span> <span class='ocrx_word' id='word_1_327' title='bbox 820 3906 1121 3976; x_wconf 87' lang='lat' dir='ltr'><strong>agebantur</strong></span> <span class='ocrx_word' id='word_1_328' title='bbox 1141 3907 1259 3979; x_wconf 73' lang='grc'><strong>(47)</strong></span> <span class='ocrx_word' id='word_1_329' title='bbox 1297 3909 1572 3979; x_wconf 85' lang='lat' dir='ltr'><strong>exposuit,</strong></span> <span class='ocrx_word' id='word_1_330' title='bbox 1603 3917 1662 3963; x_wconf 92' lang='lat' dir='ltr'><strong>ut</strong></span> <span class='ocrx_word' id='word_1_331' title='bbox 1701 3910 1769 3963; x_wconf 91' lang='lat' dir='ltr'><strong>ad</strong></span> <span class='ocrx_word' id='word_1_332' title='bbox 1802 3907 1929 3962; x_wconf 85' lang='lat' dir='ltr'><strong>ulti-</strong></span> 
     </span>
    </p>
   </div>
   <div class='ocr_carea' id='block_1_42' title="bbox 340 4001 1926 4070">
    <p class='ocr_par' dir='ltr' id='par_1_42' title="bbox 340 4001 1926 4070">
     <span class='ocr_line' id='line_1_42' title="bbox 340 4001 1926 4070; baseline 0.003 -18"><span class='ocrx_word' id='word_1_333' title='bbox 340 4014 487 4053; x_wconf 85' lang='lat' dir='ltr'><strong>mum</strong></span> <span class='ocrx_word' id='word_1_334' title='bbox 516 4001 828 4056; x_wconf 88' lang='lat' dir='ltr'><strong>ostenderet</strong></span> <span class='ocrx_word' id='word_1_335' title='bbox 860 4010 918 4054; x_wconf 91' lang='lat' dir='ltr'><strong>et</strong></span> <span class='ocrx_word' id='word_1_336' title='bbox 942 4001 1161 4056; x_wconf 87' lang='lat' dir='ltr'><strong>doceret</strong></span> <span class='ocrx_word' id='word_1_337' title='bbox 1187 4003 1256 4056; x_wconf 90' lang='lat' dir='ltr'><strong>de</strong></span> <span class='ocrx_word' id='word_1_338' title='bbox 1280 4002 1500 4070; x_wconf 88' lang='lat' dir='ltr'><strong>quantis</strong></span> <span class='ocrx_word' id='word_1_339' title='bbox 1534 4018 1632 4057; x_wconf 92' lang='lat' dir='ltr'><strong>nos</strong></span> <span class='ocrx_word' id='word_1_340' title='bbox 1665 4001 1847 4065; x_wconf 91' lang='lat' dir='ltr'><strong>malis,</strong></span> <span class='ocrx_word' id='word_1_341' title='bbox 1869 4010 1926 4057; x_wconf 90' lang='lat' dir='ltr'><strong>et</strong></span> 
     </span>
    </p>
   </div>
   <div class='ocr_carea' id='block_1_43' title="bbox 339 4091 1921 4164">
    <p class='ocr_par' dir='ltr' id='par_1_43' title="bbox 339 4091 1921 4164">
     <span class='ocr_line' id='line_1_43' title="bbox 339 4091 1921 4164; baseline 0.001 -18"><span class='ocrx_word' id='word_1_342' title='bbox 339 4091 408 4146; x_wconf 88' lang='lat' dir='ltr'><strong>de</strong></span> <span class='ocrx_word' id='word_1_343' title='bbox 434 4092 654 4161; x_wconf 84' lang='lat' dir='ltr'><strong>quantis</strong></span> <span class='ocrx_word' id='word_1_344' title='bbox 694 4093 962 4149; x_wconf 90' lang='lat' dir='ltr'><strong>mortibus</strong></span> <span class='ocrx_word' id='word_1_345' title='bbox 1007 4093 1263 4150; x_wconf 86' lang='lat' dir='ltr'><strong>Christus</strong></span> <span class='ocrx_word' id='word_1_346' title='bbox 1302 4094 1523 4164; x_wconf 90' lang='lat' dir='ltr'><strong>eripuit.</strong></span> <span class='ocrx_word' id='word_1_347' title='bbox 1553 4094 1707 4163; x_wconf 86' lang='lat' dir='ltr'><strong>Quod</strong></span> <span class='ocrx_word' id='word_1_348' title='bbox 1740 4104 1921 4151; x_wconf 89' lang='lat' dir='ltr'><strong>autem</strong></span> 
     </span>
    </p>
   </div>
   <div class='ocr_carea' id='block_1_44' title="bbox 340 4181 1923 4258">
    <p class='ocr_par' dir='ltr' id='par_1_44' title="bbox 340 4181 1923 4258">
     <span class='ocr_line' id='line_1_44' title="bbox 340 4181 1923 4258; baseline 0.003 -20"><span class='ocrx_word' id='word_1_349' title='bbox 340 4181 516 4239; x_wconf 85' lang='lat' dir='ltr'><strong>moris</strong></span> <span class='ocrx_word' id='word_1_350' title='bbox 534 4187 681 4244; x_wconf 82' lang='lat' dir='ltr'><strong>sititt</strong></span> <span class='ocrx_word' id='word_1_351' title='bbox 700 4185 1000 4258; x_wconf 87' lang='lat' dir='ltr'><strong>Scripturis</strong></span> <span class='ocrx_word' id='word_1_352' title='bbox 1070 4188 1272 4242; x_wconf 85' lang='lat' dir='ltr'><strong>divinis</strong></span> <span class='ocrx_word' id='word_1_353' title='bbox 1306 4195 1526 4241; x_wconf 89' lang='lat' dir='ltr'><strong>sanctos</strong></span> <span class='ocrx_word' id='word_1_354' title='bbox 1554 4201 1815 4257; x_wconf 87' lang='lat' dir='ltr'><strong>personas</strong></span> <span class='ocrx_word' id='word_1_355' title='bbox 1838 4203 1923 4243; x_wconf 88' lang='lat' dir='ltr'><strong>as-</strong></span> 
     </span>
    </p>
   </div>
   <div class='ocr_carea' id='block_1_45' title="bbox 307 4278 1923 4349">
    <p class='ocr_par' dir='ltr' id='par_1_45' title="bbox 307 4278 1923 4349">
     <span class='ocr_line' id='line_1_45' title="bbox 307 4278 1923 4349; baseline 0.004 -20"><span class='ocrx_word' id='word_1_356' title='bbox 307 4290 557 4349; x_wconf 34' lang='lat' dir='ltr'><strong>.sumere</strong></span> <span class='ocrx_word' id='word_1_357' title='bbox 594 4287 968 4347; x_wconf 86' lang='lat' dir='ltr'><strong>peccatorum,</strong></span> <span class='ocrx_word' id='word_1_358' title='bbox 996 4290 1051 4335; x_wconf 91' lang='lat' dir='ltr'><strong>et</strong></span> <span class='ocrx_word' id='word_1_359' title='bbox 1083 4278 1380 4349; x_wconf 89' lang='lat' dir='ltr'><strong>magistros</strong></span> <span class='ocrx_word' id='word_1_360' title='bbox 1426 4280 1714 4348; x_wconf 82' lang='lat' dir='ltr'><strong>suscipere</strong></span> <span class='ocrx_word' id='word_1_361' title='bbox 1754 4279 1807 4333; x_wconf 93' lang='lat' dir='ltr'><strong>in</strong></span> <span class='ocrx_word' id='word_1_362' title='bbox 1837 4295 1923 4336; x_wconf 89' lang='lat' dir='ltr'><strong>se-</strong></span> 
     </span>
    </p>
   </div>
   <div class='ocr_carea' id='block_1_46' title="bbox 287 4369 1919 4441">
    <p class='ocr_par' dir='ltr' id='par_1_46' title="bbox 287 4369 1919 4441">
     <span class='ocr_line' id='line_1_46' title="bbox 287 4369 1919 4441; baseline 0.005 -23"><span class='ocrx_word' id='word_1_363' title='bbox 287 4396 295 4400; x_wconf 97' lang='lat'><em>-</em></span> <span class='ocrx_word' id='word_1_364' title='bbox 339 4369 597 4439; x_wconf 87' lang='lat' dir='ltr'><strong>metipsos</strong></span> <span class='ocrx_word' id='word_1_365' title='bbox 619 4369 966 4427; x_wconf 84' lang='lat' dir='ltr'><strong>infirmitates</strong></span> <span class='ocrx_word' id='word_1_366' title='bbox 992 4370 1406 4441; x_wconf 90' lang='lat' dir='ltr'><strong>discipulorum,</strong></span> <span class='ocrx_word' id='word_1_367' title='bbox 1433 4385 1500 4425; x_wconf 84' lang='lat' dir='ltr'><strong>ex</strong></span> <span class='ocrx_word' id='word_1_368' title='bbox 1530 4371 1670 4425; x_wconf 89' lang='lat' dir='ltr'><strong>libro</strong></span> <span class='ocrx_word' id='word_1_369' title='bbox 1699 4370 1919 4441; x_wconf 88' lang='lat' dir='ltr'><strong>quidem</strong></span> 
     </span>
    </p>
   </div>
   <div class='ocr_carea' id='block_1_47' title="bbox 338 4457 1918 4532">
    <p class='ocr_par' dir='ltr' id='par_1_47' title="bbox 338 4457 1918 4532">
     <span class='ocr_line' id='line_1_47' title="bbox 338 4457 1918 4532; baseline 0.004 -20"><span class='ocrx_word' id='word_1_370' title='bbox 338 4457 674 4515; x_wconf 86' lang='lat' dir='ltr'><strong>Psalmorum</strong></span> <span class='ocrx_word' id='word_1_371' title='bbox 699 4462 918 4532; x_wconf 90' lang='lat' dir='ltr'><strong>pleuissi</strong></span> <span class='ocrx_word' id='word_1_372' title='bbox 929 4478 1012 4517; x_wconf 90' lang='lat' dir='ltr'><strong>me</strong></span> <span class='ocrx_word' id='word_1_373' title='bbox 1031 4463 1391 4532; x_wconf 89' lang='lat' dir='ltr'><strong>perdocemur</strong></span> <span class='ocrx_word' id='word_1_374' title='bbox 1406 4478 1529 4516; x_wconf 89' lang='lat' dir='ltr'><strong>cum</strong></span> <span class='ocrx_word' id='word_1_375' title='bbox 1550 4461 1751 4517; x_wconf 80' lang='lat' dir='ltr'><strong>dicit“:</strong></span> <span class='ocrx_word' id='word_1_376' title='bbox 1765 4480 1783 4513; x_wconf 79' lang='grc' dir='ltr'><strong>ι</strong></span> <span class='ocrx_word' id='word_1_377' title='bbox 1802 4460 1918 4518; x_wconf 85' lang='lat' dir='ltr'><strong>Non</strong></span> 
     </span>
    </p>
   </div>
   <div class='ocr_carea' id='block_1_48' title="bbox 2065 587 3640 665">
    <p class='ocr_par' dir='ltr' id='par_1_48' title="bbox 2065 587 3640 665">
     <span class='ocr_line' id='line_1_48' title="bbox 2065 587 3640 665; baseline 0.01 -29"><span class='ocrx_word' id='word_1_378' title='bbox 2065 594 2192 636; x_wconf 85' lang='lat' dir='ltr'><strong>runt</strong></span> <span class='ocrx_word' id='word_1_379' title='bbox 2217 594 2267 636; x_wconf 89' lang='lat' dir='ltr'><strong>et</strong></span> <span class='ocrx_word' id='word_1_380' title='bbox 2301 599 2478 638; x_wconf 77' lang='lat' dir='ltr'><strong>exesa:</strong></span> <span class='ocrx_word' id='word_1_381' title='bbox 2511 597 2637 638; x_wconf 86' lang='lat' dir='ltr'><strong>sunt</strong></span> <span class='ocrx_word' id='word_1_382' title='bbox 2659 587 2945 643; x_wconf 89' lang='lat' dir='ltr'><strong>cicatrices</strong></span> <span class='ocrx_word' id='word_1_383' title='bbox 2974 605 3108 645; x_wconf 66' lang='lat' dir='ltr'><strong>meae</strong></span> <span class='ocrx_word' id='word_1_384' title='bbox 3147 607 3176 645; x_wconf 87' lang='lat' dir='ltr'><strong>a</strong></span> <span class='ocrx_word' id='word_1_385' title='bbox 3213 591 3354 647; x_wconf 82' lang='lat' dir='ltr'><strong>facie</strong></span> <span class='ocrx_word' id='word_1_386' title='bbox 3378 596 3640 665; x_wconf 83' lang='lat' dir='ltr'><strong>insipien-</strong></span> 
     </span>
    </p>
   </div>
   <div class='ocr_carea' id='block_1_49' title="bbox 2064 677 3644 747">
    <p class='ocr_par' dir='ltr' id='par_1_49' title="bbox 2064 677 3644 747">
     <span class='ocr_line' id='line_1_49' title="bbox 2064 677 3644 747; baseline 0.008 -18"><span class='ocrx_word' id='word_1_387' title='bbox 2064 679 2151 730; x_wconf 72' lang='lat' dir='ltr'><strong>tia:</strong></span> <span class='ocrx_word' id='word_1_388' title='bbox 2201 690 2355 730; x_wconf 63' lang='lat' dir='ltr'><strong>ineas.</strong></span> <span class='ocrx_word' id='word_1_389' title='bbox 2388 677 2622 733; x_wconf 88' lang='lat' dir='ltr'><strong>Miseriis</strong></span> <span class='ocrx_word' id='word_1_390' title='bbox 2665 677 2895 735; x_wconf 87' lang='lat' dir='ltr'><strong>afflictus</strong></span> <span class='ocrx_word' id='word_1_391' title='bbox 2939 696 3082 747; x_wconf 89' lang='lat' dir='ltr'><strong>sum,</strong></span> <span class='ocrx_word' id='word_1_392' title='bbox 3115 693 3170 738; x_wconf 93' lang='lat' dir='ltr'><strong>et</strong></span> <span class='ocrx_word' id='word_1_393' title='bbox 3219 699 3477 742; x_wconf 86' lang='lat' dir='ltr'><strong>curvatus</strong></span> <span class='ocrx_word' id='word_1_394' title='bbox 3521 702 3644 742; x_wconf 91' lang='lat' dir='ltr'><strong>sum</strong></span> 
     </span>
    </p>
   </div>
   <div class='ocr_carea' id='block_1_50' title="bbox 2060 769 3644 847">
    <p class='ocr_par' dir='ltr' id='par_1_50' title="bbox 2060 769 3644 847">
     <span class='ocr_line' id='line_1_50' title="bbox 2060 769 3644 847; baseline 0.008 -26"><span class='ocrx_word' id='word_1_395' title='bbox 2060 784 2230 833; x_wconf 82' lang='lat' dir='ltr'><strong>usque</strong></span> <span class='ocrx_word' id='word_1_396' title='bbox 2262 771 2313 822; x_wconf 91' lang='lat' dir='ltr'><strong>iu</strong></span> <span class='ocrx_word' id='word_1_397' title='bbox 2347 769 2507 824; x_wconf 84' lang='lat' dir='ltr'><strong>finem</strong></span> <span class='ocrx_word' id='word_1_398' title='bbox 2560 770 2696 843; x_wconf 69' lang='lat'><strong>(48),</strong></span> <span class='ocrx_word' id='word_1_399' title='bbox 2737 791 2756 824; x_wconf 81' lang='grc' dir='ltr'><strong>ι</strong></span> <span class='ocrx_word' id='word_1_400' title='bbox 2796 781 2851 827; x_wconf 90' lang='lat' dir='ltr'><strong>et</strong></span> <span class='ocrx_word' id='word_1_401' title='bbox 2887 784 3082 828; x_wconf 62' lang='lat' dir='ltr'><strong>caetera</strong></span> <span class='ocrx_word' id='word_1_402' title='bbox 3129 777 3327 844; x_wconf 88' lang='lat' dir='ltr'><strong>quibus</strong></span> <span class='ocrx_word' id='word_1_403' title='bbox 3381 792 3517 847; x_wconf 88' lang='lat' dir='ltr'><strong>pene</strong></span> <span class='ocrx_word' id='word_1_404' title='bbox 3557 781 3644 833; x_wconf 81' lang='lat' dir='ltr'><strong>in-</strong></span> 
     </span>
    </p>
   </div>
   <div class='ocr_carea' id='block_1_51' title="bbox 2062 859 3641 930">
    <p class='ocr_par' dir='ltr' id='par_1_51' title="bbox 2062 859 3641 930">
     <span class='ocr_line' id='line_1_51' title="bbox 2062 859 3641 930; baseline 0.008 -19"><span class='ocrx_word' id='word_1_405' title='bbox 2062 867 2211 926; x_wconf 80' lang='lat' dir='ltr'><strong>teger</strong></span> <span class='ocrx_word' id='word_1_406' title='bbox 2262 860 2349 914; x_wconf 92' lang='lat' dir='ltr'><strong>hic</strong></span> <span class='ocrx_word' id='word_1_407' title='bbox 2388 861 2649 914; x_wconf 72' lang='lat' dir='ltr'><strong>scribitur</strong></span> <span class='ocrx_word' id='word_1_408' title='bbox 2681 859 2954 917; x_wconf 87' lang='lat' dir='ltr'><strong>Psalmus.</strong></span> <span class='ocrx_word' id='word_1_409' title='bbox 2988 864 3143 930; x_wconf 88' lang='lat' dir='ltr'><strong>Quod</strong></span> <span class='ocrx_word' id='word_1_410' title='bbox 3189 868 3232 918; x_wconf 89' lang='lat' dir='ltr'><strong>si</strong></span> <span class='ocrx_word' id='word_1_411' title='bbox 3284 862 3425 920; x_wconf 73' lang='lat' dir='ltr'><strong>forte</strong></span> <span class='ocrx_word' id='word_1_412' title='bbox 3475 869 3641 924; x_wconf 82' lang='lat' dir='ltr'><strong>alicui</strong></span> 
     </span>
    </p>
   </div>
   <div class='ocr_carea' id='block_1_52' title="bbox 2058 950 3644 1028">
    <p class='ocr_par' dir='ltr' id='par_1_52' title="bbox 2058 950 3644 1028">
     <span class='ocr_line' id='line_1_52' title="bbox 2058 950 3644 1028; baseline 0.008 -25"><span class='ocrx_word' id='word_1_413' title='bbox 2058 950 2330 1005; x_wconf 85' lang='lat' dir='ltr'><strong>videbitur</strong></span> <span class='ocrx_word' id='word_1_414' title='bbox 2360 952 2474 1007; x_wconf 61' lang='lat' dir='ltr'><strong>ha&#39;e</strong></span> <span class='ocrx_word' id='word_1_415' title='bbox 2515 952 2680 1006; x_wconf 87' lang='lat' dir='ltr'><strong>David</strong></span> <span class='ocrx_word' id='word_1_416' title='bbox 2734 954 2907 1021; x_wconf 85' lang='lat' dir='ltr'><strong>magis</strong></span> <span class='ocrx_word' id='word_1_417' title='bbox 2940 954 3009 1009; x_wconf 91' lang='lat' dir='ltr'><strong>de</strong></span> <span class='ocrx_word' id='word_1_418' title='bbox 3061 959 3388 1024; x_wconf 79' lang='lat' dir='ltr'><strong>semetipso,</strong></span> <span class='ocrx_word' id='word_1_419' title='bbox 3426 974 3525 1028; x_wconf 90' lang='lat' dir='ltr'><strong>pro</strong></span> <span class='ocrx_word' id='word_1_420' title='bbox 3558 961 3644 1016; x_wconf 81' lang='lat' dir='ltr'><strong>his</strong></span> 
     </span>
    </p>
   </div>
   <div class='ocr_carea' id='block_1_53' title="bbox 2057 1043 3640 1119">
    <p class='ocr_par' dir='ltr' id='par_1_53' title="bbox 2057 1043 3640 1119">
     <span class='ocr_line' id='line_1_53' title="bbox 2057 1043 3640 1119; baseline 0.008 -25"><span class='ocrx_word' id='word_1_421' title='bbox 2057 1057 2179 1110; x_wconf 77' lang='lat' dir='ltr'><strong>quae</strong></span> <span class='ocrx_word' id='word_1_422' title='bbox 2203 1043 2515 1098; x_wconf 86' lang='lat' dir='ltr'><strong>acciderant</strong></span> <span class='ocrx_word' id='word_1_423' title='bbox 2547 1045 2621 1107; x_wconf 90' lang='lat' dir='ltr'><strong>ei,</strong></span> <span class='ocrx_word' id='word_1_424' title='bbox 2666 1045 2851 1101; x_wconf 83' lang='lat' dir='ltr'><strong>dicere</strong></span> <span class='ocrx_word' id='word_1_425' title='bbox 2893 1046 3157 1115; x_wconf 86' lang='lat' dir='ltr'><strong>potuisse,</strong></span> <span class='ocrx_word' id='word_1_426' title='bbox 3189 1065 3351 1116; x_wconf 87' lang='lat' dir='ltr'><strong>quam</strong></span> <span class='ocrx_word' id='word_1_427' title='bbox 3387 1053 3454 1103; x_wconf 89' lang='lat' dir='ltr'><strong>de</strong></span> <span class='ocrx_word' id='word_1_428' title='bbox 3496 1052 3640 1119; x_wconf 87' lang='lat' dir='ltr'><strong>aliis,</strong></span> 
     </span>
    </p>
   </div>
   <div class='ocr_carea' id='block_1_54' title="bbox 2039 1136 3642 1212">
    <p class='ocr_par' dir='ltr' id='par_1_54' title="bbox 2039 1136 3642 1212">
     <span class='ocr_line' id='line_1_54' title="bbox 2039 1136 3642 1212; baseline 0.008 -29"><span class='ocrx_word' id='word_1_429' title='bbox 2039 1136 2184 1206; x_wconf 46' lang='lat' dir='ltr'><strong>‘quid</strong></span> <span class='ocrx_word' id='word_1_430' title='bbox 2209 1137 2370 1189; x_wconf 88' lang='lat' dir='ltr'><strong>etiam</strong></span> <span class='ocrx_word' id='word_1_431' title='bbox 2395 1137 2461 1191; x_wconf 90' lang='lat' dir='ltr'><strong>de</strong></span> <span class='ocrx_word' id='word_1_432' title='bbox 2491 1137 2710 1192; x_wconf 88' lang='lat' dir='ltr'><strong>Daniele</strong></span> <span class='ocrx_word' id='word_1_433' title='bbox 2732 1140 2997 1203; x_wconf 87' lang='lat' dir='ltr'><strong>dicemus,</strong></span> <span class='ocrx_word' id='word_1_434' title='bbox 3030 1142 3184 1210; x_wconf 81' lang='lat' dir='ltr'><strong>cujus</strong></span> <span class='ocrx_word' id='word_1_435' title='bbox 3209 1155 3490 1210; x_wconf 81' lang='lat' dir='ltr'><strong>peccatum</strong></span> <span class='ocrx_word' id='word_1_436' title='bbox 3519 1146 3642 1212; x_wconf 88' lang='lat' dir='ltr'><strong>qui-</strong></span> 
     </span>
    </p>
   </div>
   <div class='ocr_carea' id='block_1_55' title="bbox 2056 1227 3640 1302">
    <p class='ocr_par' dir='ltr' id='par_1_55' title="bbox 2056 1227 3640 1302">
     <span class='ocr_line' id='line_1_55' title="bbox 2056 1227 3640 1302; baseline 0.006 -22"><span class='ocrx_word' id='word_1_437' title='bbox 2056 1229 2176 1280; x_wconf 92' lang='lat' dir='ltr'><strong>dem</strong></span> <span class='ocrx_word' id='word_1_438' title='bbox 2222 1227 2429 1281; x_wconf 92' lang='lat' dir='ltr'><strong>nullum</strong></span> <span class='ocrx_word' id='word_1_439' title='bbox 2470 1229 2708 1283; x_wconf 76' lang='lat' dir='ltr'><strong>refertur</strong></span> <span class='ocrx_word' id='word_1_440' title='bbox 2742 1230 2857 1302; x_wconf 66' lang='lat'><strong>(49)</strong></span> <span class='ocrx_word' id='word_1_441' title='bbox 2894 1232 3332 1301; x_wconf 79' lang='lat' dir='ltr'><strong>exhomolngesis</strong></span> <span class='ocrx_word' id='word_1_442' title='bbox 3372 1244 3552 1290; x_wconf 90' lang='lat' dir='ltr'><strong>tamen</strong></span> <span class='ocrx_word' id='word_1_443' title='bbox 3584 1234 3640 1290; x_wconf 91' lang='lat' dir='ltr'><strong>in</strong></span> 
     </span>
    </p>
   </div>
   <div class='ocr_carea' id='block_1_56' title="bbox 2048 1316 3640 1390">
    <p class='ocr_par' dir='ltr' id='par_1_56' title="bbox 2048 1316 3640 1390">
     <span class='ocr_line' id='line_1_56' title="bbox 2048 1316 3640 1390; baseline 0.007 -21"><span class='ocrx_word' id='word_1_444' title='bbox 2048 1316 2274 1383; x_wconf 85' lang='lat' dir='ltr'><strong>jejuniis</strong></span> <span class='ocrx_word' id='word_1_445' title='bbox 2310 1328 2363 1371; x_wconf 92' lang='lat' dir='ltr'><strong>et</strong></span> <span class='ocrx_word' id='word_1_446' title='bbox 2388 1319 2568 1372; x_wconf 83' lang='lat' dir='ltr'><strong>cilicio</strong></span> <span class='ocrx_word' id='word_1_447' title='bbox 2601 1332 2654 1373; x_wconf 88' lang='lat' dir='ltr'><strong>et</strong></span> <span class='ocrx_word' id='word_1_448' title='bbox 2681 1322 2865 1375; x_wconf 89' lang='lat' dir='ltr'><strong>cinere</strong></span> <span class='ocrx_word' id='word_1_449' title='bbox 2887 1324 3236 1390; x_wconf 88' lang='lat' dir='ltr'><strong>describitur,</strong></span> <span class='ocrx_word' id='word_1_450' title='bbox 3264 1335 3320 1379; x_wconf 82' lang='lat' dir='ltr'><strong>et</strong></span> <span class='ocrx_word' id='word_1_451' title='bbox 3340 1328 3514 1380; x_wconf 88' lang='lat' dir='ltr'><strong>oratio</strong></span> <span class='ocrx_word' id='word_1_452' title='bbox 3544 1329 3640 1380; x_wconf 86' lang='lat' dir='ltr'><strong>htt-</strong></span> 
     </span>
    </p>
   </div>
   <div class='ocr_carea' id='block_1_57' title="bbox 1991 1392 3633 1474">
    <p class='ocr_par' dir='ltr' id='par_1_57' title="bbox 1991 1392 3633 1474">
     <span class='ocr_line' id='line_1_57' title="bbox 1991 1392 3633 1474; baseline 0.021 -32"><span class='ocrx_word' id='word_1_453' title='bbox 1991 1418 2001 1428; x_wconf 68' lang='grc' dir='ltr'><em>ο</em></span> <span class='ocrx_word' id='word_1_454' title='bbox 2045 1392 2300 1460; x_wconf 75' lang='lat' dir='ltr'><strong>jusntodi,</strong></span> <span class='ocrx_word' id='word_1_455' title='bbox 2326 1397 2378 1449; x_wconf 91' lang='lat' dir='ltr'><strong>in</strong></span> <span class='ocrx_word' id='word_1_456' title='bbox 2401 1413 2504 1467; x_wconf 92' lang='lat' dir='ltr'><strong>qua</strong></span> <span class='ocrx_word' id='word_1_457' title='bbox 2526 1401 2670 1457; x_wconf 87' lang='lat' dir='ltr'><strong>inter</strong></span> <span class='ocrx_word' id='word_1_458' title='bbox 2691 1414 2887 1461; x_wconf 63' lang='lat' dir='ltr'><strong>caetera</strong></span> <span class='ocrx_word' id='word_1_459' title='bbox 2912 1409 3075 1465; x_wconf 89' lang='lat' dir='ltr'><strong>etiam</strong></span> <span class='ocrx_word' id='word_1_460' title='bbox 3100 1412 3218 1467; x_wconf 67' lang='lat' dir='ltr'><strong>haec</strong></span> <span class='ocrx_word' id='word_1_461' title='bbox 3251 1416 3417 1471; x_wconf 89' lang='lat' dir='ltr'><strong>dicit:</strong></span> <span class='ocrx_word' id='word_1_462' title='bbox 3447 1438 3466 1469; x_wconf 75' lang='grc' dir='ltr'><strong>ι</strong></span> <span class='ocrx_word' id='word_1_463' title='bbox 3498 1419 3633 1474; x_wconf 86' lang='lat' dir='ltr'><strong>Pec-</strong></span> 
     </span>
    </p>
   </div>
   <div class='ocr_carea' id='block_1_58' title="bbox 2048 1486 3632 1582">
    <p class='ocr_par' dir='ltr' id='par_1_58' title="bbox 2048 1486 3632 1582">
     <span class='ocr_line' id='line_1_58' title="bbox 2048 1486 3632 1582; baseline 0.02 -45"><span class='ocrx_word' id='word_1_464' title='bbox 2048 1486 2311 1553; x_wconf 87' lang='lat' dir='ltr'><strong>cavimus,</strong></span> <span class='ocrx_word' id='word_1_465' title='bbox 2335 1489 2677 1565; x_wconf 87' lang='lat' dir='ltr'><strong>iniquitatem</strong></span> <span class='ocrx_word' id='word_1_466' title='bbox 2694 1497 2944 1569; x_wconf 88' lang='lat' dir='ltr'><strong>fecimus,</strong></span> <span class='ocrx_word' id='word_1_467' title='bbox 2964 1504 3165 1574; x_wconf 87' lang='lat' dir='ltr'><strong>injuste</strong></span> <span class='ocrx_word' id='word_1_468' title='bbox 3185 1509 3415 1580; x_wconf 87' lang='lat' dir='ltr'><strong>egimus,</strong></span> <span class='ocrx_word' id='word_1_469' title='bbox 3442 1513 3632 1582; x_wconf 86' lang='lat' dir='ltr'><strong>impie-</strong></span> 
     </span>
    </p>
   </div>
   <div class='ocr_carea' id='block_1_59' title="bbox 2055 1594 3637 1664">
    <p class='ocr_par' dir='ltr' id='par_1_59' title="bbox 2055 1594 3637 1664">
     <span class='ocr_line' id='line_1_59' title="bbox 2055 1594 3637 1664; baseline 0.009 -20"><span class='ocrx_word' id='word_1_470' title='bbox 2055 1599 2220 1645; x_wconf 83' lang='lat' dir='ltr'><strong>tatem</strong></span> <span class='ocrx_word' id='word_1_471' title='bbox 2248 1594 2642 1661; x_wconf 86' lang='lat' dir='ltr'><strong>commisimus,</strong></span> <span class='ocrx_word' id='word_1_472' title='bbox 2668 1607 2723 1650; x_wconf 93' lang='lat' dir='ltr'><strong>et</strong></span> <span class='ocrx_word' id='word_1_473' title='bbox 2749 1598 3121 1664; x_wconf 84' lang='lat' dir='ltr'><strong>discessimus,</strong></span> <span class='ocrx_word' id='word_1_474' title='bbox 3159 1613 3214 1655; x_wconf 91' lang='lat' dir='ltr'><strong>et</strong></span> <span class='ocrx_word' id='word_1_475' title='bbox 3241 1602 3637 1658; x_wconf 88' lang='lat' dir='ltr'><strong>declinavimus</strong></span> 
     </span>
    </p>
   </div>
   <div class='ocr_carea' id='block_1_60' title="bbox 2052 1689 3636 1760">
    <p class='ocr_par' dir='ltr' id='par_1_60' title="bbox 2052 1689 3636 1760">
     <span class='ocr_line' id='line_1_60' title="bbox 2052 1689 3636 1760; baseline 0.007 -20"><span class='ocrx_word' id='word_1_476' title='bbox 2052 1701 2081 1740; x_wconf 90' lang='lat' dir='ltr'><strong>a</strong></span> <span class='ocrx_word' id='word_1_477' title='bbox 2108 1689 2380 1744; x_wconf 89' lang='lat' dir='ltr'><strong>mandatis</strong></span> <span class='ocrx_word' id='word_1_478' title='bbox 2405 1690 2509 1745; x_wconf 91' lang='lat' dir='ltr'><strong>tuis</strong></span> <span class='ocrx_word' id='word_1_479' title='bbox 2531 1703 2579 1745; x_wconf 90' lang='lat' dir='ltr'><strong>et</strong></span> <span class='ocrx_word' id='word_1_480' title='bbox 2611 1707 2641 1746; x_wconf 90' lang='lat' dir='ltr'><strong>a</strong></span> <span class='ocrx_word' id='word_1_481' title='bbox 2670 1693 2901 1760; x_wconf 82' lang='lat' dir='ltr'><strong>judiciis</strong></span> <span class='ocrx_word' id='word_1_482' title='bbox 2934 1693 3062 1759; x_wconf 89' lang='lat' dir='ltr'><strong>tuis,</strong></span> <span class='ocrx_word' id='word_1_483' title='bbox 3089 1705 3145 1751; x_wconf 93' lang='lat' dir='ltr'><strong>et</strong></span> <span class='ocrx_word' id='word_1_484' title='bbox 3183 1713 3289 1750; x_wconf 93' lang='lat' dir='ltr'><strong>nou</strong></span> <span class='ocrx_word' id='word_1_485' title='bbox 3331 1698 3636 1751; x_wconf 89' lang='lat' dir='ltr'><strong>audivimus</strong></span> 
     </span>
    </p>
   </div>
   <div class='ocr_carea' id='block_1_61' title="bbox 2052 1783 3635 1853">
    <p class='ocr_par' dir='ltr' id='par_1_61' title="bbox 2052 1783 3635 1853">
     <span class='ocr_line' id='line_1_61' title="bbox 2052 1783 3635 1853; baseline 0.006 -21"><span class='ocrx_word' id='word_1_486' title='bbox 2052 1791 2242 1832; x_wconf 88' lang='lat' dir='ltr'><strong>servos</strong></span> <span class='ocrx_word' id='word_1_487' title='bbox 2271 1788 2394 1834; x_wconf 91' lang='lat' dir='ltr'><strong>tuos</strong></span> <span class='ocrx_word' id='word_1_488' title='bbox 2423 1783 2737 1850; x_wconf 89' lang='lat' dir='ltr'><strong>prophetas,</strong></span> <span class='ocrx_word' id='word_1_489' title='bbox 2760 1784 2851 1853; x_wconf 88' lang='lat' dir='ltr'><strong>qui</strong></span> <span class='ocrx_word' id='word_1_490' title='bbox 2895 1784 3255 1852; x_wconf 85' lang='lat' dir='ltr'><strong>loquebantur</strong></span> <span class='ocrx_word' id='word_1_491' title='bbox 3277 1788 3433 1841; x_wconf 87' lang='lat' dir='ltr'><strong>nobis</strong></span> <span class='ocrx_word' id='word_1_492' title='bbox 3455 1788 3506 1841; x_wconf 93' lang='lat' dir='ltr'><strong>in</strong></span> <span class='ocrx_word' id='word_1_493' title='bbox 3538 1803 3635 1842; x_wconf 91' lang='lat' dir='ltr'><strong>no-</strong></span> 
     </span>
    </p>
   </div>
   <div class='ocr_carea' id='block_1_62' title="bbox 1979 1853 3634 1952">
    <p class='ocr_par' dir='ltr' id='par_1_62' title="bbox 1979 1853 3634 1952">
     <span class='ocr_line' id='line_1_62' title="bbox 1979 1853 3634 1952; baseline 0.008 -30"><span class='ocrx_word' id='word_1_494' title='bbox 1979 1853 2024 1910; x_wconf 84' lang='grc' dir='ltr'><strong>Β</strong></span> <span class='ocrx_word' id='word_1_495' title='bbox 2054 1870 2198 1924; x_wconf 90' lang='lat' dir='ltr'><strong>mine</strong></span> <span class='ocrx_word' id='word_1_496' title='bbox 2220 1878 2332 1935; x_wconf 92' lang='lat' dir='ltr'><strong>tuo,</strong></span> <span class='ocrx_word' id='word_1_497' title='bbox 2366 1884 2420 1926; x_wconf 91' lang='lat' dir='ltr'><strong>et</strong></span> <span class='ocrx_word' id='word_1_498' title='bbox 2456 1875 2694 1942; x_wconf 77' lang='lat' dir='ltr'><strong>regibus,</strong></span> <span class='ocrx_word' id='word_1_499' title='bbox 2726 1885 2781 1928; x_wconf 92' lang='lat' dir='ltr'><strong>et</strong></span> <span class='ocrx_word' id='word_1_500' title='bbox 2812 1876 3155 1946; x_wconf 88' lang='lat' dir='ltr'><strong>principibus</strong></span> <span class='ocrx_word' id='word_1_501' title='bbox 3197 1881 3399 1933; x_wconf 83' lang='lat' dir='ltr'><strong>nostris</strong></span> <span class='ocrx_word' id='word_1_502' title='bbox 3423 1881 3557 1952; x_wconf 82' lang='grc'><strong>(50),</strong></span> <span class='ocrx_word' id='word_1_503' title='bbox 3580 1892 3634 1938; x_wconf 83' lang='lat' dir='ltr'><strong>et</strong></span> 
     </span>
    </p>
   </div>
   <div class='ocr_carea' id='block_1_63' title="bbox 2049 1962 3629 2041">
    <p class='ocr_par' dir='ltr' id='par_1_63' title="bbox 2049 1962 3629 2041">
     <span class='ocr_line' id='line_1_63' title="bbox 2049 1962 3629 2041; baseline 0.009 -27"><span class='ocrx_word' id='word_1_504' title='bbox 2049 1962 2296 2030; x_wconf 87' lang='lat' dir='ltr'><strong>patribus</strong></span> <span class='ocrx_word' id='word_1_505' title='bbox 2318 1964 2544 2029; x_wconf 88' lang='lat' dir='ltr'><strong>nostris,</strong></span> <span class='ocrx_word' id='word_1_506' title='bbox 2576 1976 2629 2020; x_wconf 87' lang='lat' dir='ltr'><strong>et</strong></span> <span class='ocrx_word' id='word_1_507' title='bbox 2653 1969 2798 2022; x_wconf 89' lang='lat' dir='ltr'><strong>onmi</strong></span> <span class='ocrx_word' id='word_1_508' title='bbox 2828 1969 3025 2041; x_wconf 85' lang='lat' dir='ltr'><strong>populo</strong></span> <span class='ocrx_word' id='word_1_509' title='bbox 3059 1972 3260 2025; x_wconf 62' lang='lat' dir='ltr'><strong>terras?</strong></span> <span class='ocrx_word' id='word_1_510' title='bbox 3282 1970 3342 2025; x_wconf 87' lang='lat' dir='ltr'><strong>Et</strong></span> <span class='ocrx_word' id='word_1_511' title='bbox 3382 1972 3500 2038; x_wconf 87' lang='lat' dir='ltr'><strong>tibi,</strong></span> <span class='ocrx_word' id='word_1_512' title='bbox 3526 1974 3629 2027; x_wconf 62' lang='lat' dir='ltr'><strong>Do-</strong></span> 
     </span>
    </p>
   </div>
   <div class='ocr_carea' id='block_1_64' title="bbox 2045 2054 3632 2133">
    <p class='ocr_par' dir='ltr' id='par_1_64' title="bbox 2045 2054 3632 2133">
     <span class='ocr_line' id='line_1_64' title="bbox 2045 2054 3632 2133; baseline 0.011 -28"><span class='ocrx_word' id='word_1_513' title='bbox 2045 2054 2212 2118; x_wconf 90' lang='lat' dir='ltr'><strong>mine,</strong></span> <span class='ocrx_word' id='word_1_514' title='bbox 2243 2055 2643 2124; x_wconf 77' lang='lat' dir='ltr'><strong>justitia.nobis</strong></span> <span class='ocrx_word' id='word_1_515' title='bbox 2665 2069 2845 2115; x_wconf 89' lang='lat' dir='ltr'><strong>autem</strong></span> <span class='ocrx_word' id='word_1_516' title='bbox 2875 2061 3122 2118; x_wconf 89' lang='lat' dir='ltr'><strong>confusio</strong></span> <span class='ocrx_word' id='word_1_517' title='bbox 3154 2064 3311 2118; x_wconf 81' lang='lat' dir='ltr'><strong>faciei</strong></span> <span class='ocrx_word' id='word_1_518' title='bbox 3340 2064 3408 2120; x_wconf 72' lang='grc'><strong>⁸⁸.</strong></span> <span class='ocrx_word' id='word_1_519' title='bbox 3446 2083 3466 2118; x_wconf 83' lang='grc' dir='ltr'><strong>ι</strong></span> <span class='ocrx_word' id='word_1_520' title='bbox 3498 2065 3632 2133; x_wconf 90' lang='lat' dir='ltr'><strong>Quis</strong></span> 
     </span>
    </p>
   </div>
   <div class='ocr_carea' id='block_1_65' title="bbox 2044 2148 3631 2229">
    <p class='ocr_par' dir='ltr' id='par_1_65' title="bbox 2044 2148 3631 2229">
     <span class='ocr_line' id='line_1_65' title="bbox 2044 2148 3631 2229; baseline 0.009 -30"><span class='ocrx_word' id='word_1_521' title='bbox 2044 2155 2127 2200; x_wconf 88' lang='lat' dir='ltr'><strong>est</strong></span> <span class='ocrx_word' id='word_1_522' title='bbox 2151 2148 2239 2216; x_wconf 90' lang='lat' dir='ltr'><strong>qui</strong></span> <span class='ocrx_word' id='word_1_523' title='bbox 2268 2148 2321 2202; x_wconf 94' lang='lat' dir='ltr'><strong>in</strong></span> <span class='ocrx_word' id='word_1_524' title='bbox 2350 2149 2434 2204; x_wconf 90' lang='lat' dir='ltr'><strong>his</strong></span> <span class='ocrx_word' id='word_1_525' title='bbox 2463 2152 2648 2207; x_wconf 91' lang='lat' dir='ltr'><strong>verbis</strong></span> <span class='ocrx_word' id='word_1_526' title='bbox 2681 2168 2885 2224; x_wconf 90' lang='lat' dir='ltr'><strong>negare</strong></span> <span class='ocrx_word' id='word_1_527' title='bbox 2911 2156 3084 2225; x_wconf 81' lang='lat' dir='ltr'><strong>possit</strong></span> <span class='ocrx_word' id='word_1_528' title='bbox 3119 2172 3411 2226; x_wconf 87' lang='lat' dir='ltr'><strong>personam</strong></span> <span class='ocrx_word' id='word_1_529' title='bbox 3439 2175 3631 2229; x_wconf 76' lang='lat' dir='ltr'><strong>pecca-</strong></span> 
     </span>
    </p>
   </div>
   <div class='ocr_carea' id='block_1_66' title="bbox 2047 2239 3628 2317">
    <p class='ocr_par' dir='ltr' id='par_1_66' title="bbox 2047 2239 3628 2317">
     <span class='ocr_line' id='line_1_66' title="bbox 2047 2239 3628 2317; baseline 0.008 -26"><span class='ocrx_word' id='word_1_530' title='bbox 2047 2245 2222 2291; x_wconf 85' lang='lat' dir='ltr'><strong>torum</strong></span> <span class='ocrx_word' id='word_1_531' title='bbox 2255 2255 2283 2293; x_wconf 93' lang='lat' dir='ltr'><strong>a</strong></span> <span class='ocrx_word' id='word_1_532' title='bbox 2335 2239 2557 2297; x_wconf 90' lang='lat' dir='ltr'><strong>Daniele</strong></span> <span class='ocrx_word' id='word_1_533' title='bbox 2594 2258 2716 2298; x_wconf 90' lang='lat' dir='ltr'><strong>esse</strong></span> <span class='ocrx_word' id='word_1_534' title='bbox 2749 2258 3093 2316; x_wconf 88' lang='lat' dir='ltr'><strong>susceptam,</strong></span> <span class='ocrx_word' id='word_1_535' title='bbox 3127 2262 3225 2317; x_wconf 89' lang='lat' dir='ltr'><strong>pro</strong></span> <span class='ocrx_word' id='word_1_536' title='bbox 3271 2249 3465 2316; x_wconf 88' lang='lat' dir='ltr'><strong>quibus</strong></span> <span class='ocrx_word' id='word_1_537' title='bbox 3510 2258 3628 2304; x_wconf 86' lang='lat' dir='ltr'><strong>tan-</strong></span> 
     </span>
    </p>
   </div>
   <div class='ocr_carea' id='block_1_67' title="bbox 2041 2333 3629 2403">
    <p class='ocr_par' dir='ltr' id='par_1_67' title="bbox 2041 2333 3629 2403">
     <span class='ocr_line' id='line_1_67' title="bbox 2041 2333 3629 2403; baseline 0.009 -22"><span class='ocrx_word' id='word_1_538' title='bbox 2041 2343 2205 2399; x_wconf 90' lang='lat' dir='ltr'><strong>quam</strong></span> <span class='ocrx_word' id='word_1_539' title='bbox 2238 2346 2338 2400; x_wconf 91' lang='lat' dir='ltr'><strong>pro</strong></span> <span class='ocrx_word' id='word_1_540' title='bbox 2368 2333 2546 2403; x_wconf 87' lang='lat' dir='ltr'><strong>seipse</strong></span> <span class='ocrx_word' id='word_1_541' title='bbox 2582 2334 2699 2389; x_wconf 64' lang='lat' dir='ltr'><strong>haec</strong></span> <span class='ocrx_word' id='word_1_542' title='bbox 2747 2336 2928 2391; x_wconf 89' lang='lat' dir='ltr'><strong>dicere</strong></span> <span class='ocrx_word' id='word_1_543' title='bbox 2966 2339 3216 2393; x_wconf 89' lang='lat' dir='ltr'><strong>videatur</strong></span> <span class='ocrx_word' id='word_1_544' title='bbox 3242 2340 3267 2393; x_wconf 83' lang='lat'><strong>?</strong></span> <span class='ocrx_word' id='word_1_545' title='bbox 3293 2339 3450 2396; x_wconf 90' lang='lat' dir='ltr'><strong>Unde</strong></span> <span class='ocrx_word' id='word_1_546' title='bbox 3495 2356 3629 2396; x_wconf 90' lang='lat' dir='ltr'><strong>con-</strong></span> 
     </span>
    </p>
   </div>
   <div class='ocr_carea' id='block_1_68' title="bbox 2040 2423 3626 2497">
    <p class='ocr_par' dir='ltr' id='par_1_68' title="bbox 2040 2423 3626 2497">
     <span class='ocr_line' id='line_1_68' title="bbox 2040 2423 3626 2497; baseline 0.007 -22"><span class='ocrx_word' id='word_1_547' title='bbox 2040 2423 2265 2479; x_wconf 88' lang='lat' dir='ltr'><strong>veniens</strong></span> <span class='ocrx_word' id='word_1_548' title='bbox 2322 2435 2406 2479; x_wconf 92' lang='lat' dir='ltr'><strong>est</strong></span> <span class='ocrx_word' id='word_1_549' title='bbox 2457 2440 2555 2480; x_wconf 90' lang='lat' dir='ltr'><strong>nos</strong></span> <span class='ocrx_word' id='word_1_550' title='bbox 2612 2426 2855 2497; x_wconf 85' lang='lat' dir='ltr'><strong>legentes</strong></span> <span class='ocrx_word' id='word_1_551' title='bbox 2901 2430 3047 2484; x_wconf 89' lang='lat' dir='ltr'><strong>dicta</strong></span> <span class='ocrx_word' id='word_1_552' title='bbox 3107 2440 3460 2497; x_wconf 88' lang='lat' dir='ltr'><strong>sanctorum,</strong></span> <span class='ocrx_word' id='word_1_553' title='bbox 3504 2449 3626 2488; x_wconf 90' lang='lat' dir='ltr'><strong>cum</strong></span> 
     </span>
    </p>
   </div>
   <div class='ocr_carea' id='block_1_69' title="bbox 2040 2515 3627 2596">
    <p class='ocr_par' dir='ltr' id='par_1_69' title="bbox 2040 2515 3627 2596">
     <span class='ocr_line' id='line_1_69' title="bbox 2040 2515 3627 2596; baseline 0.008 -28"><span class='ocrx_word' id='word_1_554' title='bbox 2040 2515 2109 2570; x_wconf 93' lang='lat' dir='ltr'><strong>ab</strong></span> <span class='ocrx_word' id='word_1_555' title='bbox 2155 2516 2237 2570; x_wconf 91' lang='lat' dir='ltr'><strong>eis</strong></span> <span class='ocrx_word' id='word_1_556' title='bbox 2292 2517 2398 2571; x_wconf 88' lang='lat' dir='ltr'><strong>tale</strong></span> <span class='ocrx_word' id='word_1_557' title='bbox 2454 2517 2659 2588; x_wconf 77' lang='lat' dir='ltr'><strong>aliquid</strong></span> <span class='ocrx_word' id='word_1_558' title='bbox 2710 2521 2816 2575; x_wconf 84' lang='lat' dir='ltr'><strong>dici</strong></span> <span class='ocrx_word' id='word_1_559' title='bbox 2881 2522 3166 2591; x_wconf 89' lang='lat' dir='ltr'><strong>videmus,</strong></span> <span class='ocrx_word' id='word_1_560' title='bbox 3213 2524 3520 2596; x_wconf 83' lang='lat' dir='ltr'><strong>intelligere</strong></span> <span class='ocrx_word' id='word_1_561' title='bbox 3572 2534 3627 2581; x_wconf 89' lang='lat' dir='ltr'><strong>et</strong></span> 
     </span>
    </p>
   </div>
   <div class='ocr_carea' id='block_1_70' title="bbox 2039 2610 3627 2685">
    <p class='ocr_par' dir='ltr' id='par_1_70' title="bbox 2039 2610 3627 2685">
     <span class='ocr_line' id='line_1_70' title="bbox 2039 2610 3627 2685; baseline 0.007 -23"><span class='ocrx_word' id='word_1_562' title='bbox 2039 2610 2244 2664; x_wconf 85' lang='lat' dir='ltr'><strong>sentire</strong></span> <span class='ocrx_word' id='word_1_563' title='bbox 2291 2610 2418 2679; x_wconf 91' lang='lat' dir='ltr'><strong>quia</strong></span> <span class='ocrx_word' id='word_1_564' title='bbox 2469 2622 2686 2667; x_wconf 88' lang='lat' dir='ltr'><strong>nostras</strong></span> <span class='ocrx_word' id='word_1_565' title='bbox 2733 2612 2786 2667; x_wconf 92' lang='lat' dir='ltr'><strong>in</strong></span> <span class='ocrx_word' id='word_1_566' title='bbox 2834 2614 3139 2682; x_wconf 85' lang='lat' dir='ltr'><strong>semetipsis</strong></span> <span class='ocrx_word' id='word_1_567' title='bbox 3192 2618 3477 2685; x_wconf 74' lang='lat' dir='ltr'><strong>passioiies</strong></span> <span class='ocrx_word' id='word_1_568' title='bbox 3526 2634 3627 2672; x_wconf 80' lang='lat' dir='ltr'><strong>no-</strong></span> 
     </span>
    </p>
   </div>
   <div class='ocr_carea' id='block_1_71' title="bbox 2037 2705 3621 2781">
    <p class='ocr_par' dir='ltr' id='par_1_71' title="bbox 2037 2705 3621 2781">
     <span class='ocr_line' id='line_1_71' title="bbox 2037 2705 3621 2781; baseline 0.007 -28"><span class='ocrx_word' id='word_1_569' title='bbox 2037 2709 2265 2768; x_wconf 87' lang='lat' dir='ltr'><strong>straquc</strong></span> <span class='ocrx_word' id='word_1_570' title='bbox 2309 2713 2532 2772; x_wconf 88' lang='lat' dir='ltr'><strong>peccata</strong></span> <span class='ocrx_word' id='word_1_571' title='bbox 2583 2705 2937 2770; x_wconf 85' lang='lat' dir='ltr'><strong>describunt;</strong></span> <span class='ocrx_word' id='word_1_572' title='bbox 2995 2717 3049 2761; x_wconf 90' lang='lat' dir='ltr'><strong>et</strong></span> <span class='ocrx_word' id='word_1_573' title='bbox 3109 2718 3395 2776; x_wconf 81' lang='lat' dir='ltr'><strong>prepterea</strong></span> <span class='ocrx_word' id='word_1_574' title='bbox 3457 2708 3621 2781; x_wconf 76' lang='lat'><strong>587</strong></span> 
     </span>
    </p>
   </div>
   <div class='ocr_carea' id='block_1_72' title="bbox 2037 2792 3627 2859">
    <p class='ocr_par' dir='ltr' id='par_1_72' title="bbox 2037 2792 3627 2859">
     <span class='ocr_line' id='line_1_72' title="bbox 2037 2792 3627 2859; baseline 0.005 -11"><span class='ocrx_word' id='word_1_575' title='bbox 2037 2793 2152 2848; x_wconf 64' lang='lat' dir='ltr'><strong>haec</strong></span> <span class='ocrx_word' id='word_1_576' title='bbox 2214 2792 2288 2847; x_wconf 94' lang='lat' dir='ltr'><strong>illi</strong></span> <span class='ocrx_word' id='word_1_577' title='bbox 2347 2794 2567 2859; x_wconf 84' lang='lat' dir='ltr'><strong>deﬂent,</strong></span> <span class='ocrx_word' id='word_1_578' title='bbox 2632 2805 2689 2851; x_wconf 91' lang='lat' dir='ltr'><strong>ut</strong></span> <span class='ocrx_word' id='word_1_579' title='bbox 2756 2797 2970 2852; x_wconf 87' lang='lat' dir='ltr'><strong>illorum</strong></span> <span class='ocrx_word' id='word_1_580' title='bbox 3031 2795 3246 2855; x_wconf 82' lang='lat' dir='ltr'><strong>ﬂetibus</strong></span> <span class='ocrx_word' id='word_1_581' title='bbox 3285 2814 3383 2854; x_wconf 84' lang='lat' dir='ltr'><strong>nos</strong></span> <span class='ocrx_word' id='word_1_582' title='bbox 3428 2801 3627 2856; x_wconf 83' lang='lat' dir='ltr'><strong>invite-</strong></span> 
     </span>
    </p>
   </div>
   <div class='ocr_carea' id='block_1_73' title="bbox 2036 2887 3623 2960">
    <p class='ocr_par' dir='ltr' id='par_1_73' title="bbox 2036 2887 3623 2960">
     <span class='ocr_line' id='line_1_73' title="bbox 2036 2887 3623 2960; baseline 0.006 -21"><span class='ocrx_word' id='word_1_583' title='bbox 2036 2901 2159 2940; x_wconf 90' lang='lat' dir='ltr'><strong>mur</strong></span> <span class='ocrx_word' id='word_1_584' title='bbox 2189 2887 2255 2940; x_wconf 90' lang='lat' dir='ltr'><strong>ad</strong></span> <span class='ocrx_word' id='word_1_585' title='bbox 2286 2887 2577 2960; x_wconf 89' lang='lat' dir='ltr'><strong>lacrymas.</strong></span> <span class='ocrx_word' id='word_1_586' title='bbox 2610 2889 3041 2945; x_wconf 86' lang='lat' dir='ltr'><strong>Cousiderabant</strong></span> <span class='ocrx_word' id='word_1_587' title='bbox 3068 2893 3212 2946; x_wconf 86' lang='lat' dir='ltr'><strong>enim</strong></span> <span class='ocrx_word' id='word_1_588' title='bbox 3247 2893 3519 2947; x_wconf 88' lang='lat' dir='ltr'><strong>neminem</strong></span> <span class='ocrx_word' id='word_1_589' title='bbox 3548 2895 3623 2950; x_wconf 91' lang='lat' dir='ltr'><strong>ita</strong></span> 
     </span>
    </p>
   </div>
   <div class='ocr_carea' id='block_1_74' title="bbox 2035 2977 3623 3052">
    <p class='ocr_par' dir='ltr' id='par_1_74' title="bbox 2035 2977 3623 3052">
     <span class='ocr_line' id='line_1_74' title="bbox 2035 2977 3623 3052; baseline 0.005 -21"><span class='ocrx_word' id='word_1_590' title='bbox 2035 2977 2227 3031; x_wconf 93' lang='lat' dir='ltr'><strong>durum</strong></span> <span class='ocrx_word' id='word_1_591' title='bbox 2257 2986 2311 3031; x_wconf 91' lang='lat' dir='ltr'><strong>et</strong></span> <span class='ocrx_word' id='word_1_592' title='bbox 2341 2978 2611 3048; x_wconf 89' lang='lat' dir='ltr'><strong>ingratum</strong></span> <span class='ocrx_word' id='word_1_593' title='bbox 2640 2980 2754 3052; x_wconf 78' lang='grc'><strong>(51)</strong></span> <span class='ocrx_word' id='word_1_594' title='bbox 2782 2996 2940 3050; x_wconf 87' lang='lat' dir='ltr'><strong>posse</strong></span> <span class='ocrx_word' id='word_1_595' title='bbox 2969 2981 3221 3044; x_wconf 90' lang='lat' dir='ltr'><strong>inveniri,</strong></span> <span class='ocrx_word' id='word_1_596' title='bbox 3265 2983 3357 3051; x_wconf 90' lang='lat' dir='ltr'><strong>qui</strong></span> <span class='ocrx_word' id='word_1_597' title='bbox 3391 2998 3514 3038; x_wconf 90' lang='lat' dir='ltr'><strong>cum</strong></span> <span class='ocrx_word' id='word_1_598' title='bbox 3551 2986 3623 3039; x_wconf 92' lang='lat' dir='ltr'><strong>ab</strong></span> 
     </span>
    </p>
   </div>
   <div class='ocr_carea' id='block_1_75' title="bbox 2034 3068 3621 3141">
    <p class='ocr_par' dir='ltr' id='par_1_75' title="bbox 2034 3068 3621 3141">
     <span class='ocr_line' id='line_1_75' title="bbox 2034 3068 3621 3141; baseline 0.003 -19"><span class='ocrx_word' id='word_1_599' title='bbox 2034 3068 2154 3123; x_wconf 90' lang='lat' dir='ltr'><strong>aliis</strong></span> <span class='ocrx_word' id='word_1_600' title='bbox 2219 3069 2400 3123; x_wconf 75' lang='lat' dir='ltr'><strong>videat</strong></span> <span class='ocrx_word' id='word_1_601' title='bbox 2464 3070 2690 3124; x_wconf 89' lang='lat' dir='ltr'><strong>vulnera</strong></span> <span class='ocrx_word' id='word_1_602' title='bbox 2771 3087 2869 3125; x_wconf 92' lang='lat' dir='ltr'><strong>sua</strong></span> <span class='ocrx_word' id='word_1_603' title='bbox 2948 3070 3167 3141; x_wconf 87' lang='lat' dir='ltr'><strong>lugeri,</strong></span> <span class='ocrx_word' id='word_1_604' title='bbox 3232 3071 3349 3141; x_wconf 73' lang='lat' dir='ltr'><strong>ipse</strong></span> <span class='ocrx_word' id='word_1_605' title='bbox 3415 3073 3621 3127; x_wconf 92' lang='lat' dir='ltr'><strong>nullum</strong></span> 
     </span>
    </p>
   </div>
   <div class='ocr_carea' id='block_1_76' title="bbox 2036 3161 3618 3235">
    <p class='ocr_par' dir='ltr' id='par_1_76' title="bbox 2036 3161 3618 3235">
     <span class='ocr_line' id='line_1_76' title="bbox 2036 3161 3618 3235; baseline 0.001 -19"><span class='ocrx_word' id='word_1_606' title='bbox 2036 3161 2103 3217; x_wconf 89' lang='lat' dir='ltr'><strong>de</strong></span> <span class='ocrx_word' id='word_1_607' title='bbox 2156 3163 2272 3217; x_wconf 89' lang='lat' dir='ltr'><strong>suis</strong></span> <span class='ocrx_word' id='word_1_608' title='bbox 2320 3163 2643 3219; x_wconf 81' lang='lat' dir='ltr'><strong>vulneribus</strong></span> <span class='ocrx_word' id='word_1_609' title='bbox 2700 3178 2925 3219; x_wconf 92' lang='lat' dir='ltr'><strong>sensum</strong></span> <span class='ocrx_word' id='word_1_610' title='bbox 2973 3163 3181 3218; x_wconf 89' lang='lat' dir='ltr'><strong>doloris</strong></span> <span class='ocrx_word' id='word_1_611' title='bbox 3233 3165 3494 3235; x_wconf 87' lang='lat' dir='ltr'><strong>accipiat.</strong></span> <span class='ocrx_word' id='word_1_612' title='bbox 3538 3166 3618 3219; x_wconf 85' lang='lat' dir='ltr'><strong>Ita</strong></span> 
     </span>
    </p>
   </div>
   <div class='ocr_carea' id='block_1_77' title="bbox 2045 3255 3622 3326">
    <p class='ocr_par' dir='ltr' id='par_1_77' title="bbox 2045 3255 3622 3326">
     <span class='ocr_line' id='line_1_77' title="bbox 2045 3255 3622 3326; baseline 0.001 -16"><span class='ocrx_word' id='word_1_613' title='bbox 2045 3270 2176 3326; x_wconf 88' lang='lat' dir='ltr'><strong>ergo</strong></span> <span class='ocrx_word' id='word_1_614' title='bbox 2206 3262 2262 3310; x_wconf 87' lang='lat' dir='ltr'><strong>et</strong></span> <span class='ocrx_word' id='word_1_615' title='bbox 2292 3255 2346 3309; x_wconf 94' lang='lat' dir='ltr'><strong>in</strong></span> <span class='ocrx_word' id='word_1_616' title='bbox 2377 3256 2635 3325; x_wconf 64' lang='lat' dir='ltr'><strong>praesenti</strong></span> <span class='ocrx_word' id='word_1_617' title='bbox 2669 3256 2907 3326; x_wconf 88' lang='lat' dir='ltr'><strong>capitulo</strong></span> <span class='ocrx_word' id='word_1_618' title='bbox 2931 3255 3226 3325; x_wconf 73' lang='lat' dir='ltr'><strong>Apostolus</strong></span> <span class='ocrx_word' id='word_1_619' title='bbox 3256 3270 3325 3310; x_wconf 90' lang='lat' dir='ltr'><strong>ne</strong></span> <span class='ocrx_word' id='word_1_620' title='bbox 3352 3258 3474 3325; x_wconf 89' lang='lat' dir='ltr'><strong>quis</strong></span> <span class='ocrx_word' id='word_1_621' title='bbox 3524 3272 3622 3311; x_wconf 86' lang='lat' dir='ltr'><strong>no-</strong></span> 
     </span>
    </p>
   </div>
   <div class='ocr_carea' id='block_1_78' title="bbox 2039 3345 3617 3420">
    <p class='ocr_par' dir='ltr' id='par_1_78' title="bbox 2039 3345 3617 3420">
     <span class='ocr_line' id='line_1_78' title="bbox 2039 3345 3617 3420; baseline 0.001 -17"><span class='ocrx_word' id='word_1_622' title='bbox 2039 3358 2212 3403; x_wconf 87' lang='lat' dir='ltr'><strong>strum</strong></span> <span class='ocrx_word' id='word_1_623' title='bbox 2240 3351 2677 3408; x_wconf 84' lang='lat' dir='ltr'><strong>erubesceretde</strong></span> <span class='ocrx_word' id='word_1_624' title='bbox 2692 3350 2778 3407; x_wconf 91' lang='lat' dir='ltr'><strong>his</strong></span> <span class='ocrx_word' id='word_1_625' title='bbox 2794 3345 3075 3420; x_wconf 64' lang='lat' dir='ltr'><strong>qumiutra</strong></span> <span class='ocrx_word' id='word_1_626' title='bbox 3127 3363 3187 3403; x_wconf 90' lang='lat' dir='ltr'><strong>se</strong></span> <span class='ocrx_word' id='word_1_627' title='bbox 3214 3350 3330 3417; x_wconf 89' lang='lat' dir='ltr'><strong>geri</strong></span> <span class='ocrx_word' id='word_1_628' title='bbox 3366 3350 3617 3412; x_wconf 87' lang='lat' dir='ltr'><strong>sentiret,</strong></span> 
     </span>
    </p>
   </div>
   <div class='ocr_carea' id='block_1_79' title="bbox 2039 3442 3618 3512">
    <p class='ocr_par' dir='ltr' id='par_1_79' title="bbox 2039 3442 3618 3512">
     <span class='ocr_line' id='line_1_79' title="bbox 2039 3442 3618 3512; baseline 0.001 -17"><span class='ocrx_word' id='word_1_629' title='bbox 2039 3451 2130 3495; x_wconf 90' lang='lat' dir='ltr'><strong>aut</strong></span> <span class='ocrx_word' id='word_1_630' title='bbox 2164 3442 2330 3495; x_wconf 89' lang='lat' dir='ltr'><strong>etiam</strong></span> <span class='ocrx_word' id='word_1_631' title='bbox 2368 3456 2675 3496; x_wconf 89' lang='lat' dir='ltr'><strong>conversus</strong></span> <span class='ocrx_word' id='word_1_632' title='bbox 2720 3442 2786 3497; x_wconf 87' lang='lat' dir='ltr'><strong>ad</strong></span> <span class='ocrx_word' id='word_1_633' title='bbox 2831 3442 3146 3507; x_wconf 88' lang='lat' dir='ltr'><strong>Dominum,</strong></span> <span class='ocrx_word' id='word_1_634' title='bbox 3185 3452 3242 3495; x_wconf 91' lang='lat' dir='ltr'><strong>ct</strong></span> <span class='ocrx_word' id='word_1_635' title='bbox 3267 3451 3476 3496; x_wconf 90' lang='lat' dir='ltr'><strong>mutata</strong></span> <span class='ocrx_word' id='word_1_636' title='bbox 3505 3442 3618 3512; x_wconf 85' lang='lat' dir='ltr'><strong>jam</strong></span> 
     </span>
    </p>
   </div>
   <div class='ocr_carea' id='block_1_80' title="bbox 2045 3532 3617 3606">
    <p class='ocr_par' dir='ltr' id='par_1_80' title="bbox 2045 3532 3617 3606">
     <span class='ocr_line' id='line_1_80' title="bbox 2045 3532 3617 3606; baseline 0.001 -21"><span class='ocrx_word' id='word_1_637' title='bbox 2045 3533 2328 3588; x_wconf 87' lang='lat' dir='ltr'><strong>voluntate</strong></span> <span class='ocrx_word' id='word_1_638' title='bbox 2374 3532 2513 3606; x_wconf 79' lang='lat'><strong>(52),</strong></span> <span class='ocrx_word' id='word_1_639' title='bbox 2575 3550 2643 3589; x_wconf 90' lang='lat' dir='ltr'><strong>ne</strong></span> <span class='ocrx_word' id='word_1_640' title='bbox 2701 3537 2816 3588; x_wconf 67' lang='lat' dir='ltr'><strong>haec</strong></span> <span class='ocrx_word' id='word_1_641' title='bbox 2858 3536 3037 3589; x_wconf 88' lang='lat' dir='ltr'><strong>adhuc</strong></span> <span class='ocrx_word' id='word_1_642' title='bbox 3071 3535 3215 3589; x_wconf 90' lang='lat' dir='ltr'><strong>intra</strong></span> <span class='ocrx_word' id='word_1_643' title='bbox 3262 3534 3617 3602; x_wconf 86' lang='lat' dir='ltr'><strong>semetipsum</strong></span> 
     </span>
    </p>
   </div>
   <div class='ocr_carea' id='block_1_81' title="bbox 2037 3626 3617 3697">
    <p class='ocr_par' dir='ltr' id='par_1_81' title="bbox 2037 3626 3617 3697">
     <span class='ocr_line' id='line_1_81' title="bbox 2037 3626 3617 3697; baseline 0 -17"><span class='ocrx_word' id='word_1_644' title='bbox 2037 3627 2252 3681; x_wconf 90' lang='lat' dir='ltr'><strong>moveri</strong></span> <span class='ocrx_word' id='word_1_645' title='bbox 2285 3626 2529 3681; x_wconf 92' lang='lat' dir='ltr'><strong>sentiens</strong></span> <span class='ocrx_word' id='word_1_646' title='bbox 2553 3626 2893 3697; x_wconf 85' lang='lat' dir='ltr'><strong>desperaret,</strong></span> <span class='ocrx_word' id='word_1_647' title='bbox 2913 3626 3028 3697; x_wconf 86' lang='lat' dir='ltr'><strong>ipse</strong></span> <span class='ocrx_word' id='word_1_648' title='bbox 3051 3640 3115 3680; x_wconf 91' lang='lat' dir='ltr'><strong>ea</strong></span> <span class='ocrx_word' id='word_1_649' title='bbox 3143 3626 3298 3697; x_wconf 89' lang='lat' dir='ltr'><strong>quasi</strong></span> <span class='ocrx_word' id='word_1_650' title='bbox 3334 3626 3387 3680; x_wconf 94' lang='lat' dir='ltr'><strong>in</strong></span> <span class='ocrx_word' id='word_1_651' title='bbox 3416 3634 3617 3680; x_wconf 79' lang='lat' dir='ltr'><strong>semet-</strong></span> 
     </span>
    </p>
   </div>
   <div class='ocr_carea' id='block_1_82' title="bbox 2042 3716 3617 3788">
    <p class='ocr_par' dir='ltr' id='par_1_82' title="bbox 2042 3716 3617 3788">
     <span class='ocr_line' id='line_1_82' title="bbox 2042 3716 3617 3788; baseline 0.001 -18"><span class='ocrx_word' id='word_1_652' title='bbox 2042 3717 2165 3786; x_wconf 91' lang='lat' dir='ltr'><strong>ipso</strong></span> <span class='ocrx_word' id='word_1_653' title='bbox 2216 3717 2332 3784; x_wconf 86' lang='lat' dir='ltr'><strong>geri</strong></span> <span class='ocrx_word' id='word_1_654' title='bbox 2373 3716 2687 3786; x_wconf 87' lang='lat' dir='ltr'><strong>descripsit,</strong></span> <span class='ocrx_word' id='word_1_655' title='bbox 2720 3726 2779 3770; x_wconf 92' lang='lat' dir='ltr'><strong>ut</strong></span> <span class='ocrx_word' id='word_1_656' title='bbox 2802 3716 3054 3785; x_wconf 84' lang='lat' dir='ltr'><strong>exemplo</strong></span> <span class='ocrx_word' id='word_1_657' title='bbox 3074 3716 3324 3788; x_wconf 69' lang='lat' dir='ltr'><strong>Apostoli</strong></span> <span class='ocrx_word' id='word_1_658' title='bbox 3357 3731 3458 3772; x_wconf 91' lang='lat' dir='ltr'><strong>nec</strong></span> <span class='ocrx_word' id='word_1_659' title='bbox 3491 3731 3617 3771; x_wconf 85' lang='lat' dir='ltr'><strong>cor-</strong></span> 
     </span>
    </p>
   </div>
   <div class='ocr_carea' id='block_1_83' title="bbox 2034 3809 3612 3879">
    <p class='ocr_par' dir='ltr' id='par_1_83' title="bbox 2034 3809 3612 3879">
     <span class='ocr_line' id='line_1_83' title="bbox 2034 3809 3612 3879; baseline -0.002 -16"><span class='ocrx_word' id='word_1_660' title='bbox 2034 3809 2185 3879; x_wconf 88' lang='lat' dir='ltr'><strong>poris</strong></span> <span class='ocrx_word' id='word_1_661' title='bbox 2217 3817 2428 3862; x_wconf 76' lang='lat' dir='ltr'><strong>naturae</strong></span> <span class='ocrx_word' id='word_1_662' title='bbox 2453 3809 2655 3877; x_wconf 88' lang='lat' dir='ltr'><strong>pudeat</strong></span> <span class='ocrx_word' id='word_1_663' title='bbox 2682 3822 3041 3879; x_wconf 87' lang='lat' dir='ltr'><strong>quemquam,</strong></span> <span class='ocrx_word' id='word_1_664' title='bbox 3080 3824 3180 3863; x_wconf 93' lang='lat' dir='ltr'><strong>nec</strong></span> <span class='ocrx_word' id='word_1_665' title='bbox 3213 3823 3316 3879; x_wconf 91' lang='lat' dir='ltr'><strong>pro</strong></span> <span class='ocrx_word' id='word_1_666' title='bbox 3347 3810 3612 3863; x_wconf 85' lang='lat' dir='ltr'><strong>emenda-</strong></span> 
     </span>
    </p>
   </div>
   <div class='ocr_carea' id='block_1_84' title="bbox 2035 3901 3616 3972">
    <p class='ocr_par' dir='ltr' id='par_1_84' title="bbox 2035 3901 3616 3972">
     <span class='ocr_line' id='line_1_84' title="bbox 2035 3901 3616 3972; baseline 0.001 -16"><span class='ocrx_word' id='word_1_667' title='bbox 2035 3904 2183 3956; x_wconf 90' lang='lat' dir='ltr'><strong>tione</strong></span> <span class='ocrx_word' id='word_1_668' title='bbox 2209 3901 2484 3972; x_wconf 88' lang='lat' dir='ltr'><strong>desperet,</strong></span> <span class='ocrx_word' id='word_1_669' title='bbox 2515 3914 2617 3956; x_wconf 93' lang='lat' dir='ltr'><strong>nec</strong></span> <span class='ocrx_word' id='word_1_670' title='bbox 2649 3901 2917 3956; x_wconf 81' lang='lat' dir='ltr'><strong>tualorum</strong></span> <span class='ocrx_word' id='word_1_671' title='bbox 2966 3916 3188 3956; x_wconf 78' lang='lat' dir='ltr'><strong>suorum</strong></span> <span class='ocrx_word' id='word_1_672' title='bbox 3236 3901 3616 3957; x_wconf 88' lang='lat' dir='ltr'><strong>multitudines</strong></span> 
     </span>
    </p>
   </div>
   <div class='ocr_carea' id='block_1_85' title="bbox 2032 3988 3559 4062">
    <p class='ocr_par' dir='ltr' id='par_1_85' title="bbox 2032 3988 3559 4062">
     <span class='ocr_line' id='line_1_85' title="bbox 2032 3988 3559 4062; baseline -0.001 -16"><span class='ocrx_word' id='word_1_673' title='bbox 2032 3992 2271 4062; x_wconf 87' lang='lat' dir='ltr'><strong>ignoret,</strong></span> <span class='ocrx_word' id='word_1_674' title='bbox 2305 4005 2373 4045; x_wconf 86' lang='lat' dir='ltr'><strong>ex</strong></span> <span class='ocrx_word' id='word_1_675' title='bbox 2404 3991 2605 4061; x_wconf 89' lang='lat' dir='ltr'><strong>quibus</strong></span> <span class='ocrx_word' id='word_1_676' title='bbox 2640 4005 2740 4061; x_wconf 90' lang='lat' dir='ltr'><strong>per</strong></span> <span class='ocrx_word' id='word_1_677' title='bbox 2771 3988 2977 4046; x_wconf 89' lang='lat' dir='ltr'><strong>Christi</strong></span> <span class='ocrx_word' id='word_1_678' title='bbox 3008 3990 3241 4061; x_wconf 87' lang='lat' dir='ltr'><strong>gratiam</strong></span> <span class='ocrx_word' id='word_1_679' title='bbox 3275 3989 3559 4045; x_wconf 87' lang='lat' dir='ltr'><strong>liberatur.</strong></span> 
     </span>
    </p>
   </div>
   <div class='ocr_carea' id='block_1_86' title="bbox 2103 4081 3611 4153">
    <p class='ocr_par' dir='ltr' id='par_1_86' title="bbox 2103 4081 3611 4153">
     <span class='ocr_line' id='line_1_86' title="bbox 2103 4081 3611 4153; baseline -0.001 -15"><span class='ocrx_word' id='word_1_680' title='bbox 2103 4083 2192 4138; x_wconf 79' lang='grc'><strong>10.</strong></span> <span class='ocrx_word' id='word_1_681' title='bbox 2238 4100 2258 4133; x_wconf 75' lang='grc' dir='ltr'><strong>ι</strong></span> <span class='ocrx_word' id='word_1_682' title='bbox 2307 4081 2495 4152; x_wconf 85' lang='lat' dir='ltr'><strong>itaque</strong></span> <span class='ocrx_word' id='word_1_683' title='bbox 2549 4098 2650 4153; x_wconf 86' lang='lat' dir='ltr'><strong>ego</strong></span> <span class='ocrx_word' id='word_1_684' title='bbox 2702 4083 2819 4153; x_wconf 91' lang='lat' dir='ltr'><strong>ipse</strong></span> <span class='ocrx_word' id='word_1_685' title='bbox 2862 4092 3044 4138; x_wconf 88' lang='lat' dir='ltr'><strong>mente</strong></span> <span class='ocrx_word' id='word_1_686' title='bbox 3092 4082 3274 4137; x_wconf 87' lang='lat' dir='ltr'><strong>servio</strong></span> <span class='ocrx_word' id='word_1_687' title='bbox 3337 4082 3440 4152; x_wconf 88' lang='lat' dir='ltr'><strong>legi</strong></span> <span class='ocrx_word' id='word_1_688' title='bbox 3494 4083 3611 4149; x_wconf 90' lang='lat' dir='ltr'><strong>Dei,</strong></span> 
     </span>
    </p>
   </div>
   <div class='ocr_carea' id='block_1_87' title="bbox 2030 4175 3613 4248">
    <p class='ocr_par' dir='ltr' id='par_1_87' title="bbox 2030 4175 3613 4248">
     <span class='ocr_line' id='line_1_87' title="bbox 2030 4175 3613 4248; baseline -0.001 -15"><span class='ocrx_word' id='word_1_689' title='bbox 2030 4191 2197 4234; x_wconf 84' lang='lat' dir='ltr'><strong>carne</strong></span> <span class='ocrx_word' id='word_1_690' title='bbox 2226 4187 2407 4231; x_wconf 88' lang='lat' dir='ltr'><strong>autem</strong></span> <span class='ocrx_word' id='word_1_691' title='bbox 2453 4175 2554 4248; x_wconf 87' lang='lat' dir='ltr'><strong>legi</strong></span> <span class='ocrx_word' id='word_1_692' title='bbox 2592 4176 2802 4244; x_wconf 90' lang='lat' dir='ltr'><strong>peccati</strong></span> <span class='ocrx_word' id='word_1_693' title='bbox 2846 4176 2917 4234; x_wconf 83' lang='lat'><strong>’°.</strong></span> <span class='ocrx_word' id='word_1_694' title='bbox 2970 4195 2989 4227; x_wconf 79' lang='grc' dir='ltr'><strong>ι</strong></span> <span class='ocrx_word' id='word_1_695' title='bbox 3047 4176 3211 4231; x_wconf 82' lang='lat' dir='ltr'><strong>Forte.</strong></span> <span class='ocrx_word' id='word_1_696' title='bbox 3239 4176 3441 4246; x_wconf 87' lang='lat' dir='ltr'><strong>aliquis</strong></span> <span class='ocrx_word' id='word_1_697' title='bbox 3469 4178 3613 4232; x_wconf 88' lang='lat' dir='ltr'><strong>dicet</strong></span> 
     </span>
    </p>
   </div>
   <div class='ocr_carea' id='block_1_88' title="bbox 2029 4267 3610 4342">
    <p class='ocr_par' dir='ltr' id='par_1_88' title="bbox 2029 4267 3610 4342">
     <span class='ocr_line' id='line_1_88' title="bbox 2029 4267 3610 4342; baseline 0 -19"><span class='ocrx_word' id='word_1_698' title='bbox 2029 4270 2175 4342; x_wconf 89' lang='lat' dir='ltr'><strong>quod</strong></span> <span class='ocrx_word' id='word_1_699' title='bbox 2206 4267 2526 4339; x_wconf 86' lang='lat' dir='ltr'><strong>Apostolus,</strong></span> <span class='ocrx_word' id='word_1_700' title='bbox 2578 4268 2671 4337; x_wconf 90' lang='lat' dir='ltr'><strong>qui</strong></span> <span class='ocrx_word' id='word_1_701' title='bbox 2707 4282 2852 4322; x_wconf 90' lang='lat' dir='ltr'><strong>nuuc</strong></span> <span class='ocrx_word' id='word_1_702' title='bbox 2895 4283 3066 4336; x_wconf 83' lang='lat' dir='ltr'><strong>usque</strong></span> <span class='ocrx_word' id='word_1_703' title='bbox 3121 4282 3226 4321; x_wconf 92' lang='lat' dir='ltr'><strong>non</strong></span> <span class='ocrx_word' id='word_1_704' title='bbox 3267 4268 3422 4337; x_wconf 82' lang='lat' dir='ltr'><strong>quasi</strong></span> <span class='ocrx_word' id='word_1_705' title='bbox 3472 4267 3610 4336; x_wconf 86' lang='lat' dir='ltr'><strong>ipse,</strong></span> 
     </span>
    </p>
   </div>
   <div class='ocr_carea' id='block_1_89' title="bbox 2029 4360 3610 4432">
    <p class='ocr_par' dir='ltr' id='par_1_89' title="bbox 2029 4360 3610 4432">
     <span class='ocr_line' id='line_1_89' title="bbox 2029 4360 3610 4432; baseline -0.004 -13"><span class='ocrx_word' id='word_1_706' title='bbox 2029 4362 2125 4419; x_wconf 90' lang='lat' dir='ltr'><strong>sed</strong></span> <span class='ocrx_word' id='word_1_707' title='bbox 2175 4371 2460 4432; x_wconf 88' lang='lat' dir='ltr'><strong>assumpta</strong></span> <span class='ocrx_word' id='word_1_708' title='bbox 2497 4360 2730 4416; x_wconf 90' lang='lat' dir='ltr'><strong>alterius</strong></span> <span class='ocrx_word' id='word_1_709' title='bbox 2781 4374 3017 4430; x_wconf 86' lang='lat' dir='ltr'><strong>persona</strong></span> <span class='ocrx_word' id='word_1_710' title='bbox 3070 4361 3285 4414; x_wconf 89' lang='lat' dir='ltr'><strong>locutus</strong></span> <span class='ocrx_word' id='word_1_711' title='bbox 3309 4369 3412 4422; x_wconf 77' lang='lat' dir='ltr'><strong>est,</strong></span> <span class='ocrx_word' id='word_1_712' title='bbox 3450 4361 3610 4413; x_wconf 88' lang='lat' dir='ltr'><strong>modo</strong></span> 
     </span>
    </p>
   </div>
   <div class='ocr_carea' id='block_1_90' title="bbox 2028 4450 3608 4524">
    <p class='ocr_par' dir='ltr' id='par_1_90' title="bbox 2028 4450 3608 4524">
     <span class='ocr_line' id='line_1_90' title="bbox 2028 4450 3608 4524; baseline -0.003 -16"><span class='ocrx_word' id='word_1_713' title='bbox 2028 4454 2174 4509; x_wconf 88' lang='lat' dir='ltr'><strong>velut</strong></span> <span class='ocrx_word' id='word_1_714' title='bbox 2200 4469 2446 4524; x_wconf 70' lang='lat' dir='ltr'><strong>persona:</strong></span> <span class='ocrx_word' id='word_1_715' title='bbox 2471 4454 2915 4509; x_wconf 90' lang='lat' dir='ltr'><strong>immutationem</strong></span> <span class='ocrx_word' id='word_1_716' title='bbox 2940 4452 3232 4520; x_wconf 90' lang='lat' dir='ltr'><strong>designans</strong></span> <span class='ocrx_word' id='word_1_717' title='bbox 3262 4450 3431 4513; x_wconf 90' lang='lat' dir='ltr'><strong>dicat,</strong></span> <span class='ocrx_word' id='word_1_718' title='bbox 3457 4467 3475 4500; x_wconf 83' lang='grc' dir='ltr'><strong>ι</strong></span> <span class='ocrx_word' id='word_1_719' title='bbox 3497 4450 3608 4518; x_wconf 86' lang='lat' dir='ltr'><strong>Ego</strong></span> 
     </span>
    </p>
   </div>
   <div class='ocr_carea' id='block_1_91' title="bbox 335 4545 3605 4625">
    <p class='ocr_par' dir='ltr' id='par_1_91' title="bbox 335 4545 3605 4625">
     <span class='ocr_line' id='line_1_91' title="bbox 335 4545 3605 4625; baseline -0.004 -19"><span class='ocrx_word' id='word_1_720' title='bbox 335 4560 420 4603; x_wconf 85' lang='lat' dir='ltr'><strong>est</strong></span> <span class='ocrx_word' id='word_1_721' title='bbox 451 4567 555 4620; x_wconf 83' lang='lat' dir='ltr'><strong>pax</strong></span> <span class='ocrx_word' id='word_1_722' title='bbox 593 4555 807 4608; x_wconf 85' lang='lat' dir='ltr'><strong>ossibus</strong></span> <span class='ocrx_word' id='word_1_723' title='bbox 839 4555 975 4610; x_wconf 91' lang='lat' dir='ltr'><strong>meis</strong></span> <span class='ocrx_word' id='word_1_724' title='bbox 1018 4571 1048 4609; x_wconf 89' lang='lat' dir='ltr'><strong>a</strong></span> <span class='ocrx_word' id='word_1_725' title='bbox 1085 4555 1220 4610; x_wconf 91' lang='lat' dir='ltr'><strong>facie</strong></span> <span class='ocrx_word' id='word_1_726' title='bbox 1253 4563 1604 4625; x_wconf 89' lang='lat' dir='ltr'><strong>peccatorum</strong></span> <span class='ocrx_word' id='word_1_727' title='bbox 1649 4569 1917 4619; x_wconf 88' lang='lat' dir='ltr'><strong>meorum,</strong></span> <span class='ocrx_word' id='word_1_728' title='bbox 1951 4568 1997 4624; x_wconf 79' lang='lat' dir='ltr'><strong>D</strong></span> <span class='ocrx_word' id='word_1_729' title='bbox 2028 4548 2164 4619; x_wconf 90' lang='lat' dir='ltr'><strong>ipse,</strong></span> <span class='ocrx_word' id='word_1_730' title='bbox 2189 4566 2206 4599; x_wconf 87' lang='grc' dir='ltr'><strong>ι</strong></span> <span class='ocrx_word' id='word_1_731' title='bbox 2248 4557 2307 4601; x_wconf 86' lang='grc' dir='ltr'><strong>ιιι</strong></span> <span class='ocrx_word' id='word_1_732' title='bbox 2339 4548 2596 4601; x_wconf 88' lang='lat' dir='ltr'><strong>ostendat</strong></span> <span class='ocrx_word' id='word_1_733' title='bbox 2626 4545 2744 4601; x_wconf 66' lang='lat' dir='ltr'><strong>haec</strong></span> <span class='ocrx_word' id='word_1_734' title='bbox 2776 4561 2898 4614; x_wconf 60' lang='lat' dir='ltr'><strong>quae</strong></span> <span class='ocrx_word' id='word_1_735' title='bbox 2923 4546 3154 4600; x_wconf 84' lang='lat' dir='ltr'><strong>dicenda</strong></span> <span class='ocrx_word' id='word_1_736' title='bbox 3188 4554 3338 4608; x_wconf 90' lang='lat' dir='ltr'><strong>sunt,</strong></span> <span class='ocrx_word' id='word_1_737' title='bbox 3389 4545 3454 4595; x_wconf 88' lang='lat' dir='ltr'><strong>ad</strong></span> <span class='ocrx_word' id='word_1_738' title='bbox 3515 4558 3605 4595; x_wconf 79' lang='lat' dir='ltr'><strong>sc-</strong></span> 
     </span>
    </p>
   </div>
   <div class='ocr_carea' id='block_1_92' title="bbox 332 4645 1920 4719">
    <p class='ocr_par' dir='ltr' id='par_1_92' title="bbox 332 4645 1920 4719">
     <span class='ocr_line' id='line_1_92' title="bbox 332 4645 1920 4719; baseline 0.001 -22"><span class='ocrx_word' id='word_1_739' title='bbox 332 4646 465 4714; x_wconf 83' lang='lat' dir='ltr'><strong>quia</strong></span> <span class='ocrx_word' id='word_1_740' title='bbox 508 4646 825 4717; x_wconf 84' lang='lat' dir='ltr'><strong>iniquitates</strong></span> <span class='ocrx_word' id='word_1_741' title='bbox 865 4647 1218 4719; x_wconf 79' lang='lat' dir='ltr'><strong>superposita:</strong></span> <span class='ocrx_word' id='word_1_742' title='bbox 1263 4657 1390 4702; x_wconf 89' lang='lat' dir='ltr'><strong>sunt</strong></span> <span class='ocrx_word' id='word_1_743' title='bbox 1439 4645 1604 4716; x_wconf 90' lang='lat' dir='ltr'><strong>capiti</strong></span> <span class='ocrx_word' id='word_1_744' title='bbox 1652 4660 1801 4711; x_wconf 86' lang='lat' dir='ltr'><strong>meo,</strong></span> <span class='ocrx_word' id='word_1_745' title='bbox 1863 4653 1920 4700; x_wconf 91' lang='lat' dir='ltr'><strong>et</strong></span> 
     </span>
    </p>
   </div>
   <div class='ocr_carea' id='block_1_93' title="bbox 411 4780 2184 4850">
    <p class='ocr_par' dir='ltr' id='par_1_93' title="bbox 411 4780 2184 4850">
     <span class='ocr_line' id='line_1_93' title="bbox 411 4780 2184 4850; baseline -0.006 -9"><span class='ocrx_word' id='word_1_746' title='bbox 411 4781 458 4814; x_wconf 88' lang='grc'><strong>⁹³</strong></span> <span class='ocrx_word' id='word_1_747' title='bbox 475 4784 653 4841; x_wconf 84' lang='lat' dir='ltr'><strong>Galat.</strong></span> <span class='ocrx_word' id='word_1_748' title='bbox 703 4801 761 4849; x_wconf 84' lang='lat' dir='ltr'><strong>v,</strong></span> <span class='ocrx_word' id='word_1_749' title='bbox 796 4785 883 4840; x_wconf 81' lang='lat' dir='ltr'><strong>l7.</strong></span> <span class='ocrx_word' id='word_1_750' title='bbox 958 4786 1008 4824; x_wconf 72' lang='lat'><strong>”</strong></span> <span class='ocrx_word' id='word_1_751' title='bbox 1036 4786 1179 4843; x_wconf 85' lang='lat' dir='ltr'><strong>Psal.</strong></span> <span class='ocrx_word' id='word_1_752' title='bbox 1207 4798 1414 4849; x_wconf 88' lang='lat' dir='ltr'><strong>xxxvn,</strong></span> <span class='ocrx_word' id='word_1_753' title='bbox 1444 4782 1561 4837; x_wconf 73' lang='grc'><strong>4-7.</strong></span> <span class='ocrx_word' id='word_1_754' title='bbox 1636 4782 1684 4815; x_wconf 79' lang='grc'><strong>’⁸</strong></span> <span class='ocrx_word' id='word_1_755' title='bbox 1720 4782 1854 4837; x_wconf 89' lang='lat' dir='ltr'><strong>Dan.</strong></span> <span class='ocrx_word' id='word_1_756' title='bbox 1891 4798 1968 4848; x_wconf 79' lang='lat' dir='ltr'><strong>ix,</strong></span> <span class='ocrx_word' id='word_1_757' title='bbox 2001 4780 2036 4836; x_wconf 82' lang='lat'><strong>5</strong></span> <span class='ocrx_word' id='word_1_758' title='bbox 2062 4793 2184 4850; x_wconf 87' lang='lat' dir='ltr'><strong>seq.</strong></span> 
     </span>
    </p>
   </div>
   <div class='ocr_carea' id='block_1_94' title="bbox 344 4906 1511 4979">
    <p class='ocr_par' dir='ltr' id='par_1_94' title="bbox 344 4906 1511 4979">
     <span class='ocr_line' id='line_1_94' title="bbox 344 4906 1511 4979; baseline -0.004 -11"><span class='ocrx_word' id='word_1_759' title='bbox 344 4974 351 4979; x_wconf 84' lang='lat'><em>_</em></span> <span class='ocrx_word' id='word_1_760' title='bbox 407 4910 518 4972; x_wconf 72' lang='grc'><strong>(40)</strong></span> <span class='ocrx_word' id='word_1_761' title='bbox 557 4912 648 4969; x_wconf 81' lang='lat' dir='ltr'><strong>Et.</strong></span> <span class='ocrx_word' id='word_1_762' title='bbox 677 4915 1025 4970; x_wconf 84' lang='lat' dir='ltr'><strong>Desideratur</strong></span> <span class='ocrx_word' id='word_1_763' title='bbox 1056 4909 1107 4963; x_wconf 88' lang='lat' dir='ltr'><strong>in</strong></span> <span class='ocrx_word' id='word_1_764' title='bbox 1141 4917 1299 4964; x_wconf 82' lang='lat' dir='ltr'><strong>antea</strong></span> <span class='ocrx_word' id='word_1_765' title='bbox 1330 4906 1511 4964; x_wconf 87' lang='lat' dir='ltr'><strong>editis.</strong></span> 
     </span>
    </p>
   </div>
   <div class='ocr_carea' id='block_1_95' title="bbox 403 4976 1902 5049">
    <p class='ocr_par' dir='ltr' id='par_1_95' title="bbox 403 4976 1902 5049">
     <span class='ocr_line' id='line_1_95' title="bbox 403 4976 1902 5049; baseline -0.004 -15"><span class='ocrx_word' id='word_1_766' title='bbox 403 4982 517 5049; x_wconf 75' lang='grc'><strong>(41)</strong></span> <span class='ocrx_word' id='word_1_767' title='bbox 556 4987 724 5049; x_wconf 80' lang='lat' dir='ltr'><strong>Alias,</strong></span> <span class='ocrx_word' id='word_1_768' title='bbox 756 5004 775 5037; x_wconf 74' lang='grc' dir='ltr'><strong>ι</strong></span> <span class='ocrx_word' id='word_1_769' title='bbox 828 4986 1069 5045; x_wconf 83' lang='lat' dir='ltr'><strong>trahunt,</strong></span> <span class='ocrx_word' id='word_1_770' title='bbox 1109 4999 1128 5032; x_wconf 75' lang='grc' dir='ltr'><strong>ι</strong></span> <span class='ocrx_word' id='word_1_771' title='bbox 1179 4988 1235 5033; x_wconf 93' lang='lat' dir='ltr'><strong>et</strong></span> <span class='ocrx_word' id='word_1_772' title='bbox 1275 4987 1481 5048; x_wconf 88' lang='lat' dir='ltr'><strong>postea,</strong></span> <span class='ocrx_word' id='word_1_773' title='bbox 1528 4994 1549 5029; x_wconf 71' lang='grc' dir='ltr'><strong>ι</strong></span> <span class='ocrx_word' id='word_1_774' title='bbox 1584 4976 1840 5030; x_wconf 89' lang='lat' dir='ltr'><strong>subdunt.</strong></span> <span class='ocrx_word' id='word_1_775' title='bbox 1882 4995 1902 5028; x_wconf 78' lang='grc' dir='ltr'><strong>ι</strong></span> 
     </span>
    </p>
   </div>
   <div class='ocr_carea' id='block_1_96' title="bbox 406 5050 1862 5128">
    <p class='ocr_par' dir='ltr' id='par_1_96' title="bbox 406 5050 1862 5128">
     <span class='ocr_line' id='line_1_96' title="bbox 406 5050 1862 5128; baseline -0.001 -18"><span class='ocrx_word' id='word_1_776' title='bbox 406 5052 517 5128; x_wconf 55' lang='grc' dir='ltr'><strong>(αξξ)</strong></span> <span class='ocrx_word' id='word_1_777' title='bbox 557 5058 729 5128; x_wconf 86' lang='lat' dir='ltr'><strong>A_lias,</strong></span> <span class='ocrx_word' id='word_1_778' title='bbox 766 5076 787 5108; x_wconf 70' lang='grc' dir='ltr'><strong>ι</strong></span> <span class='ocrx_word' id='word_1_779' title='bbox 823 5050 1409 5128; x_wconf 57' lang='lat' dir='ltr'><strong>certainen__llabere._i</strong></span> <span class='ocrx_word' id='word_1_780' title='bbox 1480 5118 1492 5128; x_wconf 88' lang='lat'>_</span> <span class='ocrx_word' id='word_1_781' title='bbox 1848 5116 1862 5128; x_wconf 46' lang='lat'><strong>.</strong></span> 
     </span>
    </p>
   </div>
   <div class='ocr_carea' id='block_1_97' title="bbox 406 5118 1910 5195">
    <p class='ocr_par' dir='ltr' id='par_1_97' title="bbox 406 5118 1910 5195">
     <span class='ocr_line' id='line_1_97' title="bbox 406 5118 1910 5195; baseline -0.001 -21"><span class='ocrx_word' id='word_1_782' title='bbox 406 5118 516 5195; x_wconf 68' lang='lat'><strong>(45)</strong></span> <span class='ocrx_word' id='word_1_783' title='bbox 561 5118 726 5193; x_wconf 62' lang='lat' dir='ltr'><strong>ngm&#39;</strong></span> <span class='ocrx_word' id='word_1_784' title='bbox 766 5128 1067 5194; x_wconf 70' lang='lat' dir='ltr'><strong>descripsit.</strong></span> <span class='ocrx_word' id='word_1_785' title='bbox 1096 5124 1224 5179; x_wconf 69' lang='lat' dir='ltr'><strong>ﬂzec</strong></span> <span class='ocrx_word' id='word_1_786' title='bbox 1269 5119 1431 5174; x_wconf 89' lang='lat' dir='ltr'><strong>verba</strong></span> <span class='ocrx_word' id='word_1_787' title='bbox 1480 5118 1531 5173; x_wconf 92' lang='lat' dir='ltr'><strong>in</strong></span> <span class='ocrx_word' id='word_1_788' title='bbox 1561 5118 1723 5172; x_wconf 88' lang='lat' dir='ltr'><strong>editis</strong></span> <span class='ocrx_word' id='word_1_789' title='bbox 1754 5118 1910 5172; x_wconf 89' lang='lat' dir='ltr'><strong>omit-</strong></span> 
     </span>
    </p>
   </div>
   <div class='ocr_carea' id='block_1_98' title="bbox 318 5206 527 5251">
    <p class='ocr_par' dir='ltr' id='par_1_98' title="bbox 318 5206 527 5251">
     <span class='ocr_line' id='line_1_98' title="bbox 318 5206 527 5251; baseline 0 -1"><span class='ocrx_word' id='word_1_790' title='bbox 318 5206 527 5251; x_wconf 86' lang='lat' dir='ltr'><strong>tuutur.</strong></span> 
     </span>
    </p>
   </div>
   <div class='ocr_carea' id='block_1_99' title="bbox 404 5266 1129 5336">
    <p class='ocr_par' dir='ltr' id='par_1_99' title="bbox 404 5266 1129 5336">
     <span class='ocr_line' id='line_1_99' title="bbox 404 5266 1129 5336; baseline -0.01 -14"><span class='ocrx_word' id='word_1_791' title='bbox 404 5270 516 5336; x_wconf 72' lang='grc'><strong>(44)</strong></span> <span class='ocrx_word' id='word_1_792' title='bbox 558 5268 719 5326; x_wconf 80' lang='lat' dir='ltr'><strong>Editi.</strong></span> <span class='ocrx_word' id='word_1_793' title='bbox 757 5286 776 5318; x_wconf 77' lang='grc' dir='ltr'><strong>ι</strong></span> <span class='ocrx_word' id='word_1_794' title='bbox 812 5266 893 5320; x_wconf 88' lang='lat' dir='ltr'><strong>Sit</strong></span> <span class='ocrx_word' id='word_1_795' title='bbox 920 5279 1072 5336; x_wconf 73' lang='lat' dir='ltr'><strong>ergo.</strong></span> <span class='ocrx_word' id='word_1_796' title='bbox 1109 5283 1129 5315; x_wconf 85' lang='grc' dir='ltr'><strong>ι</strong></span> 
     </span>
    </p>
   </div>
   <div class='ocr_carea' id='block_1_100' title="bbox 402 5335 1476 5411">
    <p class='ocr_par' dir='ltr' id='par_1_100' title="bbox 402 5335 1476 5411">
     <span class='ocr_line' id='line_1_100' title="bbox 402 5335 1476 5411; baseline -0.003 -20"><span class='ocrx_word' id='word_1_797' title='bbox 402 5335 517 5411; x_wconf 64' lang='grc'><strong>(45)</strong></span> <span class='ocrx_word' id='word_1_798' title='bbox 559 5338 896 5411; x_wconf 61' lang='grc' dir='ltr'><strong>ξὸ.[)ρεει,ξῃ</strong></span> <span class='ocrx_word' id='word_1_799' title='bbox 926 5335 1112 5411; x_wconf 76' lang='lat' dir='ltr'><strong>editis.</strong></span> <span class='ocrx_word' id='word_1_800' title='bbox 1398 5400 1429 5411; x_wconf 52' lang='grc' dir='ltr'><strong><em>η</em></strong></span> <span class='ocrx_word' id='word_1_801' title='bbox 1462 5398 1476 5411; x_wconf 45' lang='lat'><strong>.</strong></span> 
     </span>
    </p>
   </div>
   <div class='ocr_carea' id='block_1_101' title="bbox 422 5400 1826 5472">
    <p class='ocr_par' dir='ltr' id='par_1_101' title="bbox 422 5400 1826 5472">
     <span class='ocr_line' id='line_1_101' title="bbox 422 5400 1826 5472; baseline -0.009 -9"><span class='ocrx_word' id='word_1_802' title='bbox 422 5400 515 5472; x_wconf 75' lang='grc'><strong>46)</strong></span> <span class='ocrx_word' id='word_1_803' title='bbox 539 5406 815 5461; x_wconf 79' lang='lat' dir='ltr'><strong>’Persona.</strong></span> <span class='ocrx_word' id='word_1_804' title='bbox 842 5404 1041 5460; x_wconf 82' lang='lat' dir='ltr'><strong>Nullibi</strong></span> <span class='ocrx_word' id='word_1_805' title='bbox 1071 5406 1122 5459; x_wconf 93' lang='lat' dir='ltr'><strong>in</strong></span> <span class='ocrx_word' id='word_1_806' title='bbox 1154 5411 1312 5458; x_wconf 80' lang='lat' dir='ltr'><strong>antea</strong></span> <span class='ocrx_word' id='word_1_807' title='bbox 1347 5400 1507 5455; x_wconf 87' lang='lat' dir='ltr'><strong>editis</strong></span> <span class='ocrx_word' id='word_1_808' title='bbox 1529 5405 1826 5468; x_wconf 88' lang='lat' dir='ltr'><strong>comparet.</strong></span> 
     </span>
    </p>
   </div>
   <div class='ocr_carea' id='block_1_102' title="bbox 422 5475 1226 5547">
    <p class='ocr_par' dir='ltr' id='par_1_102' title="bbox 422 5475 1226 5547">
     <span class='ocr_line' id='line_1_102' title="bbox 422 5475 1226 5547; baseline -0.007 -16"><span class='ocrx_word' id='word_1_809' title='bbox 422 5478 510 5547; x_wconf 73' lang='grc'><strong>47)</strong></span> <span class='ocrx_word' id='word_1_810' title='bbox 552 5478 718 5539; x_wconf 85' lang='lat' dir='ltr'><strong>Alias,</strong></span> <span class='ocrx_word' id='word_1_811' title='bbox 757 5497 775 5527; x_wconf 82' lang='grc' dir='ltr'><strong>ι</strong></span> <span class='ocrx_word' id='word_1_812' title='bbox 822 5475 1173 5547; x_wconf 67' lang='lat' dir='ltr'><strong>gerebantur.</strong></span> <span class='ocrx_word' id='word_1_813' title='bbox 1207 5492 1226 5524; x_wconf 84' lang='grc' dir='ltr'><strong>ι</strong></span> 
     </span>
    </p>
   </div>
   <div class='ocr_carea' id='block_1_103' title="bbox 419 5539 1904 5615">
    <p class='ocr_par' dir='ltr' id='par_1_103' title="bbox 419 5539 1904 5615">
     <span class='ocr_line' id='line_1_103' title="bbox 419 5539 1904 5615; baseline -0.009 -12"><span class='ocrx_word' id='word_1_814' title='bbox 419 5539 511 5615; x_wconf 71' lang='grc'><strong>48)</strong></span> <span class='ocrx_word' id='word_1_815' title='bbox 549 5549 731 5610; x_wconf 85' lang='lat' dir='ltr'><strong>Alias,</strong></span> <span class='ocrx_word' id='word_1_816' title='bbox 784 5539 1108 5615; x_wconf 58' lang='lat' dir='ltr'><strong>i&#39;quoniam</strong></span> <span class='ocrx_word' id='word_1_817' title='bbox 1162 5539 1478 5615; x_wconf 81' lang='lat' dir='ltr'><strong>iniquitates</strong></span> <span class='ocrx_word' id='word_1_818' title='bbox 1531 5553 1663 5593; x_wconf 70' lang='lat' dir='ltr'><strong>meae</strong></span> <span class='ocrx_word' id='word_1_819' title='bbox 1707 5552 1904 5605; x_wconf 83' lang='lat' dir='ltr'><strong>snper-</strong></span> 
     </span>
    </p>
   </div>
   <div class='ocr_carea' id='block_1_104' title="bbox 325 5611 1906 5690">
    <p class='ocr_par' dir='ltr' id='par_1_104' title="bbox 325 5611 1906 5690">
     <span class='ocr_line' id='line_1_104' title="bbox 325 5611 1906 5690; baseline -0.008 -17"><span class='ocrx_word' id='word_1_820' title='bbox 325 5611 526 5690; x_wconf 63' lang='lat' dir='ltr'><strong>gressa:</strong></span> <span class='ocrx_word' id='word_1_821' title='bbox 560 5628 686 5675; x_wconf 87' lang='lat' dir='ltr'><strong>sunt</strong></span> <span class='ocrx_word' id='word_1_822' title='bbox 709 5611 1526 5690; x_wconf 37' lang='lat' dir='ltr'><strong>caput-meumr}.Putruerunt</strong></span> <span class='ocrx_word' id='word_1_823' title='bbox 1555 5618 1906 5690; x_wconf 40' lang='lat' dir='ltr'><strong>etncorruptfe</strong></span> 
     </span>
    </p>
   </div>
   <div class='ocr_carea' id='block_1_105' title="bbox 326 5678 1906 5760">
    <p class='ocr_par' dir='ltr' id='par_1_105' title="bbox 326 5678 1906 5760">
     <span class='ocr_line' id='line_1_105' title="bbox 326 5678 1906 5760; baseline -0.009 -17"><span class='ocrx_word' id='word_1_824' title='bbox 326 5678 454 5744; x_wconf 77' lang='grc' dir='ltr'>ἔιιιιι</span> <span class='ocrx_word' id='word_1_825' title='bbox 485 5690 608 5757; x_wconf 75' lang='lat' dir='ltr'><strong>(al.¢</strong></span> <span class='ocrx_word' id='word_1_826' title='bbox 640 5678 964 5760; x_wconf 56' lang='lat' dir='ltr'><strong>exarserunt</strong></span> <span class='ocrx_word' id='word_1_827' title='bbox 987 5682 1338 5760; x_wconf 67' lang='lat' dir='ltr'><strong>i)ciéatrice_s</strong></span> <span class='ocrx_word' id='word_1_828' title='bbox 1368 5696 1500 5760; x_wconf 60' lang='lat' dir='ltr'><strong>mea:</strong></span> <span class='ocrx_word' id='word_1_829' title='bbox 1536 5696 1565 5731; x_wconf 91' lang='lat' dir='ltr'><strong>a</strong></span> <span class='ocrx_word' id='word_1_830' title='bbox 1605 5678 1906 5760; x_wconf 31' lang='lat' dir='ltr'><strong>szcie‘insi-f</strong></span> 
     </span>
    </p>
   </div>
   <div class='ocr_carea' id='block_1_106' title="bbox 325 5746 1907 5828">
    <p class='ocr_par' dir='ltr' id='par_1_106' title="bbox 325 5746 1907 5828">
     <span class='ocr_line' id='line_1_106' title="bbox 325 5746 1907 5828; baseline -0.009 -15"><span class='ocrx_word' id='word_1_831' title='bbox 325 5746 542 5828; x_wconf 48' lang='lat' dir='ltr'><strong>pienti‘a:</strong></span> <span class='ocrx_word' id='word_1_832' title='bbox 568 5774 719 5813; x_wconf 53' lang='lat' dir='ltr'><strong>meai.</strong></span> <span class='ocrx_word' id='word_1_833' title='bbox 749 5756 908 5811; x_wconf 82' lang='lat' dir='ltr'><strong>Miser</strong></span> <span class='ocrx_word' id='word_1_834' title='bbox 922 5746 1097 5828; x_wconf 84' lang='lat' dir='ltr'><strong>factus</strong></span> <span class='ocrx_word' id='word_1_835' title='bbox 1116 5770 1233 5828; x_wconf 71' lang='lat' dir='ltr'><strong>sum</strong></span> <span class='ocrx_word' id='word_1_836' title='bbox 1254 5750 1349 5821; x_wconf 83' lang='lat' dir='ltr'><strong>(:il.</strong></span> <span class='ocrx_word' id='word_1_837' title='bbox 1370 5770 1387 5801; x_wconf 77' lang='grc' dir='ltr'><strong>ι</strong></span> <span class='ocrx_word' id='word_1_838' title='bbox 1414 5749 1577 5806; x_wconf 80' lang='lat' dir='ltr'><strong>Miser</strong></span> <span class='ocrx_word' id='word_1_839' title='bbox 1605 5746 1834 5804; x_wconf 74' lang='lat' dir='ltr'><strong>amictus</strong></span> <span class='ocrx_word' id='word_1_840' title='bbox 1862 5751 1907 5817; x_wconf 80' lang='grc' dir='ltr'>ι)</span> 
     </span>
    </p>
   </div>
   <div class='ocr_carea' id='block_1_107' title="bbox 323 5823 1360 5896">
    <p class='ocr_par' dir='ltr' id='par_1_107' title="bbox 323 5823 1360 5896">
     <span class='ocr_line' id='line_1_107' title="bbox 323 5823 1360 5896; baseline -0.011 -11"><span class='ocrx_word' id='word_1_841' title='bbox 323 5823 381 5885; x_wconf 79' lang='lat' dir='ltr'><strong>et</strong></span> <span class='ocrx_word' id='word_1_842' title='bbox 405 5839 662 5885; x_wconf 89' lang='lat' dir='ltr'><strong>curvatus</strong></span> <span class='ocrx_word' id='word_1_843' title='bbox 691 5843 808 5884; x_wconf 89' lang='lat' dir='ltr'><strong>sum</strong></span> <span class='ocrx_word' id='word_1_844' title='bbox 842 5839 1011 5896; x_wconf 90' lang='lat' dir='ltr'><strong>usque</strong></span> <span class='ocrx_word' id='word_1_845' title='bbox 1035 5824 1088 5880; x_wconf 92' lang='lat' dir='ltr'><strong>in</strong></span> <span class='ocrx_word' id='word_1_846' title='bbox 1121 5823 1306 5879; x_wconf 78' lang='lat' dir='ltr'><strong>tinctu.</strong></span> <span class='ocrx_word' id='word_1_847' title='bbox 1342 5841 1360 5874; x_wconf 86' lang='grc' dir='ltr'><strong>ι</strong></span> 
     </span>
    </p>
   </div>
   <div class='ocr_carea' id='block_1_108' title="bbox 2024 4635 3603 4713">
    <p class='ocr_par' dir='ltr' id='par_1_108' title="bbox 2024 4635 3603 4713">
     <span class='ocr_line' id='line_1_108' title="bbox 2024 4635 3603 4713; baseline -0.007 -15"><span class='ocrx_word' id='word_1_848' title='bbox 2024 4642 2202 4713; x_wconf 88' lang='lat' dir='ltr'><strong>ipsum</strong></span> <span class='ocrx_word' id='word_1_849' title='bbox 2256 4640 2397 4695; x_wconf 91' lang='lat' dir='ltr'><strong>idem</strong></span> <span class='ocrx_word' id='word_1_850' title='bbox 2439 4638 2736 4709; x_wconf 85' lang='lat' dir='ltr'><strong>Apostolus</strong></span> <span class='ocrx_word' id='word_1_851' title='bbox 2783 4637 3059 4710; x_wconf 90' lang='lat' dir='ltr'><strong>pertinere</strong></span> <span class='ocrx_word' id='word_1_852' title='bbox 3086 4636 3223 4711; x_wconf 81' lang='grc'><strong>(55).</strong></span> <span class='ocrx_word' id='word_1_853' title='bbox 3251 4635 3391 4691; x_wconf 89' lang='lat' dir='ltr'><strong>Dicit</strong></span> <span class='ocrx_word' id='word_1_854' title='bbox 3418 4641 3603 4690; x_wconf 89' lang='lat' dir='ltr'><strong>autem</strong></span> 
     </span>
    </p>
   </div>
   <div class='ocr_carea' id='block_1_109' title="bbox 2257 4771 2747 4838">
    <p class='ocr_par' dir='ltr' id='par_1_109' title="bbox 2257 4771 2747 4838">
     <span class='ocr_line' id='line_1_109' title="bbox 2257 4771 2747 4838; baseline -0.01 -8"><span class='ocrx_word' id='word_1_855' title='bbox 2257 4776 2305 4809; x_wconf 79' lang='lat'><strong>”</strong></span> <span class='ocrx_word' id='word_1_856' title='bbox 2333 4773 2493 4832; x_wconf 81' lang='lat' dir='ltr'><strong>Rom.</strong></span> <span class='ocrx_word' id='word_1_857' title='bbox 2524 4788 2622 4838; x_wconf 88' lang='lat' dir='ltr'><strong>vn,</strong></span> <span class='ocrx_word' id='word_1_858' title='bbox 2652 4771 2747 4826; x_wconf 74' lang='lat'><strong>9.5.</strong></span> 
     </span>
    </p>
   </div>
   <div class='ocr_carea' id='block_1_110' title="bbox 2087 4891 3597 4974">
    <p class='ocr_par' dir='ltr' id='par_1_110' title="bbox 2087 4891 3597 4974">
     <span class='ocr_line' id='line_1_110' title="bbox 2087 4891 3597 4974; baseline -0.005 -17"><span class='ocrx_word' id='word_1_859' title='bbox 2087 4901 2201 4974; x_wconf 78' lang='grc'><strong>(49)</strong></span> <span class='ocrx_word' id='word_1_860' title='bbox 2231 4898 2427 4974; x_wconf 8' lang='lat' dir='ltr'><strong>(Editur</strong></span> <span class='ocrx_word' id='word_1_861' title='bbox 2440 4896 2694 4974; x_wconf 70' lang='lat' dir='ltr'><strong>refertur,</strong></span> <span class='ocrx_word' id='word_1_862' title='bbox 2725 4894 2820 4950; x_wconf 88' lang='lat' dir='ltr'><strong>sed</strong></span> <span class='ocrx_word' id='word_1_863' title='bbox 2847 4892 2933 4949; x_wconf 93' lang='lat' dir='ltr'><strong>vir</strong></span> <span class='ocrx_word' id='word_1_864' title='bbox 2960 4891 3352 4948; x_wconf 88' lang='lat' dir='ltr'><strong>desideriorum</strong></span> <span class='ocrx_word' id='word_1_865' title='bbox 3378 4892 3597 4959; x_wconf 90' lang='lat' dir='ltr'><strong>dicitur,</strong></span> 
     </span>
    </p>
   </div>
   <div class='ocr_carea' id='block_1_111' title="bbox 2017 4967 2602 5037">
    <p class='ocr_par' dir='ltr' id='par_1_111' title="bbox 2017 4967 2602 5037">
     <span class='ocr_line' id='line_1_111' title="bbox 2017 4967 2602 5037; baseline -0.015 -8"><span class='ocrx_word' id='word_1_866' title='bbox 2017 4967 2196 5029; x_wconf 79' lang='lat' dir='ltr'><strong>tamen</strong></span> <span class='ocrx_word' id='word_1_867' title='bbox 2230 4971 2283 5024; x_wconf 92' lang='lat' dir='ltr'><strong>in</strong></span> <span class='ocrx_word' id='word_1_868' title='bbox 2305 4967 2539 5037; x_wconf 80' lang='lat' dir='ltr'><strong>jejuniis.</strong></span> <span class='ocrx_word' id='word_1_869' title='bbox 2582 4985 2602 5020; x_wconf 76' lang='grc' dir='ltr'><strong>ι</strong></span> 
     </span>
    </p>
   </div>
   <div class='ocr_carea' id='block_1_112' title="bbox 2086 5031 3597 5114">
    <p class='ocr_par' dir='ltr' id='par_1_112' title="bbox 2086 5031 3597 5114">
     <span class='ocr_line' id='line_1_112' title="bbox 2086 5031 3597 5114; baseline -0.007 -15"><span class='ocrx_word' id='word_1_870' title='bbox 2086 5042 2198 5114; x_wconf 88' lang='grc'><strong>(50)</strong></span> <span class='ocrx_word' id='word_1_871' title='bbox 2238 5031 2405 5114; x_wconf 74' lang='lat' dir='ltr'><strong>Alias,</strong></span> <span class='ocrx_word' id='word_1_872' title='bbox 2443 5055 2463 5088; x_wconf 72' lang='grc' dir='ltr'><strong>ι</strong></span> <span class='ocrx_word' id='word_1_873' title='bbox 2491 5035 2880 5114; x_wconf 62' lang='grc' dir='ltr'><strong>ΔΡιιιιιοεινίιῐιιιετ..</strong></span> <span class='ocrx_word' id='word_1_874' title='bbox 2906 5034 3090 5114; x_wconf 74' lang='lat' dir='ltr'><strong>inique</strong></span> <span class='ocrx_word' id='word_1_875' title='bbox 3112 5031 3364 5114; x_wconf 75' lang='lat' dir='ltr'><strong>fecimus,</strong></span> <span class='ocrx_word' id='word_1_876' title='bbox 3396 5032 3597 5103; x_wconf 87' lang='lat' dir='ltr'><strong>injuste</strong></span> 
     </span>
    </p>
   </div>
   <div class='ocr_carea' id='block_1_113' title="bbox 2014 5104 3591 5184">
    <p class='ocr_par' dir='ltr' id='par_1_113' title="bbox 2014 5104 3591 5184">
     <span class='ocr_line' id='line_1_113' title="bbox 2014 5104 3591 5184; baseline -0.006 -19"><span class='ocrx_word' id='word_1_877' title='bbox 2014 5104 2246 5184; x_wconf 77' lang='lat' dir='ltr'><strong>egimus,</strong></span> <span class='ocrx_word' id='word_1_878' title='bbox 2269 5110 2802 5184; x_wconf 44' lang='lat' dir='ltr'><strong>etuimpietatemun</strong></span> <span class='ocrx_word' id='word_1_879' title='bbox 2837 5116 2894 5184; x_wconf 88' lang='lat' dir='ltr'><strong>e_t</strong></span> <span class='ocrx_word' id='word_1_880' title='bbox 2927 5104 3396 5184; x_wconf 40' lang='lat' dir='ltr'><strong>declinavimus}</strong></span> <span class='ocrx_word' id='word_1_881' title='bbox 3422 5120 3591 5184; x_wconf 46' lang='lat' dir='ltr'><strong>man-‘-</strong></span> 
     </span>
    </p>
   </div>
   <div class='ocr_carea' id='block_1_114' title="bbox 2014 5172 3591 5251">
    <p class='ocr_par' dir='ltr' id='par_1_114' title="bbox 2014 5172 3591 5251">
     <span class='ocr_line' id='line_1_114' title="bbox 2014 5172 3591 5251; baseline -0.008 -12"><span class='ocrx_word' id='word_1_882' title='bbox 2014 5172 2156 5239; x_wconf 63' lang='lat' dir='ltr'><strong>datis</strong></span> <span class='ocrx_word' id='word_1_883' title='bbox 2189 5172 2243 5237; x_wconf 83' lang='lat' dir='ltr'><strong>et</strong></span> <span class='ocrx_word' id='word_1_884' title='bbox 2262 5172 2482 5251; x_wconf 81' lang='lat' dir='ltr'><strong>judiciis</strong></span> <span class='ocrx_word' id='word_1_885' title='bbox 2513 5177 2641 5248; x_wconf 54' lang='grc' dir='ltr'><strong>(δικ</strong></span> <span class='ocrx_word' id='word_1_886' title='bbox 2670 5174 2987 5251; x_wconf 79' lang='lat' dir='ltr'><strong>amandatis</strong></span> <span class='ocrx_word' id='word_1_887' title='bbox 3021 5183 3078 5227; x_wconf 91' lang='lat' dir='ltr'><strong>et</strong></span> <span class='ocrx_word' id='word_1_888' title='bbox 3108 5190 3137 5251; x_wconf 67' lang='grc' dir='ltr'><strong>ιι</strong></span> <span class='ocrx_word' id='word_1_889' title='bbox 3164 5172 3387 5251; x_wconf 75' lang='lat' dir='ltr'><strong>judiciis</strong></span> <span class='ocrx_word' id='word_1_890' title='bbox 3419 5176 3524 5227; x_wconf 89' lang='lat' dir='ltr'><strong>tuis</strong></span> <span class='ocrx_word' id='word_1_891' title='bbox 3545 5172 3591 5251; x_wconf 75' lang='grc' dir='ltr'>ι)</span> 
     </span>
    </p>
   </div>
   <div class='ocr_carea' id='block_1_115' title="bbox 2011 5244 3594 5312">
    <p class='ocr_par' dir='ltr' id='par_1_115' title="bbox 2011 5244 3594 5312">
     <span class='ocr_line' id='line_1_115' title="bbox 2011 5244 3594 5312; baseline -0.008 -4"><span class='ocrx_word' id='word_1_892' title='bbox 2011 5263 2068 5308; x_wconf 91' lang='lat' dir='ltr'><strong>et</strong></span> <span class='ocrx_word' id='word_1_893' title='bbox 2098 5267 2203 5307; x_wconf 90' lang='lat' dir='ltr'><strong>non</strong></span> <span class='ocrx_word' id='word_1_894' title='bbox 2248 5244 2588 5305; x_wconf 74' lang='lat' dir='ltr'><strong>obedivimus</strong></span> <span class='ocrx_word' id='word_1_895' title='bbox 2618 5246 2796 5301; x_wconf 86' lang='lat' dir='ltr'><strong>servis</strong></span> <span class='ocrx_word' id='word_1_896' title='bbox 2842 5245 2948 5299; x_wconf 85' lang='lat' dir='ltr'><strong>tuis</strong></span> <span class='ocrx_word' id='word_1_897' title='bbox 2980 5244 3329 5312; x_wconf 86' lang='lat' dir='ltr'><strong>prophetis...</strong></span> <span class='ocrx_word' id='word_1_898' title='bbox 3354 5251 3409 5297; x_wconf 89' lang='lat' dir='ltr'><strong>et</strong></span> <span class='ocrx_word' id='word_1_899' title='bbox 3452 5246 3594 5312; x_wconf 85' lang='lat' dir='ltr'><strong>regi-</strong></span> 
     </span>
    </p>
   </div>
   <div class='ocr_carea' id='block_1_116' title="bbox 2011 5315 3279 5387">
    <p class='ocr_par' dir='ltr' id='par_1_116' title="bbox 2011 5315 3279 5387">
     <span class='ocr_line' id='line_1_116' title="bbox 2011 5315 3279 5387; baseline -0.012 -6"><span class='ocrx_word' id='word_1_900' title='bbox 2011 5324 2114 5381; x_wconf 89' lang='lat' dir='ltr'><strong>bus</strong></span> <span class='ocrx_word' id='word_1_901' title='bbox 2146 5321 2365 5381; x_wconf 89' lang='lat' dir='ltr'><strong>nostris,</strong></span> <span class='ocrx_word' id='word_1_902' title='bbox 2393 5329 2452 5373; x_wconf 91' lang='lat' dir='ltr'><strong>et</strong></span> <span class='ocrx_word' id='word_1_903' title='bbox 2479 5317 2815 5387; x_wconf 90' lang='lat' dir='ltr'><strong>principibus</strong></span> <span class='ocrx_word' id='word_1_904' title='bbox 2862 5315 3084 5381; x_wconf 88' lang='lat' dir='ltr'><strong>nostris,</strong></span> <span class='ocrx_word' id='word_1_905' title='bbox 3118 5331 3138 5366; x_wconf 84' lang='grc' dir='ltr'><strong>ι</strong></span> <span class='ocrx_word' id='word_1_906' title='bbox 3170 5324 3279 5368; x_wconf 92' lang='lat' dir='ltr'><strong>etc.</strong></span> 
     </span>
    </p>
   </div>
   <div class='ocr_carea' id='block_1_117' title="bbox 2084 5405 3293 5488">
    <p class='ocr_par' dir='ltr' id='par_1_117' title="bbox 2084 5405 3293 5488">
     <span class='ocr_line' id='line_1_117' title="bbox 2084 5405 3293 5488; baseline -0.009 -19"><span class='ocrx_word' id='word_1_907' title='bbox 2084 5414 2196 5488; x_wconf 77' lang='grc'><strong>(51)</strong></span> <span class='ocrx_word' id='word_1_908' title='bbox 2232 5412 2373 5468; x_wconf 88' lang='lat' dir='ltr'><strong>Editi</strong></span> <span class='ocrx_word' id='word_1_909' title='bbox 2404 5410 2673 5482; x_wconf 87' lang='lat' dir='ltr'><strong>plerique,</strong></span> <span class='ocrx_word' id='word_1_910' title='bbox 2713 5424 2732 5460; x_wconf 70' lang='grc' dir='ltr'><strong>ι</strong></span> <span class='ocrx_word' id='word_1_911' title='bbox 2761 5410 3031 5479; x_wconf 88' lang='lat' dir='ltr'><strong>ignarum,</strong></span> <span class='ocrx_word' id='word_1_912' title='bbox 3070 5423 3092 5458; x_wconf 69' lang='grc' dir='ltr'><strong>ι</strong></span> <span class='ocrx_word' id='word_1_913' title='bbox 3130 5405 3293 5459; x_wconf 87' lang='lat' dir='ltr'><strong>male.</strong></span> 
     </span>
    </p>
   </div>
   <div class='ocr_carea' id='block_1_118' title="bbox 2086 5497 3437 5581">
    <p class='ocr_par' dir='ltr' id='par_1_118' title="bbox 2086 5497 3437 5581">
     <span class='ocr_line' id='line_1_118' title="bbox 2086 5497 3437 5581; baseline -0.011 -17"><span class='ocrx_word' id='word_1_914' title='bbox 2086 5507 2200 5581; x_wconf 74' lang='grc'><strong>(52)</strong></span> <span class='ocrx_word' id='word_1_915' title='bbox 2227 5506 2398 5572; x_wconf 87' lang='lat' dir='ltr'><strong>Alias,</strong></span> <span class='ocrx_word' id='word_1_916' title='bbox 2429 5522 2449 5557; x_wconf 76' lang='grc' dir='ltr'><strong>ι</strong></span> <span class='ocrx_word' id='word_1_917' title='bbox 2476 5511 2532 5560; x_wconf 92' lang='lat' dir='ltr'><strong>et</strong></span> <span class='ocrx_word' id='word_1_918' title='bbox 2565 5509 2769 5558; x_wconf 90' lang='lat' dir='ltr'><strong>mutata</strong></span> <span class='ocrx_word' id='word_1_919' title='bbox 2801 5498 3054 5571; x_wconf 88' lang='lat' dir='ltr'><strong>quisjam</strong></span> <span class='ocrx_word' id='word_1_920' title='bbox 3089 5497 3390 5551; x_wconf 90' lang='lat' dir='ltr'><strong>voluntate.</strong></span> <span class='ocrx_word' id='word_1_921' title='bbox 3417 5513 3437 5549; x_wconf 84' lang='grc' dir='ltr'><strong>ι</strong></span> 
     </span>
    </p>
   </div>
   <div class='ocr_carea' id='block_1_119' title="bbox 2087 5589 3579 5669">
    <p class='ocr_par' dir='ltr' id='par_1_119' title="bbox 2087 5589 3579 5669">
     <span class='ocr_line' id='line_1_119' title="bbox 2087 5589 3579 5669; baseline -0.009 -13"><span class='ocrx_word' id='word_1_922' title='bbox 2087 5601 2199 5668; x_wconf 77' lang='lat'><strong>(5&#39;5)</strong></span> <span class='ocrx_word' id='word_1_923' title='bbox 2229 5599 2400 5662; x_wconf 89' lang='lat' dir='ltr'><strong>Alias,</strong></span> <span class='ocrx_word' id='word_1_924' title='bbox 2436 5615 2455 5649; x_wconf 79' lang='grc' dir='ltr'><strong>ι</strong></span> <span class='ocrx_word' id='word_1_925' title='bbox 2489 5604 2549 5669; x_wconf 81' lang='lat' dir='ltr'><strong>ut</strong></span> <span class='ocrx_word' id='word_1_926' title='bbox 2574 5593 2833 5669; x_wconf 75' lang='lat' dir='ltr'><strong>ostendat</strong></span> <span class='ocrx_word' id='word_1_927' title='bbox 2863 5592 2979 5669; x_wconf 66' lang='lat' dir='ltr'><strong>haec</strong></span> <span class='ocrx_word' id='word_1_928' title='bbox 3007 5590 3209 5669; x_wconf 76' lang='lat' dir='ltr'><strong>dixisse</strong></span> <span class='ocrx_word' id='word_1_929' title='bbox 3257 5589 3377 5669; x_wconf 83' lang='lat' dir='ltr'><strong>(:d_.,</strong></span> <span class='ocrx_word' id='word_1_930' title='bbox 3426 5589 3579 5642; x_wconf 74' lang='lat' dir='ltr'><strong>drest</strong></span> 
     </span>
    </p>
   </div>
   <div class='ocr_carea' id='block_1_120' title="bbox 2029 5661 3580 5741">
    <p class='ocr_par' dir='ltr' id='par_1_120' title="bbox 2029 5661 3580 5741">
     <span class='ocr_line' id='line_1_120' title="bbox 2029 5661 3580 5741; baseline -0.008 -18"><span class='ocrx_word' id='word_1_931' title='bbox 2029 5661 2392 5741; x_wconf 66' lang='lat' dir='ltr'><strong>«dixissei)ad</strong></span> <span class='ocrx_word' id='word_1_932' title='bbox 2427 5666 2662 5741; x_wconf 77' lang='lat' dir='ltr'><strong>seipsum</strong></span> <span class='ocrx_word' id='word_1_933' title='bbox 2699 5665 2838 5718; x_wconf 92' lang='lat' dir='ltr'><strong>idem</strong></span> <span class='ocrx_word' id='word_1_934' title='bbox 2881 5661 3174 5741; x_wconf 81' lang='lat' dir='ltr'><strong>Apostolus</strong></span> <span class='ocrx_word' id='word_1_935' title='bbox 3205 5663 3518 5741; x_wconf 73' lang='lat' dir='ltr'><strong>pertineret.</strong></span> <span class='ocrx_word' id='word_1_936' title='bbox 3555 5675 3580 5711; x_wconf 76' lang='grc' dir='ltr'><strong>ιι</strong></span> 
     </span>
    </p>
   </div>
   <div class='ocr_carea' id='block_1_121' title="bbox 2017 5730 3582 5804">
    <p class='ocr_par' dir='ltr' id='par_1_121' title="bbox 2017 5730 3582 5804">
     <span class='ocr_line' id='line_1_121' title="bbox 2017 5730 3582 5804; baseline -0.008 -7"><span class='ocrx_word' id='word_1_937' title='bbox 2017 5744 2191 5804; x_wconf 81' lang='lat' dir='ltr'><strong>Alias,</strong></span> <span class='ocrx_word' id='word_1_938' title='bbox 2225 5757 2244 5790; x_wconf 73' lang='grc' dir='ltr'><strong><em>α</em></strong></span> <span class='ocrx_word' id='word_1_939' title='bbox 2282 5730 2339 5793; x_wconf 78' lang='lat' dir='ltr'><strong>ut</strong></span> <span class='ocrx_word' id='word_1_940' title='bbox 2364 5730 2615 5793; x_wconf 83' lang='lat' dir='ltr'><strong>ostendat</strong></span> <span class='ocrx_word' id='word_1_941' title='bbox 2640 5736 2755 5788; x_wconf 68' lang='lat' dir='ltr'><strong>haac</strong></span> <span class='ocrx_word' id='word_1_942' title='bbox 2795 5747 2901 5801; x_wconf 89' lang='lat' dir='ltr'><strong>qua</strong></span> <span class='ocrx_word' id='word_1_943' title='bbox 2942 5733 3167 5804; x_wconf 78' lang='lat' dir='ltr'><strong>dicenda</strong></span> <span class='ocrx_word' id='word_1_944' title='bbox 3209 5739 3356 5795; x_wconf 77' lang='lat' dir='ltr'><strong>sunt,</strong></span> <span class='ocrx_word' id='word_1_945' title='bbox 3397 5730 3463 5785; x_wconf 90' lang='lat' dir='ltr'><strong>ad</strong></span> <span class='ocrx_word' id='word_1_946' title='bbox 3500 5740 3582 5785; x_wconf 65' lang='lat' dir='ltr'><strong>se»</strong></span> 
     </span>
    </p>
   </div>
   <div class='ocr_carea' id='block_1_122' title="bbox 2020 5802 3225 5887">
    <p class='ocr_par' dir='ltr' id='par_1_122' title="bbox 2020 5802 3225 5887">
     <span class='ocr_line' id='line_1_122' title="bbox 2020 5802 3225 5887; baseline -0.01 -20"><span class='ocrx_word' id='word_1_947' title='bbox 2020 5802 2220 5883; x_wconf 86' lang='lat' dir='ltr'><strong>ipsum,</strong></span> <span class='ocrx_word' id='word_1_948' title='bbox 2252 5810 2304 5866; x_wconf 90' lang='lat' dir='ltr'><strong>id</strong></span> <span class='ocrx_word' id='word_1_949' title='bbox 2335 5817 2418 5865; x_wconf 87' lang='lat' dir='ltr'><strong>est</strong></span> <span class='ocrx_word' id='word_1_950' title='bbox 2447 5808 2519 5887; x_wconf 78' lang='lat' dir='ltr'><strong>ad</strong></span> <span class='ocrx_word' id='word_1_951' title='bbox 2550 5804 2869 5875; x_wconf 83' lang='lat' dir='ltr'><strong>Apostolutu</strong></span> <span class='ocrx_word' id='word_1_952' title='bbox 2896 5802 3184 5873; x_wconf 86' lang='lat' dir='ltr'><strong>pertinere.</strong></span> <span class='ocrx_word' id='word_1_953' title='bbox 3205 5822 3225 5855; x_wconf 78' lang='grc' dir='ltr'><strong>ι</strong></span> 
     </span>
    </p>
   </div>
  </div>
