4146 6390
569 293 704 350 1091

2058 292 2382 350 ORIGENIS

3683 298 3826 356 1092

567 411 695 478 quia
722 420 906 466 mente
928 410 1134 465 serviat
1160 409 1263 481 legi
1299 411 1415 478 Dei,
1449 426 1616 470 carne
1646 421 1828 468 autem
1864 413 1970 486 legi
1993 409 2146 484 'pec-
2175 419 2222 475 Α
2253 422 2434 469 autem
2473 413 2577 481 legi
2616 413 2733 481 Dei,
2768 423 2822 469 et
2852 427 2973 468 esse
3025 413 3127 470 sub
3173 410 3289 482 lege
3317 411 3567 481 spiritus,
3610 411 3716 469 hoc
3742 424 3828 470 est

566 503 698 565 cati,
727 503 883 571 quasi
921 511 1070 557 tanta
1102 505 1173 558 sit
1200 507 1457 572 peccandi
1494 508 1600 570 vis,
1639 516 1784 561 tanta
1834 508 2024 562 carnis
2051 519 2142 578 ty-

568 596 778 660 rannis,
802 611 967 665 quam
995 612 1093 653 nec
1111 599 1406 667 Apostolus
1431 601 1600 668 possit
1627 598 1899 669 ellugere;
1927 611 1982 654 et
2008 616 2140 670 pro-

565 696 754 756 pterea
808 687 862 741 in
928 689 1051 742 aliis
1109 689 1350 756 dixerit,
1404 692 1533 760 quia
1594 709 1613 742 ι
1666 706 1884 746 macero
1947 707 2144 759 corpus

566 793 746 833 meum
781 779 918 849 (54),
954 790 1010 834 et
1037 784 1283 836 servituti
1307 783 1560 852 subjicio,
1599 801 1665 839 ne
1701 785 1840 839 forte
1869 799 1991 838 cum
2020 785 2144 840 aliis

567 870 1013 937 prazdicaverim,
1055 874 1170 940 ipse
1199 875 1462 941 reprobus
1489 875 1693 930 elliciar
1718 875 1785 927 ⁸⁷.
1816 895 1836 928 ι
1885 875 1990 930 Sed
2025 877 2144 930 haec

565 961 658 1028 qui
689 975 752 1014 ex
783 977 1016 1031 persona
1047 965 1290 1032 Apostoli
1346 967 1547 1030 accipit
1598 969 1765 1031 dicta,
1810 969 2146 1038 desperatio-

569 1070 693 1110 nem
729 1057 861 1110 mihi
893 1058 1106 1111 videtur
1142 1057 1388 1112 incutere
1427 1060 1574 1113 omni
1611 1061 1830 1123 animae,
1863 1061 2007 1126 quod
2042 1075 2143 1114 ne-

572 1162 661 1201 ιιιο
687 1147 760 1202 sit
787 1163 1013 1217 prorsus
1042 1150 1133 1218 qui
1190 1166 1296 1203 non
1350 1163 1540 1218 peccet
1585 1154 1636 1204 in
1671 1167 1858 1206 carne.
1903 1152 2014 1206 Hoc
2060 1162 2146 1207 est

564 1240 712 1292 enim
742 1255 908 1294 carne
933 1241 1138 1294 servire
1170 1241 1272 1309 legi
1307 1243 1512 1309 peccati
1541 1241 1674 1312 (55).
1703 1242 1831 1296 Mihi
1861 1259 1992 1309 ergo
2024 1259 2144 1297 ma-

566 1333 650 1403 gis
689 1333 908 1387 videtur
959 1334 1105 1389 illius
1159 1334 1338 1388 adhuc
1395 1343 1581 1387 tenere
1633 1349 1945 1402 personam,
1976 1351 2142 1404 quam

568 1440 735 1494 supra
768 1424 823 1478 in
851 1427 1142 1496 semetipso
1170 1427 1482 1496 descripsit,
1513 1428 1672 1495 quasi
1717 1427 1994 1481 voluntate
2032 1426 2143 1495 jam

567 1524 622 1570 et
651 1517 938 1585 proposito
964 1518 1032 1570 ad
1061 1517 1286 1572 meliora
1322 1518 1598 1580 conversi,
1647 1530 1705 1572 ct
1754 1529 1936 1573 mente
1981 1529 2146 1588 atque

565 1609 749 1663 animo
778 1609 881 1678 legi
924 1608 1018 1664 Dei
1048 1610 1365 1674 servientis,
1401 1611 1642 1664 nondum
1676 1620 1856 1664 tamen
1904 1611 1957 1664 id
2003 1612 2145 1665 obti-

567 1701 773 1763 nuisse,
827 1710 884 1754 ut
936 1701 1101 1755 etiam
1157 1703 1339 1756 carnis
1386 1702 1754 1756 obedientiam
1808 1703 1862 1756 in
1908 1717 2145 1756 consen-

563 1806 683 1844 sum
716 1790 828 1859 (56)
862 1793 1058 1846 mentis
1081 1792 1396 1848 adduceret.
1425 1793 1640 1847 Etenim
1671 1795 1930 1862 quoniam
1963 1795 2015 1848 in
2048 1811 2145 1848 sn-

565 1883 879 1951 perioribus
925 1883 995 1937 de
1050 1883 1476 1939 mortiﬁcatiune
1506 1886 1752 1954 corporis
1789 1887 2143 1949 disseruerat,

561 1979 619 2024 et
669 1970 890 2025 Christo
940 1973 1409 2028 commoriendum
1463 1989 1586 2028 esse
1647 1975 1930 2040 docuerat,
1970 1977 2023 2030 in
2061 1977 2144 2031 his

565 2076 710 2115 nunc
761 2077 924 2130 quam
957 2079 1064 2118 non
1096 2065 1170 2119 sit
1197 2065 1436 2118 otiosum
1484 2067 1586 2121 hoc
1632 2081 1769 2135 Opus
1800 2067 2017 2121 videtur
2049 2081 2141 2122 os-

565 2155 811 2218 tendere,
845 2166 900 2209 et
931 2156 1128 2211 docere
1157 2157 1280 2226 quia
1318 2173 1424 2212 non
1455 2159 1640 2213 statim
1686 2169 1747 2214 ut
1776 2161 1890 2213 vult
1921 2159 2140 2230 aliquis,

563 2255 618 2298 et
668 2255 725 2298 ut
773 2249 1122 2315 proposuerit
1191 2248 1419 2314 bonum,
1475 2252 1734 2304 continuo
1787 2253 1950 2306 etiam
2000 2252 2144 2306 facto

563 2335 908 2402 adimpletur.
942 2339 1034 2390 sed
1065 2336 1149 2390 vel
1179 2339 1598 2394 consuetudinis
1630 2351 1774 2394 tanta
1803 2341 1906 2407 vis,
1943 2341 2027 2396 vel
2063 2342 2146 2394 vi-

567 2427 764 2481 tiorum
797 2436 947 2480 tanta
976 2427 1206 2484 dulcedo
1243 2440 1348 2496 est,
1403 2441 1465 2486 ut
1517 2446 1640 2486 cum
1669 2433 1883 2486 animus
1909 2432 2021 2502 jam
2061 2432 2146 2484 in-

567 2522 751 2575 tendat
771 2522 836 2573 ad
862 2523 1143 2586 virtutem,
1162 2532 1216 2578 et
1246 2523 1347 2594 legi
1375 2523 1699 2598 Deiservire
1725 2525 1983 2580 decernat
2001 2523 2141 2596 (57),

562 2615 744 2668 carnis
777 2623 955 2668 tamen
992 2614 1259 2668 desideria
1296 2615 1506 2670 servire
1540 2627 1789 2686 peccato,
1832 2626 1887 2671 et
1931 2617 2143 2688 legibus

563 2705 680 2772 ejus
709 2722 905 2776 parere
939 2707 1334 2774 persuadeant.

641 2799 731 2854 11.
784 2818 802 2848 ι
839 2798 982 2852 Nihil
1017 2814 1148 2866 ergo
1183 2816 1326 2854 nunc
1377 2802 1742 2856 damnationis
1784 2811 1867 2856 est
1915 2801 2002 2855 his
2048 2803 2141 2871 qui

563 2903 698 2947 sunt
725 2893 779 2946 in
795 2891 1016 2946 Christo
1041 2888 1170 2944 Jesu
1203 2891 1334 2961 (58).
1364 2892 1473 2948 Lex
1501 2895 1646 2949 enim
1679 2897 1904 2964 spiritus
1930 2898 2056 2951 vita:
2083 2897 2134 2950 in

563 2983 785 3037 Christo
832 2981 959 3036 Jesu
992 2983 1251 3040 liberavit
1279 2999 1363 3037 me
1395 3000 1424 3038 a
1460 2985 1580 3055 lege
1629 2989 1839 3056 peccati
1888 2998 1944 3043 et
1995 3004 2141 3042 mor-

2247 506 2468 561 Christo
2530 507 2756 560 servire.
2815 505 3037 560 Christo
3089 513 3269 558 autem
3319 504 3546 568 servire,
3595 505 3700 559 hoc
3739 514 3828 560 est

2247 598 2459 652 servire
2512 597 2818 664 sapientiae,
2873 597 2977 652 hoc
3019 606 3104 651 est
3156 596 3364 651 servire
3415 595 3527 666 (61)
3568 595 3824 666 iustitiae,

2247 689 2458 743 servire
2490 689 2731 753 veritati,
2765 687 3126 758 omnibusque
3159 688 3322 742 simul
3353 689 3564 743 servire
3602 689 3827 742 virtuti-

2247 780 2368 833 bus.
2405 778 2558 835 Unde
2583 795 2688 831 non
2717 789 2799 833 est
2833 781 3130 847 putandum
3157 777 3302 847 quod
3337 777 3407 831 ad
3441 777 3678 831 subitum
3704 776 3824 848 (62)

2248 869 2397 938 quis,
2433 879 2489 924 et
2516 870 2702 924 statim
2735 879 2794 923 ut
2826 869 3083 932 voluerit,
3122 885 3150 923 a
3182 869 3414 923 servitio
3441 868 3580 938 legis
3610 871 3824 938 peccati

2249 959 2543 1014 translatus
2588 959 2860 1014 elliciatur
2900 960 2952 1013 in
2987 959 3208 1014 Christo
3257 956 3407 1023 Jesu,
3460 959 3533 1012 ita
3587 970 3648 1014 ut
3686 959 3825 1013 nihil

2250 1049 2302 1103 in
2334 1065 2400 1104 eo
2431 1049 2541 1118 jam
2575 1051 2803 1104 obtentu
2849 1051 3061 1118 peccati
3113 1049 3482 1104 damnationis
3533 1050 3824 1106 habeatur.

2247 1140 2499 1210 Requirit
2528 1151 2708 1196 autem
2745 1143 2856 1212 (63)
2891 1145 2943 1197 in
2976 1157 3307 1212 unoquoque
3339 1151 3528 1211 partes
3571 1158 3702 1198 suas
3729 1145 3824 1213 ju-

2247 1235 2399 1288 stitia
2437 1249 2452 1287 :
2484 1234 2680 1302 probat
2725 1235 2772 1288 si
2817 1235 2890 1288 ita
2920 1234 3032 1304 jam
3065 1233 3387 1288 emendatus
3431 1243 3516 1289 est
3544 1243 3602 1288 et
3638 1249 3826 1289 corre-

2249 1334 2372 1378 ctus
2424 1324 2564 1395 (64),
2599 1334 2658 1378 ιιι
2697 1325 2833 1379 nihil
2877 1323 2930 1378 in
2953 1338 3018 1377 eo
3039 1321 3222 1392 iniusti
3242 1322 3426 1391 operis
3481 1325 3724 1380 inveniat
3755 1343 3824 1380 ex

2247 1431 2355 1484 quo
2386 1416 2661 1471 damnatio
2692 1414 3078 1485 subsequatur.
3126 1416 3390 1470 Similiter
3411 1427 3467 1471 et
3493 1419 3699 1471 veritas
3732 1434 3826 1473 re-

2249 1509 2418 1576 quirit
2465 1509 2518 1562 in
2567 1523 2893 1576 unoquoque
2945 1517 3154 1576 partem
3200 1523 3376 1572 suam,
3425 1508 3472 1562 si
3525 1509 3826 1563 translatus

2247 1602 2370 1669 quis
2403 1616 2434 1654 a
2483 1599 2600 1670 lege
2631 1601 2834 1669 peccati
2869 1599 3011 1653 nulla
3035 1600 3146 1669 jam
3203 1615 3270 1653 ex
3316 1610 3472 1668 parte
3512 1600 3826 1655 inveniatur

2246 1692 2508 1759 obsequia
2541 1693 2788 1746 veritatis
2812 1693 3188 1746 contaminare
3237 1691 3522 1746 mendacio
3567 1690 3703 1761 (65).
3735 1693 3827 1746 Si-

2249 1781 2449 1835 militer
2475 1792 2529 1834 et
2559 1781 2818 1849 pudicitia
2851 1790 3062 1850 partem
3089 1797 3244 1834 suam
3277 1781 3526 1845 discutit,
3574 1783 3618 1836 si
3660 1782 3824 1837 nullis

2247 1873 2316 1928 ab
2338 1888 2404 1928 eo
2440 1873 2730 1943 impudicis
2755 1872 2864 1943 (66)
2901 1870 3190 1927 desideriis
3227 1873 3552 1927 maculatur.
3588 1874 3679 1928 Sic
3709 1875 3827 1943 pie-

2248 1977 2358 2030 tas,
2388 1967 2471 2022 sic
2501 1966 2770 2035 sapientia
2805 1976 2988 2034 partes
3013 1981 3142 2020 suas
3171 1965 3222 2018 in
3259 1979 3589 2036 unoquoque
3633 1967 3823 2020 discu-

2249 2059 2410 2124 tiunt,
2447 2073 2582 2126 quas
2609 2058 2653 2111 si
2689 2068 2837 2111 recte
2869 2067 2924 2111 et
2955 2057 3166 2126 integre
3202 2057 3255 2109 in
3284 2071 3350 2110 eo
3383 2067 3636 2112 constare
3661 2073 3819 2127 repe-

2249 2149 2441 2213 rerint,
2471 2157 2601 2203 tunc
2631 2149 2683 2201 in
2718 2146 2940 2202 Christo
2975 2162 3116 2211 esse,
3173 2155 3229 2200 et
3273 2147 3408 2201 nihil
3452 2149 3824 2203 damnationis

2249 2241 2457 2296 habere
2495 2241 2796 2308 putabitur.
2833 2240 2963 2306 Quae
3006 2237 3173 2308 588
3226 2240 3412 2308 utique
3453 2239 3680 2294 dubium
3713 2256 3821 2294 non

2246 2343 2330 2387 est
2359 2333 2488 2400 quin
2524 2347 2624 2386 usu
2655 2343 2711 2385 et
2737 2330 3092 2384 meditatione
3130 2334 3288 2400 longa
3317 2340 3374 2386 et
3409 2331 3598 2386 labore
3641 2332 3822 2400 pervi-

2245 2427 2336 2497 gili
2367 2430 2766 2495 conquirantur
2795 2422 2931 2491 (67).
2967 2422 3032 2476 Et
3069 2423 3190 2478 ideo
3221 2439 3326 2478 non
3361 2424 3554 2479 otiosis
3584 2425 3701 2479 haec
3729 2440 3822 2479 ac-

2245 2520 2429 2573 cidere
2459 2527 2552 2571 aut
2581 2517 2840 2587 segnibus
2872 2526 3079 2569 certum
3112 2528 3195 2568 est
3220 2532 3235 2580 ;
3263 2516 3357 2570 sed
3394 2516 3656 2585 paulatim
3689 2531 3822 2586 pro-

2246 2611 2499 2674 ﬂciendo,
2527 2621 2580 2664 et
2630 2611 2806 2678 primo
2836 2623 3032 2678 pauca,
3070 2617 3197 2663 tunc
3229 2609 3425 2663 deinde
3457 2609 3705 2674 minima,
3747 2611 3814 2662 ad

2247 2704 2522 2770 ultimum,
2551 2705 2596 2758 si
2627 2702 2877 2757 obtinuere
2904 2704 3203 2772 potuerint,
3233 2704 3380 2757 nulla
3413 2703 3716 2773 peccando.
3753 2701 3823 2756 Et

2244 2797 2354 2850 hoc
2380 2796 2624 2850 sentiens
2649 2796 2863 2849 videtur
2887 2796 3016 2850 mihi
3039 2796 3181 2850 idem
3205 2795 3497 2865 Apostolus
3526 2795 3820 2864 scripsisse

2244 2889 2299 2942 in
2329 2887 2453 2944 aliis
2487 2905 2501 2941 :
2537 2906 2554 2938 ι
2586 2887 2870 2943 Ριεειθιίιιι
2901 2889 3250 2952 obliviscens,
3283 2888 3353 2942 ad
3387 2889 3568 2942 futura
3595 2900 3680 2941 me
3709 2902 3811 2942 ex-

2245 2981 2469 3035 tendens
2501 2980 2546 3013 ”
2593 2998 2608 3034 :
2650 2999 2670 3031 ι
2721 2981 2926 3036 docens
2982 2995 3080 3049 per
3130 2980 3244 3034 haec
3291 2979 3567 3049 praeterita
3618 2979 3820 3036 debere

565 3077 635 3130 tis
656 3076 724 3128 ’⁸.
749 3095 768 3128 ι
803 3075 932 3142 Quae
961 3083 1108 3131 esset
1132 3077 1422 3132 diversitas
1447 3079 1499 3133 in
1528 3080 1612 3133 his
1634 3079 1725 3148 qui
1752 3079 1895 3134 velut
1931 3081 1983 3134 in
2010 3095 2142 3150 quo.
2167 3093 2211 3153 ο
2241 3084 2364 3126 esse
2394 3084 2458 3125 ea
2487 3070 2540 3124 in
2569 3071 2766 3139 quibus
2795 3071 3068 3142 culpabile
3110 3070 3316 3141 aliquid
3361 3072 3548 3138 fuerit,
3589 3081 3646 3128 et
3671 3072 3816 3127 obli-

565 3171 685 3224 dant
715 3169 1016 3224 certamine
1047 3171 1208 3238 positi
1243 3183 1430 3227 mente
1460 3173 1686 3242 quidem
1725 3173 2025 3228 secundum
2059 3173 2139 3228 le-

564 3277 686 3329 gem
724 3264 816 3316 Dei
853 3263 1059 3328 vivunt,
1090 3265 1277 3320 carnis
1308 3279 1440 3320 vero
1488 3265 1780 3320 desideriis
1815 3275 2049 3335 aguntur
2084 3265 2136 3320 in

564 3353 735 3424 legem
774 3357 979 3425 peccati
1025 3356 1165 3426 (59),
1217 3357 1271 3410 in
1317 3358 1696 3425 superioribus
1734 3357 1937 3411 docuit.
1979 3355 2138 3414 Nunc

561 3460 694 3500 vero
723 3447 788 3500 de
821 3448 907 3501 his
937 3448 1091 3512 dicit,
1122 3449 1212 3518 qui
1247 3464 1352 3503 non
1391 3449 1505 3519 jam
1555 3465 1620 3503 ex
1670 3460 1830 3518 parte
1862 3448 1915 3502 in
1943 3465 2136 3515 carne,

561 3552 628 3592 ex
661 3547 812 3606 parte
839 3538 894 3592 in
927 3541 1148 3609 spiritu,
1175 3541 1272 3595 sed
1303 3555 1369 3595 ex
1403 3543 1615 3610 integro
1644 3541 1700 3596 in
1727 3542 1947 3596 Christo
1971 3553 2134 3598 sunt:

563 3640 619 3683 et
663 3632 986 3698 pronuntiat
1045 3633 1096 3686 in
1150 3633 1236 3688 his
1284 3633 1419 3687 nihil
1469 3633 1820 3688 damnatione
1888 3647 2008 3689 esse
2055 3635 2139 3688 di-

562 3737 726 3791 gnum
761 3722 898 3793 (60),
926 3724 1051 3793 quia
1081 3743 1098 3775 (
1131 3724 1215 3779 lex
1239 3725 1466 3795 spiritus
1493 3725 1618 3778 vitae
1651 3725 1703 3779 in
1735 3724 1958 3780 Christo
2003 3724 2133 3780 Jesu

565 3813 815 3868 liberavit
847 3828 940 3868 eos
970 3831 999 3868 a
1028 3816 1146 3882 lege
1180 3816 1386 3884 peccati
1417 3824 1473 3869 et
1498 3817 1715 3871 mortis.
1750 3835 1768 3868 ι
1800 3816 1912 3870 Lex
1949 3829 2134 3872 autem

564 3905 794 3973 spiritus
834 3906 960 3960 vita:
1018 3922 1123 3960 una
1177 3907 1480 3975 eademque
1524 3917 1608 3962 est
1653 3923 1774 3977 qua:
1798 3918 1854 3962 et
1881 3908 1965 3963 lex
1997 3909 2131 3963 Dei:

565 3997 708 4050 sicut
738 4013 952 4051 rursum
1003 4014 1106 4052 una
1149 4010 1312 4067 atque
1355 3999 1544 4054 eadem
1595 4009 1680 4054 est
1720 3999 1807 4054 lex
1841 4002 2052 4068 peccati
2081 4011 2137 4055 et

566 4089 782 4144 mortis.
837 4088 980 4144 Nihil
1011 4107 1144 4160 ergo
1173 4090 1540 4145 damnationis
1583 4091 1689 4145 erit
1719 4092 1804 4146 his
1831 4091 1924 4160 qui
1957 4106 1986 4146 a
2017 4092 2136 4163 lege

566 4181 796 4246 peccati,
826 4196 946 4250 quae
979 4194 1062 4236 est
1090 4183 1175 4237 lex
1208 4182 1422 4245 mortis,
1455 4183 1670 4252 penitus
1704 4182 2034 4245 liberantur,
2081 4193 2138 4238 et

567 4270 670 4340 legi
729 4273 846 4338 Dei,
882 4290 1003 4343 quae
1038 4283 1124 4328 est
1164 4273 1250 4327 lex
1295 4273 1542 4342 spiritus,
1590 4274 1856 4329 serviunt.
1908 4272 2134 4331 Servire

636 4455 727 4512 ’ἰ
759 4455 887 4511 Cor.
914 4472 991 4523 lx,
1018 4456 1110 4512 27.
1185 4457 1230 4492 ’⁸
1263 4455 1420 4510 Rom.
1447 4471 1567 4524 vm,
1603 4456 1654 4520 l,
1687 4455 1743 4510 2.
1817 4458 1863 4496 9’
1896 4455 2096 4526 Philip.
2127 4473 2208 4522 ιιι,
2244 4457 2328 4511 1⁸5.

2246 3161 2406 3216 vione
2436 3161 2657 3232 dignum
2705 3179 2721 3217 :
2761 3161 2943 3218 l'utura
3001 3179 3131 3219 vero
3191 3179 3315 3219 esse
3357 3180 3485 3235 qua:
3513 3166 3566 3220 in
3593 3164 3821 3222 Christo

2245 3261 2392 3316 sunt,
2415 3260 2472 3305 et
2499 3251 2616 3306 haec
2643 3267 2766 3308 esse
2788 3253 2855 3307 ad
2890 3267 3010 3322 qua:
3043 3254 3410 3324 nosmetipsos
3440 3255 3700 3312 debemus
3719 3271 3820 3312 ex-

2248 3343 2492 3405 tendere,
2527 3357 2701 3413 eaqne
2729 3353 2838 3398 tota
2870 3345 3134 3399 aviditate
3161 3345 3360 3400 mentis
3389 3354 3668 3414 expetere.
3710 3345 3819 3402 Le-

2245 3451 2366 3504 gem
2396 3450 2531 3490 sane
2560 3435 2782 3504 spiritus
2808 3436 2935 3490 vitaa
2959 3436 3106 3506 quod
3143 3437 3380 3492 diximus
3406 3439 3576 3506 ipsam
3618 3438 3819 3494 debere

2247 3530 2478 3600 intelligi
2507 3530 2680 3600 legem
2710 3529 2827 3596 Dei,
2863 3531 3160 3585 secundum
3209 3546 3330 3585 eam
3379 3532 3632 3588 videlicet
3672 3532 3818 3586 dixi-

2247 3639 2370 3677 mus
2396 3633 2602 3693 partem
2627 3638 2730 3692 qua
2768 3623 2854 3677 lex
2887 3623 3087 3677 dieitur
3109 3637 3229 3677 esse
3251 3623 3531 3691 spiritalis.
3567 3623 3692 3678 Ideo
3715 3624 3818 3678 ad-

2244 3715 2421 3770 didit:
2463 3733 2482 3765 σ
2518 3713 2627 3768 Lex
2657 3714 2882 3784 spiritus
2926 3715 3074 3769 vitat.
3125 3733 3144 3767 ι
3200 3713 3336 3768 Nam
3371 3716 3437 3768 de
3463 3713 3583 3784 lege
3620 3714 3818 3770 littera:

2243 3807 2426 3862 dicere
2458 3806 2562 3861 hoc
2594 3821 2700 3860 non
2732 3814 2966 3875 poterat,
3003 3805 3072 3862 de
3101 3822 3208 3876 qua
3256 3809 3308 3860 in
3340 3807 3466 3862 aliis
3492 3808 3817 3877 pronuntia-

2244 3909 2420 3963 verat,
2451 3899 2577 3969 quia
2612 3915 2630 3948 ι
2657 3898 2838 3951 littera
2865 3898 3089 3953 occidit.
3122 3918 3142 3952 ι
3169 3897 3296 3954 Hice
3323 3910 3378 3954 et
3411 3900 3465 3954 in
3493 3899 3616 3956 aliis
3645 3919 3666 3954 ι
3714 3903 3819 3956 mi-

2240 3992 2527 4048 nisterium
2561 3991 2752 4046 mortis
2793 4008 2813 4042 ι
2861 3991 3059 4046 dicitur
3101 3993 3118 4024 ί
3170 3991 3306 4062 (68).
3347 3992 3651 4062 Utrumque
3681 4007 3817 4064 ergo

2241 4087 2486 4140 continet
2532 4083 2640 4148 lex,
2667 4092 2721 4136 et
2757 4081 2996 4137 litteram
3029 4083 3397 4147 occidentem,
3451 4093 3508 4138 et
3554 4085 3812 4153 spiritum

2244 4177 2630 4231 viviﬁcantem.
2684 4173 2838 4228 Unde
2886 4175 3176 4230 considera
3227 4189 3294 4228 ne
3342 4175 3490 4230 forte
3542 4175 3702 4244 hujus
3736 4177 3815 4230 rei

2242 4270 2472 4326 formam
2498 4276 2684 4322 teneat
2707 4276 2765 4321 et
2793 4267 2924 4324 illud
2949 4266 3156 4338 lignum
3177 4267 3244 4323 de
3269 4282 3380 4336 quo
3404 4269 3670 4338 scriptum
3691 4276 3777 4324 est
3798 4281 3816 4320 :

2407 4455 2423 4485 ί
2457 4451 2502 4507 ll
2523 4454 2649 4507 Cor.
2683 4467 2766 4516 Ill,
2793 4450 2846 4518 6,
2868 4451 2922 4506 7.

637 4619 748 4693 (54)
781 4617 944 4682 Editi,
973 4636 991 4668 c
1019 4630 1073 4672 et
1105 4627 1390 4686 propterea
1429 4617 1482 4672 in
1513 4617 1636 4674 aliis
1668 4619 1805 4673 dixit
1850 4637 1865 4674 :
1906 4619 2124 4673 Macero
2161 4627 2212 4683 ι)
2308 4618 2422 4688 (61)
2453 4617 2570 4693 Hoc
2613 4627 2692 4672 est
2743 4617 2959 4672 servire.
2997 4615 3122 4672 llaec
3154 4617 3540 4674 desiderantur
3578 4621 3630 4674 in
3658 4619 3814 4673 libris

567 4706 765 4760 corpus
795 4705 995 4760 meum,
1031 4707 1057 4760 si
1071 4700 1182 4760 etc.

639 4759 752 4832 (55)
783 4759 949 4819 Editi,
975 4776 1012 4832 _r
1045 4759 1156 4814 Hoc
1203 4768 1286 4812 est
1331 4773 1474 4812 enim
1525 4759 1727 4814 servire
1767 4773 1988 4814 carnem
2030 4760 2134 4830 legi

565 4829 792 4902 peccati,
806 4901 809 4902 ν
825 4848 866 4902 ιγ
886 4829 1043 4883 male.

638 4901 768 4972 (56)
790 4901 958 4961 Alias,
986 4917 1015 4972 _¢
1051 4897 1150 4967 legi
1183 4897 1556 4962 deservientis,
1593 4901 1826 4953 nondum
1851 4907 2032 4952 tamen
2061 4899 2132 4952 ita

565 4968 960 5025 obtinuisse...
986 4968 1040 5022 in
1075 4982 1366 5031 consensu,
1403 4985 1419 5018 ι
1458 4980 1562 5021 etc.

641 5039 752 5110 (57)
793 5058 810 5090 ι
843 5039 935 5092 Est
965 5048 1018 5092 et
1044 5037 1165 5110 jam,
1187 5055 1213 5110 r_
1245 5039 1570 5110 omittuntur
1609 5038 1661 5090 in
1685 5037 1882 5110 editis.
1927 5035 2134 5110 Deinde

568 5107 698 5164 mss.
733 5107 979 5177 quidam,
1008 5123 1061 5161 et
1087 5108 1239 5169 editi,
1287 5125 1305 5158 ι
1351 5107 1453 5173 legi
1487 5107 1764 5162 deservire
1802 5107 2066 5164 decrevit.
2107 5125 2126 5160 ι

565 5181 679 5241 ΔΙ..
712 5198 730 5231 ι
764 5179 865 5246 legi
895 5179 1102 5232 servire
1130 5177 1453 5230 decreverit.
1491 5195 1510 5228 ι

638 5251 752 5320 (53)
793 5243 931 5301 Edili
963 5259 1081 5313 post
1117 5266 1134 5298 ι
1172 5249 1265 5320 qui
1293 5257 1418 5299 sunt
1447 5248 1497 5299 in
1536 5245 1754 5320 Christo
1797 5243 1945 5320 Jesu,
1988 5265 2006 5297 ι
2037 5247 2138 5320 ad-

567 5315 782 5383 dunt,’r
816 5320 904 5386 qui
938 5334 1042 5370 non
1065 5317 1361 5370 secundum
1377 5332 1608 5386 carnem
1631 5318 1929 5369 ambulant.
1964 5335 1982 5366 ι
2033 5315 2138 5370 Sed

571 5392 683 5443 haec
709 5385 871 5443 verba
901 5387 1098 5443 desunt
1130 5388 1184 5440 in
1223 5385 1475 5440 omnibus
1511 5400 1643 5440 mss.
1677 5389 1882 5443 nostris
1915 5397 1970 5442 et
1997 5389 2138 5458 apud

569 5460 873 5512 llabanum.

639 5530 751 5597 (59)
793 5529 969 5590 Alias,
1002 5547 1021 5579 ‹
1055 5537 1290 5596 aguntur
1325 5525 1444 5597 lege
1477 5525 1706 5594 peccati.
1748 5545 1767 5578 ι

643 5594 758 5665 (60)
786 5594 1188 5658 Genebrardus,
1221 5615 1238 5648 ι
1271 5597 1360 5664 qui
1393 5595 1500 5662 jam
1527 5612 1632 5649 non
1664 5611 1727 5650 ex
1759 5606 1912 5666 parte
1941 5597 1992 5650 in
2019 5594 2143 5664 Spi-

572 5669 701 5732 ritu,
737 5669 829 5721 sed
859 5684 924 5722 ex
958 5668 1169 5736 integro
1201 5667 1252 5720 in
1296 5667 1514 5720 Christo
1545 5676 1691 5728 sunt,
1725 5669 2045 5736 pronuntiat
2085 5668 2137 5721 in

573 5739 658 5793 his
687 5741 818 5794 nihil
855 5738 1226 5794 damnationis
1255 5738 1498 5807 dignum,
1533 5757 1552 5789 ι
1589 5749 1696 5793 etc.

2245 4700 2403 4743 antea
2438 4690 2616 4742 editis.

2313 4760 2424 4828 (6:!)
2456 4759 2626 4819 Alias,
2667 4774 2688 4808 ι
2726 4755 2926 4811 subito.
2974 4776 2994 4808 ι
3047 4757 3153 4814 Sed
3185 4757 3430 4829 plerique
3459 4776 3589 4814 mss.
3619 4768 3671 4812 et
3705 4757 3818 4812 Ra-

2242 4830 2414 4883 banus
2445 4838 2498 4880 ut
2536 4829 2586 4879 in
2620 4837 2802 4880 nostro
2833 4838 3000 4881 textu.

2311 4899 2423 4968 (63)
2465 4899 2629 4962 Editi,
2669 4915 2689 4948 ‹
2723 4897 3024 4966 Requirens
3049 4907 3230 4954 autem
3259 4916 3275 4964 ;
3307 4917 3328 4952 ι
3360 4900 3456 4965 al.,
3487 4918 3505 4950 ι
3550 4898 3817 4968 Requiret

2241 4978 2443 5022 autem.
2481 4985 2502 5019 ι

2309 5036 2422 5107 (64)
2455 5036 2556 5093 Ms.
2587 5053 2748 5110 unus,
2785 5057 2804 5089 ι
2835 5048 2890 5093 et
2921 5050 3226 5110 correptus.
3274 5059 3292 5092 ›
3334 5040 3558 5106 Deinde,
3599 5059 3619 5091 ι
3667 5041 3818 5093 inve-

2238 5110 2506 5170 veniatur,
2539 5127 2556 5158 ι
2601 5108 2760 5161 male.
3083 5108 3092 5110 ἡ
3759 5137 3762 5154 ε

2315 5176 2429 5249 (65)
2459 5178 2624 5240 Alias,
2667 5197 2686 5228 ι
2717 5179 3067 5233 inveniantur
3100 5180 3357 5248 obsequia
3394 5181 3647 5236 veritatis
3678 5196 3814 5234 con-

2244 5249 2446 5302 lamina
2458 5249 2499 5299 ri
2533 5249 2831 5300 mendacio.
2872 5267 2889 5300 ι
3305 5251 3308 5253 ’

2316 5316 2427 5386 (66)
2454 5318 2617 5381 Editi,
2656 5335 2673 5367 ι
2702 5319 3078 5386 impudicitiae.
3113 5339 3131 5372 ι

2337 5388 2426 5459 67)
2460 5387 2625 5459 Editi,
2661 5406 2680 5438 ι
2717 5400 3106 5459 comparantur
3133 5398 3189 5444 et
3217 5400 3623 5458 comparentur.
3655 5410 3675 5444 ι

2337 5400 2426 5459 6'1)
2461 5400 2625 5452 nutu,
2661 5406 2680 5438 ι
2717 5400 3106 5457 comparantur
3133 5400 3189 5444 et
3217 5400 3623 5458 comparentur.
3655 5410 3675 5444 ι

2313 5400 2434 5528 (68)
2469 5456 2561 5528 Sic
2585 5473 2689 5512 ms.
2717 5473 2859 5511 unus
2893 5458 3091 5526 llegius
3119 5476 3268 5514 num.
3305 5460 3464 5514 l6“.
3505 5461 3646 5516 Editi
3685 5475 3820 5514 vero

2248 5537 2304 5582 et
2336 5527 2441 5583 ms.
2473 5527 2716 5596 quidam,
2771 5545 2789 5576 ι
2836 5528 2946 5582 Lex
2980 5539 3062 5582 est
3091 5545 3222 5584 sane
3251 5532 3477 5598 spiritus
3505 5531 3648 5585 vitae.
3681 5531 3816 5583 Nam

2250 5599 2318 5668 de
2346 5600 2684 5668 legelitterae
2709 5600 2852 5666 quod
2885 5599 3120 5653 diximus
3151 5601 3324 5668 ipsam
3357 5601 3554 5655 debere
3589 5601 3817 5668 intelligi

2253 5667 2427 5730 legem
2464 5667 2578 5729 Dei,
2609 5669 2906 5722 secundum
2937 5684 3055 5739 eam
3080 5667 3331 5724 videlicet
3359 5681 3568 5739 partem
3599 5686 3704 5738 qua
3731 5667 3815 5723 lex

2253 5753 2371 5794 esse
2399 5739 2594 5793 dicitur
2646 5739 2928 5808 spiritalis.
2969 5737 3090 5793 ldeo
3139 5737 3392 5795 addidit}
3445 5741 3553 5794 Lex
3603 5737 3820 5808 spiritus
