4146 6440
402 329 542 385 11⁸195

1346 331 1698 388 COMMENT.
1734 330 1803 387 ΙΝ
1836 329 2055 388 EPIST.
2093 330 2184 385 AD
2217 330 2385 390 ROM.
2421 331 2549 387 LIB.
2587 331 2676 388 Vl.

3491 338 3515 393 1
3526 339 3633 395 091

405 468 424 500 α
451 448 666 505 Sciendi
694 448 892 504 bonum
922 457 976 502 et
1009 448 1208 503 malum
1237 452 1282 505 ³.
1312 468 1332 503 ι
1379 450 1684 520 Utrumque
1715 451 1861 506 enim
1914 451 1968 504 in
2002 453 2046 510 Α
2071 449 2378 505 berationis
2416 451 2642 519 eligere.
2677 448 2812 503 Puto
2841 458 3022 505 tamen
3074 452 3216 518 quod
3265 453 3439 526 legem
3471 456 3642 528 Moysi

400 555 509 594 uno
542 540 683 594 sicut
731 548 785 593 et
834 540 889 593 in
933 541 1052 609 lege
1086 541 1396 595 continetur
1430 541 1567 612 (69).
1600 541 1707 597 Sed
1738 551 1795 597 et
1835 542 1965 595 illud

399 646 506 685 non
540 633 872 696 omittamus,
911 635 1049 701 quod
1088 634 1176 689 hic
1202 635 1417 702 quidem
1449 637 1541 703 qui
1569 634 1814 689 liberata
1846 635 1964 703 lege

397 723 605 791 peccati
659 733 713 778 et
768 726 978 785 mortis.
1030 743 1048 776 ι
1092 726 1316 792 spiritus
1361 726 1488 780 vitte
1533 745 1554 778 ι
1605 726 1806 781 dicitur
1849 742 1865 792 ;
1906 728 1957 781 in

400 810 692 883 Evangelia
718 824 898 868 autem
929 817 1227 870 secundum
1264 816 1526 871 Joannem
1576 818 1840 885 scriptum
1875 827 1959 873 est

402 902 632 959 Domino
671 905 881 960 dicente
925 930 936 962 :
990 925 1009 958 ι
1056 906 1112 961 Si
1148 908 1461 963 manseritis
1515 910 1569 960 in
1620 909 1786 963 verbo
1818 923 1960 975 meo,

399 1003 706 1070 agnoscetis
735 1006 1039 1071 veritatem,
1076 1015 1132 1059 et
1176 1006 1376 1059 veritas
1412 1007 1668 1063 liberabit
1716 1020 1808 1059 vos
1859 1006 1898 1059 ³.
1935 1026 1956 1059 ι

398 1091 458 1146 1η
486 1109 593 1160 quo
627 1095 759 1148 mihi
794 1096 1010 1165 quidem
1055 1097 1292 1161 videtur,
1332 1098 1478 1166 quod
1519 1096 1767 1165 quamvis
1797 1111 1963 1166 opere

396 1183 515 1238 lucc
549 1200 578 1238 a
609 1199 669 1239 se
690 1187 901 1241 diversa
934 1187 1218 1241 videantur
1259 1188 1345 1242 vel
1390 1189 1631 1253 nomine,
1678 1196 1854 1242 tamen
1903 1203 1964 1244 re

398 1278 517 1344 ipsa
546 1292 712 1330 unum
747 1276 875 1332 sint.
907 1277 1155 1332 Christus
1182 1277 1325 1331 enim
1355 1278 1465 1331 vita
1501 1289 1605 1340 est.
1636 1290 1684 1334 el
1721 1280 1835 1347 ipse
1879 1289 1964 1336 est

397 1367 488 1435 qui
523 1365 782 1421 liberabit
811 1383 826 1433 ;
853 1374 906 1419 et
935 1367 1024 1421 hic
1049 1369 1276 1437 Spiritus
1308 1368 1433 1422 vitae
1467 1368 1686 1422 liberat.
1730 1371 1791 1422 Et
1824 1386 1962 1439 quo-

400 1457 563 1510 modo
592 1473 701 1510 non
734 1458 785 1510 in
825 1467 1059 1528 utroque
1087 1475 1190 1512 uua
1222 1460 1447 1515 libertas
1479 1470 1561 1515 est
1600 1460 1625 1514 ἵ
1655 1460 1785 1527 Quae
1814 1464 1959 1516 enim

393 1548 507 1617 agit
538 1548 795 1618 Spiritus,
826 1549 1019 1605 haec-et
1042 1551 1293 1606 Christus
1325 1553 1459 1621 agit,
1505 1562 1560 1606 et
1613 1568 1733 1622 quae
1758 1555 1961 1608 Christi

400 1652 548 1706 sunt,
583 1644 821 1713 Spiritus
850 1644 961 1714 agit
996 1642 1130 1716 (70).
1171 1644 1324 1698 Sicut
1351 1644 1496 1697 enim
1530 1659 1670 1711 quos
1715 1645 1963 1699 sanctiﬁ-

398 1743 487 1788 cat
517 1734 750 1802 Spiritus
792 1742 1052 1800 sanctus,
1097 1736 1401 1790 sanctificat
1447 1736 1695 1790 Christus
1734 1754 1748 1790 :
1784 1737 1858 1789 ita
1905 1746 1962 1791 et

2066 539 2232 593 etiam
2272 540 2384 605 hic,
2413 540 2556 593 sicut
2585 552 2642 595 et
2673 542 2725 595 in
2762 541 2882 596 aliis
2927 557 3071 613 saepe
3118 544 3375 612 diximus,
3414 548 3469 602 in
3510 551 3644 604 duas

2070 639 2255 698 partes
2280 632 2576 699 Apostolus
2627 634 2856 700 dividat,
2913 643 2969 688 et
3014 635 3158 690 aliud
3200 637 3253 691 in
3299 652 3361 692 ea
3393 653 3641 705 carnem,

2070 718 2214 773 aliud
2251 721 2504 790 spiritum
2535 723 2780 777 nominet
2807 743 2821 778 :
2851 735 2905 779 et
2928 723 3075 778 illam
3103 725 3321 793 quidem
3346 729 3643 782 observan-

2069 811 2198 864 tiam
2231 826 2351 879 quaa
2378 814 2676 867 secundum
2699 814 2937 869 litteram
2962 816 3189 883 geritur,
3218 832 3437 871 sensum
3461 819 3643 873 carnis

2067 903 2337 971 appellet,
2378 905 2535 958 sicuti
2570 906 2701 960 dicit
2728 907 2794 960 de
2822 906 3124 974 huiusmodi
3157 906 3345 962 Judteo
3374 910 3416 974 ⁵,
3460 928 3479 960 ί
3515 909 3646 964 Fru-

2069 1004 2182 1047 stra
2210 992 2428 1049 inﬂatus
2457 1011 2483 1047 a
2519 1010 2684 1049 sensu
2719 998 2904 1051 carnis
2946 1014 3059 1053 sua:
3104 1000 3215 1070 (74)
3248 1022 3296 1057 ε»
3319 1002 3466 1057 illam
3513 1019 3643 1059 vero

2068 1102 2191 1154 qum
2221 1089 2487 1158 accipitur
2525 1091 2876 1159 Spiritalitcr,
2916 1093 3168 1162 spirituum
3213 1097 3457 1151 nominet
3500 1098 3638 1170 (75),

2066 1178 2211 1231 sicut
2237 1186 2293 1233 et
2324 1179 2450 1235 alibi
2487 1182 2620 1234 dicit
2650 1181 2670 1212 ⁸
2697 1199 2709 1235 :
2746 1200 2764 1232 ε
2799 1181 3005 1237 Littera
3029 1185 3250 1250 occidit,
3284 1188 3511 1256 spiritus
3537 1204 3639 1243 au-

2065 1277 2173 1325 tem
2208 1270 2469 1326 viviﬁcat.
2502 1290 2522 1324 »
2578 1272 2645 1326 Et
2696 1274 2749 1327 iu
2803 1277 2908 1330 hoc
2959 1291 3092 1346 ergo
3141 1278 3261 1333 loco
3304 1283 3450 1347 quod
3502 1283 3640 1338 dicit

2072 1382 2092 1415 ε
2116 1364 2449 1432 impossibile
2468 1366 2627 1430 legi,»
2654 1376 2706 1418 et
2734 1385 2753 1416 ι
2789 1368 2841 1419 in
2859 1383 2967 1435 quo
2993 1370 3372 1427 inﬁrmabatur
3397 1389 3494 1442 per
3513 1390 3636 1429 car-

2068 1470 2214 1521 nem,
2249 1475 2269 1509 s
2305 1456 2611 1510 intellectus
2637 1457 2728 1525 qui
2751 1461 3048 1513 secumtum
3082 1463 3319 1516 litteram
3350 1475 3435 1518 est
3463 1466 3636 1535 accipi

2063 1557 2261 1616 potest.
2295 1547 2412 1616 Ipse
2443 1549 2588 1601 enim
2621 1559 2676 1601 et
2719 1550 3072 1619 impossibilis
3097 1562 3238 1616 erat,
3274 1565 3328 1609 et
3366 1555 3634 1621 inﬁrmus,

2063 1640 2110 1694 si
2165 1641 2467 1695 secundum
2531 1655 2781 1708 carnem,
2825 1644 2873 1695 id
2925 1653 3008 1698 est
3049 1647 3343 1701 secundum
3397 1647 3635 1702 litteram

2065 1731 2384 1784 sentiretur.
2409 1729 2549 1798 Quid
2574 1730 2717 1784 enim
2744 1742 2851 1785 tam
2873 1733 3209 1801 impossibile
3228 1749 3391 1804 quam
3413 1733 3636 1790 Sabbati

396 1840 533 1895 quos
561 1797 758 1881 liberat
786 1827 1009 1894 spiritus
1039 1797 1183 1889 vitae,
1222 1826 1420 1881 liberat
1452 1837 1506 1881 et
1538 1827 1672 1883 vita.
1720 1827 1955 1882 Tantum
1990 1797 2037 1856 Β
2064 1819 2381 1877 observatio
2424 1826 2722 1879 secundum
2774 1824 3014 1877 litteram
3064 1824 3221 1893 legis.
3268 1836 3327 1879 ut
3363 1827 3415 1880 in
3451 1827 3635 1884 multis

395 1924 480 1971 est
511 1925 569 1969 ut
596 1916 811 1971 liberati
838 1932 867 1971 a
900 1916 1014 1986 lege
1045 1917 1269 1986 spiritus
1314 1918 1458 1980 vitae,
1495 1918 1547 1971 in
1579 1918 1800 1973 Christo
1847 1934 1961 1971 ma-

395 2020 644 2070 neamus,
679 2021 777 2061 nec
801 2008 939 2060 ultra
968 2007 1311 2060 inveniamur
1335 2008 1544 2062 servire
1574 2008 1675 2077 legi
1710 2011 1916 2077 peccati
1942 2028 1954 2063 :

397 2097 522 2165 quia
551 2098 693 2151 sicut
718 2098 766 2152 is
793 2098 883 2165 qui
916 2097 1179 2152 liberatur
1207 2113 1235 2152 a
1263 2098 1378 2169 lege
1404 2098 1630 2167 spiritus
1671 2100 1813 2164 vitm,
1844 2116 1960 2169 per-

398 2196 581 2241 manet
613 2188 666 2240 in
696 2187 916 2242 Christo
945 2188 1037 2256 qui
1072 2181 1156 2242 est
1186 2190 1296 2245 vita
1336 2206 1349 2255 ;
1395 2190 1468 2244 ita
1513 2191 1604 2260 qui
1654 2193 1824 2246 servit
1853 2194 1959 2263 legi

391 2279 605 2347 peccati
633 2289 916 2346 permanet
948 2279 1005 2335 in
1042 2290 1216 2335 morte
1271 2296 1392 2351 quae
1428 2283 1580 2337 venit
1608 2298 1676 2339 ex
1702 2286 1961 2339 condem-

394 2370 615 2426 natione
650 2371 877 2439 peccati.

464 2461 555 2517 12.
591 2478 612 2514 ι
637 2461 769 2517 Nam
797 2464 942 2533 quod
973 2463 1308 2536 impossibile
1334 2475 1456 2519 erat
1485 2465 1612 2537 legi,
1653 2467 1708 2521 in
1736 2483 1845 2536 quo
1875 2468 1960 2521 in-

393 2550 716 2606 ﬁrmabatur
742 2568 838 2624 per
870 2570 1114 2620 carnem,
1139 2555 1284 2612 Deus
1313 2556 1506 2611 Filium
1541 2570 1699 2612 suum
1736 2558 1958 2614 mittens

393 2642 451 2696 in
485 2644 892 2702 similitudinem
918 2649 1101 2703 carnis
1129 2651 1359 2717 peccati,
1409 2660 1464 2704 et
1492 2651 1559 2705 de
1587 2661 1811 2720 peccato
1854 2652 1955 2707 da-

395 2736 604 2790 mnavit
636 2750 918 2807 peccatum
952 2741 1004 2794 in
1034 2757 1217 2808 carne,
1249 2752 1311 2796 ut
1346 2742 1663 2810 justiﬁeatio
1700 2744 1831 2816 legis
1857 2746 1960 2800 im-

392 2827 634 2895 pleretur
663 2830 716 2884 in
748 2832 923 2895 nobis,
949 2835 1041 2903 qui
1074 2850 1179 2889 non
1205 2836 1502 2889 secundum
1531 2850 1750 2891 carnem
1773 2841 1961 2893 ambu-

390 2916 585 2984 lamus,
613 2923 705 2976 sed
744 2925 1040 2978 secundum
1069 2925 1335 2996 spiritum.
1358 2925 1460 2993 Qui
1489 2928 1632 2982 enim
1659 2930 1957 2985 secundum

388 3024 609 3066 carnem
652 3023 803 3082 sunt,
859 3032 979 3083 quae
1023 3020 1205 3075 carnis
1238 3028 1365 3074 sunt
1391 3019 1607 3087 sapiunt
1645 3038 1659 3074 :
1703 3021 1795 3089 qui
1826 3036 1957 3077 vero

388 3105 1004 3203 secundum-spiritum,
1039 3124 1158 3178 qua-
1192 3121 1319 3166 sunt
1357 3113 1603 3179 spiritus.
1654 3111 1948 3170 Prudentia
1975 3140 2023 3203 ρ

388 3193 533 3247 enim
566 3196 769 3258 carnis,
799 3213 945 3254 mors
972 3208 1054 3254 est
1091 3216 1107 3254 :
1147 3202 1434 3268 prudentia
1485 3211 1664 3257 autem
1700 3204 1947 3274 spiritus,

388 3287 504 3341 vita
531 3296 584 3342 et
614 3303 717 3356 pax
754 3292 1047 3360 :quoniam
1083 3293 1371 3362 prudentia
1413 3294 1595 3347 carnis
1624 3294 1842 3350 inimica
1870 3308 1954 3351 est

387 3378 499 3434 Deo
527 3398 541 3434 :
570 3379 671 3451 legi
702 3382 848 3436 enim
881 3383 972 3437 Dei
1004 3399 1107 3438 non
1135 3394 1218 3439 est
1240 3384 1483 3449 subjecta
1514 3405 1527 3440 :
1558 3401 1659 3441 nec
1688 3388 1832 3443 enim
1859 3403 1953 3458 po-

385 3478 514 3526 test.
538 3469 638 3538 Qui
665 3481 842 3528 auteru
876 3473 928 3528 itt
960 3489 1127 3530 carne
1150 3486 1275 3530 sunt
1301 3476 1435 3547 (7i),
1465 3477 1572 3530 Deo
1596 3477 1816 3547 placere
1841 3495 1949 3534 non

383 3572 632 3630 possunt.
663 3564 771 3620 Vos
801 3576 979 3619 autem
1017 3568 1069 3621 in
1097 3582 1265 3622 carne
1298 3584 1404 3622 non
1445 3569 1601 3633 estis,
1628 3572 1722 3624 sed
1747 3570 1800 3623 in
1830 3571 1946 3639 spi-

384 3651 492 3707 ritu
524 3669 539 3706 :
572 3653 619 3708 si
650 3662 826 3710 tamen
860 3656 1097 3726 Spiritus
1133 3660 1223 3713 Dei
1257 3661 1467 3714 habitat
1513 3660 1568 3715 in
1621 3662 1778 3717 vobis
1817 3660 1860 3716 δ.
1917 3678 1940 3715 ι

376 3743 519 3798 Cum
551 3744 604 3799 in
636 3748 1012 3817 superioribus
1066 3758 1144 3806 tot
1180 3750 1328 3822 leges
1382 3754 1748 3809 nominaverit
1778 3754 1950 3822 (dixit

382 3834 527 3888 enim
557 3845 614 3891 et
644 3838 816 3909 legem
848 3840 965 3906 Dei,
994 3851 1050 3896 et
1074 3842 1248 3913 legem
1280 3846 1498 3912 mentis,
1526 3855 1582 3900 et
1624 3846 1797 3915 legem
1832 3848 1950 3916 spi-

384 3923 522 3979 ritus
547 3926 715 3998 vitae),
754 3932 1065 3986 econtrario
1100 3948 1315 4002 quoque
1347 3949 1469 3988 cum
1510 3935 1682 4005 legem
1719 3951 1841 4005 qua:
1890 3938 1944 3992 in

385 4018 648 4074 membris
701 4031 808 4083 est,
852 4032 907 4076 et
946 4023 1115 4095 legem
1166 4026 1379 4090 mortis,
1424 4038 1480 4081 et
1524 4028 1698 4098 legem
1734 4030 1943 4098 peccati

381 4115 887 4168 commemoraverit
910 4116 1047 4186 (72),
1076 4118 1164 4171 hic
1192 4134 1333 4174 nunc
1361 4119 1427 4175 de
1468 4136 1574 4190 qua
1603 4121 1794 4176 harum
1822 4122 1943 4193 lege

382 4197 547 4264 dicat,
581 4216 604 4251 ‹
631 4200 763 4254 Nam
791 4205 931 4271 quod
961 4205 1300 4274 impossibile
1328 4216 1449 4261 erat
1486 4207 1610 4277 legi,
1645 4208 1698 4262 in
1731 4224 1842 4277 quo
1869 4209 1945 4260 iu-

382 4287 700 4350 llrmabatur
728 4292 839 4366 (7:5)
872 4312 969 4364 per
994 4312 1236 4361 carnem,
1267 4317 1286 4350 ι
1320 4314 1426 4354 non
1462 4309 1548 4355 est
1588 4316 1770 4370 parvae
1802 4302 1942 4357 deli-

2061 1911 2337 1981 saepeiam
2371 1916 2653 1971 diximus?
2681 1914 2912 1970 Jubetur
2943 1915 3087 1970 enim
3119 1932 3225 1971 non
3251 1921 3403 1972 exire
3429 1918 3542 1989 (76)
3568 1922 3635 1975 de

2060 2000 2222 2054 domo
2259 2015 2378 2063 sua,
2412 2019 2517 2058 non
2547 2020 2606 2057 se
2640 2019 2858 2058 movere
2886 2005 2953 2059 de
2978 2005 3095 2060 loco
3126 2021 3249 2072 suo,
3279 2008 3419 2063 nihil
3447 2012 3633 2064 oneris

2059 2091 2261 2146 levare.
2319 2092 2450 2159 Quae
2500 2096 2628 2164 quia
2677 2097 3035 2166 impossibilia
3086 2100 3274 2153 vident
3317 2099 3488 2156 Judaei
3516 2102 3633 2172 (77)

2060 2186 2154 2251 qui
2206 2188 2505 2239 secundum
2566 2201 2788 2241 carnem
2851 2187 3022 2257 legem
3073 2188 3389 2255 observant,
3441 2193 3630 2263 inepta

2059 2276 2305 2345 quaedam
2360 2285 2417 2330 et
2472 2276 2703 2331 ridicula
2758 2289 3224 2345 commentantur,
3276 2283 3476 2350 quibus
3530 2283 3633 2338 im-

2058 2367 2470 2437 possibilitatem
2512 2367 2645 2435 legis
2688 2370 2898 2425 sarcire
2926 2372 3235 2427 videantur.
3274 2373 3416 2440 Quid
3466 2373 3634 2445 589

2058 2466 2238 2513 autem
2273 2457 2449 2512 dicam
2488 2460 2554 2513 de
2582 2459 2983 2516 sacriﬁciorum
3023 2464 3273 2529 ratione,
3315 2480 3434 2534 qua:
3468 2467 3631 2522 simul

2058 2549 2236 2604 omnis
2262 2563 2325 2605 ex
2354 2551 2564 2622 integro
2584 2553 2938 2623 impossibilis
2969 2554 3085 2626 (78)
3109 2554 3255 2612 facta
3284 2557 3631 2628 estiQuippe

2057 2641 2151 2696 ubi
2181 2656 2280 2697 nec
2306 2643 2562 2712 templum
2598 2653 2700 2712 est,
2729 2659 2833 2701 nec
2874 2646 3071 2713 altare,
3111 2662 3211 2703 nec
3234 2647 3377 2705 ullus
3402 2665 3630 2719 prorsus

2059 2734 2417 2790 sacricaudo
2443 2736 2616 2792 locus.
2656 2737 2709 2791 lu
2729 2738 2928 2808 quibus
2957 2740 3182 2810 singulis
3210 2739 3292 2795 lex
3315 2756 3420 2796 non
3448 2741 3629 2797 dicam

2059 2827 2406 2895 impossibilis
2436 2838 2491 2883 et
2513 2830 2748 2894 inﬁrma,
2780 2832 2872 2886 sed
2893 2841 2949 2886 et
2973 2833 3132 2901 plane
3152 2831 3262 2900 jam
3289 2844 3499 2889 mortua
3521 2845 3625 2890 est.

2057 2917 2192 2973 Nam
2226 2931 2353 2974 ante
2373 2920 2518 2976 hanc
2548 2931 2778 2977 mortem
2809 2922 3322 2997 inﬁrmabatur(79)
3358 2936 3486 2982 tunc
3500 2942 3626 2983 cum

2057 3010 2323 3082 sanguine
2354 3012 2647 3067 vitulorum
2676 3022 2731 3068 et
2765 3013 3041 3070 hircorum
3069 3019 3394 3086 conabatur,
3434 3034 3532 3076 nec
3553 3028 3632 3074 ta-

2056 3117 2179 3157 men
2214 3112 2447 3172 poterat,
2474 3103 2697 3160 aul‘erre
2720 3115 2939 3175 peccata
2973 3107 3087 3183 (80)
3118 3122 3137 3162 :
3166 3119 3224 3165 et
3253 3110 3629 3169 inﬁrmabatur

2054 3195 2109 3250 in
2139 3196 2346 3267 legibus
2369 3196 2529 3267 leprae
2562 3197 2606 3264 ⁷,
2633 3211 2771 3263 quas
2802 3212 2903 3251 nec
2929 3200 3223 3269 explanare
3254 3216 3495 3271 unquam
3525 3218 3624 3272 po-

2056 3289 2178 3354 tuit,
2207 3303 2307 3344 nec
2336 3289 2583 3358 implere.
2620 3290 2675 3344 In
2723 3291 2810 3347 his
2839 3305 2974 3362 ergo
2995 3292 3248 3347 omnibus
3270 3291 3500 3362 aliisque
3533 3294 3625 3349 io-

2051 3382 2294 3436 numeris
2316 3389 2378 3435 et
2417 3381 2769 3451 impossibilis
2818 3392 2938 3438 erat
2963 3383 3048 3437 lex
3080 3423 3096 3446 ,
3127 3392 3184 3438 et
3220 3383 3623 3451 inﬁrmabatur,

2050 3482 2311 3540 quantum
2345 3471 2414 3525 ad
2455 3473 2637 3527 carnis
2667 3471 3080 3539 intelligentiam
3125 3481 3370 3542 spectat:
3417 3481 3474 3528 et
3500 3472 3625 3530 ideo

2059 3576 2080 3611 ι
2115 3560 2255 3615 Deus
2294 3559 2487 3615 Filium
2519 3576 2677 3615 suum
2718 3562 2940 3618 mittens
2972 3562 3027 3616 in
3054 3561 3463 3618 similitudinem
3498 3578 3626 3618 car-

2055 3652 2141 3706 nis
2168 3654 2397 3720 peccati,
2429 3662 2485 3708 et
2512 3652 2578 3707 de
2612 3662 2858 3721 peccato,
2892 3670 2914 3705 »
2949 3654 3055 3721 vel,
3095 3664 3156 3710 ut
3180 3654 3366 3710 verius
3394 3653 3625 3710 habetur

2055 3748 2197 3815 apud
2218 3747 2456 3810 Graacos,
2488 3766 2506 3798 ι
2551 3757 2606 3801 et
2641 3760 2739 3816 pro
2766 3758 2993 3817 peccato
3019 3748 3301 3803 damnavit
3335 3759 3619 3819 peccatum

2055 3839 2108 3893 in
2135 3853 2320 3897 carne.
2366 3856 2387 3889 ι
2425 3837 2580 3906 Quod
2609 3840 2780 3905 dixit,
2820 3857 2841 3892 ι
2884 3839 2941 3894 in
2984 3840 3394 3896 similitudinem
3438 3842 3624 3898 carnis

2052 3931 2285 4000 peccati,
2325 3949 2344 3983 ι
2377 3931 2619 3986 ostendit
2648 3946 2746 3986 nos
2770 3931 2989 4000 quidem
3022 3933 3226 3987 habere
3252 3947 3469 3989 carnem
3499 3947 3625 4004 pec-

2046 4025 2175 4091 cati,
2205 4022 2396 4077 Filium
2426 4039 2556 4078 vero
2591 4022 2683 4076 Dei
2710 4022 3121 4077 similitudinem
3153 4023 3412 4078 habuisse
3430 4024 3617 4079 carnis

2046 4116 2272 4185 peccati,
2315 4130 2421 4169 non
2452 4129 2675 4169 carnem
2707 4114 2938 4184 peccati.
2965 4113 3170 4170 Omnes
3207 4114 3353 4170 enim
3390 4130 3488 4170 nos
3518 4116 3620 4170 lto-

2046 4205 2220 4260 mines
2247 4205 2337 4272 qui
2369 4220 2432 4260 ex
2460 4205 2668 4258 semine
2699 4203 2797 4256 viri
2825 4218 2950 4257 cum
2977 4203 3202 4258 muliere
3236 4207 3617 4261 convenientis

2043 4296 2287 4364 concepti
2306 4309 2514 4361 sumus,
2540 4293 2628 4347 illa
2658 4295 2969 4348 necessario
2993 4294 3196 4347 utimur
3210 4308 3345 4349 voce
3370 4309 3475 4363 qua
3499 4294 3615 4366 (81)

450 4436 471 4467 ³
492 4431 626 4489 Gen.
651 4450 704 4498 ιι,
727 4435 780 4489 9.
857 4431 1183 4499 'Joan.vm,
1213 4434 1302 4499 51,
1329 4434 1418 4489 32.
1493 4435 1516 4467 ⁵
1544 4436 1699 4490 Rom.
1730 4452 1850 4506 vut,
1876 4437 1956 4492 5s

2115 4431 2361 4487 'Coloss.
2399 4446 2459 4494 tt,
2491 4429 2578 4484 18.
2642 4425 2725 4481 ⁸11
2745 4428 2873 4483 Cor.
2902 4443 2986 4492 ιιι,
3008 4426 3063 4482 6.
3129 4427 3151 4461 ⁷
3176 4426 3349 4484 Levit.
3380 4443 3501 4486 xm.
3524 4426 3613 4481 M.

387 4568 529 4622 vitta.
564 4566 751 4621 Dicere
788 4565 891 4620 hoc
925 4581 1036 4620 non
1075 4572 1305 4634 poterat,
1338 4564 1407 4618 de
1432 4577 1539 4634 qua
1578 4564 1633 4616 in
1671 4563 1792 4618 aliis
1829 4572 2014 4633 pro-D
2042 4579 2109 4627 co

390 4641 770 4702 nuntiaverat,
810 4636 937 4705 quia
990 4632 1175 4689 littera
1227 4632 1599 4705 acciditnﬂoc
1634 4641 1689 4688 et
1735 4636 1790 4705 in
1830 4632 1954 4690 aliis

392 4707 741 4760 ministerium
790 4702 976 4759 mortis
1032 4705 1264 4759 dixerat.
1325 4723 1344 4754 ι
1400 4702 1550 4757 Alter
1599 4718 1702 4758 ms.
1754 4702 1954 4772 Regius

388 4793 541 4830 num.
561 4776 743 4846 71659:
772 4796 788 4823 ι
824 4775 1016 4846 Legem
1068 4791 1199 4829 sane
1243 4773 1478 4846 spiritus
1507 4774 1747 4846 vitaihic
1776 4775 1955 4846 nomi-

389 4854 502 4903 nat.
545 4845 621 4900 De
656 4846 772 4913 lege
810 4843 998 4899 litterae
1035 4860 1131 4913 per
1166 4859 1328 4913 quam
1368 4843 1607 4897 diximus
1647 4843 1831 4913 ipsam,
1858 4845 1942 4899 de-

387 4917 515 4970 bere
555 4912 780 4986 intelligi
819 4916 987 4985 legem
1028 4912 1660 4986 Dei,_'secundu_m_cam
1684 4912 1946 4986 (videlicet

386 4995 594 5056 partem
635 4982 755 5056 qua?
794 4982 895 5039 lex'
926 5000 1048 5039 esse
1085 4984 1599 5056 dicitur_s_piritalis.
1641 4982 1766 5039 ideo
1802 4984 1947 5037 enim

386 5001 594 5056 partem
673 5002 755 5039 ua:
794 5001 878 5039 lex
926 5001 1048 5039 esse
1085 5001 1283 5037 tliClltll'
1322 5001 1599 5050 spmtaus.
1641 5001 1766 5039 tueo
1802 5001 1947 5037 enim

385 5057 587 5111 addit:
635 5001 755 5110 ica:
806 5056 1026 5125 spiritus
1086 5056 1228 5108 vitm.
1285 5052 1473 5125 Dicere
1526 5055 1629 5108 hoc
1685 5068 1805 5125 non
1846 5066 1949 5121 po-

387 5136 524 5181 terat
562 5127 631 5180 de
683 5143 789 5195 qua
834 5121 891 5179 in
931 5125 1052 5178 aliis
1093 5124 1565 5191 pronuntiaverat,
1606 5124 1733 5195 quia
1769 5121 1950 5195 littera

385 5197 608 5260 occidit;
650 5193 810 5265 quam
847 5204 903 5250 et
940 5195 993 5248 in
1033 5195 1154 5249 aliis
1189 5195 1538 5261 ministerium
1575 5194 1760 5247 mortis
1798 5193 1950 5248 dixe-

384 5277 487 5319 rat.
532 5286 549 5316 ι
1276 5306 1287 5315 ,
1418 5302 1427 5309 .

445 5332 559 5405 (69)
595 5333 756 5397 Editi,
793 5352 813 5386 ι
846 5332 1149 5405 Utruutque
1181 5347 1313 5403 ergo
1350 5333 1402 5387 in
1430 5348 1538 5388 uno
1568 5333 1710 5388 sicut
1731 5332 1782 5386 in
1813 5329 1929 5402 lege

371 5405 701 5460 continetur.
731 5423 750 5456 ι

444 5475 560 5544 170)
585 5476 747 5539 Editi,
777 5492 797 5526 ι
820 5483 875 5544 et
908 5488 1071 5543 quem
1097 5472 1198 5529 sibi
1225 5471 1425 5528 Christi
1455 5472 1695 5543 Spiritus
1725 5469 1859 5544 agit.
1900 5489 1926 5527 ι

467 5543 556 5610 71)
584 5544 753 5610 Alias,
790 5563 810 5595 ι
843 5543 945 5610 Qui
977 5545 1122 5601 enim
1158 5544 1209 5596 in
1246 5558 1414 5598 carne
1439 5552 1583 5599 sunt.
1616 5563 1634 5595 ι

465 5611 759 5682 72).Alias,
801 5633 819 5666 ι
852 5614 992 5669 dixit
1020 5615 1169 5669 enim
1197 5623 1251 5667 et
1281 5614 1451 5682 legem
1502 5613 1721 5679 mentis,
1757 5620 1814 5667 et
1844 5611 1923 5668 le-

368 5684 491 5755 gem
536 5684 762 5754 spiritus
804 5685 926 5739 vitae
963 5702 978 5739 :
1015 5684 1328 5755 econtrario
1367 5697 1584 5755 quoque
1641 5685 1813 5750 legem
1867 5684 1921 5755 in

368 5753 631 5814 membris
668 5771 811 5820 esse.
845 5766 901 5813 et
944 5755 1117 5819 legem
1160 5753 1384 5818 mentis,
1421 5764 1475 5811 et
1501 5753 1671 5818 legem
1707 5753 1919 5823 peccati

2148 4561 2550 4626 nominaverit;
2591 4578 2610 4612 I
2643 4560 2736 4624 al.,
2766 4578 2787 4613 ι
2812 4561 3343 4617 commemoraverit.
3375 4581 3396 4616 ι

2137 4635 2227 4703 75)
2251 4633 2424 4696 Alias,
2446 4650 2482 4703 _c
2520 4631 2654 4703 legis
2680 4647 2800 4700 quae
2828 4631 3225 4703 inﬁrmabatur,
3252 4650 3272 4683 ι
3316 4640 3428 4703 etc.

2136 4700 2226 4773 74)
2277 4704 2367 4773 Sic
2408 4701 2651 4771 plerique
2708 4711 2950 4773 mss._e_t
2996 4702 3272 4756 Rabauus.
3327 4700 3429 4758 Ms.
3474 4720 3610 4763 vero

2037 4770 2215 4837 unus,
2267 4791 2287 4825 ι
2340 4772 2555 4826 Judaeos
2610 4772 2808 4826 frustra
2858 4770 3071 4824 inﬂatos
3118 4785 3149 4823 a
3198 4785 3360 4825 sensu
3422 4777 3607 4833 carnis

2035 4859 2166 4899 suae.
2200 4860 2219 4895 ι
2250 4842 2417 4905 Editi,
2463 4859 2483 4894 ι
2511 4839 2710 4895 Judzeis
2748 4841 2953 4897 frustra
2984 4839 3199 4896 inﬂatos
3225 4854 3389 4896 sensu
3417 4848 3607 4903 carnis

2035 4928 2172 4968 sum.
2197 4932 2216 4963 ι

2105 4984 2217 5071 ςΖίἐὲ
2244 4982 2810 5071 ii!“‘2_‘,,'1°"‘-t"t‘:.'

2106 5051 2219 5124 (76)
2251 5053 2359 5124 Ms.
2395 5068 2552 5112 unus.
2576 5051 2783 5124 titubet
2811 5052 2954 5107 enim
2989 5052 3075 5124 lex
3104 5068 3209 5108 non
3248 5056 3420 5119 exire,
3443 5072 3467 5108 ι
3490 5065 3600 5113 etc.

2034 5122 2140 5176 Sed
2179 5122 2362 5178 caeteri
2390 5139 2543 5188 mss.,
2573 5123 2826 5176 [tabanus
2855 5132 2909 5175 et
2937 5123 3068 5178 editi
3098 5124 3300 5181 habent
3332 5136 3392 5180 ut
3420 5129 3476 5181 in
3504 5143 3603 5183 no-

2035 5202 2150 5247 stro
2176 5203 2345 5248 textu.

2107 5261 2225 5334 (77)
2255 5264 2431 5334 Alias,
2471 5262 2792 5334 «ridentur,
2820 5259 3011 5334 Judaei.
3050 5283 3070 5315 ι

2104 5332 2216 5403 (78)
2251 5333 2411 5403 Editi,
2434 5350 2452 5382 ε
2489 5332 2625 5399 Quid
2655 5342 2835 5387 autem
2855 5333 2923 5386 de
2945 5334 3334 5391 sacriﬁciorum
3366 5336 3598 5400 ratione,

2038 5402 2153 5472 [uae
2184 5402 2345 5459 simul
2369 5404 2546 5456 omnis
2568 5404 2708 5458 facta
2738 5410 2820 5456 est
2855 5403 3249 5472 impossibilis?
3277 5425 3296 5457 ι
3320 5404 3419 5460 Ms.
3438 5422 3601 5471 unus,

2033 5470 2065 5522 ί
2092 5470 2231 5539 Quid
2260 5481 2438 5527 autem
2472 5473 2672 5538 dicent,
2711 5490 2731 5525 ι
2773 5470 2962 5539 εαξηιίι
2990 5476 3043 5528 in
3076 5485 3264 5531 nostro
3296 5486 3466 5531 textu.

2100 5543 2217 5614 (79)
2246 5542 2411 5614 Editi,
2446 5559 2466 5593 α
2500 5541 2635 5614 Nam
2661 5551 2786 5597 ante
2809 5552 3033 5614 mortem
3061 5544 3462 5601 inﬁrmahatur.
3502 5565 3523 5598 ι

2122 5614 2213 5683 80)
2254 5611 2504 5669 Peccata.
2536 5612 2697 5668 Deest
2726 5614 2778 5666 in
2810 5612 2961 5668 libris
2990 5623 3145 5669 antea
3175 5616 3360 5670 editis.

2122 5616 2213 5683 80)
2254 5616 2504 5669 Peccata.
2536 5616 2697 5668 Deest
2726 5616 2778 5666 in
2810 5616 2961 5668 libris
2990 5623 3145 5669 antea
3175 5616 3360 5670 editis.

2096 5616 2210 5755 (81)
2246 5684 2410 5749 Editi,
2448 5702 2467 5735 ι
2518 5685 2825 5740 necessaria
2860 5683 3062 5739 utimur
3098 5700 3232 5743 voce
3260 5700 3398 5757 qua;
3440 5705 3460 5739 ι
3500 5687 3594 5752 al.,

2030 5775 2048 5807 ι
2093 5771 2277 5819 quanh
2319 5774 2338 5807 ι
