4146 6372
575 269 714 326 (095

2027 265 2350 324 ()BlCENlS

3694 273 3835 330 10θύ

572 393 706 450 dicit
733 394 922 462 David,
952 397 1208 466 quoniam
1239 414 1257 446 ι
1294 395 1346 448 in
1377 391 1761 462 iniquitatibus
1785 390 2034 460 concepit
2063 404 2148 443 me
2177 396 2222 452 Α
2258 407 2275 438 ι
2317 388 2522 441 Littera
2545 387 2747 441 occidit
2778 387 2856 439 u?
2884 406 2901 437 ι
2930 386 3101 456 Igitur
3125 404 3144 438 ι
3173 385 3458 456 prudentia
3482 389 3664 444 carnis
3689 405 3836 447 mors

573 498 744 540 trtater
776 504 890 542 mea
923 491 966 543 ⁸.
1001 509 1019 541 t
1057 488 1255 544 Verum
1280 489 1370 556 qui
1399 501 1466 540 ex
1494 486 1636 540 nulla
1663 485 1765 538 viri
1795 485 2148 551 contagione,

571 579 667 632 sed
689 578 806 632 solo
820 579 1023 650 Spiritu
1044 592 1233 635 sancto
1257 595 1418 647 super
1445 578 1717 648 Virginem
1749 577 1997 629 veniente
2016 575 2148 645 (8‘2),

570 681 627 723 et
656 669 854 724 virtute
876 670 1140 724 Altissimi
1169 672 1535 724 obumbrante
1563 669 1713 721 venit
1737 670 1802 720 ad
1831 667 2150 737 corpusint-

571 759 934 826 maculatum,
971 770 1218 814 naturam
1242 761 1460 829 quidem
1485 759 1916 828 corporisnostri
1939 757 2148 822 habuit,

570 851 920 921 pollutionem
961 863 1140 907 tamen
1181 853 1390 922 peccati
1433 866 1554 919 quae
1587 865 1654 903 ex
1685 850 2149 918 concupiscentia:

571 954 721 997 motu
757 947 1037 1014 conceptis
1062 946 1314 1006 traditur,
1345 942 1567 995 omnino
1598 956 1700 993 non
1737 941 1947 995 habuit.
1978 939 2146 993 Idcir-

567 1051 632 1088 co
659 1049 789 1106 ergo
815 1055 834 1087 ι
869 1036 920 1089 iit
950 1037 1360 1090 similitudinem
1398 1035 1579 1088 carnis
1617 1033 1828 1100 peccati
1870 1051 1888 1084 ι
1935 1035 2150 1087 venisse

566 1128 766 1181 dicitur
823 1127 995 1182 Filius
1040 1129 1156 1183 Dei.
1213 1144 1233 1178 ι
1277 1125 1342 1180 Et
1407 1143 1504 1195 pro
1554 1136 1806 1194 peccato,
1871 1145 1890 1176 ι
1926 1125 2143 1194 inquit,

573 1235 590 1268 ι
635 1218 911 1271 damnavit
937 1232 1222 1287 peccatum
1267 1220 1318 1270 itt
1365 1234 1559 1271 carne.
1606 1237 1624 1268 t
1660 1217 1812 1283 Quod
1845 1217 2019 1270 ltostia
2049 1231 2148 1284 pro

565 1319 792 1376 peccato
823 1312 1000 1364 tactus
1022 1313 1090 1364 sit
1115 1312 1386 1372 Christus,
1411 1320 1467 1363 et
1495 1309 1714 1363 oblatus
1735 1309 1806 1362 sit
1825 1323 1920 1376 pro
1950 1323 2146 1378 purga-

568 1403 711 1456 tione
741 1413 1127 1472 peccatorum,
1173 1418 1365 1455 omnes
1409 1402 1705 1470 Scriptura:
1753 1409 2055 1465 testantur,
2089 1409 2146 1454 ct

564 1495 832 1564 prtecipuc
857 1493 1054 1547 Paulus
1080 1494 1146 1546 ad
1177 1493 1430 1547 Hebraeos
1457 1494 1723 1556 scribens,
1757 1508 1882 1545 cnttt
1921 1490 2093 1545 dicit9
2126 1511 2139 1547 :

569 1604 587 1636 ι
626 1585 737 1638 lloc
775 1586 918 1639 enim
952 1584 1076 1638 fecit
1103 1585 1307 1647 semel,
1345 1585 1696 1653 semetipsum
1726 1583 2002 1638 offerendo
2042 1583 2144 1637 lto-

563 1681 758 1743 stiam;
801 1697 819 1729 ι
860 1688 915 1730 et
939 1679 1133 1730 iterum
1166 1695 1179 1731 :
1215 1695 1233 1726 ι
1274 1677 1376 1742 Qui
1413 1677 1632 1745 proprio
1661 1673 1797 1730 Filio
1818 1692 1920 1729 non
1946 1691 2139 1744 peper-

561 1771 656 1832 cit,
697 1771 790 1824 sed
836 1784 934 1838 pro
971 1769 1127 1822 nobis
1150 1769 1404 1821 omnibus
1438 1769 1663 1821 tradidit
1692 1766 1838 1820 illuttt
1867 1767 1933 1820 ¹⁰.
1981 1785 1999 1818 ›
2039 1766 2140 1820 Per

560 1859 700 1912 lianc
735 1873 863 1926 ergo
897 1858 1130 1911 hostiam
1166 1858 1350 1910 carnis
1385 1871 1528 1918 suae,
1573 1872 1693 1924 qua:
1728 1857 1930 1910 dicitur
1971 1874 1988 1906 ι
2043 1869 2140 1924 pro

559 1959 784 2018 peccato
815 1949 952 2018 (83),
995 1967 1014 1997 ο
1055 1947 1336 2000 damnavit
1360 1958 1641 2016 peccatum
1676 1946 1728 2000 iit
1767 1961 1956 2010 carne,
1990 1947 2139 2000 sicut

560 2042 700 2093 idem
729 2039 1026 2108 Apostolus
1068 2041 1121 2093 in
1156 2039 1279 2093 aliis
1306 2038 1436 2092 dicit
1468 2039 1534 2104 η,
1563 2041 1689 2108 quia
1739 2057 1757 2091 ι
1795 2039 2046 2108 apparuit
2084 2039 2137 2092 in

558 2133 876 2185 novissimis
918 2132 1113 2185 diebus
1149 2132 1215 2185 ad
1252 2132 1682 2187 destructionem
1728 2132 1935 2201 peccati
1967 2150 1982 2186 :
2030 2151 2047 2182 ι
2085 2141 2140 2186 et

557 2223 751 2277 iterum
781 2224 1043 2293 propheta
1074 2224 1210 2277 dicit
1242 2242 1256 2276 :
1292 2241 1312 2275 ι
1356 2223 1476 2292 Ipse
1508 2233 1730 2294 peccata
1768 2235 1955 2278 nostra
1989 2223 2136 2290 tulit,

556 2322 612 2367 et
662 2315 982 2381 iniquitates
1041 2324 1260 2369 nostras
1296 2317 1536 2383 portavit
1583 2315 1646 2368 “.
1707 2333 1724 2364 ι
1765 2313 1870 2368 Pro
1915 2324 2138 2384 peccato

557 2421 711 2476 ergo,
735 2407 841 2460 hoc
881 2417 965 2461 est
999 2423 1096 2477 per
1130 2408 1364 2462 hostiam
1395 2407 1580 2461 carnis
1603 2422 1714 2460 suae
1745 2422 1910 2476 quant
1939 2407 2139 2460 obtulit

556 2512 655 2566 pro
683 2507 925 2565 peccato,
965 2515 984 2548 ι
1031 2499 1312 2552 damnavit
1363 2509 1645 2566 peccatum
1697 2498 1751 2551 itt
1798 2512 1963 2551 carne
2002 2513 2136 2562 sua,

558 2598 618 2643 ut
640 2589 957 2657 justillcatio
984 2589 1120 2660 legis
1154 2591 1469 2660 impleretur
1494 2591 1545 2644 iu
1584 2591 1762 2654 nobis,
1789 2589 1882 2658 qui
1921 2606 2024 2644 non
2053 2606 2141 2644 se-

555 2682 792 2736 cundum
832 2697 1052 2736 carnem
1095 2683 1434 2737 ambulamus
1458 2725 1473 2748 ,
1507 2684 1600 2737 sed
1632 2684 1934 2738 secundum
1972 2683 2137 2753 spiri-

555 2781 692 2827 tum.
731 2791 751 2825 t
785 2771 894 2826 Per
934 2775 1077 2828 hanc
1111 2775 1223 2846 (84)
1257 2775 1460 2828 etenim
1496 2775 1733 2829 hostiam
1772 2775 1981 2839 carnis,
2019 2789 2140 2844 quae

555 2864 735 2919 oblata
763 2875 846 2918 est
873 2880 971 2933 pro
1006 2876 1256 2933 peccato,
1293 2877 1348 2921 et
1381 2866 1663 2920 damnavit
1685 2876 1999 2934 peccatunt,
2035 2865 2138 2920 hoe

553 2965 638 3011 est
717 2956 919 3025 fugavit
947 2969 1250 3026 peccatum,
1284 2957 1600 3020 etabstulit,
1627 2967 1678 3010 ιιι
1701 2956 2019 3026 justiﬁcatio
2058 2957 2139 3010 le-

2254 491 2359 533 est.
2402 497 2421 530 t
2472 479 2568 532 Cui
2626 495 2772 532 tttors
2803 488 2888 532 est
2926 479 3039 548 (88)
3065 479 3315 534 ?Aninta3
3364 482 3482 534 sine
3520 481 3707 536 dubio.
3731 481 3837 549 Qui

2254 570 2396 622 enim
2426 569 2594 638 legem
2625 570 2919 623 secundum
2947 583 3187 634 carnem,
3218 571 3270 624 id
3313 581 3396 626 est
3424 575 3719 628 secundum
3746 574 3836 628 lit—

2258 669 2454 722 terant,
2494 661 2822 714 intellexerit
2847 699 2862 724 ,
2895 677 2999 713 tton
3040 664 3187 715 venit
3213 664 3277 716 ad
3309 662 3587 718 Christum
3625 665 3717 736 qui
3747 673 3833 724 est

2253 752 2386 816 vita,
2415 761 2469 805 et
2491 753 2610 805 ideo
2632 772 2648 802 ι
2691 755 2972 818 prudentia
2996 756 3198 818 carnis,
3228 770 3377 810 mors
3411 767 3493 811 est
3531 775 3546 812 :
3586 763 3831 826 pruden-

2255 842 2324 895 tia
2355 858 2484 897 vero
2514 847 2770 913 spiritus,
2804 847 2912 900 vita
2961 858 3014 901 et
3049 862 3173 913 pax.
3214 866 3232 899 ι
3285 848 3462 902 Vitam
3507 865 3744 920 namque
3772 861 3833 906 et

2252 948 2464 1002 pacem,
2507 953 2626 1005 qttzt:
2655 947 2737 990 est
2773 937 3022 992 Christus
3056 941 3189 1008 (89),
3226 940 3391 995 habet
3426 943 3518 1011 qui
3561 944 3827 1013 spiritali-

2253 1034 2336 1079 ter
2370 1026 2621 1094 intelligit
2643 1028 2832 1096 legem.
2875 1046 2893 1079 ι
2929 1029 3193 1096 ρυυιιὲειιιι
3219 1033 3486 1100 sapientia
3507 1037 3691 1090 carnis
3726 1037 3833 1090 itii-

2252 1115 2391 1170 lnica
2414 1127 2496 1172 est
2525 1119 2634 1172 Deo
2668 1137 2680 1173 :
2713 1120 2815 1190 legi
2845 1122 2989 1173 ettint
3019 1121 3110 1176 Dei
3148 1139 3254 1176 non
3289 1136 3373 1178 est
3406 1125 3656 1195 subjecta
3684 1145 3699 1183 :
3730 1143 3833 1185 nec

2248 1208 2391 1260 enim
2420 1218 2615 1276 potest.
2637 1230 2656 1261 ι
2682 1209 2904 1265 Videtur
2925 1215 3101 1270 adhuc
3121 1215 3260 1269 idem
3287 1215 3595 1273 intellectus
3625 1220 3830 1276 evolvi.

2249 1300 2528 1366 Quomodo
2565 1304 2707 1356 enini
2755 1305 3014 1370 sapientia
3054 1309 3262 1371 carnis,
3311 1310 3410 1363 hoc
3436 1320 3520 1363 est
3588 1311 3831 1368 carnalis

2250 1391 2626 1460 intelligentia,
2666 1409 2770 1446 non
2809 1393 2881 1449 sit
2917 1395 3135 1449 inimica
3171 1397 3298 1460 Deo,
3343 1415 3464 1467 qute
3502 1401 3830 1456 adversatur

2247 1486 2499 1550 Christo;
2531 1502 2650 1556 qua:
2692 1504 2800 1540 non
2853 1489 3048 1557 recipit
3087 1503 3211 1544 eutn
3254 1506 3415 1560 quem
3463 1494 3611 1548 misit
3644 1495 3824 1562 Deus;

2245 1593 2366 1646 qua:
2395 1579 2562 1632 dicit:
2601 1597 2619 1630 ι
2660 1580 2767 1636 Nos
2797 1583 2965 1652 legent
3003 1585 3286 1649 habemus,
3321 1596 3376 1639 et
3402 1588 3706 1641 secundum
3743 1589 3826 1644 le-

2245 1685 2364 1738 gem
2395 1670 2556 1723 debet
2583 1671 2742 1737 niori,
2772 1675 2896 1742 quia
2916 1675 3109 1730 Filittttt
3137 1677 3228 1731 Dei
3262 1695 3320 1732 se
3345 1677 3475 1733 fecit
3507 1679 3552 1710 ”
3578 1679 3600 1734 ?
3632 1699 3652 1732 ι
3679 1679 3826 1746 Quo-

2242 1761 2402 1815 modo
2432 1777 2560 1831 ergo
2591 1766 2706 1818 haec
2746 1765 2869 1820 talis
2910 1769 3198 1838 sapientia,
3230 1779 3284 1823 et
3315 1768 3440 1824 talis
3470 1769 3823 1838 intelligentia

2243 1853 2294 1907 itt
2335 1853 2447 1923 lege
2489 1855 2598 1907 Deo
2642 1872 2747 1909 non
2791 1858 3009 1913 dicatur
3054 1860 3297 1925 inimica,
3338 1870 3395 1917 et
3438 1863 3541 1930 legi
3568 1861 3733 1931 ejus?
3761 1862 3824 1918 Ei

2246 1944 2455 1999 scilicet
2475 1961 2596 2014 qua:
2617 1950 2913 2018 secundum
2933 1950 3184 2019 spiritum
3199 1963 3302 2015 est,
3323 1968 3428 2007 non
3455 1965 3537 2008 est
3552 1953 3822 2022 subjecta,

2241 2049 2342 2088 nec
2392 2045 2574 2105 potest
2624 2037 2864 2106 subjici:
2897 2040 3024 2108 quia
3069 2038 3210 2093 sicut
3250 2041 3364 2110 (90)
3403 2043 3681 2094 contraria
3716 2040 3822 2095 sibi

2241 2135 2369 2182 Buttt
2401 2121 2549 2182 mers
2574 2140 2631 2184 et
2673 2131 2806 2194 vita,
2845 2130 2915 2184 ita
2945 2130 3222 2184 contraria
3257 2143 3383 2184 sunt
3403 2133 3504 2186 sibi
3537 2131 3717 2186 littera
3743 2132 3824 2187 le-

2240 2219 2329 2288 gis
2363 2221 2621 2276 occidens
2660 2223 2772 2293 (9t)
2828 2238 2950 2292 quze
2991 2233 3046 2276 et
3087 2224 3350 2292 sapientia
3393 2223 3576 2277 carnis
3615 2233 3732 2288 est,
3766 2234 3825 2279 et

2240 2312 2462 2380 spiritus
2496 2314 2778 2368 vivificaris
2807 2315 2899 2383 qui
2933 2328 3060 2368 vere
3087 2315 3172 2368 lex
3203 2315 3294 2369 Dei
3322 2326 3426 2370 est.
3465 2334 3482 2366 ι
3511 2315 3612 2382 Qui
3635 2328 3818 2370 autem

2242 2401 2296 2456 in
2321 2417 2482 2457 carne
2506 2415 2656 2467 sunt,
2677 2404 2786 2458 Deo
2818 2403 3036 2473 placere
3071 2419 3175 2459 non
3211 2415 3458 2474 possunt.
3491 2406 3600 2460 Vos
3631 2418 3815 2460 autem

2240 2493 2295 2549 in
2318 2508 2482 2548 carne
2511 2510 2615 2549 non
2642 2497 2806 2560 estis,
2852 2498 2947 2551 sed
2985 2497 3036 2550 itt
3073 2496 3238 2567 590
3281 2497 3476 2567 spiritu
3516 2499 3603 2553 :si
3631 2507 3812 2552 tamen

2243 2590 2478 2659 Spiritus
2518 2590 2610 2645 Dei
2641 2591 2848 2646 habitat
2868 2591 2921 2646 in
2951 2593 3124 2647 vobis.
3156 2611 3176 2645 ι
3202 2592 3401 2646 Eadem
3431 2593 3692 2661 perdurat
3729 2596 3816 2646 itt-

2244 2683 2558 2752 telligentia.
2590 2700 2609 2733 ι
2648 2683 2749 2749 Qui
2783 2684 2836 2738 in
2868 2698 3038 2738 carne
3067 2695 3220 2749 sunt,
3255 2701 3274 2735 ι
3325 2685 3542 2754 inquit,
3571 2685 3677 2739 hoc
3709 2695 3819 2748 est,

2240 2775 2333 2844 qui
2384 2776 2680 2829 secundum
2735 2775 2971 2831 litteram
3020 2787 3326 2846 sequuntur
3371 2777 3588 2848 legem,
3645 2797 3664 2831 ι
3702 2779 3818 2834 Deo

2239 2866 2457 2934 placere
2478 2883 2582 2920 ttott
2605 2876 2850 2935 possunt.
2890 2886 2911 2920 ι
2941 2866 3054 2923 Hoc
3082 2869 3233 2923 enint
3264 2880 3318 2924 et
3342 2869 3474 2923 olim
3504 2870 3814 2940 perlsaiant

2241 2959 2647 3028 pronuntiatunt
2675 2963 3089 3026 estaDeo,cum
3121 2961 3292 3016 dicit:
3325 2980 3344 3013 ι
3388 2961 3626 3031 Jejunia,
3649 2975 3705 3020 et
3733 2965 3817 3020 fe-

554 3047 638 3118 gis
661 3047 974 3115 impleretur
998 3049 1049 3100 iu
1075 3048 1232 3102 nobis
1252 3050 1344 3116 qui
1367 3047 1537 3118 legem
1562 3049 1861 3102 secundum
1886 3047 2135 3117 spiritum
2163 3073 2207 3131 ε
2243 3048 2592 3114 rias,etdiem
2623 3065 2878 3118 magnum
2906 3061 3150 3107 vestrum
3175 3068 3282 3108 non
3302 3057 3577 3110 sustineo:
3604 3070 3820 3112 neome-

555 3139 914 3201 custodimus,
934 3147 988 3193 et
1020 3154 1122 3192 non
1143 3142 1441 3193 secundum
1461 3155 1682 3195 carnem
1711 3159 1725 3196 :
1752 3142 1804 3195 itt
1832 3157 1934 3212 qua
1959 3153 2133 3213 parte,

555 3233 854 3286 secundum
890 3247 953 3286 ea
985 3249 1104 3300 quae
1139 3247 1303 3300 supra
1345 3235 1732 3301 expoeuimus,
1786 3235 2136 3304 itnpossibilis

553 3333 673 3376 erat
717 3323 800 3377 lex
847 3334 904 3378 et
943 3324 1184 3377 intirma.
1221 3342 1241 3374 ι
1275 3324 1374 3390 Qui
1407 3327 1550 3379 enim
1585 3328 1884 3380 secundum
1907 3341 2132 3393 carnem

553 3423 700 3479 sunt,
727 3431 848 3484 qua:
874 3416 1057 3470 carnis
1096 3429 1224 3470 sunt
1253 3418 1475 3484 sapiunt
1511 3433 1527 3472 :
1557 3417 1646 3486 qui
1673 3433 1803 3471 vero
1837 3418 2132 3472 secundum

556 3510 828 3578 spiritum,
872 3523 992 3577 quae
1047 3518 1176 3562 sunt
1219 3510 1464 3577 spiritus.
1513 3529 1532 3561 ι
1590 3509 1689 3564 llic
1733 3510 1842 3580 jam
1891 3511 2134 3578 apertius

551 3601 704 3669 quasi
737 3599 850 3670 (85)
890 3601 1032 3655 inter
1074 3615 1174 3654 nos
1216 3609 1270 3654 et
1315 3598 1534 3655 Jud:eos
1572 3603 1624 3655 in
1673 3603 1852 3656 tnedio
1887 3615 2132 3656 statuens

554 3691 725 3760 legem
753 3691 926 3760 Moysi
977 3690 1134 3754 dicit,
1185 3707 1204 3740 ι
1247 3690 1348 3756 Qui
1392 3693 1694 3746 secundum
1729 3707 1948 3745 Carnem
1979 3703 2132 3757 sunt,

550 3801 672 3853 qua:
688 3785 869 3838 carnis
895 3795 1021 3837 sunt
1053 3787 1294 3854 sapittttt,
1330 3803 1350 3836 ι
1389 3786 1490 3839 hoc
1515 3794 1621 3849 est,
1642 3781 1838 3847 Jttdati,
1871 3799 2008 3851 quos
2039 3783 2128 3836 di-

552 3878 627 3930 cit
654 3877 954 3931 secundum
987 3892 1210 3931 carnem
1239 3875 1430 3937 Israel,
1475 3891 1596 3946 qua:
1629 3874 1743 3946 (86)
1781 3875 1963 3928 carnis
1997 3875 2131 3944 legis

554 3979 686 4021 sunt
728 3969 962 4037 sapiunt,
993 3969 1044 4022 itt
1078 3986 1142 4020 eo
1183 3970 1326 4038 quod
1357 3971 1654 4022 secundum
1700 3983 1918 4022 cat-nent
1955 3967 2128 4036 legt‘lll

554 4059 862 4128 intelligunt
898 4075 912 4114 :
944 4077 962 4110 ι
997 4061 1086 4128 qui
1124 4074 1251 4113 vero
1288 4059 1587 4113 secundum
1635 4059 1882 4126 spiritum
1920 4056 2008 4127 (de
2043 4058 2127 4111 his

550 4152 741 4204 dicens
772 4167 907 4220 quos
926 4149 1147 4204 Judzeos
1171 4151 1304 4202 dicit
1333 4153 1546 4218 spiritu,
1573 4165 1680 4204 non
1709 4150 1935 4219 littera),
1957 4166 1975 4199 ι
2010 4163 2128 4217 quae.

548 4252 677 4296 sunt
715 4244 938 4310 spiritus
971 4243 1109 4313 (87).
1150 4262 1168 4294 ι
1205 4244 1266 4296 Ει
1301 4245 1480 4296 adhuc
1529 4244 1693 4296 satiat
1719 4243 1967 4296 eumdem
2002 4257 2128 4296 sen-

551 4351 694 4398 sum,
720 4345 774 4387 et
814 4336 990 4403 aperit
1026 4335 1370 4400 evidentius,
1413 4351 1535 4388 cum
1573 4334 1745 4388 dicit:
1775 4352 1793 4383 ι
1829 4331 2122 4386 Prudentia

2241 3140 2362 3194 nias
2381 3150 2435 3192 et
2464 3140 2696 3195 Sabbata
2726 3151 2908 3196 vestra
2943 3143 3062 3197 odit
3100 3145 3282 3198 anima
3311 3161 3429 3200 mea
3467 3147 3534 3202 “.
3573 3165 3593 3200 ›
3626 3147 3731 3204 Sed
3760 3157 3818 3204 et

2251 3248 2393 3299 tvos,
2417 3251 2436 3284 ι
2460 3231 2659 3299 inquit,
2679 3233 2730 3286 in
2749 3234 2946 3302 quibus
2967 3234 3204 3304 Spiritus
3221 3235 3310 3290 Dei
3326 3235 3554 3301 habitat,
3570 3238 3616 3293 si
3631 3247 3815 3294 tamen

2238 3323 2450 3378 habitat
2483 3324 2618 3394 (92),
2659 3343 2678 3376 ι
2713 3326 2766 3378 in
2790 3340 2958 3381 carne
2985 3343 3091 3382 non
3117 3329 3274 3394 estis,
3299 3328 3392 3384 sed
3424 3329 3477 3384 in
3512 3331 3703 3399 spiritu
3729 3373 3744 3397 ,
3789 3350 3812 3384 ι

2239 3416 2340 3470 hoc
2376 3425 2500 3479 est,
2528 3430 2634 3468 non
2681 3415 3097 3486 intelligentiam
3139 3419 3414 3475 carnalem
3451 3419 3589 3488 legis
3629 3423 3818 3492 sequi-

2237 3505 2392 3570 mini,
2416 3509 2508 3560 sed
2530 3506 2852 3576 spiritalem,
2879 3523 2978 3577 per
3003 3525 3167 3579 quam
3189 3512 3422 3567 venistis
3453 3513 3520 3568 ad
3547 3512 3810 3583 Spiritum

2235 3599 2618 3662 viviﬁcantem,
2649 3601 2692 3653 si
2725 3609 2904 3655 tanien
2925 3611 3081 3656 actus
3108 3604 3273 3657 vestri
3302 3604 3438 3660 tales
3470 3607 3580 3660 sint
3605 3615 3812 3662 etcom-

2232 3691 2493 3755 versatio,
2541 3700 2598 3745 ut
2642 3689 2907 3759 Spiritum
2947 3693 3040 3747 Dei
3079 3693 3131 3748 itt
3172 3694 3328 3748 vobis
3359 3694 3562 3750 habere
3593 3712 3801 3754 merea—

2233 3781 2394 3836 mini.
2429 3779 2484 3834 ln
2517 3781 2649 3835 duas
2671 3796 2826 3852 ergo,
2858 3792 2917 3837 ut
2949 3783 3212 3852 diximus,
3237 3795 3421 3854 partes
3447 3786 3703 3843 dividens
3728 3788 3810 3842 le-

2231 3890 2351 3944 gem
2377 3873 2571 3945 Moysi,
2595 3874 2647 3928 id
2677 3883 2784 3940 est,
2810 3875 2864 3930 in
2891 3876 3164 3946 spiritum,
3197 3888 3252 3932 et
3274 3894 3517 3944 carnem,
3541 3896 3664 3950 qua:
3680 3891 3811 3938 sunt

2229 3966 2474 4033 spiritus,
2505 3973 2738 4033 quamet
2769 3966 3069 4034 spiritalem
3099 3967 3273 4038 legero
3312 3968 3624 4039 appellavit,
3653 3971 3810 4026 nobis

2231 4057 2454 4110 tradidit
2488 4076 2500 4110 :
2529 4073 2650 4126 qua:
2682 4073 2812 4110 vero
2848 4061 3032 4114 Carnis
3065 4071 3224 4126 sunt,
3256 4061 3566 4118 carnalibus
3603 4062 3808 4118 Judacis

2228 4149 2466 4219 reliquit.
2512 4149 2606 4204 Sic
2651 4152 2884 4217 denique
2925 4163 2980 4203 et
3023 4153 3150 4205 illud
3191 4153 3577 4221 interpretatus
3613 4165 3696 4209 est
3739 4157 3809 4209 de

2226 4241 2498 4296 Abraham
2550 4257 2672 4297 cum
2715 4243 2896 4298 dixit:
2939 4262 2960 4295 ι
3013 4245 3120 4298 Sed
3163 4244 3208 4298 is
3240 4245 3458 4314 quidem
3491 4246 3583 4314 qui
3610 4247 3678 4302 de
3708 4263 3808 4301 att-

2226 4333 2372 4398 cilla,
2408 4334 2706 4388 secundum
2753 4351 2974 4389 carnem
3020 4345 3178 4388 natus
3218 4345 3346 4389 est:
3383 4337 3477 4406 qui
3518 4348 3699 4392 autem
3737 4353 3803 4392 ex

549 4425 694 4479 enim
726 4424 908 4477 carnis
928 4463 944 4488 ,
979 4440 1122 4479 mors
1145 4435 1230 4479 est
1265 4439 1280 4477 :
1317 4425 1602 4492 prudentia
1635 4434 1814 4478 autem
1859 4423 2084 4493 spiritus
2104 4463 2119 4486 ,
2155 4413 2197 4466 Ι)
2234 4423 2428 4488 libera,
2454 4441 2551 4493 per
2577 4426 3076 4494 reprontissionem.
3108 4429 3174 4480 Et
3197 4413 3351 4481 tsicttt
3378 4438 3505 4481 tunc
3529 4429 3576 4482 is
3603 4431 3696 4498 qui
3727 4446 3809 4484 se-

548 4517 658 4569 vita
694 4523 749 4568 et
786 4529 908 4583 pax.
949 4533 968 4567 t
1008 4512 1264 4583 Nunquid
1307 4531 1415 4569 non
1453 4531 1616 4566 ttttttttt
1662 4523 1828 4581 atque
1867 4514 2007 4566 idem
2037 4521 2124 4566 est

549 4607 691 4678 quod
721 4609 876 4671 dicit,
913 4624 932 4657 ¢
981 4607 1276 4660 Prudentia
1303 4605 1486 4660 carnis
1513 4620 1658 4660 mors
1681 4615 1785 4669 est,
1821 4623 1840 4658 ι
1877 4615 1932 4659 et
1954 4604 2120 4658 illud:

615 4770 638 4804 ⁸
679 4771 816 4824 Psal.
853 4787 904 4830 L,
941 4771 991 4825 ’1.

547 4841 594 4875 ul
617 4841 774 4898 Joatt.
814 4859 927 4907 XIX,
959 4841 1011 4897 7.

1096 4771 1116 4800 ’
1147 4767 1306 4823 Hebr.
1345 4785 1441 4831 vn,
1471 4769 1559 4824 27.

1093 4842 1134 4872 ιε
1164 4843 1285 4894 lsai.
1318 4857 1356 4907 ι,
1393 4841 1478 4902 ιδ,
1516 4840 1602 4894 τι.

644 4984 733 5052 8‘2)
768 4984 864 5038 Ms.
911 4998 1071 5047 unus,
1109 5000 1128 5034 ι
1163 4996 1324 5050 super
1365 4981 1628 5050 virginem
1657 4979 2044 5034 descendente.
2095 4996 2114 5029 ι

643 5057 731 5125 85)
765 5056 925 5119 Editi,
958 5072 977 5105 ι
1015 5067 1167 5125 εξηιιθ
1197 5056 1416 5117 dicitur,
1454 5067 1550 5121 pro
1572 5062 1818 5121 peccato,
1854 5067 1874 5102 ι
1905 5059 2014 5105 etc.

621 5120 734 5195 (84)
772 5126 934 5188 Editi,
980 5141 998 5174 ι
1041 5120 1169 5177 Post
1193 5126 1353 5175 hanc.
1396 5141 1414 5172 ι

645 5193 735 5263 8b)
766 5197 819 5248 ltt
851 5196 1012 5248 editis
1044 5197 1195 5246 deest
1232 5210 1252 5242 ι
1288 5193 1465 5262 quasi.
1507 5209 1526 5243 t

645 5203 735 5263 δῦ)
766 5203 819 5248 ltt
851 5203 1012 5248 editis
1044 5203 1195 5246 deest
1232 5210 1252 5242 ι
1288 5208 1465 5262 quaSI.
1507 5209 1526 5243 t

619 5203 729 5337 286)
758 5265 928 5329 Alias,
968 5284 985 5314 ι
1015 5265 1139 5333 quia
1171 5280 1310 5337 quae,
1344 5281 1361 5314 t
1390 5273 1499 5337 etc.
1529 5260 1625 5337 al._,
1655 5277 1674 5310 ι
1699 5259 1794 5337 qui
1820 5273 1883 5312 ea
1912 5271 2057 5337 quae,
2101 5273 2123 5308 ι

549 5328 655 5391 etc.
690 5337 793 5389 Sed
823 5328 1051 5403 utraque
1093 5328 1202 5387 vox‘
1232 5334 1382 5386 deest
1409 5335 1460 5386 itt
1487 5331 1651 5386 editis
1676 5328 1813 5385 etin
1851 5344 1981 5384 mss.
2008 5328 2125 5398 ple-

549 5422 752 5461 I‘tstltte.

619 5424 945 5544 (8'73.Alias,
993 5494 1010 5525 ι
1053 5490 1174 5542 quae
1227 5483 1355 5528 sunt
1393 5469 1619 5540 sp'irittts
1667 5471 1934 5544 sapiun_t;_
1965 5486 1985 5522 t
2023 5465 2120 5531 al.,

553 5562 573 5596 ι
616 5540 876 5600 sctttiuut.
921 5564 938 5596 t
971 5547 1034 5598 Et
1063 5540 1222 5614 paulo
1252 5557 1378 5614 pett
1411 5561 1511 5598 ms.
1548 5558 1685 5595 unus
1727 5553 1780 5595 et
1805 5540 1972 5609 editi,
2001 5556 2022 5593 ι
2064 5549 2121 5593 et

547 5618 688 5684 sapit
720 5617 1043 5670 evidentius.
1079 5635 1098 5667 ι

625 5683 731 5757 (83)
759 5685 929 5751 Alias,
959 5706 977 5739 ι
1016 5686 1180 5756 Cujus
1209 5701 1352 5740 mors
1384 5683 1501 5740 est?
1541 5701 1559 5732 ι

1655 4769 1698 4800 ¹⁰
1716 4768 1883 4820 “Olli.
1925 4779 2044 4827 VIII,
2076 4765 2166 4819 52.

1682 4839 1726 4870 ¹⁶
1752 4839 1930 4892 Calai.
1960 4852 2033 4902 Iv,
2066 4836 2156 4888 ‘25.

2227 4517 2462 4571 eundum
2483 4531 2704 4572 carnem
2742 4529 2903 4572 natus
2931 4529 3049 4585 est,
3083 4521 3516 4588 persequebatur
3540 4535 3664 4574 eum
3706 4521 3798 4588 qui

2229 4611 2525 4664 St'CUlldum
2572 4611 2852 4680 spiritum;
2899 4611 2971 4663 ita
3004 4622 3060 4664 et
3099 4627 3243 4666 nunc
3285 4612 3350 4664 ¹⁶.
3397 4629 3416 4664 ι
3467 4610 3690 4666 Certum
3725 4624 3808 4666 est

2245 4765 2285 4795 "
2313 4766 2477 4820 llebr.
2513 4781 2588 4825 ιι,
2621 4764 2712 4818 26.
2791 4764 2833 4796 ¹²
2875 4763 2998 4820 lsai.
3027 4779 3145 4832 LIII,
3170 4764 3224 4818 4.
3301 4766 3346 4797 ¹³
3375 4765 3412 4819 ll
3447 4765 3580 4822 Cor.
3621 4781 3707 4829 tu,
3747 4765 3805 4822 6.

2295 4974 2407 5046 (89)
2443 4973 2614 5041 Alias,
2657 4991 2677 5025 ι
2715 4974 2856 5042 quod
2885 4982 2970 5028 est
2995 4973 3272 5046 Christus.
3310 4992 3330 5026 ι

2293 5044 2407 5119 (90)
2460 5048 2552 5100 Sic
2599 5059 2875 5119 tus_._uttus
2914 5044 3279 5119 etgltabantts.
3331 5044 3471 5098 Editi
3503 5059 3656 5119 vero,
3684 5061 3718 5119 «ν
3747 5044 3803 5119 i_n

2222 5114 2342 5187 lege
2388 5114 2476 5170 Dei
2525 5131 2631 5169 non
2666 5114 2880 5168 dicatur
2912 5117 3128 5187 ittimica
3174 5115 3283 5169 Deo
3325 5127 3378 5168 et
3414 5117 3516 5184 tegi
3565 5115 3803 5182 ejusi'Ei

2224 5185 2344 5257 quae
2370 5187 2669 5257 secundum
2703 5187 2954 5253 spiritum
2993 5185 3112 5252 ejus
3147 5201 3253 5238 non
3282 5196 3365 5257 est
3389 5187 3656 5257 subjecta,
3686 5201 3797 5257 nec

2265 5269 2415 5311 esset
2451 5256 2662 5318 subiici,
2708 5257 2834 5325 quia
2873 5260 3035 5319 sicut,
3087 5273 3106 5307 ι
3149 5265 3255 5309 etc.
3283 5255 3410 5309 Mss.
3439 5255 3659 5320 duo,tin
3678 5255 3803 5325 lege

2265 5275 2415 5311 OSSCI.
2451 5275 2662 5318 SUDIICI,
2708 5275 2834 5325 quia
2873 5275 3035 5319 SlCUl,
3087 5275 3106 5307 ι
3149 5275 3255 5309 εις.
3283 5275 3410 5309 MSS.
3439 5275 3659 5320 αυο,ιιιι
3684 5275 3802 5323 tege

2229 5275 2325 5381 Dei
2356 5344 2460 5380 non
2497 5328 2705 5380 dicatur
2733 5327 2950 5380 inimica
2980 5326 3086 5380 Deo
3124 5336 3179 5379 et
3213 5326 3315 5394 legi
3339 5327 3478 5394 ejus,
3510 5329 3558 5378 ei
3592 5323 3802 5378 scilicet

2231 5413 2353 5466 qua:
2373 5398 2668 5452 secundum
2696 5399 2946 5466 spiritum
2971 5407 3054 5451 est
3087 5413 3190 5449 nou
3223 5411 3343 5450 eSse
3379 5396 3624 5466 subjecta
3649 5433 3665 5457 ,
3700 5409 3804 5449 nec

2229 5484 2400 5538 posse
2417 5469 2758 5536 subjici,quia
2789 5470 2955 5538 sicut,
2987 5485 3005 5518 ι
3043 5477 3146 5519 etc.
3292 5536 3301 5538 _
3427 5537 3458 5538 η
3492 5535 3503 5538 _
3633 5479 3638 5486 '

2302 5537 2412 5608 (9|)
2446 5535 2598 5608 Legi:
2628 5535 2890 5593 accidens.
2919 5537 3043 5590 Hasc
3071 5540 3268 5590 desunt
3291 5536 3344 5588 itt
3374 5535 3556 5590 editis.

2299 5606 2412 5677 (9‘2)
2445 5606 2613 5675 Ali—as,
2644 5627 2663 5661 ι
2701 5611 2753 5662 itt
2787 5608 2980 5677 quibus
3010 5609 3218 5663 habitat
3248 5608 3506 5678 Spiritus,
3533 5606 3581 5662 si
3611 5613 3798 5661 tamet.

2226 5679 2453 5735 habitat.
2491 5697 2516 5735 ι
