4146 6458
459 206 598 264 1097

1406 206 1763 266 COMMENT.
1797 207 1864 262 IN
1900 207 2118 264 EPIST.
2161 208 2250 263 AD
2287 207 2459 269 ROM.
2500 212 2631 268 LIB.
2675 213 2760 271 Vl.

3588 219 3727 275 1098

456 324 603 378 enim
634 323 760 393 quia
788 323 860 378 illi
894 324 1007 397 (93)
1050 325 1140 394 qui
1179 326 1476 381 secundum
1518 340 1738 382 carnem
1785 324 2034 381 suntJu-
2067 331 2111 387 A
2145 327 2232 380 hic
2277 342 2382 383 non
2420 338 2506 385 est
2548 330 2685 398 ejus.
2730 331 2786 386 Si
2825 340 3007 388 autem
3057 332 3309 390 Christus
3335 335 3388 390 in
3421 336 3577 391 vobis
3615 349 3722 401 est,

455 415 580 480 dmi,
613 428 1019 486 persequuntur
1043 434 1142 472 uos
1173 419 1264 488 qui
1296 433 1488 474 smnus
1516 433 1627 472 non
1651 419 1704 472 in
1725 417 2036 482 manifesto,

455 509 552 564 sed
582 509 634 563 in
673 510 891 564 occulto
920 509 1117 574 Judaei,
1143 520 1198 565 et
1231 509 1404 582 legem
1434 511 1735 565 secundum
1762 508 2036 578 spiritum,

454 615 562 654 non
595 602 894 655 secundum
919 617 1140 656 carnem
1171 601 1531 657 custodimus.
1565 601 1642 655 Illi
1670 616 1801 671 ergo
1830 600 1923 670 qui
1951 615 2039 656 se-

452 696 688 749 cundum
717 711 936 750 carnem
970 695 1210 766 Sapiunt,
1240 703 1641 764 consequenter
1662 695 1824 748 etiam
1850 709 2037 764 repro-

453 789 741 844 missiones
791 789 926 859 legis
965 790 1264 845 carnaliter
1322 799 1568 858 Sperant.
1623 787 1732 843 Nos
1766 803 1894 842 vero
1941 803 2035 842 eas

450 883 582 951 Spiri
595 883 773 936 taliter
803 893 1186 950 exspectamus
1211 882 1514 936 secundum
1547 894 1857 935 sermonem
1878 878 2030 934 Pauli

449 976 682 1030 dicentis
733 993 801 1028 ει
852 975 921 1032 Ut
974 973 1432 1045 repromissioues
1489 973 1729 1041 Spiritus
1790 973 2030 1043 accipia-

450 1084 571 1123 mus
605 1070 682 1133 ";
726 1088 744 1121 ι
799 1080 852 1124 et
893 1070 1090 1122 iterum
1122 1087 1136 1122 :
1174 1086 1192 1119 ι
1234 1067 1560 1121 Benedictus
1605 1067 1749 1120 Deus
1782 1075 1838 1121 et
1875 1065 2033 1120 Pater

449 1161 666 1214 Domini
719 1162 890 1214 nostri
941 1159 1068 1213 Jesu
1099 1159 1342 1221 Christi,
1379 1159 1469 1227 qui
1515 1157 1798 1212 benedixit
1839 1171 1940 1211 nos
1976 1155 2028 1210 in

446 1253 592 1306 omni
626 1252 1009 1306 benedictione
1060 1250 1288 1319 spiritali
1321 1250 1374 1303 in
1420 1247 1742 1305 cmlestibus
1778 1249 1831 1303 in
1868 1247 2029 1303 Chri—

445 1355 531 1399 sto
563 1345 634 1396 ¹⁸.
661 1364 679 1396 ι
713 1345 788 1398 Ex
818 1344 1018 1414 quibus
1052 1343 1305 1397 omnibus
1345 1351 1400 1395 et
1425 1356 1548 1409 qua:
1580 1341 1654 1395 sit
1703 1340 1788 1395 lex
1827 1355 2027 1394 secun-

443 1438 570 1490 dum
607 1451 851 1499 carnem,
893 1445 944 1488 et
983 1449 1106 1502 qua:
1136 1432 1435 1488 secundum
1465 1433 1750 1502 spiritum,
1780 1432 1862 1486 vel
1908 1448 2028 1502 qure

443 1541 567 1594 SpPS
601 1524 1042 1594 repromissionis
1069 1522 1330 1586 carnalis,
1348 1522 1432 1576 vel
1466 1537 1588 1589 qua:
1615 1521 1885 1591 Spiritalis
1911 1521 2023 1591 (94)

440 1617 767 1670 ostenditur.
793 1616 978 1670 Potest
1008 1625 1064 1670 et
1094 1615 1394 1670 secundum
1421 1615 1582 1668 aliam
1601 1613 2022 1682 expositionem,

2144 434 2342 489 corpus
2380 422 2600 491 quidem
2660 435 2936 481 mortuum
2985 439 3071 483 est
3126 440 3347 498 propter
3400 440 3723 499 peccatum,

2141 509 2369 574 spiritus
2397 525 2529 566 vero
2560 512 2669 566 vita
2700 513 2777 584 (2)
2811 526 3035 585 propter
3063 517 3537 587 justiﬁcationem.
3565 518 3722 584 Quod

2139 600 2183 652 si
2219 597 2460 669 Spiritus
2491 601 2609 670 ejus
2635 603 2725 672 qui
2763 604 3049 658 suscitavit
3081 604 3272 662 Jesum
3310 622 3338 660 a
3373 609 3601 663 mortuis
3625 608 3723 663 ha-

2141 690 2280 745 bitat
2324 693 2374 747 in
2425 695 2609 758 vobis;
2660 695 2752 765 qui
2799 696 3090 753 suscitavit
3130 698 3313 754 Jesum
3366 700 3644 756 Christum
3688 717 3720 756 a

2139 786 2372 841 mortuis
2389 787 2690 844 viviticabit
2707 799 2762 842 et
2776 791 3026 844 mortalia
3050 802 3230 846 vestra
3251 807 3481 862 corpora
3500 802 3720 863 propter

2138 879 2532 934 iubahitantem
2584 881 2851 950 Spiritum
2901 884 3016 952 ejus
3059 884 3113 937 in
3163 885 3319 940 vobis
3365 885 3429 940 “.
3487 903 3507 937 ι
3561 886 3716 953 Quod

2135 971 2518 1025 constantibus
2543 980 2598 1025 et
2640 971 2927 1026 dialectica
2961 987 3079 1029 arte
3110 975 3354 1031 collectis
3388 987 3572 1032 utatur
3604 979 3710 1050 syl-

2133 1059 2379 1129 logismis
2413 1061 2696 1130 apostolus
2728 1062 2931 1120 Paulus
2975 1067 3056 1119 vel
3094 1067 3146 1122 in
3189 1068 3292 1122 hoc
3339 1068 3497 1133 loco,
3535 1072 3618 1124 vel
3659 1072 3714 1126 iu

2135 1151 2256 1205 aliis
2286 1151 2541 1220 Epistolis
2570 1155 2705 1218 suis,
2746 1172 2850 1210 non
2883 1158 3014 1212 mihi
3042 1175 3186 1214 nunc
3218 1159 3297 1231 (5)
3329 1162 3712 1230 exponendum

2133 1244 2370 1306 videtur,
2399 1261 2466 1299 ne
2507 1247 2646 1302 forte
2679 1264 2785 1303 non
2828 1259 2937 1306 tam
2973 1252 3215 1307 scientiae
3247 1252 3323 1325 (4)
3354 1258 3509 1324 ejus,
3545 1271 3710 1326 quam

2131 1335 2399 1391 sermonis
2427 1338 2480 1391 in
2511 1353 2618 1406 quo
2652 1355 2756 1396 non
2786 1342 2897 1396 vult
2929 1358 2987 1397 se
3015 1344 3248 1412 peritum
3285 1346 3392 1400 dici
3416 1347 3487 1412 ὀ,
3526 1363 3710 1402 asser-

2133 1433 2279 1479 tores
2307 1426 2592 1481 videamur
2620 1443 2743 1484 esse
2768 1447 2782 1482 :
2810 1441 2865 1485 et
2911 1431 3031 1485 ideo
3063 1434 3325 1503 prOpositi
3353 1436 3526 1507 magis
3557 1439 3710 1508 capi—

2137 1515 2233 1569 tuli
2258 1531 2476 1571 sensum
2503 1519 2775 1575 discutere
2789 1524 3229 1592 properabimus.
3250 1525 3306 1582 ln
3329 1529 3712 1595 superioribus

2130 1607 2220 1660 ubi
2238 1608 2411 1662 dixit:
2437 1627 2457 1660 ι
2481 1609 2586 1666 Vos
2602 1620 2787 1668 autem
2803 1613 2854 1668 in
2873 1630 3037 1669 carne
3063 1630 3168 1670 non
3188 1618 3344 1685 estis,
3362 1620 3456 1674 sed
3477 1619 3530 1674 iu
3551 1623 3709 1690 spiri-

439 1708 484 1760 si
522 1720 832 1776 repetamtts
860 1709 930 1762 ab
962 1707 1137 1771 initio,
1174 1725 1193 1758 ε
1219 1707 1372 1774 Quod
1408 1705 1743 1772 impossibile
1757 1716 1874 1759 erat
1897 1705 2018 1775 legi,
2056 1684 2098 1739 Β
2129 1703 2212 1757 tu;
2238 1695 2284 1749 si
2304 1704 2483 1750 tamen
2501 1697 2740 1766 Spiritus
2761 1700 2852 1755 Dei
2879 1703 3161 1760 habilalin
3180 1684 3334 1762 vobis
3353 1709 3435 1766 ⁸¹ε
3463 1727 3482 1761 ι
3508 1684 3706 1779 όυὶιιίετῖ

439 1799 493 1852 in
517 1816 623 1869 quo
648 1801 1030 1854 intirmabatur
1053 1817 1150 1868 per
1167 1815 1421 1864 carnem,
1451 1815 1471 1848 ι
1506 1807 1561 1852 et
1586 1799 1652 1851 de
1677 1797 1796 1866 lege
1826 1799 2020 1851 mentis

440 1890 692 1960 intelligi,
729 1908 892 1961 quam
927 1908 1089 1960 supra
1119 1893 1258 1946 dixit
1279 1891 1392 1957 (95')
1425 1891 1560 1943 velle
1591 1889 1770 1944 facere
1795 1889 2014 1953 bonum,

437 1983 529 2036 sed
556 1999 655 2052 per
679 1983 1052 2038 iulirmitatem
1088 1993 1146 2037 et
1195 1982 1543 2052 fragilitatem
1574 1981 1756 2036 carnis
1797 1977 2021 2049 implere

437 2090 545 2128 non
576 2090 756 2144 posse,
783 2085 840 2130 et
870 2086 1157 2145 propterea
1191 2071 1404 2127 misisse
1440 2073 1606 2126 Deum
1634 2071 1830 2126 Filium
1857 2086 2016 2126 suum

439 2165 490 2217 in
526 2166 936 2222 similitudinem
964 2167 1144 2222 carnis
1166 2165 1407 2235 peccati,
1449 2176 1503 2218 et
1539 2165 1605 2218 de
1637 2173 1887 2234 peccato,
1917 2163 2018 2218 hoc

436 2267 520 2311 est
564 2273 664 2328 per
723 2261 958 2314 hostiam
1011 2276 1108 2328 pro
1153 2269 1378 2329 peccato
1428 2257 1692 2322 oblatam,
1731 2257 2016 2310 damnasse

435 2358 746 2417 peccatum.
792 2352 921 2404 Data
955 2354 1101 2406 enim
1137 2353 1292 2407 nobis
1329 2349 1652 2404 remissione
1681 2347 1795 2419 (96)
1823 2363 2015 2417 pecca-

433 2450 612 2495 torum
645 2441 885 2511 lugatum
917 2454 994 2498 est
1021 2454 1077 2497 et
1101 2444 1522 2498 exterminatutn
1547 2442 1614 2496 de
1634 2455 1802 2496 carne
1827 2451 2012 2495 nostra

431 2543 735 2601 peccatum,
761 2544 810 2586 et
838 2535 1004 2602 coepit
1023 2535 1074 2588 iu
1094 2535 1252 2589 nobis
1277 2533 1597 2605 justilicatio
1615 2531 1748 2600 legis
1774 2530 2014 2601 impleri,

431 2624 578 2678 illius
601 2625 866 2678 duntaxat
891 2627 1022 2696 legis
1049 2641 1170 2695 quae
1201 2625 1614 2680 condelectatur
1638 2623 1743 2692 legi
1759 2622 1872 2693 (97)
1896 2623 2009 2686 Dei,

428 2731 550 2783 qum
579 2716 836 2784 impletur
862 2718 973 2770 cito
1014 2734 1138 2770 cum
1167 2718 1280 2787 jam
1317 2732 1425 2771 non
1456 2716 1666 2772 resistit
1691 2715 1739 2770 ei
1769 2715 1851 2768 lex
1881 2728 2009 2784 pec--

426 2809 535 2861 cati
566 2824 686 2877 quae
711 2821 830 2862 erat
859 2809 913 2862 iu
939 2811 1204 2865 membris
1225 2809 1452 2874 nostris,
1484 2808 1528 2862 si
1565 2819 1746 2862 tamen
1781 2822 1886 2863 non
1920 2821 2008 2860 se-

424 2899 666 2954 cundum
699 2915 918 2956 carnem
963 2902 1328 2965 ambulemus,
1368 2903 1463 2955 sed
1501 2899 1800 2954 secundum
1847 2899 2010 2968 spiri-

2129 1784 2287 1838 IllOdO
2308 1786 2436 1853 quid
2483 1797 2565 1842 est
2596 1789 2649 1842 iu
2681 1791 2886 1859 Spiritu
2927 1793 3006 1863 (5)
3037 1810 3161 1850 esse
3187 1798 3628 1868 explanavimus,
3657 1804 3707 1858 id

2124 1886 2228 1944 est,
2255 1879 2338 1932 vel
2355 1879 2527 1950 legem
2552 1897 2655 1936 non
2684 1887 2982 1940 secundum
3007 1885 3270 1957 litteram,
3288 1894 3382 1947 sed
3405 1895 3705 1950 secundum

2123 1969 2419 2038 Spiritalem
2449 1987 2668 2027 sensum
2703 1975 3037 2046 intelligere;
3068 1978 3153 2034 vel
3183 1981 3350 2036 etiam
3375 1984 3705 2039 mortiﬁcata

2122 2075 2372 2130 corpore,
2410 2063 2656 2132 spiritus,
2684 2075 2739 2118 et
2783 2081 2889 2120 non
2922 2069 3107 2124 carnis
3143 2068 3358 2139 legibus
3398 2073 3606 2132 vivere.
3635 2079 3704 2130 tit

2123 2167 2263 2206 nunc
2281 2168 2410 2223 ergo
2432 2156 2574 2224 quod
2593 2156 2747 2222 dicit,
2773 2175 2791 2209 ε
2814 2159 3002 2230 Siquis
3016 2172 3194 2217 autem
3215 2162 3476 2230 Spiritum
3496 2166 3700 2223 Christ.

2121 2242 2278 2312 591
2311 2260 2414 2298 non
2455 2246 2638 2314 habet,
2674 2247 2763 2302 hic
2796 2265 2899 2304 non
2928 2261 3014 2307 est
3043 2251 3199 2322 ejus;
3243 2273 3263 2306 ι
3296 2263 3350 2310 et
3381 2257 3692 2330 subjungit,

2125 2353 2143 2384 ι
2187 2337 2243 2390 Si
2279 2349 2461 2392 autem
2505 2337 2756 2395 Christus
2799 2342 2855 2396 in
2889 2343 3043 2400 vobis
3093 2356 3200 2414 est,
3246 2366 3266 2400 ι
3305 2336 3694 2420 requirendum

2118 2436 2202 2480 est
2227 2438 2409 2482 utrutn
2445 2431 2718 2486 diversum
2750 2432 2822 2487 sit
2842 2433 3104 2504 Spiritum
3131 2437 3228 2492 Dei
3257 2453 3380 2495 esse
3406 2441 3460 2496 in
3487 2443 3692 2512 aliquo,

2116 2535 2183 2572 au
2219 2518 2482 2587 Spiritum
2509 2520 2812 2594 (6)Christi
2848 2527 2967 2581 :vel
2991 2530 3158 2584 etiam
3186 2531 3364 2600 ipsum
3389 2533 3694 2606 Christum,

2117 2621 2210 2666 aut
2244 2611 2510 2682 Spiritum
2540 2615 2658 2683 ejus
2686 2625 2778 2688 qui
2821 2620 3112 2676 suscitavit
3151 2621 3337 2677 Jesum
3370 2640 3397 2676 a
3438 2628 3692 2684 mortuis.

2116 2701 2220 2756 Sed
2247 2711 2509 2770 quantum
2550 2705 2634 2759 vel
2674 2711 3117 2779 consequentiam
3149 2713 3228 2784 (7)
3275 2712 3374 2768 loci
3407 2717 3693 2784 praesentis

2115 2795 2348 2862 intueor,
2400 2795 2484 2850 vel
2519 2795 2648 2850 illud
2685 2802 2826 2869 quod
2875 2803 3129 2859 Salvator
3177 2806 3230 2859 iu
3284 2806 3581 2875 Evangelio
3621 2809 3692 2863 (Ι.

2113 2885 2316 2952 Spiritu
2351 2897 2543 2943 sancto
2573 2890 2722 2955 dicit,
2754 2891 2880 2962 quia
2923 2913 2942 2946 ι
2983 2911 3011 2949 a
3042 2895 3205 2954 Patre
3239 2899 3506 2968 procedit,
3551 2917 3572 2951 ι
3615 2911 3690 2966 et,

429 3002 564 3043 tum.
601 2989 734 3044 Nam
767 2993 940 3044 donec
993 2992 1046 3044 in
1086 3006 1251 3045 carne
1291 3001 1376 3044 est
1404 2990 1568 3057 quis,
1612 2997 1668 3043 et
1707 2988 2004 3043 secundum

2117 2996 2135 3027 ς
2169 2977 2245 3030 De
2274 2995 2395 3035 meo
2420 2985 2645 3054 accipiet
2674 2989 2741 3053 ",
2781 3007 2800 3042 ι
2840 2998 2894 3044 et
2941 2989 3100 3056 hujus
3137 2991 3289 3046 verbi
3340 2991 3689 3060 explanatio-

423 3097 646 3136 caruem
664 3083 820 3145 vivit,
852 3099 974 3152 quae
995 3088 1176 3138 carnis
1209 3092 1338 3139 sunt
1354 3083 1496 3150 sapit
1529 3097 1544 3146 ;
1577 3095 1699 3134 cum
1719 3095 1848 3135 vero
1872 3095 2002 3134 con—

422 3177 651 3231 verterit
678 3192 738 3231 se
760 3178 825 3230 ad
861 3177 1154 3246 spiritum,
1193 3186 1246 3230 et
1279 3185 1529 3229 mort-tus
1556 3170 1719 3226 fuerit
1739 3171 1842 3240 legi
1877 3187 2004 3240 pec-

421 3270 533 3322 cati
569 3277 624 3322 et
653 3267 862 3331 carnis,
894 3283 1015 3337 quae
1045 3277 1172 3322 sunt
1200 3267 1427 3337 spiritus
1455 3263 1618 3333 sapit.
1652 3261 1788 3317 Nam
1811 3276 2005 3318 secun-

419 3361 548 3414 dum
588 3375 807 3415 carnem
843 3375 1066 3430 sapere,
1107 3373 1254 3414 mors
1299 3367 1384 3412 est
1417 3358 1612 3412 animae
1650 3372 1667 3421 ;
1699 3356 2001 3414 secundum

419 3451 673 3522 spiritum
722 3468 875 3516 vero,
925 3453 1030 3506 vita
1079 3461 1135 3506 et
1170 3466 1273 3520 pax
1314 3459 1400 3505 est
1451 3450 1622 3520 :quia
1656 3468 1677 3501 ι
1728 3448 1998 3519 sapientia

416 3544 601 3598 carnis
632 3545 851 3598 inimica
879 3553 962 3599 est
995 3545 1136 3607 Deo,
1179 3562 1198 3595 ι
1237 3543 1337 3597 hoc
1365 3550 1472 3606 est,
1519 3541 1648 3595 dum
1693 3553 1824 3594 caro
1864 3539 2001 3592 resi-

417 3635 515 3688 stit
543 3636 852 3702 spiritui,et
878 3651 982 3691 non
1007 3649 1088 3691 est
1122 3635 1368 3704 subjecta
1405 3633 1508 3702 legi
1535 3633 1732 3688 mentis
1756 3647 1880 3701 quae
1913 3632 1998 3686 lex

418 3725 511 3779 Dei
540 3738 646 3790 est,
677 3727 896 3781 inimica
923 3737 1006 3782 est
1038 3727 1147 3781 Deo
1173 3745 1187 3780 :
1220 3736 1278 3780 et
1310 3727 1432 3780 ideo
1461 3724 1556 3794 qui
1591 3724 1888 3778 carnaliter
1915 3723 1996 3775 vi-

415 3825 572 3881 vunt,
603 3816 714 3871 Deo
745 3818 959 3887 placere
988 3835 1093 3873 non
1125 3827 1372 3886 possunt.
1395 3815 1499 3870 Sed
1535 3836 1553 3867 ‹
1582 3831 1710 3883 vos,
1745 3835 1765 3867 θ
1797 3815 1995 3884 inquit,

419 3924 440 3958 ι
463 3922 568 3963 non
588 3909 720 3962 estis
744 3907 797 3961 in
817 3924 1001 3974 carne,
1028 3928 1047 3962 ι
1072 3910 1172 3964 hoc
1193 3917 1277 3963 est
1300 3923 1407 3962 non
1439 3907 1742 3961 secundum
1775 3920 1994 3960 carnem

413 3997 597 4052 vivitis
629 3997 765 4066 (98),
817 3998 913 4053 sed
963 3996 1264 4052 secundum
1306 3995 1598 4062 spiritum,
1664 4010 1684 4045 ι
1722 3993 1768 4047 si
1811 4001 1994 4046 tamen

415 4090 654 4159 Spiritus
688 4090 784 4145 Dei
807 4090 1020 4145 habitat
1043 4091 1096 4145 in
1112 4089 1287 4145 vobis.
1299 4086 1451 4144 illaec
1467 4097 1696 4157 possunt
1724 4095 1778 4141 et
1800 4099 1994 4140 secun-

410 4182 539 4234 dum
566 4183 760 4248 aliam,
794 4194 854 4237 ut
881 4183 1152 4246 diximus,
1189 4180 1592 4250 expositionem
1641 4178 1698 4232 in
1735 4178 1838 4232 hoc
1877 4173 1991 4244 (99)

411 4273 530 4329 loco
561 4277 823 4344 cooptari.
848 4275 1024 4344 Eligat
1058 4287 1234 4329 tamen
1253 4274 1345 4345 qui
1377 4273 1528 4344 legit,
1558 4281 1613 4326 et
1641 4271 1786 4340 quod
1813 4269 1993 4339 aptius

2111 3085 2234 3126 nem
2292 3071 2347 3125 in
2402 3080 2864 3146 consequentibus
2885 3079 3088 3153 jungit,
3119 3082 3311 3138 dicens
3355 3101 3368 3136 :
3415 3101 3438 3136 ι
3500 3084 3687 3150 Pater,

2108 3161 2286 3215 omnia
2320 3178 2439 3218 mea
2483 3174 2574 3220 tua
2618 3181 2767 3233 sunt,
2807 3181 2862 3225 et
2905 3181 2995 3226 tua
3039 3186 3198 3227 mea:
3232 3184 3519 3243 pr0ptcrea
3571 3177 3683 3231 dixi

2106 3252 2232 3321 quia
2261 3257 2329 3309 de
2370 3272 2492 3312 meo
2533 3262 2764 3330 accipiet
2787 3264 2832 3295 ’³
2861 3264 2938 3332 (8)
2972 3280 2986 3316 :
3021 3283 3040 3315 ι
3075 3279 3218 3328 cum,
3265 3265 3507 3336 inquam,
3568 3279 3687 3324 latt-

2109 3355 2217 3400 tam
2249 3345 2392 3403 hanc
2445 3350 2671 3407 unitatis
2719 3355 2866 3409 inter
2912 3354 3128 3409 Patrem
3158 3365 3216 3410 et
3249 3356 3442 3412 Filium
3474 3362 3685 3430 aspicio

2108 3438 2373 3494 rationem
2409 3442 2509 3512 (9),
2549 3444 2785 3512 Spiritus
2821 3447 2913 3501 Dei
2945 3458 2998 3500 et
3032 3445 3267 3516 Spiritus
3302 3448 3506 3505 Christi
3543 3468 3684 3508 unus

2103 3540 2265 3597 atque
2298 3529 2441 3585 idem
2487 3534 2622 3589 mihi
2658 3536 2896 3605 Spiritus
2941 3537 3046 3592 dici
3091 3539 3328 3595 videtur.
3387 3538 3684 3600 Possumus

2105 3631 2280 3676 tamen
2317 3635 2368 3678 et
2409 3626 2513 3681 hoe
2543 3629 2703 3683 modo
2726 3631 3028 3704 intelligere
3061 3634 3204 3703 quod
3230 3633 3387 3700 dixit,
3419 3651 3439 3684 ς
3475 3634 3531 3687 Si
3559 3637 3684 3703 quis

2101 3725 2278 3768 autem
2302 3717 2563 3785 Spiritum
2589 3720 2793 3778 Christi
2816 3741 2922 3781 non
2947 3726 3132 3792 habet,
3159 3725 3247 3782 hic
3271 3743 3376 3782 non
3404 3737 3486 3780 est
3505 3725 3622 3794 ejus
3653 3747 3673 3780 ι

2100 3806 2248 3873 (quia
2280 3819 2334 3860 et
2367 3825 2556 3864 revera
2586 3815 2820 3884 abrupte
2851 3818 3536 3888 pronuntiatumvidetur),
3594 3829 3676 3883 ut,

2097 3897 2143 3952 si
2171 3899 2292 3966 quis
2323 3916 2426 3954 non
2460 3913 2646 3962 tantus
2691 3918 2746 3963 et
2780 3909 2902 3965 talis
2932 3924 3054 3966 esse
3096 3913 3355 3967 meruerit
3381 3913 3468 3981 qui
3502 3911 3678 3982 Spiri-

2098 3999 2209 4044 tum
2241 3993 2440 4049 Christi
2467 3997 2672 4056 habere
2699 4000 2894 4072 dignus
2917 4005 3014 4068 sit,
3037 4004 3296 4060 continuo
3321 4005 3525 4060 Christi
3557 4021 3679 4060 esse

2096 4083 2419 4153 denegetur,
2471 4103 2598 4144 cum
2659 4090 2713 4145 in
2781 4091 3008 4148 Psalmis
3065 4094 3256 4150 dicat:
3300 4114 3319 4146 σ
3367 4094 3499 4150 Meae
3546 4107 3677 4151 sunt

2095 4188 2286 4228 omnes
2308 4178 2436 4230 fera:
2462 4179 2746 4246 silvarum,
2778 4181 3028 4249 jumenta
3061 4185 3116 4240 in
3159 4185 3455 4246 montibus,
3487 4196 3542 4240 et
3573 4187 3674 4240 bo-

2096 4278 2193 4318 ves
2214 4264 2282 4317 ".
2320 4285 2339 4318 ι
2369 4268 2435 4321 Et
2455 4270 2499 4324 si
2528 4269 2656 4327 fera:
2682 4283 2738 4328 et
2771 4274 3016 4343 jumenta
3043 4277 3163 4347 ejus
3202 4292 3354 4343 sunt,
3399 4281 3676 4349 quomodo

409 4367 740 4434 probaverit,
772 4368 816 4421 si
854 4377 1032 4421 tamen
1069 4364 1388 4436 probaverit
1419 4363 1521 4434 (l),
1561 4362 1666 4416 hoc
1695 4366 1982 4429 sequatur.
2018 4359 2063 4415 D
2093 4355 2342 4417 homines
2367 4375 2472 4414 non
2495 4373 2624 4419 sunt
2651 4364 2804 4434 ejus?
2831 4366 2937 4423 Sed
2972 4378 3172 4438 potest,
3207 4381 3266 4424 ut
3292 4371 3432 4436 dixi,
3469 4372 3570 4426 hoc
3596 4373 3676 4425 sic

480 4460 569 4516 15.
618 4477 639 4512 ι
678 4459 734 4515 Si
764 4461 886 4529 quis
914 4470 1094 4514 autem
1116 4456 1381 4528 Spiritum
1412 4455 1616 4511 Christi
1651 4469 1758 4507 non
1797 4451 1984 4514 habet,

2095 4450 2344 4522 intelligi,
2389 4465 2448 4509 ut
2495 4457 2626 4514 illud
2672 4461 2725 4515 in
2770 4462 3073 4533 Evangelio
3107 4482 3121 4517 :
3159 4483 3180 4517 α
3229 4466 3332 4533 Qui
3383 4482 3490 4521 non
3534 4466 3674 4521 tollit

477 4622 744 4692 ",Galat.
775 4639 858 4686 Ill,
915 4621 1002 4675 Μ.
1060 4620 1125 4692 γ¹⁸
1157 4618 1354 4689 Ephes.
1388 4618 1526 4692 1,3.
1586 4588 1647 4647 ἠ
1693 4610 2012 4692 Romamn,

2121 4629 2238 4680 δραι.
2273 4616 2359 4692 ﬂ"
2397 4617 2439 4671 ΙΙ
2472 4619 2598 4676 Cor.
2629 4637 2682 4689 ι,
2729 4623 2784 4678 6.
2861 4624 2904 4655 “
2941 4624 3101 4679 llom.
3132 4640 3262 4692 vm,
3302 4626 3358 4685 9.
3434 4627 3479 4657 "
3507 4622 3668 4682 Joan.

404 4707 496 4757 xv,
524 4691 630 4758 26;
669 4708 779 4757 tm,
811 4679 897 4746 η.
975 4693 1020 4724 ’³
1053 4679 1217 4746 ιιοειιι.’
1241 4705 1376 4756 xvu,
1404 4689 1500 4754 10;
1531 4701 1643 4750 xvt,
1688 4683 1773 4736 15.
1846 4679 1893 4711 ⁸⁵
1919 4679 2061 4733 Psal.
2092 4679 2350 4746 xt.tx,10.

475 4855 586 4928 (95)
619 4853 760 4928 Quia
787 4855 886 4908 illi.
931 4855 1055 4928 Haec
1081 4854 1257 4928 verba
1295 4855 1490 4928 tlesunt
1527 4853 1579 4905 in
1609 4850 1762 4928 libris
1799 4849 1976 4906 editis.

475 4923 590 5006 (94)
625 4923 715 5006 γε(
740 4941 857 5006 quae
877 4926 1157 5006 spiritalis.
1191 4923 1316 4979 Ilzec
1333 4924 1714 4980 desiderantur
1735 4923 1789 4976 in
1819 4929 1977 4976 antea

401 4996 582 5056 editis.
605 5004 668 5066 et
691 4995 745 5049 in
779 4995 1030 5066 pluribus
1049 5011 1180 5050 mss.
1208 5063 1241 5066 __
1431 5061 1444 5066 _
1519 5061 1530 5066 Δ
1608 5061 1620 5066 _
1652 5062 1656 5066 _

473 5066 586 5136 (95)
621 5063 721 5121 Ms.
751 5059 916 5126 unus,
947 5084 967 5117 ‹
1003 5059 1413 5136 impossibilitas
1431 5061 1586 5136 legis,
1607 5061 1660 5114 in
1693 5075 1802 5136 quo
1827 5059 1978 5136 inﬁr-

403 5129 654 5189 mabatur
679 5149 775 5202 per
806 5149 1030 5189 carnem
1053 5129 1167 5198 {de
1193 5133 1308 5202 lege
1333 5129 1700 5186 membrorum
1725 5129 1973 5200 intelligi,

399 5221 569 5277 quam
592 5221 756 5274 supra
787 5203 1052 5277 diximus,
1085 5221 1104 5256 ι
1138 5213 1249 5260 etc.

468 5275 582 5347 (96)
623 5268 725 5348 his.
753 5291 922 5348 ututs,
945 5294 963 5326 ι
1007 5273 1181 5329 Tanta
1208 5272 1352 5348 enim
1375 5268 1912 5348 nobisremissione;
1947 5289 1966 5322 ι

397 5337 608 5404 ειίἰιὶἀ
642 5347 814 5400 Tanta
837 5337 982 5398 enim
1016 5343 1465 5413 repromissione.
1505 5361 1524 5413 ρ

469 5417 582 5484 (97)
606 5416 766 5476 Editi,
797 5433 816 5465 ‹
846 5409 1146 5470 delectatur
1174 5413 1311 5484 legi;
1347 5409 1649 5476 tal.,tleg.i

469 5483 582 5551 (98)
616 5485 730 5538 Hoc
763 5495 863 5547 est,
898 5502 1004 5538 non
1041 5483 1332 5540 secundum
1371 5497 1585 5537 carnem
1614 5484 1806 5541 vivitis.
1845 5483 1973 5542 Haec

401 5557 452 5609 in
487 5557 648 5608 editis
669 5557 1016 5608 omittuntur.

468 5629 576 5700 (99)
606 5629 768 5685 Deest
799 5650 816 5680 ι
856 5627 957 5681 hoc
991 5647 1009 5677 ι
1042 5627 1097 5680 in
1126 5627 1304 5682 editis.

681 5771 948 5831 PATROL.
988 5767 1116 5854 Gn.
1147 5767 1318 5828 XIV.

2161 4849 2176 4909 (
2187 4845 2240 4911 l)
2263 4844 2325 4900 Si
2347 4856 2520 4901 tamen
2535 4847 2848 4913 probaverit.
2867 4846 2995 4904 Haec
3004 4846 3386 4904 desiderantur
3399 4848 3454 4904 in
3478 4849 3662 4908 editis.

2160 4916 2240 4985 (2)
2292 4915 2648 4975 Vita.Alias.¢
2678 4915 2830 4972 Vivit.
2859 4937 2878 4969 ι

2155 4987 2236 5057 (3)
2276 4986 2438 5042 Deest
2478 5005 2500 5040 α
2537 5003 2680 5044 nunc
2714 5007 2734 5040 ι
2763 5004 2815 5044 tn
2841 4988 3022 5043 editis.
3091 5030 3093 5032 .

2157 5054 2235 5130 (4)
2267 5057 2432 5130 Editi.
2471 5070 2492 5106 ε
2523 5061 2828 5130 sententiae,
2867 5077 2888 5111 ι
2922 5057 3140 5130 deinde,
3170 5077 3190 5110 ι
3225 5067 3279 5112 et
3307 5054 3431 5111 ideo
3457 5073 3660 5130 propo-

2082 5127 2173 5198 siti
2197 5127 2370 5198 magis
2397 5127 2644 5198 Apostoli
2666 5143 2888 5198 sensum
2917 5129 3192 5184 discutere
3219 5127 3658 5197 properabimus.

2081 5195 2142 5252 In
2170 5195 2566 5268 posterioribus
2599 5199 2690 5253 ubi
2721 5197 2880 5265 dixit,
2917 5217 2936 5250 ι
2973 5210 3080 5254 etc.

2153 5269 2232 5340 (5)
2255 5269 2429 5340 Alias,
2456 5285 2477 5320 ι
2507 5268 2726 5340 quidem
2757 5269 2810 5323 in
2837 5269 3071 5339 Spiritu.
3102 5285 3122 5320 ι

2151 5339 2231 5408 (6)
2260 5339 2425 5404 Editi,
2466 5357 2487 5390 ι
2524 5353 2589 5392 ac
2618 5339 2903 5408 Spiritum.
2939 5358 2960 5391 ι

2152 5411 2230 5482 (7)
2258 5409 2424 5482 Editi,
2459 5426 2480 5460 ε
2520 5409 2930 5482 consequentia.
2967 5429 2986 5460 ι

2156 5477 2234 5553 (8)
2274 5480 2441 5545 Editi,
2478 5497 2497 5530 ι
2543 5477 2722 5532 Pater'
2745 5480 2928 5553 quinia
2977 5490 3065 5553 tua
3111 5495 3228 5553 mea
3279 5487 3510 5553 sunLet‘
3537 5495 3658 5536 mea

2081 5549 2174 5607 tua
2200 5549 2407 5612 ontuia,
2435 5557 2722 5619 propterea
2752 5550 2891 5602 dixit
2913 5552 3056 5616 quod
3089 5552 3157 5604 de
3183 5565 3307 5606 meo
3339 5549 3589 5618 accipiet.
3633 5571 3654 5602 ι

2158 5629 2235 5698 (9)
2266 5628 2429 5688 Editi,
2461 5647 2481 5678 ‹
2517 5628 2666 5698 hanc
2707 5626 2869 5681 audio
2910 5626 3134 5682 unitatis
3163 5625 3305 5681 inter
3343 5625 3560 5681 Patrem
3599 5633 3657 5680 et

2084 5697 2280 5753 Filium
2309 5697 2712 5769 aspirationem.
2754 5715 2774 5747 ι

3283 5789 3313 5826 a

3283 5789 3319 5829 ξ)
