4146 6384
519 173 661 229 1099

1963 164 2284 224 ORICENIS

3651 168 3784 225 H00

520 305 737 345 crucem
763 304 940 354 suam,
964 295 1017 342 et
1039 287 1286 357 sequitur
1308 303 1418 353 me,
1441 303 1545 342 non
1567 296 1651 342 est
1672 301 1759 341 me
1781 285 2091 354 dignus".i
2125 303 2174 359 Α
2202 287 2288 340 vel
2339 286 2577 355 Spiritus
2623 286 2851 349 Christi,
2909 287 2986 341 vel
3025 265 3266 357 Spiritus
3298 285 3416 353 Dei,
3475 284 3558 340 vel
3609 287 3776 340 etiam

520 383 590 436 Et
623 382 711 435 hic
740 393 872 448 ergo
922 379 1014 448 qui
1062 394 1168 432 non
1215 377 1375 431 habet
1408 379 1672 447 Spiritum
1729 377 1932 432 Christi
1961 376 2095 447 (l0),

521 479 628 532 hoc
658 486 764 541 est,
795 475 886 544 qui
915 489 1021 528 non
1054 472 1244 527 eodem
1275 471 1478 538 Spiritu
1506 472 1704 540 agitur,
1730 481 1787 522 ut
1813 486 1909 539 pro
1937 470 2098 539 justi-

523 571 620 634 tia,
657 584 756 639 pro
777 569 1031 628 veritate,
1065 579 1164 633 pro
1201 565 1366 617 verbo
1412 563 1505 617 Dei
1550 563 1944 626 annuntiando,
2002 577 2099 630 pro

523 675 692 730 regno
730 658 992 714 caelorum
1019 655 1396 724 prmdicando,
1433 669 1533 723 pro
1565 653 1742 707 littera
1795 653 1929 723 legis
1959 651 2097 720 abji-

518 755 712 809 cienda
743 761 798 808 et
845 750 1099 820 spiritum
1139 748 1257 818 ejus
1303 746 1623 816 aperiendo,
1652 761 1747 815 pro
1797 744 2099 799 resistendo

514 847 812 900 adversum
839 849 1144 914 peccatum,
1171 854 1271 910 pro
1297 839 1381 894 bis
1409 839 1661 893 omnibus
1681 836 1770 905 qui
1795 851 1899 890 non
1917 849 2100 903 'usque

512 938 588 993 ad
623 945 851 992 mortem
879 935 1062 989 venire
1085 940 1308 1002 paratus
1341 938 1446 994 est,
1476 943 1581 983 non
1604 938 1688 983 est
1713 927 1830 997 ejus
1857 926 2100 994 discipu-

518 1029 604 1084 lus
633 1027 766 1100 (ll).
819 1025 922 1094 Qui
959 1039 1088 1094 ergo
1134 1038 1240 1078 non
1271 1031 1355 1077 est
1394 1020 1539 1086 talis,
1589 1033 1692 1073 nec
1750 1017 1910 1070 talem
1945 1017 2000 1069 in
2041 1029 2100 1070 se

521 1122 785 1192 Spiritum
844 1119 1000 1188 gerit,
1045 1117 1132 1171 hic
1163 1123 1416 1169 creatura
1447 1111 1667 1180 quidem
1709 1108 1827 1177 ejus
1849 1117 1934 1164 est
1957 1110 2100 1162 sicut

495 1207 650 1263 Tene
675 1207 959 1267 silvarum,
1000 1203 1321 1271 etjumenta
1375 1201 1428 1254 in
1471 1199 1768 1263 montibus,
1816 1209 1871 1254 et
1907 1199 2096 1261 boves,

519 1301 614 1354 sed
657 1296 951 1367 discipulus
981 1296 1100 1362 ejus
1157 1309 1262 1348 non
1323 1303 1431 1348 est.
1481 1290 1576 1347 Sic
1635 1305 1786 1362 ergo,
1822 1309 1841 1343 ι
1882 1290 1940 1344 Si
1977 1289 2098 1358 quis

493 1390 784 1460 “Spiritum
819 1387 1021 1442 Christi
1056 1401 1160 1439 non
1193 1383 1376 1450 habet,
1412 1383 1503 1437 hic
1553 1396 1660 1437 non
1708 1391 1788 1436 est
1846 1379 1965 1447 ejus
1994 1396 2009 1444 ;
2050 1377 2099 1433 si

519 1489 700 1536 autem
739 1476 990 1533 Christus
1021 1474 1074 1528 in
1100 1472 1252 1528 vobis
1299 1480 1405 1538 est,
1458 1485 1657 1540 corpus
1694 1470 1913 1539 quidem
1949 1482 2099 1523 mor-

520 1582 672 1627 tuum
703 1578 787 1625 est
812 1579 1030 1638 propter
1060 1573 1364 1636 peccatum,
1418 1563 1651 1634 Spiritus
1679 1576 1806 1616 vero
1835 1561 1946 1615 vita
1981 1559 2096 1630 (12)

2203 377 2316 444 ipse
2331 376 2582 432 Christus
2603 377 2656 431 in
2683 379 2837 431 nobis
2859 377 3301 446 habitare,qua'le
3324 380 3396 430 sit
3415 367 3780 446 iniecti-(lii):

2203 477 2510 518 utrumnam
2542 481 2610 519 ex
2634 466 2790 518 initio
2812 466 3065 520 omnibus
3094 467 3196 520 iste
3227 466 3466 535 Spiritus
3513 466 3697 528 datur,
3725 471 3784 518 et

2201 556 2542 622 postmodum
2569 557 2820 624 pessimis
2853 566 2907 610 et
2937 573 2967 608 a
3006 556 3117 610 Deo
3175 558 3370 612 alienis
3402 556 3615 611 actibus
3643 553 3784 610 eﬂ'u-

2201 655 2382 714 gatur,
2436 648 2733 701 secundum
2785 647 2916 701 illud
2971 649 3113 716 quod
3149 649 3414 717 scriptum
3445 657 3573 702 est:
3609 665 3628 698 ι
3664 645 3784 701 Non

2200 739 2541 805 permanebit
2571 738 2810 808 Spiritus
2863 755 3017 795 meus
3046 740 3156 811 (16)
3207 741 3260 793 in
3300 739 3611 794 hominibus
3640 738 3782 801 istis,

2200 826 2330 895 quia
2367 842 2497 883 caro
2522 837 2649 882 sunt
2674 828 2740 892 ’⁸,
2775 847 2794 880 ι
2841 845 2908 883 an
2944 831 3070 884 vitae
3100 831 3321 894 merito,
3347 839 3403 884 et
3443 829 3566 883 ﬁdei
3605 829 3784 899 gratia

2201 917 2546 986 postmodum
2587 917 2771 986 datur,
2830 921 3131 976 secundum
3179 934 3242 973 ea
3283 933 3404 988 quae
3459 920 3513 973 in
3553 920 3784 974 Actibus

2201 1006 2562 1076 apostolorum
2589 1009 2854 1063 docentur
2882 1010 2948 1075 ³⁸,
2973 1012 3100 1079 quia
3132 1009 3372 1080 Spiritus
3404 1020 3631 1065 sanctus
3661 1020 3783 1064 tau-

2201 1113 2363 1167 quam
2406 1098 2603 1168 lingua:
2630 1100 2800 1170 igneae
2835 1101 2982 1154 venit
3010 1116 3176 1170 super
3209 1115 3650 1171 unumquemque
3682 1116 3781 1157 eo-

2201 1203 2354 1254 rum;
2393 1190 2478 1245 vel
2519 1201 2667 1246 certe
2714 1191 2855 1246 sicut
2900 1192 2954 1246 in
2995 1191 3290 1261 Evangelio
3323 1192 3602 1258 docemur,
3657 1207 3786 1247 cum

2200 1280 2314 1350 ipse
2347 1280 2598 1337 Salvator
2648 1297 3004 1354 posteaquam
3051 1285 3353 1340 resurrexit
3380 1301 3411 1340 a
3445 1287 3682 1341 mortuis
3717 1292 3787 1342 ad

2199 1373 2490 1442 discipulos
2531 1374 2708 1430 dixit:
2745 1395 2764 1428 ι
2802 1376 3051 1447 Accipite
3093 1375 3358 1446 Spiritum
3406 1387 3677 1442 sanctum,
3729 1389 3788 1434 et

2198 1463 2490 1520 insulllavit
2517 1467 2569 1521 in
2603 1482 2928 1538 unoquoque
2969 1482 3161 1522 eorum
3193 1469 3261 1523 ⁸ο.
3297 1488 3318 1520 ι
3350 1467 3507 1524 Unde
3538 1470 3669 1525 mihi
3698 1471 3786 1524 vi-

2199 1557 2358 1612 detur
2403 1559 2548 1627 quod
2598 1567 2653 1614 et
2687 1561 2897 1615 meritis
2929 1560 3294 1630 conquiratur
3338 1561 3442 1616 hoc
3470 1562 3699 1625 donum,
3729 1570 3786 1616 et

506 1673 742 1736 propter
767 1659 1061 1728 justitiam,
1099 1675 1119 1709 ι
1150 1655 1414 1725 Spiritum
1441 1653 1667 1718 Christi,
1708 1660 1763 1707 et
1791 1652 2091 1720 Christum,
2124 1658 2170 1718 Β
2200 1649 2324 1703 vita:
2351 1650 2663 1705 innocentia
2695 1662 3075 1718 conservetur,
3131 1662 3187 1708 et
3235 1653 3534 1723 unicuique
3585 1667 3787 1708 secun-

519 1757 575 1811 in
613 1756 716 1810 hoc
743 1753 864 1808 loco
897 1765 1062 1806 unum
1094 1749 1228 1804 mihi
1258 1759 1423 1817 atque
1467 1747 1608 1801 idem
1641 1745 1824 1800 dicere
1856 1743 2092 1798 videtur.

519 1848 575 1901 In
599 1860 709 1916 quo
734 1858 864 1914 ergo
887 1842 1136 1897 Christus
1169 1848 1271 1905 est,
1303 1841 1418 1908 ipse
1460 1837 1610 1902 dicit,
1656 1837 1782 1906 quia
1821 1855 1840 1888 σ
1879 1849 2096 1905 semper

520 1949 747 1993 mortem
768 1934 972 1990 Christi
997 1933 1050 1987 in
1074 1946 1302 2002 corpore
1327 1939 1517 1985 nostro
1541 1927 1975 1984 circmnlerimus
1990 1928 2088 1982 ³⁸.»

508 2026 663 2082 'Mors
693 2035 876 2078 autem
907 2022 1127 2092 corpori
1188 2020 1393 2089 peccati
1426 2033 1614 2082 causa,
1652 2017 1703 2071 id
1732 2027 1836 2084 est,
1867 2032 1935 2071 ne
1967 2031 2094 2086 pec-

493 2127 626 2182 -cet,
661 2115 978 2184 imponitur.
1036 2112 1189 2180 Quod
1221 2113 1266 2165 si
1298 2125 1497 2178 corpus
1543 2116 1769 2177 peccato
1819 2118 2091 2162 mortuum

494 2221 628 2275 'est,
659 2208 968 2262 necessario
1001 2205 1229 2275 spiritus
1261 2203 1330 2258 ad
1376 2202 1681 2256 faciendam
1712 2201 1980 2271 justitiam
2013 2201 2094 2252 vi-

499 2299 616 2354 "Vit.
650 2299 752 2365 Qui
783 2296 926 2351 enim
961 2295 1015 2349 in
1047 2309 1277 2364 corpore
1321 2302 1565 2348 mortuus
1608 2300 1713 2355 est,
1775 2307 1876 2345 nec
1923 2291 2094 2344 servit

513 2401 763 2462 peccato,
790 2401 1018 2444 necesse
1059 2397 1144 2442 est
1177 2397 1236 2440 ut
1275 2386 1327 2440 in
1355 2386 1550 2454 spiritu
1609 2385 1757 2438 vivat
1789 2392 1842 2439 et
1867 2383 2093 2451 justitim

511 2484 744 2539 serviat.
800 2480 892 2534 Sic
922 2489 978 2533 et
1007 2479 1148 2532 idem
1175 2477 1466 2547 Apostolus
1518 2476 1573 2531 in
1604 2476 1836 2545 quodam
1893 2473 2012 2528 loco
2046 2472 2090 2503 "’

496 2576 651 2629 dicit
687 2573 969 2629 tradidisse
1014 2586 1074 2625 se
1118 2572 1403 2637 quemdam
1465 2568 1522 2622 in
1573 2567 1856 2621 interitum
1885 2563 2089 2626 carnis,

509 2675 577 2719 ut
607 2665 831 2732 spiritus
863 2661 1047 2715 salvus
1082 2659 1196 2713 fiat.
1236 2677 1253 2709 ι
1302 2656 1455 2724 Quod
1499 2657 1542 2710 si
1595 2656 1832 2724 Spiritus
1857 2655 1971 2723 ejus
1997 2654 2087 2724 qui

509 2750 1009 2811 suscitavitlesum
1039 2766 1067 2802 a
1099 2748 1346 2813 mortuis,
1399 2747 1612 2801 habitat
1655 2749 1709 2801 in
1771 2746 1961 2812 vobis;
1997 2745 2089 2815 qui

514 2848 800 2904 suscitavit
827 2845 1014 2900 Jesum
1044 2840 1322 2897 Christum
1356 2855 1384 2893 a
1426 2839 1682 2904 mortuis,
1713 2838 2010 2893 vivilicahit
2037 2847 2090 2894 et

516 2941 769 2997 mortalia
798 2952 1028 3006 corpora
1057 2945 1233 2990 vestra
1263 2942 1484 3003 propter
1523 2931 1918 2986 inhabitantem
1955 2931 2086 3000 Spi-

2201 1740 2328 1793 dum
2356 1740 2656 1809 profectum
2689 1741 2814 1796 fidei
2842 1754 3106 1812 augeatur
3133 1753 3188 1799 et
3235 1747 3461 1815 gratim;
3490 1752 3547 1800 et
3577 1755 3785 1813 quanto

2202 1833 2392 1900 purior
2429 1834 2611 1888 anima
2650 1835 2917 1900 redditur,
2950 1845 3100 1891 tanto
3128 1836 3334 1906 largior
3357 1838 3406 1893 ei
3430 1836 3669 1908 Spiritus
3694 1837 3782 1891 in-

2199 1924 2474 1980 fundatur.
2532 1924 2686 1992 Quod
2747 1937 2928 1982 autem
2986 1929 3159 1993 dixit,
3223 1950 3240 1981 σ
3280 1929 3399 1984 Νοη
3438 1929 3784 2000 permanebit

2201 2015 2438 2085 Spiritus
2465 2033 2618 2073 meus
2647 2019 2700 2073 in
2743 2020 3055 2076 hominibus
3083 2023 3222 2088 istis,
3256 2022 3387 2092 quia
3413 2036 3543 2077 caro
3571 2032 3719 2088 sunt,
3755 2037 3779 2075 ι

2199 2107 2328 2164 illuc
2361 2109 2580 2179 respicit
2611 2121 2690 2174 ut,
2726 2114 2985 2182 quoniam
3011 2115 3191 2167 anima
3221 2130 3432 2180 eorum,
3496 2116 3782 2186 repudiata

2200 2198 2438 2268 Spiritus
2475 2199 2766 2267 servitute,
2798 2202 2867 2256 ad
2895 2203 3080 2257 carnis
3129 2205 3352 2258 servitia
3398 2219 3459 2259 se
3509 2214 3621 2259 tota
3653 2220 3783 2260 cou-

2197 2290 2380 2355 vertit,
2411 2289 2574 2360 592
2600 2293 2765 2348 etiam
2793 2293 2914 2362 ipsa
2939 2293 3059 2364 ejus
3085 2297 3169 2350 cui
3202 2311 3260 2350 se
3289 2295 3575 2365 conjunxit
3601 2299 3780 2367 carni,

2198 2389 2252 2434 et
2280 2397 2404 2436 cum
2437 2398 2542 2452 qua
2577 2401 2742 2440 unum
2776 2386 2970 2442 eﬂ‘ecta
3009 2397 3116 2453 est,
3151 2404 3349 2443 nomen
3379 2390 3613 2460 accipiat
3643 2391 3779 2464 (17).

2198 2471 2440 2529 Diversis
2485 2489 2618 2545 ergo
2664 2479 2840 2534 modis
2890 2479 3078 2535 haberi
3127 2492 3306 2551 potest
3371 2483 3630 2552 Spiritus.
3683 2482 3779 2539 Vel
3829 2495 3835 2502 ‘

2199 2561 2441 2634 Spiritus
2489 2566 2692 2622 Christi
2731 2571 2988 2638 habetur,
3044 2575 3347 2629 secundum
3400 2577 3453 2629 id
3489 2575 3603 2647 (l8)
3634 2577 3779 2645 quod

2197 2671 2357 2722 supra
2413 2658 2669 2724 diximus,
2725 2679 2791 2716 ex
2853 2664 3214 2734 inspiratione
3265 2669 3473 2735 divina,
3506 2671 3598 2724 uhi
3647 2672 3774 2724 ait:

2202 2762 2222 2796 ‹
2244 2745 2487 2817 Accipite
2507 2748 2768 2818 Spiritum
2789 2764 3062 2824 sanctum,
3085 2768 3141 2812 et
3171 2757 3464 2814 insulﬂavit
3489 2760 3544 2814 in
3566 2760 3729 2826 eis“;
3751 2781 3772 2815 ›

2195 2849 2249 2892 et
2283 2855 2498 2894 rursum
2524 2857 2590 2896 eo
2613 2846 2770 2900 modo
2797 2863 2908 2916 quo
2945 2850 3001 2904 in
3034 2850 3260 2906 Actibus
3291 2853 3658 2922 apostolorum
3691 2855 3777 2909 di-

2195 2930 2338 2985 citur
2365 2941 2572 3002 gestum
2607 2935 2744 3005 (19),
2779 2950 2860 2994 mt
2888 2942 3119 2998 diversis
3175 2945 3375 3014 linguis
3419 2945 3779 3014 loquerentur

509 3035 678 3088 ritum
717 3030 834 3096 ejus
875 3032 926 3082 in
973 3029 1144 3083 vobis.
1175 3045 1194 3078 ι
1228 3026 1492 3091 Quoniam
1547 3038 1712 3090 supra
1763 3023 1977 3076 dixerat
2021 3023 2086 3078 de
2112 3019 2155 3078 C
2189 3024 2419 3090 apostoli
2454 3025 2517 3080 3’.
2553 3026 2652 3081 Est
2675 3040 2731 3083 et
2777 3031 2866 3086 ille
2900 3035 3112 3097 modus,
3152 3038 3241 3103 qui
3283 3038 3332 3090 in
3367 3035 3680 3106 Regnorum
3706 3039 3776 3093 li-

502 3127 604 3181 .his
632 3125 723 3194 qui
753 3125 820 3177 ad
850 3119 1262 3176 similitudinem
1287 3118 1480 3171 mortis
1503 3114 1709 3170 Christi
1734 3129 1965 3184 corpora
1990 3129 2086 3168 sua

513 3216 845 3271 mortilicant
878 3225 944 3265 ne
1002 3219 1246 3279 peccent,
1303 3205 1614 3260 necessario
1651 3219 1796 3259 nunc
1856 3203 2088 3258 mentio-

502 3325 638 3364 nem
665 3307 793 3360 facit
835 3305 952 3374 ejus
995 3303 1086 3371 qui
1133 3300 1415 3356 suscitavit
1444 3297 1720 3353 Christum
1748 3311 1780 3350 a
1830 3295 2084 3362 mortuis,

502 3413 573 3458 aut
597 3398 762 3456 simili
801 3397 960 3451 modo
985 3405 1038 3449 et
1063 3396 1177 3462 pari
1229 3393 1440 3446 ratione
1476 3405 1580 3459 qua
1609 3388 1723 3460 (15)
1753 3388 2083 3443 commortui

511 3503 642 3549 sunt
663 3499 718 3544 et
741 3486 1068 3556 consepulti,
1098 3485 1275 3540 sciant
1299 3499 1358 3538 se
1397 3497 1492 3552 per
1524 3480 1789 3550 Spiritum
1820 3479 1940 3550 ejus
1992 3479 2084 3548 qui

505 3582 796 3638 suscitavit
831 3578 1013 3633 Jesum
1042 3593 1073 3630 a
1102 3575 1334 3630 mortuis
1360 3573 1717 3628 viviticandos
1765 3585 1906 3634 esse,
1941 3579 1993 3624 et
2019 3569 2087 3623 ad

511 3673 716 3729 Christi
746 3661 1160 3726 similitudinem
1200 3664 1607 3720 resuscitandas
1657 3679 1686 3716 a
1739 3661 1990 3716 mortuis.
2022 3661 2090 3715 Et

511 3778 781 3838 quatenus
810 3765 862 3818 id
887 3765 979 3816 liat
1006 3759 1516 3828 ostendit,dicens:
1561 3775 1579 3808 ‹
1613 3755 1844 3825 Pmpter
1878 3755 2088 3808 inhabi-

515 3868 718 3912 tantem
762 3854 1024 3924 Spiritum
1070 3851 1188 3921 ejus
1237 3851 1290 3904 in
1337 3851 1509 3904 vobis.
1562 3867 1582 3900 ι
1611 3848 1668 3903 Si
1713 3847 1856 3902 enim
1911 3845 2087 3916 Spiri-

513 3955 602 4000 tus
629 3943 836 3998 Christi
892 3940 1105 3996 habitat
1133 3939 1187 3992 in
1225 3939 1401 4002 vobis,
1453 3938 1820 3993 necessarium
1870 3938 2083 3991 videtur

2193 3114 2308 3168 bris
2356 3116 2616 3183 refertur,
2669 3137 2792 3174 cum
2848 3124 2978 3178 dicit
3029 3124 3358 3194 Scriptura:
3396 3148 3414 3180 ι
3454 3129 3520 3183 Ει
3570 3131 3779 3185 insiluit

2195 3206 2436 3275 Spiritus
2465 3227 2630 3282 super
2659 3213 2812 3279 Saul,
2859 3227 2914 3271 et
2949 3220 3119 3288 cmpit
3164 3222 3492 3290 pmphetare
3519 3223 3586 3276 ³³.
3619 3243 3638 3277 ι
3677 3223 3777 3279 Est

2191 3306 2246 3351 et
2279 3299 2367 3354 ille
2423 3304 2602 3359 adlmc
2632 3305 2770 3360 alius
2809 3310 3028 3373 modus,
3086 3321 3164 3376 ut,
3199 3328 3321 3366 cum
3379 3313 3626 3369 Salvator
3653 3324 3777 3385 post

2192 3393 2654 3451 resurrectionem
2688 3412 2810 3451 cum
2850 3400 3090 3468 Cleopha
3122 3412 3176 3457 et
3202 3403 3311 3457 alio
3364 3406 3628 3474 discipulo
3667 3409 3776 3463 iter

2191 3493 2358 3549 agens
2403 3491 2458 3536 et
2497 3486 2746 3553 aperiens
2790 3489 2870 3543 eis
2909 3488 3241 3558 Scripturas,
3295 3494 3489 3563 ignivit
3517 3495 3632 3566 (20)
3677 3512 3773 3552 eos

2187 3571 2381 3640 Spiritu
2422 3574 2535 3629 oris
2581 3576 2686 3641 sui,
2725 3578 2799 3632 ita
2850 3589 2904 3633 ut
2956 3581 3028 3635 illi
3066 3583 3310 3638 dicerent
3341 3600 3352 3633 :
3387 3604 3405 3637 ι
3447 3585 3638 3642 Nonne
3674 3604 3772 3643 cor

2190 3671 2432 3718 nostrum
2467 3677 2585 3721 erat
2614 3669 2815 3724 ardens
2841 3671 2980 3725 intra
3015 3690 3136 3738 nos,
3180 3690 3303 3729 cum
3341 3679 3578 3746 aperiret
3611 3681 3770 3736 nobis

2191 3753 2501 3825 Scripturas
2529 3758 2614 3812 “‘2
2647 3779 2666 3812 ι
2703 3761 2797 3816 Vis
2843 3774 3022 3818 autem
3073 3769 3216 3822 scire
3261 3771 3386 3838 quia
3444 3787 3548 3826 non
3591 3773 3767 3830 solum

2188 3847 2346 3902 Jesus
2408 3848 2634 3917 loquens
2663 3854 2888 3907 tradidit
2913 3857 3262 3914 audientibus
3291 3861 3552 3930 Spiritum
3581 3881 3762 3934 suum,

2188 3940 2282 3992 sed
2309 3947 2362 3992 et
2387 3941 2476 4009 qui
2524 3943 2574 3996 in
2609 3945 2829 3999 nomine
2855 3945 2972 4014 ejus
2997 3948 3239 4017 loquitur
3263 3953 3486 4007 verbum
3513 3955 3632 4020 Dei,
3665 3964 3770 4010 tra-

512 4032 736 4104 Spiritui
800 4031 948 4086 reddi
1018 4031 1390 4086 habitaculum
1451 4044 1652 4094 suum,
1723 4026 2091 4097 templumque
2185 4028 2265 4081 dit
2290 4031 2634 4088 audientibus
2661 4034 2924 4103 Spiritum
2958 4039 3088 4094 Dei?
3137 4041 3274 4097 Vide
3306 4044 3359 4096 in
3386 4045 3612 4101 Actibus
3635 4062 3766 4118 apo-

512 4125 749 4181 restitui.
775 4123 951 4180 Velim
979 4133 1163 4179 tamen
1189 4124 1295 4178 hoc
1327 4122 1506 4192 ipsum
1541 4120 1657 4193 (14)
1713 4120 1859 4190 quod
1889 4121 2089 4175 dicitur

581 4281 628 4314 ”
653 4282 842 4336 Matth.
875 4297 933 4346 κ,
959 4279 1048 4334 58.
1119 4281 1166 4312 “
1193 4278 1236 4333 ll
1281 4279 1406 4334 Cor.
1438 4294 1512 4342 ιν,
1538 4278 1623 4334 10.
1697 4278 1740 4308 ¹⁷
1768 4274 1785 4328 l
1831 4275 1959 4346 Cor.
1989 4290 2038 4336 v,
2066 4274 2092 4328 ἓ

2200 4275 2244 4307 ’⁸
2273 4275 2408 4334 Gen.
2441 4296 2492 4335 vr
2516 4321 2532 4345 ,
2570 4280 2626 4337 3.
2703 4285 2747 4316 ²⁹
2771 4287 2896 4340 Act.
2923 4302 2991 4346 ιι,
3015 4286 3069 4340 5.

809 4328 853 4383 Ia
877 4328 1047 4405 "is:
1179 4328 1236 4404 ἐξ
1290 4328 1407 4403 ἐξ]
1437 4328 1657 4420 nisi,
1696 4350 1782 4402 l0.
1844 4328 2092 4398 es.

2194 4360 2237 4411 ν,
2271 4328 2408 4403 ἑὲῗ
2572 4328 2626 4337 ’⁷

510 4353 556 4384 ³¹
600 4353 732 4408 ibid.
768 4353 773 4359 ”

583 4487 694 4558 (10)
726 4487 1013 4558 Μεευηυε,
1043 4506 1071 4558 _¢
1103 4487 1172 4541 Et
1210 4486 1299 4542 hic
1324 4501 1452 4552 ergo
1472 4488 1616 4557 quod
1648 4487 1816 4541 dixit:
1845 4485 1945 4550 Qui
1974 4501 2077 4539 non
2113 4463 2158 4518 D

507 4556 680 4612 habet
708 4557 968 4624 Spiritum
1029 4556 1252 4614 Christi.
1309 4578 1328 4610 ι
1361 4556 1561 4610 Deinde
1599 4558 1750 4621 editi,
1784 4575 1804 4608 ι
1845 4559 1946 4610 hoc
1973 4567 2079 4620 est,

511 4630 701 4682 eodem
739 4629 966 4696 Spiritu,
999 4646 1017 4678 ι
1048 4630 1273 4692 omisso,
1312 4647 1330 4680 ‹
1361 4629 1450 4695 qui
1493 4643 1620 4681 non.
1658 4647 1676 4679 ι

584 4697 698 4769 (11)
728 4699 819 4753 Sic
849 4714 949 4752 ms.
984 4714 1121 4753 unus
1145 4712 1199 4753 et
1232 4700 1506 4753 Babanus.
1539 4698 1676 4750 Editi
1721 4711 1850 4769 vero
1897 4707 1948 4748 et
1970 4711 2085 4769 ea:-

507 4765 617 4821 ter‘i
677 4765 833 4831 inss.,
887 4784 906 4818 ι
941 4776 995 4821 et
1055 4769 1260 4838 Spiritu
1319 4771 1436 4836 ejus
1485 4767 1860 4836 amplectende
1904 4785 1922 4816 ι
1958 4765 2077 4835 (aL,

521 4858 538 4888 ι
576 4838 900 4906 aperiendo;
936 4856 953 4886 ι
986 4838 1080 4899 al.,
1117 4859 1135 4890 ‹
1166 4839 1511 4909 appetendo),
1553 4839 1840 4909 adversum
1883 4851 2075 4903 pecca-

516 4917 650 4972 tum,
681 4924 777 4975 pro
809 4909 894 4962 his
934 4908 1187 4963 munibus
1219 4908 1312 4978 qui
1360 4923 1464 4962 non
1515 4924 1686 4978 usque
1720 4908 1788 4978 ad
1843 4919 2074 4961 mortem

504 4979 630 5046 ejus
653 4979 844 5047 venire
877 4989 1118 5046 paratus,
1144 4977 1252 5032 non
1279 4989 1364 5034 est
1385 4979 1502 5046 ejus
1528 4977 1846 5047 discipulus.
1888 4996 1910 5030 ι

586 5045 696 5118 (lg)
726 5045 895 5112 Alias,
933 5067 957 5114 ί⁴
989 5049 1220 5117 Spiritus
1245 5045 1425 5103 autem
1455 5051 1606 5103 vivit.
1649 5069 1668 5102 ι

586 5114 702 5189 (15)
749 5119 921 5178 Editi,
956 5138 972 5168 ι
1012 5114 1068 5189 tit
1135 5120 1490 5172 similitudine
1553 5132 1602 5174 et
1659 5121 1772 5188 pari
1832 5119 2071 5183 ratione,

509 5188 704 5258 qua”
733 5198 995 5259 etc.;mss.
1021 5188 1244 5257 aliquot,
1281 5209 1300 5240 ‹
1340 5201 1396 5242 ut
1445 5191 1605 5244 simili
1639 5200 1694 5243 et
1723 5193 1833 5259 pari
1868 5192 2076 5243 ratione

504 5273 651 5327 qua;
694 5277 714 5310 ι
753 5258 847 5321 aL,
891 5275 910 5308 ι
968 5268 1025 5328 ut
1055 5260 1219 5311 simili
1263 5261 1429 5313 modo
1490 5276 1616 5328 quo,
1656 5281 1674 5312 ι
1713 5258 1915 5315 emissa
1966 5279 1982 5310 ι
2025 5269 2080 5313 et

511 5330 631 5401 pari
670 5331 898 5401 ratione.
930 5347 950 5380 ι
987 5327 1090 5382 Sed
1123 5329 1375 5383 ltabanus
1408 5340 1462 5382 ut
1495 5327 1546 5384 in
1573 5343 1759 5401 imstro
1804 5342 1970 5401 textu.

588 5399 698 5470 (ιᾷ)
728 5399 1201 5466 Editi,perperam,
1236 5418 1254 5449 ι
1291 5402 1523 5466 restitui,
1549 5403 1628 5456 vel
1657 5399 2080 5456 Jesum.'l‘amen

505 5469 615 5523 rhoc
645 5469 844 5537 ipsum,
885 5490 904 5518 ι
940 5480 1046 5522 etc.

615 5539 696 5610 l5)
731 5537 892 5610 Editi,
935 5555 954 5588 ι
991 5540 1217 5594 intuere.
1253 5559 1271 5592 ο

604 5607 688 5692 1-6)
721 5607 951 5692 Spiritus
975 5624 1136 5692 uicus.
1175 5610 1378 5672 Desunt
1398 5611 1453 5671 in
1505 5611 1658 5670 libris
1716 5621 1874 5670 antea
1898 5613 2076 5671 editis.

500 5701 508 5710 ι

2186 4122 2449 4179 stolorum
2476 4127 2592 4198 (9.1)
2639 4131 2916 4199 quomodo
2957 4131 3216 4204 loquente
3251 4136 3415 4193 Petro
3458 4140 3526 4192 ad
3563 4139 3769 4196 Corne-

3151 4288 3196 4321 '°
3241 4289 3399 4347 Joan.
3442 4308 3547 4362 xx,
3597 4295 3695 4350 22.

2259 4489 2371 4562 (l7)
2393 4490 2562 4558 Alias,
2599 4512 2637 4566 «ί
2664 4495 2729 4547 ad
2757 4496 2939 4566 carnis
2993 4497 3215 4552 servitia
3253 4507 3363 4552 tota
3391 4499 3754 4566 convertitur,

2187 4561 2302 4639 (aL,
2338 4579 2358 4639 ς
2395 4565 2666 4639 convertit
2700 4569 2748 4634 ι)
2786 4565 2952 4639 etiam
2984 4568 3096 4639 ipsa
3150 4568 3198 4621 ei
3233 4566 3354 4639 (aL,
3381 4588 3401 4620 ‹
3446 4573 3558 4639 ipsa
3585 4572 3694 4634 eis;
3731 4561 3752 4624 ὁ

2185 4632 2282 4693 aL,
2303 4649 2320 4682 ι
2349 4632 2460 4701 ipse
2482 4634 2616 4702 ejus)
2644 4632 2736 4688 cui
2754 4632 3111 4710 se_conjuttxit
3135 4632 3284 4710 carni
3311 4659 3331 4691 ι
3350 4632 3481 4710 (εἰμί
3501 4660 3519 4691 ι
3545 4632 3756 4705 carne),

2185 4713 2385 4755 etcum
2427 4717 2530 4783 qua
2563 4721 2729 4783 unum
2755 4705 2945 4759 elfecta
2983 4721 3066 4761 est
3091 4707 3217 4783 (al._,_
3247 4726 3266 4760 ι
3306 4705 3533 4783 effectus
3581 4721 3664 4765 est
3707 4711 3756 4783 ι)

2187 4788 2291 4824 non
2351 4775 2578 4848 accedat
2619 4794 2638 4826 ι
2679 4775 2775 4836 aL,
2817 4794 2836 4825 ι
2871 4791 2975 4830 non
3035 4775 3270 4846 accedit,
3317 4799 3338 4832 ι
3367 4781 3466 4848 aL,
3503 4799 3524 4833 ο
3559 4775 3760 4836 nomen

2185 4845 2474 4917 accepit!)
2512 4844 2605 4906 al.,
2645 4865 2662 4895 ι
2698 4860 2890 4917 nomen
2919 4849 3139 4917 accipit.
3180 4867 3200 4899 ι

2256 4913 2373 4992 (18.)
2531 4930 2742 4992 unus}
2782 4913 3416 4992 Diversisfergotmodis
3445 4922 3618 4992 accipi
3655 4937 3758 4990 p0-

2182 4991 2292 5109 tgst
2341 4983 2578 5107 :pciritus
2613 4984 2732 5051 Dei,
2766 4985 2849 5041 vel
2887 4983 3124 5058 Spiritus
3172 4989 3418 5048 Christi:
3454 4983 3754 5048 secundum

2183 5069 2198 5108 ι
2243 5093 2256 5109 .
2291 5071 2310 5104 ι
2435 5094 2448 5108 .

2183 5065 2256 5117 ια,
2291 5071 2310 5104 ι
2343 5065 2448 5108 etc.

2253 5122 2364 5197 (l9)
2411 5124 2636 5197 Alias,_c
2673 5126 2808 5179 dixit
2866 5139 3100 5197 gestum.
3133 5147 3180 5194 ,ι
3219 5129 3442 5194 Deinde,
3485 5151 3505 5183 ε
3540 5131 3609 5186 Εῑ
3659 5133 3753 5188 illo

2183 5194 2474 5269 modoquo
2508 5196 2556 5247 in
2581 5194 2913 5269 Regnorum,
2947 5218 2964 5248 ι
2995 5210 3124 5262 etc.,
3155 5210 3209 5254 et
3237 5213 3445 5269 postea,
3484 5221 3501 5253 ‹
3537 5214 3590 5256 et
3620 5204 3752 5256 item

2184 5266 2359 5337 adhuc
2393 5265 2497 5337 alio
2525 5267 2703 5330 motio,
2741 5277 2799 5320 ut
2833 5284 2955 5321 cum
2993 5265 3261 5337 Salvum",
3291 5291 3308 5322 ι
3341 5283 3445 5327 etc.
3479 5271 3588 5327 Sed
3615 5289 3752 5328 mss.

2185 5336 2290 5388 duo
2321 5346 2375 5388 ut
2410 5336 2461 5387 in
2496 5346 2679 5389 nostro
2725 5348 2894 5390 textu.

2258 5404 2366 5475 (20)
2394 5405 2556 5468 Edili,
2588 5425 2606 5456 ε
2639 5407 2859 5460 alnnvil.
2901 5428 2918 5460 ι

2258 5475 2368 5546 (21)
2401 5477 2576 5529 Editio
2611 5477 2808 5531 Veneta
2844 5479 3138 5544 Salodiani,
3177 5500 3194 5531 ι
3234 5479 3386 5536 Unde
3443 5483 3494 5537 in
3528 5483 3754 5540 Actibus

2186 5548 2552 5613 apostolorum
2605 5551 3017 5618 conserip_siSse.
3059 5570 3078 5603 ι
3111 5551 3390 5614 Merlinus,
3443 5572 3460 5602 ‹
3508 5551 3660 5608 Unde
3696 5557 3752 5608 in

2185 5618 2415 5673 Actibus
2440 5613 3084 5685 apostolorum'habetur.
3133 5641 3149 5674 ι
3202 5613 3606 5680 Geuehrardus.
3638 5644 3656 5675 ι
3699 5626 3754 5674 tu
