4146 6398
324 264 459 321 1101

1285 258 1644 316 COMMENT.
1689 258 1753 312 IN
1791 257 2011 314 EPIST.
2059 261 2151 315 AD
2187 263 2354 318 ROM.
2392 264 2521 323 LIB.
2561 267 2647 323 Vl.

3448 279 3586 337 1102

321 383 452 436 lium
493 381 732 453 repletur
757 380 961 449 Spiritu
989 389 1181 435 sancto
1221 382 1336 451 ipse
1372 380 1682 442 Cornelius,
1729 389 1784 433 et
1812 381 1902 449 qui
1934 387 1976 440 Α
2008 383 2198 438 carnis
2229 386 2514 443 desideriis
2564 389 2864 459 indulgere.
2902 391 2958 445 lu
3010 395 3116 449 hoc
3143 411 3272 464 ergo
3302 409 3464 468 negat
3489 417 3588 458 nos

319 491 441 530 cum
477 491 542 532 eo
563 485 720 532 erant
748 478 814 530 ³⁸.
842 476 997 532 Unde
1026 486 1079 531 et
1112 486 1168 530 ιιι
1193 475 1236 531 si
1267 475 1510 546 loquaris
1541 475 1653 546 (22)
1680 477 1903 532 verbum

323 569 437 635 Dei,
475 580 530 624 et
564 570 806 639 loquaris
853 571 1084 626 fideliter
1112 586 1179 626 ex
1209 572 1543 628 conscientia
1591 587 1754 642 pura,
1801 585 1906 626 nec

319 661 437 729 ipse
469 663 824 730 redarguaris
854 679 922 717 ex
953 663 1134 718 verbis
1162 664 1268 719 tuis
1296 665 1450 734 quasi
1483 665 1574 734 qui
1621 664 1779 720 aliter
1807 667 1904 719 do-

317 768 447 810 ceas
475 761 531 808 et
559 755 720 809 aliter
749 771 900 825 agas,
934 764 1114 824 potest
1149 756 1266 811 ﬁeri
1300 767 1357 810 ut
1384 758 1642 828 loquente
1670 768 1722 814 te
1748 760 1900 813 audi-

320 855 494 904 torum
521 848 683 902 corda
714 850 890 902 sancti
916 849 1154 916 Spiritus
1185 850 1324 920 ignis
1351 849 1668 916 inflammet,
1701 862 1757 908 et
1780 868 1906 908 cou-

321 941 470 996 tinuo
498 943 883 998 concalescant
927 943 1040 1010 (25)
1094 952 1148 997 et
1177 945 1405 997 ardeant
1456 945 1524 998 ad
1577 945 1897 1014 complenda

316 1034 566 1090 universa
602 1051 723 1104 qu:e
753 1038 940 1100 doces,
971 1047 1029 1090 ut
1059 1038 1222 1092 rebus
1251 1038 1512 1104 impleant
1536 1052 1659 1106 quae
1685 1053 1901 1093 sermo-

316 1126 474 1181 nibus
505 1127 809 1191 didicerint,
843 1137 898 1183 et
933 1148 952 1180 ‹
989 1143 1109 1196 ηοω
1140 1145 1358 1183 sursum
1399 1139 1530 1184 sunt
1570 1148 1588 1180 ι
1622 1139 1897 1198 quaarant,

321 1241 340 1269 ι
374 1218 460 1272 ubi
490 1219 739 1274 Christus
761 1229 844 1274 est
871 1221 924 1273 in
951 1221 1174 1276 dextera
1209 1219 1300 1274 Dei
1347 1221 1544 1277 sedens
1573 1236 1588 1274 :
1631 1237 1754 1291 quae
1777 1237 1900 1276 sur-

315 1324 432 1364 sum
485 1321 612 1365 sunt
650 1330 670 1364 ι
718 1311 954 1381 sapiant,
984 1332 1002 1363 ι
1039 1328 1143 1366 non
1173 1328 1293 1382 qua:
1328 1327 1492 1383 super
1535 1322 1734 1368 terram
1765 1314 1832 1366 ³⁸.
1875 1333 1894 1365 ι

315 1403 422 1461 Sed
447 1416 500 1461 et
529 1408 608 1462 sic
646 1411 1016 1479 unusquisque
1049 1410 1252 1464 habere
1281 1411 1333 1465 in
1365 1426 1425 1466 se
1479 1411 1744 1481 probatur
1774 1412 1898 1481 Spi-

313 1498 475 1553 ritum
503 1500 724 1556 Christi.
774 1500 1026 1557 Christus
1070 1504 1340 1572 sapientia
1381 1513 1466 1559 est
1509 1521 1524 1558 :
1559 1505 1605 1558 si
1661 1506 1732 1559 sit
1773 1506 1898 1574 quis

312 1591 533 1658 sapiens
558 1593 853 1647 secundum
902 1592 1213 1660 Christum,
1253 1602 1309 1648 et
1353 1608 1474 1661 quae
1521 1594 1726 1650 Christi
1768 1604 1897 1650 sunt

313 1683 510 1751 sapiat,
540 1684 704 1738 habet
732 1685 784 1738 in
817 1701 994 1756 seper
1013 1688 1338 1756 sapientiam
1369 1687 1636 1757 Spiritum
1664 1687 1890 1743 Christi.

2013 489 2134 530 esse
2162 478 2341 532 carnis
2367 479 2659 544 debitores,
2687 481 2825 535 sicut
2853 491 2907 535 et
2932 483 3057 537 alibi
3087 485 3216 540 dicit
3249 503 3262 538 :
3305 507 3321 538 ι
3365 487 3432 541 Ει
3460 504 3583 543 car-

2012 565 2100 619 nis
2131 581 2314 619 curam
2346 584 2415 621 ne
2450 568 2686 623 feceritis
2726 571 2776 624 in
2810 574 3263 642 concupiscentiis
3298 576 3342 607 ³⁸
3375 579 3486 650 (28)
3516 597 3528 631 :
3565 599 3584 631 ι

2009 674 2113 712 non
2147 661 2332 729 utique
2361 675 2567 732 negans
2602 676 2790 717 curam
2841 666 3025 721 carnis
3072 667 3374 724 habendam
3406 674 3459 726 in
3493 691 3588 730 ne-

2006 752 2290 816 cessariis,
2341 753 2435 806 sed
2489 753 2542 806 in
2591 756 3070 824 concupiscentiis.
3100 757 3176 813 lta
3219 776 3349 832 ergo
3387 774 3442 819 et
3474 765 3585 832 hic,

2013 866 2032 897 ι
2095 843 2154 900 Si
2200 844 2370 910 enim,
2433 845 2628 916 inquit,
2692 851 2990 904 secundum
3045 867 3266 908 carnem
3314 856 3588 924 vixeritis,

2006 937 2338 993 moriemini.
2380 957 2398 992 ι
2432 938 2498 993 Ει
2546 938 2735 995 addit:
2776 960 2794 991 ι
2837 941 2893 996 Si
2943 954 3123 1000 autem
3179 947 3376 1016 spiritu
3429 961 3584 1006 actus

2005 1032 2187 1087 carnis
2221 1031 2706 1096 mortiﬁcaveritis,
2766 1035 2962 1090 vivetis
3005 1034 3141 1109 (29).
3187 1057 3206 1091 ι
3251 1041 3315 1095 Ει
3365 1042 3431 1097 de
3481 1043 3588 1099 hoc

1999 1126 2118 1192 jam,
2143 1141 2306 1194 supra
2339 1126 2545 1180 dictum
2595 1136 2679 1179 est
2707 1126 2774 1192 ³³,
2808 1129 3081 1196 quomodo
3113 1146 3313 1201 corpus
3364 1135 3584 1204 quidem

2004 1225 2280 1270 mortuum
2318 1231 2442 1272 esse
2465 1217 2660 1271 debeat
2686 1229 2910 1287 propter
2941 1231 3185 1288 peccata,
3208 1224 3434 1294 spiritus
3454 1241 3586 1283 vero

2002 1308 2112 1362 vita
2140 1297 2368 1377 propter
2408 1309 2880 1378 justificationem.
2943 1310 3046 1378 Qui
3100 1328 3234 1384 ergo
3278 1317 3584 1372 secundum

2001 1400 2255 1470 spiritum
2285 1415 2451 1468 agens
2473 1401 2768 1455 mortificat
2793 1413 2947 1458 actus
2971 1407 3173 1472 carnis,
3197 1407 3342 1463 vivet
3365 1421 3587 1480 propter

2003 1492 2403 1546 inhabitantem
2433 1493 2486 1548 in
2516 1509 2577 1548 se
2601 1493 2855 1562 spiritum
2881 1497 3028 1550 vitae.
3075 1497 3366 1555 Mortiﬁcat
3400 1511 3583 1558 autem

2001 1585 2123 1653 quis
2155 1595 2308 1640 actus
2342 1585 2521 1641 carnis
2551 1586 2654 1641 hoc
2706 1588 2891 1641 modo.
2926 1588 3157 1646 Fructus
3215 1601 3300 1647 est
3346 1593 3587 1665 Spiritus

2002 1677 2242 1732 charitas
2266 1675 2334 1742 “,
2368 1679 2551 1732 odium
2606 1678 2791 1733 carnis
2842 1689 2929 1734 est
2974 1690 3176 1736 actus:
3213 1685 3398 1741 odium
3453 1703 3587 1759 ergo

311 1747 790 1840 Christusjustitia
825 1747 908 1831 esi
940 1795 953 1831 :
1003 1778 1046 1832 si
1079 1747 1207 1846 quis
1233 1778 1430 1832 haheat
1463 1779 1514 1831 in
1542 1793 1600 1832 se
1625 1779 1891 1848 justitiam

2004 1783 2100 1836 per
2128 1766 2454 1822 charitatem
2507 1771 2868 1826 mortificatur
2899 1782 2952 1827 et
3009 1777 3395 1847 exstinguitur.
3436 1747 3584 1838 Gau-

311 1864 532 1929 Christi,
584 1884 682 1937 per
725 1869 991 1939 justitiam
1027 1872 1192 1925 habet
1227 1871 1342 1940 (24)
1394 1874 1447 1926 iu
1505 1889 1566 1927 se
1625 1872 1892 1944 Spiritum

312 1958 536 2014 Christi.
565 1960 814 2015 Christus
849 1978 948 2030 pax
979 1972 1061 2016 est
1091 1980 1106 2017 :
1143 1965 1187 2018 si
1219 1963 1342 2034 quis
1385 1965 1586 2019 habeat
1632 1966 1684 2019 in
1713 1981 1774 2020 se
1802 1983 1894 2037 pa-

311 2065 430 2105 cem
461 2052 686 2117 Christi,
720 2069 818 2122 per
863 2055 1125 2123 Spiritum
1161 2059 1308 2124 pacis
1337 2057 1500 2111 habet
1542 2058 1594 2112 in
1629 2073 1688 2113 se
1717 2058 1895 2128 Spiri-

314 2151 428 2196 tum
470 2141 697 2198 Christi.
726 2144 817 2200 Sic
847 2157 901 2198 et
933 2147 1283 2212 charitatem,
1312 2148 1391 2202 sic
1417 2159 1471 2201 et
1498 2148 1894 2205 sanctificatio-

313 2245 457 2296 uem,
489 2233 569 2286 sic
600 2243 652 2287 et
681 2234 895 2303 singula
931 2250 1179 2304 quaeque,
1219 2253 1342 2306 quas
1373 2237 1626 2293 Christus
1655 2254 1775 2294 esse
1811 2242 1894 2294 di-

309 2323 455 2378 citur
482 2326 572 2394 qui
603 2327 782 2386 habet,
831 2329 920 2383 hic
949 2328 1212 2399 Spiritum
1241 2329 1445 2386 Christi
1480 2331 1592 2404 (25)
1621 2332 1675 2387 in
1709 2349 1766 2389 se
1797 2335 1894 2389 ha-

311 2412 438 2468 bere
467 2416 771 2470 credendus
799 2426 899 2476 est,
927 2427 982 2470 et
1011 2431 1235 2486 sperare
1267 2419 1410 2486 quod
1443 2421 1670 2476 mortale
1695 2438 1894 2492 corpus

309 2518 467 2559 suum
499 2506 870 2562 vivificabitur
895 2518 1117 2577 propter
1165 2508 1558 2565 inhabitantem
1589 2510 1643 2565 in
1681 2527 1740 2568 se
1767 2514 1892 2582 Spi-

310 2599 476 2653 ritum
505 2599 729 2654 Christi.

381 2689 470 2744 M.
508 2708 527 2741 ‹
565 2691 724 2758 Ergo,
779 2690 999 2755 fratres,
1051 2691 1326 2747 debitores
1375 2709 1584 2760 sumus,
1616 2711 1721 2750 non
1769 2712 1892 2751 car-

307 2784 414 2846 nis,
449 2791 510 2837 ut
534 2785 831 2838 secundum
867 2800 1088 2839 carnem
1119 2787 1384 2840 vivimus.
1422 2789 1480 2842 Si
1517 2789 1662 2842 enim
1690 2805 1890 2844 secun-

309 2877 433 2928 dum
464 2891 687 2929 carnem
719 2876 989 2938 vixeritis,
1025 2878 1334 2932 moriemini
1363 2894 1378 2942 ;
1415 2879 1459 2933 si
1491 2890 1670 2934 autem
1699 2881 1888 2950 spiritu

306 2977 459 3022 actus
489 2968 670 3022 carnis
695 2967 808 3037 (26)
850 2967 1210 3035 mortiﬁcetis,
1239 2970 1437 3023 vivetis
1471 2971 1537 3023 ³⁷.
1578 2991 1597 3022 ι
1626 2971 1886 3041 Spiritum

305 3059 507 3113 Christi
542 3058 789 3113 habitare
837 3058 887 3111 in
939 3059 1113 3122 nobis,
1165 3069 1222 3113 et
1256 3061 1396 3112 dona
1434 3059 1676 3128 Spiritus
1730 3063 1889 3116 nobis
1918 3093 1960 3148 ρ

305 3151 525 3216 collata,
562 3150 815 3220 superius
858 3151 1060 3205 docuit.
1106 3149 1525 3220 Consequenter
1575 3167 1706 3220 ergo
1741 3168 1886 3208 nunc

305 3244 451 3298 addit
477 3243 602 3312 quia
635 3260 654 3294 ι
696 3242 972 3296 debitores
1015 3256 1225 3306 sumus,
1267 3260 1286 3293 ι
1323 3257 1512 3296 eorum
1565 3243 1687 3298 sine
1723 3243 1886 3298 dubio

304 3350 424 3403 qua:
451 3350 480 3388 a
504 3333 712 3404 Spiritu
761 3333 964 3388 Christi
1017 3336 1294 3389 consecuti
1325 3349 1536 3389 sumus.
1569 3353 1588 3386 ι
1623 3333 1821 3390 Carnis
1860 3355 1878 3386 ι

303 3433 509 3490 autem,
545 3425 740 3494 inquit,
775 3443 795 3476 ι
833 3425 1110 3480 debitores
1137 3439 1241 3479 non
1279 3441 1489 3480 sumus.
1539 3443 1559 3478 ι
1590 3425 1708 3480 Νοη
1737 3429 1883 3481 enim

304 3525 590 3587 propterea
647 3533 744 3572 nos
791 3517 920 3572 fecit
971 3517 1111 3572 Deus
1151 3519 1217 3572 ad
1274 3518 1564 3586 imaginem
1604 3533 1782 3586 suam,
1825 3526 1884 3572 ut

303 3610 487 3664 carnis
513 3610 737 3664 servitio
770 3625 1016 3664 essemus
1039 3610 1279 3672 obnoxii,
1318 3611 1412 3663 sed
1445 3611 1624 3680 potius
1649 3619 1705 3665 ut
1729 3627 1884 3668 crea-

305 3702 412 3756 tori
447 3717 548 3757 suo
569 3704 751 3758 anima
784 3702 1118 3766 deserviens,
1141 3704 1253 3768 ipsa
1267 3703 1493 3758 servitio
1522 3718 1587 3758 ac
1628 3705 1882 3762 ministe-

305 3795 389 3848 rio
429 3795 612 3848 carnis
666 3804 928 3849 uteretur.
986 3794 1094 3850 Sed
1150 3796 1382 3851 fortasse
1429 3797 1579 3852 dicat
1626 3799 1878 3870 aliquis:

303 3885 584 3951 Quomodo
613 3888 796 3942 carnis
846 3903 953 3942 non
1005 3904 1195 3941 sumus
1221 3887 1513 3955 debitores,
1541 3906 1665 3946 cum
1695 3903 1750 3948 et
1802 3895 1883 3949 vi-

301 3987 449 4033 ctum
492 3979 542 4033 ei
585 3987 642 4033 et
676 3979 1052 4034 indumentum
1079 3981 1365 4050 providere
1396 3992 1604 4037 natura:
1634 3986 1881 4040 necessi-

301 4080 415 4126 tate
441 4070 741 4138 cogamur?
790 4071 896 4126 Sed
951 4081 1010 4126 ut
1057 4072 1311 4126 ostendat
1340 4088 1442 4127 non
1487 4075 1637 4128 carni
1668 4075 1874 4144 aliquid

299 4163 571 4228 conferre,
622 4163 714 4218 sed
751 4163 922 4232 ipsam
956 4163 1121 4217 vitam
1150 4163 1303 4218 carni
1351 4165 1666 4234 mancipare
1694 4167 1879 4236 culpa-

301 4258 407 4314 bile
431 4257 641 4324 haberi,
666 4258 786 4312 ideo
807 4256 954 4312 addit
982 4274 993 4308 :
1029 4275 1049 4307 ‹
1081 4255 1136 4310 Si
1161 4257 1305 4310 enim
1330 4257 1628 4310 secundum
1657 4273 1877 4315 carnem

299 4351 567 4418 vixeritis,
603 4349 930 4405 moriemini.
965 4368 984 4401 ι
1020 4347 1161 4416 Quid
1206 4357 1390 4402 autem
1438 4349 1511 4404 sit
1535 4348 1652 4418 (27)
1680 4366 1878 4407 secun-

2003 1860 2154 1912 dium
2185 1859 2439 1912 similiter
2491 1859 2697 1916 fructus
2743 1873 2830 1917 est
2881 1865 3142 1934 spiritus,
3199 1869 3423 1926 tristitia
3450 1887 3582 1930 vero

2001 1950 2164 2019 hujus
2187 1950 2399 2016 saeculi,
2447 1967 2568 2020 quae
2618 1963 2848 2010 mortem
2897 1967 3160 2027 operatur
3182 1959 3252 2025 “,
3281 1963 3467 2020 carnis
3498 1977 3583 2022 est

2001 2053 2201 2096 actus:
2230 2041 2345 2096 haec
2391 2057 2522 2112 ergo
2547 2047 2931 2112 exstinguitur,
2980 2047 3024 2102 si
3059 2050 3133 2104 sit
3169 2051 3222 2104 in
3254 2054 3411 2108 nobis
3448 2071 3584 2123 gau-

1997 2133 2144 2188 dium
2181 2136 2426 2204 spiritus.
2469 2135 2579 2193 Pax
2629 2137 2835 2193 fructus
2896 2146 2981 2194 est
3010 2140 3268 2210 spiritus;
3308 2145 3580 2202 dissensio

1997 2235 2052 2278 et
2074 2224 2349 2281 discordia
2382 2228 2568 2281 carnis
2616 2238 2699 2284 est
2748 2239 2898 2284 actus
2929 2251 2941 2284 :
2979 2232 3072 2286 sed
3109 2245 3315 2288 certum
3347 2246 3432 2292 est
3477 2239 3584 2294 dis-

1997 2317 2240 2370 cordiam
2270 2317 2591 2372 mortificari
2617 2333 2777 2386 posse
2802 2335 2898 2388 per
2921 2336 3130 2389 pacem.
3157 2322 3249 2380 Sic
3279 2336 3334 2381 et
3365 2329 3579 2397 patien-

2005 2408 2078 2460 tia
2116 2407 2366 2476 Spiritus,
2403 2409 2798 2476 impatientiam
2861 2413 3044 2467 carnis
3094 2413 3207 2486 (30)
3257 2421 3577 2491 exstinguit,

1996 2510 2052 2551 et
2085 2499 2305 2554 bonitas
2363 2501 2630 2554 malitiam
2687 2504 2922 2572 perimit,
2976 2515 3032 2559 et
3083 2511 3443 2565 mansuetudo
3501 2513 3580 2568 fe-

2001 2591 2206 2645 rociam
2234 2631 2251 2654 ,
2317 2601 2371 2646 et
2434 2594 2777 2649 continentia
2836 2596 3310 2666 intemperantiam
3364 2603 3522 2675 (51)
3557 2643 3576 2671 ,

1995 2683 2155 2754 593
2184 2693 2237 2737 et
2267 2686 2490 2739 castitas
2511 2687 2905 2754 impudicitiam
2931 2697 3111 2754 necat,
3147 2691 3348 2760 talique
3370 2696 3564 2751 ordine

1994 2779 2085 2845 qui
2117 2791 2218 2847 per
2249 2778 2506 2848 spiritum
2550 2786 2706 2834 actus
2741 2779 2924 2834 carnis
2971 2782 3381 2839 mortificaverit
3433 2787 3574 2860 (32),

1994 2869 2163 2924 vivet.
2196 2869 2521 2924 Intuendum
2552 2884 2686 2925 sane
2717 2879 2820 2935 est,
2848 2872 2993 2940 quod
3034 2873 3175 2928 sicut
3203 2888 3433 2932 mortem
3469 2895 3575 2935 non

1995 2965 2152 3015 istam
2179 2977 2546 3028 communem,
2575 2963 2668 3017 sed
2705 2964 2851 3018 illam
2876 2967 3077 3032 peccati
3110 2966 3265 3035 dicit,
3296 2988 3316 3022 ι
3342 2971 3400 3026 Si
3430 2973 3576 3028 enim

1995 3053 2294 3106 secundum
2345 3068 2566 3106 carnem
2631 3053 2904 3120 vixeritis,
2958 3057 3336 3122 moriemini,»
3397 3062 3472 3115 ita
3520 3071 3580 3118 et

1998 3145 2161 3198 vitam
2195 3159 2303 3198 non
2343 3145 2482 3198 hanc
2524 3160 2896 3210 communem,
2928 3148 3022 3200 sed
3055 3147 3203 3203 illam
3247 3150 3379 3206 dicit
3414 3163 3578 3208 teter-

1997 3251 2117 3289 uam
2142 3275 2158 3302 ,
2187 3237 2252 3290 ad
2286 3253 2449 3306 quam
2499 3240 2783 3306 perveniet
2827 3243 3006 3294 omnis
3037 3242 3132 3310 qui
3159 3245 3456 3298 secundum
3506 3261 3574 3302 ea

1993 3345 2114 3400 quae
2136 3345 2300 3398 supra
2331 3331 2705 3400 exposuimus,
2743 3331 3018 3401 perfectus
3041 3335 3234 3403 spiritu
3268 3337 3571 3393 mortiﬁca-

1993 3422 2133 3476 verit
2169 3420 2282 3492 (⁸55)
2315 3434 2469 3476 actus
2499 3424 2704 3478 carnis.
2733 3424 2838 3479 Sed
2861 3434 2915 3479 et
2944 3425 3075 3479 illud
3105 3427 3246 3482 seire
3285 3427 3571 3496 debemus,

1991 3513 2134 3584 quod
2187 3515 2288 3568 ista
2345 3515 2695 3570 mortificatio
2750 3527 2966 3570 actuum
2996 3519 3180 3572 carnis
3215 3534 3310 3587 per
3358 3521 3573 3591 patien-

1994 3606 2122 3658 tiam
2159 3604 2277 3669 fiat,
2305 3614 2362 3660 et
2390 3621 2498 3659 non
2525 3607 2592 3659 ad
2621 3607 2888 3674 subitum,
2932 3609 3025 3662 sed
3063 3610 3344 3678 paulatim.
3390 3611 3572 3668 Primo

1991 3695 2346 3765 languescere
2365 3711 2458 3751 eos
2481 3712 2706 3752 necesse
2737 3708 2824 3754 est
2850 3700 2902 3754 in
2923 3699 3006 3754 his
3027 3701 3124 3771 qui
3144 3701 3409 3771 incipiunt
3428 3704 3564 3774 (34);

1995 3799 2108 3841 lum
2143 3789 2336 3844 deinde
2378 3805 2502 3844 cum
2563 3792 2848 3846 ardentius
2883 3791 3150 3859 proficere
3187 3796 3481 3863 coeperint,
3513 3808 3570 3851 et

1991 3880 2387 3935 abundantiore
2417 3882 2614 3950 spiritu
2651 3882 2889 3951 repleri,
2925 3895 3082 3939 actus
3115 3887 3299 3940 carnis
3328 3901 3434 3941 non
3471 3903 3567 3942 so-

1989 3971 2104 4025 lum
2139 3973 2510 4042 languescere,
2563 3976 2659 4030 sed
2701 3986 2755 4030 et
2785 3977 3065 4032 tabescere
3129 3976 3391 4047 incipient
3427 3993 3444 4034 :
3475 3983 3565 4037 ubi

1989 4078 2122 4119 vero
2149 4065 2216 4118 ad
2240 4066 2548 4135 perfectum
2579 4065 2690 4135 jam
2727 4070 3001 4134 venerint,
3032 4070 3108 4123 ita
3132 4080 3190 4123 ut
3219 4071 3362 4124 nulla
3401 4073 3454 4126 in
3486 4077 3567 4130 eis

1987 4171 2212 4227 prorsus
2241 4157 2323 4212 vel
2355 4157 2407 4212 in
2448 4160 2619 4222 facto,
2658 4159 2745 4214 vel
2800 4160 2852 4215 in
2885 4162 3050 4228 dicto,
3087 4163 3171 4217 vel
3220 4163 3273 4218 in
3325 4167 3562 4235 cogitatu

1986 4249 2199 4316 peccati
2241 4249 2489 4304 oriantur
2534 4249 2755 4318 iudicia,
2811 4259 2944 4306 tunc
2973 4253 3134 4322 plane
3169 4264 3324 4312 actus
3378 4259 3564 4312 carnis

1988 4335 2100 4410 (35)
2140 4341 2518 4409 mortificasse,
2559 4349 2616 4399 et
2651 4344 2720 4398 ad
2757 4345 3027 4414 integrum
3063 4349 3224 4404 morti
3266 4351 3564 4406 tradidisse

300 4442 425 4496 dum
457 4456 678 4497 carnem
731 4440 916 4496 vivere
945 4455 1087 4510 saepe
1110 4438 1220 4510 jam
1248 4440 1456 4494 dictum
1506 4449 1611 4498 est.
1654 4442 1768 4499 Hoc
1791 4459 1877 4504 est
1907 4452 1953 4507 D
1986 4434 2240 4491 credendi
2268 4445 2417 4490 ευιιι·

371 4606 418 4639 ³⁸
444 4607 564 4662 Act.
593 4621 648 4670 x,
683 4606 773 4660 44.
851 4606 896 4638 ³⁸
923 4605 1130 4678 Coloss.
1165 4621 1249 4671 tu,
1281 4605 1331 4670 l,
1359 4604 1418 4659 2.
1491 4607 1534 4639 ³⁷
1561 4605 1719 4664 Rom.
1743 4625 1863 4678 vni,

2014 4608 2099 4663 13.
2177 4604 2398 4659 “Rom.
2421 4618 2544 4669 xm,
2578 4603 2666 4660 M.
2744 4603 2790 4634 ”
2816 4603 2974 4660 Rom.
3001 4620 3122 4671 vm,
3148 4605 3233 4660 10.
3309 4606 3356 4639 ⁴⁰
3379 4607 3558 4663 Galat.

297 4693 353 4746 ν,
374 4679 468 4732 22.
541 4679 585 4709 ⁶¹
613 4677 650 4730 ll
683 4678 806 4730 Cor.
828 4693 923 4730 vn.
957 4677 1041 4730 10.

296 4816 523 4871 Actibus
581 4814 950 4882 apostolorum
985 4815 1238 4869 habetur.
1273 4833 1292 4868 ι
1347 4813 1455 4871 Sed
1500 4817 1706 4872 rectius
1738 4833 1870 4875 mss.

297 4887 471 4942 nostri
496 4895 554 4938 ut
583 4887 637 4939 in
668 4894 854 4938 nostro
885 4892 1058 4938 textu.

389 4957 481 5022 22)
513 4955 680 5018 Editi,
706 4973 725 5006 ι
769 4954 1030 5022 loqueris.
1064 4973 1083 5005 ι

390 4957 459 5011 22
513 4957 680 5018 Editi,
706 4973 725 5006 ι
769 4957 1030 5022 loqueris.
1064 4973 1083 5005 ι

390 4957 483 5098 2‘5)
537 5025 702 5098 Editi,
740 5041 769 5098 ⁸ι
833 5024 1246 5092 convalescant;
1284 5045 1304 5079 ι
1356 5035 1472 5082 tum
1509 5025 1672 5098 paulo
1727 5036 1869 5096 post,

301 5116 320 5148 ε
357 5093 412 5154 et
439 5093 602 5152 rebus
628 5093 909 5163 impleant.
947 5111 966 5143 ι

375 5167 486 5239 (24)
519 5167 734 5239 Editi,_¢
775 5163 836 5239 _Si_
871 5164 1001 5239 quis
1021 5163 1191 5220 habet
1232 5164 1287 5219 in
1338 5181 1398 5220 se
1449 5166 1737 5236 justitiam,
1773 5183 1868 5236 per

295 5234 558 5310 iustiti-am
577 5235 789 5310 Christi
826 5234 1005 5310 habet,
1021 5303 1031 5310 _
1047 5251 1068 5285 ι
1100 5243 1209 5288 etc.
1343 5242 1352 5252 '

368 5308 479 5380 (25)
512 5306 685 5380 Editi,
723 5313 834 5380 cet
857 5303 1068 5380 singula
1104 5306 1715 5380 qttaecunque‘Christus
1747 5320 1866 5360 esse

295 5373 523 5443 dieittir,
554 5377 644 5446 qui
677 5375 839 5429 habet
867 5373 1002 5439 haec,
1035 5373 1300 5446 Spiritum
1329 5376 1555 5446 Christi,
1592 5395 1613 5430 ι
1651 5389 1758 5430 etc.

367 5449 482 5521 (26)
511 5442 516 5443 ί
573 5442 732 5504 Ἀσιας
780 5448 973 5517 carnis.
1042 5442 1136 5499 Sic
1168 5459 1297 5499 mss.
1335 5444 1473 5499 Editi
1507 5461 1654 5514 vero,
1683 5464 1700 5498 ι
1728 5446 1868 5500 facta

295 5521 498 5576 carnis.
541 5538 561 5572 ι

2071 4815 2162 4870 27)
2188 4814 2354 4876 Alias,
2393 4832 2411 4863 ι
2446 4812 2587 4879 Quid
2619 4813 2765 4866 enim
2791 4813 2879 4877 sit,
2919 4831 2939 4864 ι
2971 4822 3080 4866 etc.

2071 4819 2162 4870 27)
2188 4819 2354 4876 Alias,
2393 4832 2411 4863 ι
2446 4819 2587 4879 Quid
2619 4819 2765 4866 enim
2791 4819 2879 4877 sit,
2919 4831 2939 4864 ι
2971 4822 3080 4866 etc.

2050 4819 2159 4955 (28)
2194 4884 2356 4946 Editi,
2393 4901 2412 4933 ‹
2455 4898 2520 4937 ne
2558 4883 2796 4937 feceritis
2825 4885 2876 4937 in
2908 4881 3192 4938 desideriis
3235 4889 3291 4935 et
3337 4881 3389 4934 in
3420 4897 3552 4934 con-

1981 4955 2356 5018 cupiscentiis.
2397 4972 2414 5002 ι

2047 5025 2159 5095 (29)
2187 5024 2348 5095 Editi,
2375 5040 2397 5074 ι
2421 5023 2782 5095 ιιιοτιίίῐίεθιίε,
2797 5023 3011 5076 vivetis.
3033 5021 3142 5076 Sed
3164 5022 3230 5078 de
3247 5021 3373 5087 hoc,
3398 5041 3417 5076 ι
3443 5030 3553 5077 etc.

2048 5094 2166 5168 (ξο)
2197 5094 2365 5168 Editi,
2399 5111 2418 5144 ‹
2458 5094 2778 5168 Δγὶοιίξημίεηη
2802 5095 3010 5168 carnis.
3048 5113 3068 5146 ι
3529 5121 3534 5128 -

2069 5165 2160 5236 51)
2194 5165 2364 5236 Alias,
2400 5182 2418 5214 ε
2456 5163 2929 5236 incontinentiam.
2963 5183 2982 5216 ι

2069 5234 2160 5302 52)
2197 5235 2360 5299 Edili,
2387 5252 2407 5281 ι
2437 5234 2747 5287 mortificat.
2781 5252 2799 5284 ι

2049 5304 2162 5371 (55)
2195 5304 2353 5367 Edili,
2386 5321 2406 5354 ε
2439 5304 2750 5356 mortiflcet.
2786 5321 2804 5354 ι

2052 5373 2160 5446 (54)
2189 5374 2356 5446 Alias,
2387 5391 2407 5424 ‹
2440 5373 2490 5425 in
2518 5373 2601 5446 his
2638 5388 2759 5440 qua:
2791 5373 3074 5446 incipiunt.
3105 5391 3124 5424 ›

2050 5441 2162 5514 (55)
2221 5445 2384 5508 Editi,
2415 5461 2433 5493 ε
2471 5444 2684 5514 tandem
2719 5455 2872 5514 actus
2918 5444 3171 5505 caruisn
3223 5441 3317 5502 aL.
3382 5452 3549 5498 «tunc

1979 5513 2375 5582 actuscarnis;
2402 5533 2420 5566 ι
2455 5513 2551 5579 al.,
2589 5530 2607 5563 ι
2644 5521 2754 5566 tum
2781 5513 2937 5581 plane
2963 5523 3120 5566 actus
3151 5514 3354 5570 carnis.
3386 5531 3406 5564 ι
