4146 6380
567 247 701 303 1105

2048 247 2375 302 OlilGENlS

3692 252 3828 308 1101

1654 534 2015 623 LIBER
2087 531 2722 625 SEPTIMUS.

638 804 685 857 1.
750 788 904 855 Sicut
966 801 1210 855 diversas
1267 804 1689 859 commemorari
1749 804 1897 876 leges
1948 806 2002 859 in
2041 808 2147 862 hac
2176 808 2223 860 A
2251 802 2501 873 spiritus,
2530 803 2772 859 declarat
2800 802 2942 857 idem
2978 802 3273 873 Apostolus
3309 801 3374 856 ad
3404 799 3665 856 llebrteos
3694 799 3835 854 scri-

562 894 803 959 Epistula
845 911 872 947 a
912 893 1099 948 Paulo
1137 897 1238 949 sub
1268 911 1376 950 uno
1421 896 1691 951 vocabulo
1728 897 1860 965 legis
1899 899 2146 952 ostendi-

566 1002 705 1049 mus,
738 992 793 1039 et
822 986 1070 1039 diversas
1092 993 1299 1039 mortes
1314 984 1416 1039 sub
1434 999 1540 1038 una
1570 984 1763 1039 mortis
1789 984 2146 1050 appellatione

561 1076 863 1138 nominari,
896 1076 968 1129 ita
1000 1084 1053 1130 et
1079 1076 1329 1131 diversos
1356 1076 1581 1145 spiritus
1607 1062 2025 1130 nunc-videmus
2044 1079 2146 1132 sub

565 1183 674 1223 uno
712 1169 931 1222 nomine
959 1166 1198 1239 Spiritus
1232 1168 1483 1222 indicari.
1514 1168 1604 1221 Ait
1636 1184 1767 1239 ergo
1791 1168 1844 1221 in
1886 1168 2143 1238 przesenti

564 1261 806 1330 capitulo
839 1279 904 1314 τι
927 1260 1254 1328 Quicunque
1306 1259 1454 1312 enim
1490 1258 1699 1324 Spiritu
1743 1257 1833 1312 Dei
1883 1269 2145 1329 aguntur,

563 1354 617 1408 hi
639 1352 731 1406 lilii
750 1362 876 1407 sunt
904 1352 997 1406 Dei
1011 1350 1111 1416 ";i
1143 1350 1194 1404 iit
1220 1364 1328 1420 quo
1352 1349 1732 1419 utiqueipsum
1759 1350 1852 1405 Dei
1877 1348 2142 1420 Spiritum

568 1446 720 1500 dicit.
760 1446 826 1499 Et
856 1444 1053 1499 iterum
1074 1444 1126 1498 in
1150 1444 1436 1511 sequenti:
1463 1462 1484 1496 ε
1511 1442 1627 1498 Νοιι
1652 1443 1797 1499 enim
1831 1443 2141 1513 accepistis,

562 1538 762 1605 inquit,
820 1537 1074 1606 spiritum
1131 1535 1414 1590 servitutis
1452 1537 1648 1591 iterum
1680 1535 1733 1588 in
1778 1536 1974 1589 timore
2019 1534 2088 1591 ”.
2119 1553 2139 1587 ι

565 1629 620 1682 in
656 1630 759 1683 lioc
787 1628 1029 1683 ostendit
1054 1626 1307 1697 spiritum
1337 1626 1625 1683 servitutis
1642 1625 1807 1679 alium
1835 1640 1955 1679 esse
1977 1640 2142 1695 quam

566 1719 718 1773 illum
753 1733 914 1788 quem
939 1733 1103 1786 supra
1139 1717 1278 1773 dixit
1299 1717 1565 1788 Spiritum
1609 1717 1726 1771 Dei.
1763 1715 1829 1770 Et
1858 1727 2142 1786 propterea

566 1811 848 1881 subjungit
899 1833 911 1866 :
964 1808 1113 1864 «Sed
1171 1811 1467 1881 accepistis
1523 1809 1778 1878 spiritum
1837 1809 2144 1878 adoptionis

564 1904 821 1969 ﬁliorum,
847 1903 901 1957 in
934 1918 1043 1971 quo
1074 1901 1374 1957 clamamus
1399 1920 1413 1958 :
1438 1902 1596 1957 Abba
1631 1900 1879 1974 {Pater}.
1906 1922 1924 1953 ι
1962 1902 2016 1955 lu
2042 1903 2146 1957 hoc

562 1998 812 2067 spiritum
841 1994 1152 2065 adoptionis
1178 1995 1422 2049 ostendit
1451 1994 1625 2063 ipsmn
1650 2010 1775 2049 esse
1806 2010 1969 2061 quem
2006 1994 2147 2048 dixit

561 2105 727 2160 supra
778 2089 1045 2155 Spiritum
1093 2086 1212 2150 Dei,
1246 2090 1313 2143 de
1343 2102 1454 2154 quo
1480 2096 1534 2139 et
1566 2087 1763 2155 repetit
1791 2103 1806 2141 :
1834 2088 1979 2158 «Ipse
1998 2086 2143 2140 enim

2253 896 2389 950 hens
2415 903 2473 949 et
2506 894 2692 949 dicens
2724 910 2739 947 :
2771 911 2791 944 ι
2819 893 3010 948 Nonne
3040 908 3233 948 omnes
3276 900 3402 947 sunt
3450 889 3837 946 ministeriales

2251 989 2478 1058 spiritus
2517 989 2583 1040 ad
2610 988 2973 1043 ministerimn
3003 989 3152 1042 missi
3189 996 3411 1056 propter
3429 1001 3523 1040 eos
3544 985 3635 1054 qui
3662 985 3837 1043 luere-

2252 1083 2478 1135 ditatem
2511 1080 2732 1149 capiunt
2782 1080 2974 1134 salutis
3024 1078 3116 1133 "‘2
3143 1099 3162 1132 ι
3213 1076 3319 1132 Sed
3347 1086 3404 1131 et
3428 1077 3596 1131 David
3645 1077 3785 1130 dicit
3822 1098 3835 1129 ε

2259 1191 2279 1225 ι
2307 1173 2409 1241 Qui
2441 1169 2575 1229 facit
2618 1171 2841 1241 angelos
2889 1187 3020 1226 suos
3067 1172 3291 1240 spiritus
3340 1170 3407 1224 ”.
3434 1188 3453 1221 ι
3520 1168 3586 1223 Et
3646 1166 3837 1221 Daniel

2254 1263 2611 1319 nihilominus
2646 1271 2898 1328 testatur,
2937 1274 2992 1315 et
3033 1264 3207 1318 dicit:
3236 1260 3402 1334 59E.
3449 1278 3468 1312 ι
3500 1260 3837 1325 Benedicite,

2252 1356 2481 1426 spiritus
2511 1365 2566 1410 et
2593 1356 2790 1410 anima:
2820 1356 3114 1425 iustorum,
3147 1354 3434 1409 Dominum
3481 1353 3554 1407 ".
3584 1370 3604 1404 ι
3657 1351 3726 1405 Et
3780 1352 3836 1405 in

2252 1448 2512 1519 praesenti
2541 1446 2663 1503 loco
2692 1446 2917 1512 Paulus,
2956 1465 2976 1497 ι
3002 1444 3122 1516 Ipse
3152 1444 3415 1516 Spiritus,
3451 1445 3646 1514 inquit,
3675 1447 3837 1500 testi-

2250 1540 2497 1595 monium
2528 1538 2710 1594 reddit
2760 1539 2977 1609 spiritui
3009 1548 3227 1606 nostro;
3260 1556 3281 1590 ι
3310 1546 3365 1592 et
3404 1538 3458 1590 in
3482 1534 3602 1590 aliis
3622 1534 3836 1592 ":c-Ut

2251 1633 2461 1701 integer
2504 1630 2730 1701 spiritus
2760 1638 2976 1695 vester,
3014 1639 3066 1684 et
3098 1628 3302 1692 anima,
3336 1638 3393 1683 et
3424 1642 3624 1696 corpus
3660 1626 3713 1679 iu
3744 1623 3836 1678 die

2250 1724 2464 1778 Domini
2495 1722 2666 1778 nostri
2712 1720 2839 1776 Jesu
2873 1719 3075 1776 Christi
3132 1732 3402 1777 servetur.
3431 1739 3450 1773 ι
3490 1720 3621 1788 Quae
3647 1720 3835 1773 omnia

2251 1812 2472 1867 dubium
2520 1825 2629 1865 non
2671 1819 2758 1865 est
2798 1811 2926 1877 quin
2977 1813 3044 1867 de
3085 1810 3508 1866 rationabilibus
3553 1810 3838 1880 spiritibus

2251 1904 2395 1959 dicta
2421 1903 2551 1958 sint.
2615 1901 2973 1972 Appellantur
3024 1912 3293 1972 preterea
3343 1902 3570 1972 spiritus
3621 1901 3747 1955 mali
3782 1910 3840 1955 et

2253 1996 2429 2068 angeli
2459 1994 2623 2059 mali,
2657 1995 2800 2050 sicut
2850 2005 2905 2049 et
2954 1995 3123 2049 David
3175 1994 3310 2050 dicit
3343 1993 3430 2048 "z
3460 2013 3480 2046 ι
3505 1992 3702 2048 Emisit
3753 1994 3839 2048 eis

2253 2092 2387 2146 iram
2448 2087 2841 2157 indignationis
2885 2102 3020 2152 suae,
3069 2086 3416 2142 emissionem
3462 2100 3560 2155 per
3610 2085 3837 2156 angelos

550 2183 802 2254 ‘Spiritus
828 2180 1204 2236 testimonium
1228 2180 1409 2235 reddit
1431 2180 1653 2247 spiritui
1683 2189 1872 2233 nostro
1895 2179 1963 2243 “,
1991 2199 2010 2231 ι
2041 2180 2144 2233 hoc
2178 2170 2220 2225 Β
2251 2184 2419 2240 malos
2440 2200 2488 2249 ς»
2523 2192 2581 2238 et
2611 2191 2669 2237 Ill.
2698 2181 2811 2253 (41)
2846 2183 2898 2236 in
2935 2181 3247 2254 Regnorum
3280 2182 3439 2238 libris
3464 2182 3726 2253 scriptum
3751 2192 3841 2239 est

559 2286 665 2339 est,
702 2277 819 2344 ipse
848 2274 1087 2342 Spiritus
1114 2272 1232 2336 Dei,
1261 2272 1316 2326 in
1349 2287 1458 2342 quo
1488 2271 1707 2326 Patrem
1742 2272 1908 2326 Deum
1937 2271 2141 2325 clama-

561 2382 706 2430 mus,
741 2364 1118 2427 testimonium
1145 2361 1326 2416 reddit
1359 2362 1575 2433 spiritui
1607 2371 1817 2416 nostro.
1849 2361 1949 2429 Qui
1976 2362 2142 2430 spiri-

560 2468 649 2515 tus
674 2469 861 2514 noster
885 2457 1027 2512 alius
1055 2456 1174 2511 sine
1201 2455 1365 2509 dubio
1386 2464 1469 2509 est
1498 2471 1662 2525 quam
1692 2456 1777 2510 vel
1810 2456 1901 2509 ille
1917 2456 2145 2523 spiritus

559 2552 864 2615 servitutis,
900 2549 996 2619 qui
1025 2546 1191 2603 datur
1246 2547 1300 2599 in
1359 2547 1577 2613 timore,
1611 2547 1695 2602 vel
1737 2547 1826 2600 hic
1856 2547 1947 2615 qui
1988 2547 2037 2600 ei
2079 2548 2144 2601 de

561 2644 905 2700 invocatione
926 2640 1112 2695 Patris
1142 2639 1514 2693 testimonium
1545 2638 1728 2693 reddit
1752 2638 1891 2709 (56).
1936 2637 2144 2693 Omnes

560 2754 692 2807 ergo
718 2736 995 2794 homines.
1027 2741 1087 2786 ut
1124 2732 1366 2795 videtur,
1422 2740 1661 2801 aguntur
1704 2731 1888 2800 aliquo
1921 2730 2143 2799 spiritu,

562 2831 704 2883 sicut
734 2830 852 2897 ipse
894 2825 1092 2880 Paulus
1141 2824 1402 2892 scripsit:
1434 2841 1455 2875 ι
1486 2824 1654 2878 Scitis
1710 2832 1892 2877 autem
1932 2834 1988 2875 et
2025 2838 2144 2883 vos,

561 2940 686 2977 cuin
715 2922 911 2976 essetis
946 2928 1158 2990 gentes,
1186 2919 1459 2988 quomodo
1488 2917 1553 2970 ad
1594 2917 1731 2970 idola
1769 2927 1917 2971 muta
1944 2916 2145 2983 ageba-

563 3017 698 3070 miui
734 3015 801 3069 ⁸⁵.
835 3033 854 3069 ι
897 3013 953 3067 lu
988 3013 1092 3065 hoc
1145 3010 1391 3065 ostendit
1438 3012 1565 3078 quia
1609 3009 1777 3062 etiam
1840 3019 2031 3077 gentes
2077 3008 2143 3060 ad

558 3108 704 3163 idola
757 3113 996 3175 aguntur
1065 3105 1255 3172 aliquo
1308 3103 1526 3171 spiritu.
1582 3101 1676 3155 Est
1718 3115 1851 3167 ergo
1909 3099 2148 3167 Spiritus

561 3200 659 3256 Dei
692 3200 833 3254 idem
862 3199 953 3265 qui
987 3206 1071 3251 est
1111 3205 1169 3251 et
1202 3195 1439 3263 Spiritus
1479 3192 1686 3248 Christi
1718 3190 1855 3262 (57),
1896 3191 2147 3259 idemque

564 3296 678 3361 ipse
701 3301 755 3345 et
786 3290 1031 3358 Spiritus
1053 3297 1280 3343 sanctus
1307 3295 1414 3340 est.
1442 3283 1548 3338 Sed
1567 3294 1624 3339 et
1645 3284 1873 3353 spiritus
1900 3283 2149 3349 adoptio-

557 3386 648 3438 nis
694 3385 835 3437 idem
887 3382 993 3435 dici
1043 3380 1281 3442 videtur,
1324 3379 1467 3432 sicut
1513 3391 1758 3446 praesens
1812 3374 2148 3443 apostolicus

560 3476 802 3532 declarat
835 3472 945 3545 (58)
989 3485 1198 3527 sermo.
1227 3470 1395 3524 David
1423 3482 1641 3538 quoque
1671 3467 1762 3537 qui
1803 3468 1960 3531 dicit,
1994 3467 2146 3537 «Spi-

2248 2276 2316 2331 de
2344 2274 2471 2331 Saul
2504 2275 2585 2329 “:
2610 2294 2630 2327 ί
2659 2274 2729 2329 Et
2754 2274 2994 2344 Spiritus
3020 2274 3233 2330 Domini
3259 2275 3510 2331 discessit
3536 2290 3567 2330 a
3594 2274 3753 2338 Saul,
3778 2284 3851 2331 et~

2249 2369 2555 2424 suﬁocabat
2620 2382 2744 2424 eum
2807 2367 3033 2437 spiritus
3091 2368 3363 2440 malignus
3423 2383 3456 2423 a
3516 2367 3832 2435 Domino”

2253 2470 2418 2530 utque
2455 2460 2510 2514 in
2547 2460 2686 2515 libro
2706 2458 2961 2515 Judieum
3006 2459 3121 2529 (42)
3152 2459 3391 2515 refertur
3419 2478 3433 2516 :
3463 2477 3483 2512 ι
3512 2462 3576 2514 Et
3609 2460 3842 2515 immisit

2254 2552 2395 2606 Deus
2418 2551 2672 2620 spiritum
2702 2551 3002 2618 malignum
3033 2552 3178 2605 inter
3209 2552 3447 2606 medium
3489 2553 3837 2618 Abimelech,

2252 2655 2309 2697 et
2339 2644 2484 2697 inter
2532 2642 2769 2698 medium
2824 2643 3066 2696 virorum
3126 2644 3498 2699 Sichimorum
3554 2645 3671 2701 ³⁵.»
3737 2644 3840 2701 llic

2253 2749 2386 2803 ergo
2432 2733 2659 2801 spiritus
2716 2731 3005 2802 malignus,
3044 2734 3139 2803 qui
3190 2734 3392 2789 dicitur
3429 2735 3515 2789 vel
3550 2736 3732 2792 exisse
3781 2748 3842 2794 ut

2255 2826 2553 2879 suil‘ocaret
2607 2823 2761 2887 Saul,
2820 2824 2906 2877 vel
2955 2824 3272 2881 Abimeleclt
3330 2827 3716 2899 Sichimosque
3778 2841 3842 2885 ut

2254 2919 2572 2980 dirimeret,
2617 2924 2674 2970 et
2697 2931 2728 2968 a
2772 2914 2997 2972 Domino
3040 2916 3221 2972 exisse
3255 2933 3320 2975 ac
3354 2920 3552 2975 missus
3576 2935 3698 2976 esse
3726 2936 3842 2975 me-

2257 3016 2524 3070 moratur,
2565 3016 2822 3077 tanquam
2885 3008 3131 3064 carnifex
3183 3009 3403 3078 quidam
3454 3010 3843 3079 intelligendus

2255 3108 2337 3153 est
2376 3099 2577 3153 missus
2602 3099 2670 3152 ad
2699 3099 3001 3170 exigendas
3052 3099 3121 3156 de
3172 3102 3560 3172 peccatoribus
3614 3118 3833 3174 pinnas.

2256 3191 2323 3245 Et
2347 3190 2599 3260 quamvis
2639 3191 2770 3245 mali
2817 3202 3042 3262 propter
3074 3194 3412 3265 propositum
3455 3211 3617 3252 suum
3648 3198 3843 3254 volun-

2258 3291 2529 3352 tatemque
2567 3282 2842 3350 dicantur,
2903 3285 2959 3340 in
2992 3285 3079 3341 his
3127 3295 3307 3343 tamen
3357 3288 3450 3356 qui
3481 3302 3643 3359 pinna
3690 3292 3841 3361 digni

2254 3384 2384 3428 sunt
2410 3373 2611 3430 divina:
2655 3375 2922 3431 voluntati
2950 3378 3216 3433 exhibent
3256 3379 3645 3445 ministerium,
3698 3384 3844 3437 sicut

2256 3477 2312 3521 et
2344 3466 2455 3531 ille,
2496 3468 2563 3523 de
2610 3481 2721 3537 quo
2756 3467 2926 3522 refert
2962 3467 3217 3525 Michaeas
3271 3472 3554 3541 propheta,
3609 3474 3843 3543 spiritus

559 3568 729 3622 ritum
774 3535 1025 3620 sanctum
1070 3573 1225 3618 tuum
1274 3578 1342 3616 ne
1402 3535 1622 3616 auferas
1657 3535 1701 3613 ai
1741 3576 1827 3615 me
1880 3559 1961 3622 ⁸⁶ς
1989 3579 2007 3612 ι
2067 3535 2148 3624 et,
2176 3535 2220 3593 (ἶ
2257 3561 2514 3626 mendax,
2548 3535 2666 3629 qui,
2714 3575 2837 3614 cum
2885 3576 2914 3614 a
2973 3562 3083 3617 Deo
3112 3535 3316 3618 dictum
3369 3535 3594 3630 inisset,
3641 3535 3676 3618 ἰ
3706 3566 3844 3633 Quis

568 3679 587 3711 ι
631 3660 838 3730 Spiritu
874 3657 1163 3728 principali
1199 3654 1466 3712 confirma
1516 3670 1603 3708 me
1654 3653 1722 3721 δ’,
1762 3672 1781 3705 ι
1835 3653 1903 3709 de
1954 3654 2144 3708 eodem

561 3753 748 3807 dicere
812 3750 1034 3804 videtur
1082 3762 1097 3801 :
1158 3761 1428 3817 quemque
1473 3746 1832 3817 principalem
1882 3745 2145 3817 Spiritum

563 3852 849 3914 propterea
869 3840 1109 3896 arbitror
1134 3840 1499 3900 nominatum,
1530 3846 1589 3892 ut
1617 3838 2001 3893 ostenderetur
2025 3854 2149 3895 esse

560 3937 780 4008 quidem
806 3934 1012 3989 multos
1042 3933 1305 4003 spiritus,
1335 3931 1429 3986 sed
1464 3934 1519 3986 in
1568 3931 1654 3987 his
1693 3930 2058 4001 principatum
2089 3941 2145 3986 et

562 4029 986 4082 dominationem
1023 4028 1168 4081 hunc
1205 4022 1468 4094 Spiritum
1493 4033 1766 4085 sanctum,
1792 4022 1882 4093 qui
1911 4031 1967 4079 et
1995 4023 2147 4094 prin-

562 4120 754 4189 cipalis
802 4116 1128 4187 appellatur,
1170 4125 1377 4171 tenere.
1427 4112 1541 4185 (59)
1593 4111 1747 4169 Sicut
1789 4114 1936 4167 enim
1985 4114 2141 4169 multi

562 4219 688 4265 sunt
731 4209 824 4263 ﬁlii
879 4208 993 4267 Dei.
1027 4217 1087 4262 ut
1121 4206 1405 4275 Scriptura
1439 4205 1569 4258 dicit
1597 4218 1612 4254 :
1653 4221 1672 4255 ι
1702 4203 1816 4274 Ego
1867 4204 1979 4258 dixi
2012 4228 2024 4261 :
2056 4205 2138 4260 Dii

561 4303 717 4363 estis,
748 4310 803 4355 et
832 4299 929 4355 filii
970 4297 1183 4353 Excelsi
1243 4311 1434 4352 omnes
1479 4296 1549 4361 ‘9,
1574 4315 1592 4348 ι
1649 4311 1790 4350 unus
1825 4305 2005 4353 tamen
2056 4308 2142 4353 est

564 4403 755 4446 natura
787 4391 954 4445 Filius
984 4400 1037 4443 et
1075 4389 1403 4457 Uuigenitus
1457 4390 1524 4443 de
1583 4387 1773 4454 Patre,
1826 4403 1924 4457 per
1977 4404 2140 4459 quem

562 4502 755 4542 omnes
784 4486 880 4541 lilii
915 4485 1296 4554 appellantur,
1328 4485 1403 4538 ita
1443 4494 1500 4536 et
1541 4484 1768 4553 spiritus
1815 4481 1966 4536 mttlti
2013 4483 2140 4552 qui-

2253 3650 2479 3705 seducet
2504 3651 2634 3705 mihi
2661 3650 2895 3707 Achab?
2925 3671 2944 3705 ι
2981 3655 3263 3724 respondit
3293 3674 3308 3711 :
3346 3674 3365 3707 ι
3396 3656 3512 3726 Ego
3545 3657 3836 3715 sedueam.

2250 3742 2316 3797 Et
2339 3742 2477 3797 dixit
2509 3743 2879 3800 Dominus:ln
2904 3748 3055 3814 quo?
3086 3749 3157 3801 At
3186 3748 3274 3803 ille
3294 3765 3308 3801 :
3332 3749 3458 3814 Ero,
3488 3750 3664 3819 inquit
3693 3751 3840 3823 (45),

2250 3833 2477 3905 spiritus
2501 3833 2735 3888 mendax
2787 3834 2841 3888 in
2880 3850 2976 3890 ore
3022 3838 3263 3893 omnium
3293 3842 3708 3909 prophetarum,
3735 3862 3755 3894 ι
3783 3852 3847 3897 et

2250 3924 2430 3980 dicam
2482 3934 2546 3979 ut
2604 3926 2868 3982 ascendat
2922 3926 2975 3981 in
3016 3927 3243 3994 Galaad,
3277 3943 3333 3986 et
3377 3933 3451 3987 ibi
3491 3934 3671 3987 cadet.
3722 3954 3743 3987 ι
3772 3935 3837 3989 Et

2252 4022 2394 4077 dixit
2441 4022 2745 4076 Dominus:
2780 4022 2961 4090 Vade;
3000 4025 3250 4090 seduces,
3304 4034 3361 4080 et
3403 4027 3622 4101 quidem
3681 4039 3840 4096 pote-

2251 4113 2328 4169 ris
2355 4112 2423 4165 “.
2450 4132 2469 4166 ι
2516 4112 2607 4169 Sic
2633 4128 2764 4183 ergo
2797 4119 2962 4168 etiam
2995 4114 3051 4169 hi
3092 4117 3185 4186 qui
3226 4116 3484 4171 dicuntur
3513 4118 3642 4172 ntali
3671 4119 3845 4187 spiri-

2254 4213 2363 4270 tus,
2389 4203 2625 4259 oﬂicium
2659 4206 2767 4260 Deo
2795 4221 2924 4277 erga
2952 4220 3239 4276 pmuarum
3279 4208 3543 4264 exhibent
3589 4210 3842 4265 ministe-

2255 4298 2357 4351 ria.
2389 4296 2529 4353 Sunt
2553 4306 2817 4367 prmterea
2858 4310 2916 4354 et
2948 4298 3041 4354 alii
3067 4298 3295 4369 spiritus
3316 4339 3332 4366 ,
3364 4301 3433 4355 de
3465 4301 3666 4371 quibus
3696 4304 3839 4359 dicit

2253 4386 2420 4442 David
2463 4407 2479 4442 :
2518 4406 2538 4439 ι
2567 4389 2625 4442 1η
2673 4391 2867 4461 spiritu
2912 4390 3151 4446 violento
3187 4391 3300 4464 (44)
3361 4406 3616 4450 conteres
3662 4409 3838 4451 naves

2250 4476 2477 4535 Tharsis
2499 4482 2567 4546 ’7;
2600 4500 2620 4534 ι
2647 4492 2703 4536 et
2737 4501 2756 4533 ι
2806 4482 3031 4551 spiritus
3059 4484 3310 4554 procella}
3348 4504 3370 4539 ι
3399 4486 3657 4542 dicuntur
3681 4488 3750 4555 ⁸⁸,
3778 4502 3838 4543 et

562 4579 685 4633 dein
717 4584 844 4632 sunt
893 4577 1028 4649 (£0),
1076 4577 1169 4631 sed
1199 4591 1339 4631 unus
1373 4584 1456 4629 est
1480 4574 1572 4645 qui
1604 4590 1731 4630 vere
1764 4589 1834 4629 ex
1884 4575 2001 4643 ipso
2034 4575 2145 4629 Deo
2181 4649 2200 4650 ᾧ
2255 4591 2277 4625 r
2307 4572 2535 4643 spiritus
2571 4575 2786 4630 ardoris
2812 4576 2882 4630 δ’.
2908 4594 2929 4628 ι
2984 4576 3133 4643 Quos
3165 4586 3347 4633 tamen
3373 4592 3476 4650 ego
3513 4580 3834 4638 materiales

563 4669 834 4741 procedit,
869 4678 925 4724 et
955 4669 1169 4724 caeteris
1205 4669 1462 4724 omnibus
1502 4668 1753 4722 vocabuli
1785 4682 1850 4721 ac
1896 4667 2145 4722 sanctiﬂo
2178 4649 2223 4704 Ῑ)
2251 4666 2424 4736 magis
2457 4681 2623 4735 quam
2657 4669 3013 4725 rationabiles
3044 4670 3269 4740 spiritus
3296 4649 3551 4727 dixerim.

561 4762 795 4817 eationis
819 4777 931 4817 sua:
951 4759 1182 4833 gratiam
1211 4762 1397 4817 donat.
1428 4758 1582 4826 Quod
1607 4771 1788 4813 autem
1817 4756 1999 4827 plures
2026 4757 2136 4813 sint

2321 4758 2377 4811 2.
2403 4756 2522 4812 Tali
2557 4758 2723 4828 igitur
2748 4760 2815 4814 de
2836 4760 3195 4833 appellatione
3221 4764 3447 4832 spiritus
3480 4764 3835 4821 distinctione

632 4899 679 4931 ’⁸⁸
714 4898 874 4953 Rom.
892 4897 1112 4963 “11,14.
1181 4897 1226 4929 ⁸³
1255 4896 1387 4950 ibid.
1412 4895 1498 4950 15.
1575 4894 1621 4927 ⁸⁸
1654 4895 1787 4965 ibid.
1816 4891 1903 4947 16.
1954 4895 2027 4965 θ’
2057 4893 2077 4947 1
2105 4896 2143 4950 (Σ

2259 4896 2438 4964 xtt,2.
2514 4895 2562 4930 ⁸⁸
2595 4896 2737 4952 Psal.
2773 4916 2827 4962 ι..
2853 4898 2934 4954 15.
3006 4882 3207 4954 "ibid.
3231 4901 3320 4955 14.
3395 4899 3443 4933 η
3469 4897 3612 4955 Psal.
3636 4916 3833 4965 um,

562 4968 616 5023 6.
689 4969 734 5001 ιθ
789 4967 952 5026 Hebr.
1011 4968 1186 5030 ι.14.
1264 4969 1311 4999 ⁵ο
1374 4967 1514 5023 ΡεειΙ.
1549 4980 1692 5028 CIII,
1729 4964 1786 5017 4.

1863 4965 1907 4995 ⁶¹
1950 4964 2086 5020 Dan.
2120 4982 2202 5030 ιιι,
2239 4968 2328 5025 86.
2408 4968 2452 4998 ⁸¹
2492 4967 2512 5023 1
2577 4967 2775 5024 Thess.
2808 4987 2859 5034 v,
2893 4970 2983 5026 25.

3064 4969 3111 5002 ⁸³
3158 4970 3323 5032 Psal.
3380 4986 3603 5039 uxvu,
3662 4972 3753 5027 49.

560 5039 644 5092 ⁸Ἰ
675 5038 807 5109 Reg.
841 5055 952 5105 ςνι,
986 5039 1074 5093 14.
1146 5039 1192 5069 ⁸⁸
1219 5037 1397 5093 Judic.
1426 5035 1617 5101 ix,23.
1693 5036 1740 5067 ⁵⁸
1764 5035 1829 5089 lll
1857 5034 1992 5106 Reg.
2023 5052 2161 5101 uti,
2200 5036 2293 5091 20.
2375 5037 2772 5107 "Psal.xutt,
2801 5040 2855 5096 8.
2930 5041 2977 5073 ⁸⁸
3011 5039 3155 5095 PSal.
3181 5039 3374 5108 cv,25.
3451 5042 3497 5074 ”
3522 5034 3648 5106 Isai,
3678 5041 3831 5107 iv,&.

636 5157 747 5226 (56)
783 5153 993 5226 Βεάάὶι.
1023 5153 1461 5226 Aliasgpraahet;
1487 5150 1950 5226 ial.,_t_perh_ibet.
1973 5170 1993 5226 ι

636 5157 726 5226 (56
787 5157 993 5208 Reddit.
1023 5157 1191 5217 Alias,
1211 5157 1461 5220 tpraahet;
1487 5157 1610 5214 ιρι..
1637 5169 1656 5201 ‹
1676 5157 1950 5217 perbibet.
1974 5170 1993 5203 ι

634 5157 871 5297 (57)γ51(;
903 5240 1004 5279 uis.
1038 5240 1175 5278 unus
1193 5225 1399 5297 lit-gius
1423 5240 1578 5297 num.
1601 5220 1761 5276 1659.
1789 5221 2143 5297 Caeterivero

568 5288 1018 5378 nissplﬂabanus
1054 5304 1109 5350 et
1139 5288 1305 5357 editi,
1347 5310 1366 5344 ι
1391 5294 1486 5364 qui
1527 5295 1670 5348 idem
1698 5298 1782 5345 est
1808 5302 1866 5347 et
1905 5288 2143 5363 Spiritus

564 5367 792 5431 Christi,
816 5384 836 5417 ι
868 5375 975 5421 etc.

590 5506 595 5507 ί
639 5434 756 5507 (58)
797 5434 899 5489 Ms.
934 5450 1092 5498 unus,
1153 5432 1339 5488 «sicut
1384 5447 1631 5503 praesens
1684 5431 1930 5504 Apostoli
1988 5431 2142 5487 locus

566 5506 824 5561 declarat.
854 5525 873 5559 ι

642 5577 917 5647 (59)_Yide
970 5581 1109 5647 tom:
1140 5595 1207 5647 γ.
1225 5574 1280 5626 in
1300 5573 1739 5647 Joannem,_pag.
1775 5573 1864 5647 9?.

640 5639 867 5715 (40)Ms.
906 5661 1047 5699 unus
1079 5644 1287 5715 Regius
1302 5660 1452 5698 num.
1483 5639 1644 5711 1659)
1684 5639 1714 5695 ἶ
1729 5653 1784 5700 et
1814 5643 2138 5715 Uuigenitus

565 5729 600 5772 ι
623 5714 805 5783 Patre,
834 5731 930 5787 per
961 5729 1121 5786 quem
1148 5714 1352 5785 omnia,
1386 5724 1440 5771 ct
1470 5730 1500 5770 a
1525 5729 1633 5786 quo
1667 5715 1761 5772 lilii
1793 5714 2139 5786 appellantur

2254 5150 2558 5227 multiaita
2593 5162 2647 5227 e_t
2669 5153 2897 5227 spiritus
2928 5154 3147 5224 quidem
3177 5155 3333 5227 multi
3364 5164 3516 5223 sunt;
3544 5175 3564 5209 ι
3595 5158 3696 5227 aL,
3721 5160 3831 5215 uita

2250 5233 2308 5277 et
2335 5223 2559 5293 spiritps
2584 5224 2631 5293 si
2661 5223 2879 5293 quidem
2910 5223 3040 5280 sunt
3074 5226 3251 5280 multi.
3272 5243 3293 5277 ι

2345 5292 2434 5351 41)
2470 5292 2561 5347 Ut.
2598 5292 2761 5349 Deest
2782 5294 2835 5348 in
2861 5296 3044 5351 editis.

2343 5361 2434 5435 ιξ)
2465 5363 2637 5435 (Alias,
2679 5383 2698 5414 ι
2734 5374 2897 5435 atque
2928 5365 3154 5435 injibro
3176 5364 3451 5421 Iudicum.
3477 5387 3499 5420 ι

2320 5427 2432 5511 (15)
2457 5427 2648 5511 Alias,
2677 5452 2696 5485 ι
2718 5427 2942 5511 ΑἰίίΙΙιιΒ
2980 5433 3108 5501 Ero,
3133 5437 3330 5507 inquit,
3358 5456 3378 5490 ι
3406 5448 3514 5494 etc.
3540 5439 3607 5494 Et
3636 5450 3830 5511 postea

2246 5503 2418 5574 editi,
2444 5522 2463 5555 ι
2488 5504 2737 5572 equidem
2771 5505 2990 5574 poteris.
3017 5521 3038 5557 ι

2320 5572 2433 5647 (tt)
2497 5575 2551 5627 tu
2597 5572 2959 5633 libris‘antea
3019 5574 3185 5633 editis
3219 5577 3371 5636 deest
3409 5596 3429 5631 ι
3454 5578 3656 5647 David,
3696 5600 3718 5633 ι
3772 5591 3835 5636 et

2252 5663 2273 5697 ι
2297 5643 2551 5700 violento.
2576 5663 2596 5697 ι
