4146 6372
561 384 699 438 1107

2026 372 2348 431 ORICENIS

3685 382 3824 459 tios

561 503 761 571 patitur
777 500 999 557 Christo
1017 501 1107 570 qui
1125 499 1535 556 dicituChristo
1556 497 2134 561 concruciﬁxussump
2170 499 2215 554 Α
2245 494 2372 558 ctis,
2399 503 2455 550 et
2479 495 2566 550 bis
2600 511 2722 566 qua:
2752 513 2772 548 ι
2804 495 2994 552 oculus
3023 510 3129 551 non
3173 496 3330 562 vidit,
3363 511 3462 553 nec
3493 497 3645 553 auris
3670 500 3825 554 audi-

558 603 615 647 et
637 611 682 646 ε(
711 591 846 649 Vivo
870 603 1076 660 autem,
1101 592 1212 669 jam
1241 607 1348 647 non
1372 607 1471 662 ego
1491 592 1629 659 (59),
1653 591 1787 645 vivit
1813 605 1945 644 vero
1973 589 2136 643 Chri-

558 695 677 741 stus
712 687 765 741 in
804 702 891 741 me
923 687 1006 753 '5;
1046 705 1066 738 ι
1097 694 1152 739 et
1179 685 1374 738 iterum
1402 684 1492 752 qui
1529 685 1701 736 dicit:
1734 701 1752 734 ί
1775 683 1831 736 Si
1869 696 2134 736 commor-

559 777 632 829 tui
660 793 868 840 sumus,
897 785 952 832 et
981 777 1341 831 convivemus
1370 794 1383 829 :
1416 776 1458 828 si
1495 775 1901 828 contoleramns
1926 772 2059 844 (60),
2079 781 2134 828 et

557 867 1019 936 conregnabimns
1047 867 1136 934 7°;
1179 885 1196 918 ι
1255 865 1340 920 vel
1367 865 1533 920 etiam
1570 866 1660 934 qni
1711 867 1893 921 dicere
1923 873 2132 934 potest,

556 957 684 1025 quia
719 973 740 1008 ‹
779 956 924 1025 quod
980 957 1170 1012 deerat
1221 955 1533 1024 passionum
1578 956 1817 1021 Christi,
1864 956 2046 1024 repleo
2079 956 2132 1009 in

556 1064 782 1120 corpore
807 1066 925 1105 meo
955 1050 1026 1102 ⁷⁷.
1071 1067 1092 1100 ι
1123 1047 1276 1101 Sicut
1298 1056 1475 1102 autem
1510 1045 1822 1114 Christum,
1857 1048 1982 1117 quia
2039 1048 2133 1101 hu-

555 1142 858 1196 niiliaverat
895 1161 914 1193 ι
951 1157 1011 1196 se
1041 1141 1216 1196 factus
1248 1142 1512 1196 obediens
1539 1154 1711 1208 usque
1736 1139 1801 1192 ad
1851 1147 2079 1192 mortem
2111 1178 2128 1203 ,

554 1244 783 1289 mortem
809 1245 988 1290 autem
1018 1235 1225 1302 crucis,
1256 1234 1685 1304 superexaltavit
1741 1232 1882 1286 Deus
1911 1272 1924 1295 ,
1955 1243 2008 1287 et
2039 1233 2131 1285 do-

553 1329 705 1381 navit
733 1327 806 1382 illi
838 1343 1058 1390 nomen,
1085 1327 1227 1396 quod
1258 1335 1342 1380 est
1369 1341 1536 1396 super
1568 1339 1729 1380 omne
1753 1339 1950 1380 nomen
1986 1325 2072 1388 7';
2103 1344 2123 1376 ι

553 1430 625 1476 tta
658 1430 714 1477 et
738 1435 834 1476 eos
866 1423 959 1491 qui
994 1419 1213 1476 Christo
1251 1421 1660 1489 compatiuntur
1687 1459 1702 1480 .
1737 1428 1791 1473 et
1815 1419 2126 1488 passionum

553 1513 666 1582 ejus
694 1512 977 1568 imitantur
1000 1513 1334 1583 exemplum,
1367 1511 1511 1566 Deus
1557 1527 1682 1565 cum
1715 1509 1807 1565 illo
1840 1509 2043 1564 exaltat
2074 1511 2127 1564 in

551 1605 744 1675 gloria.
797 1603 922 1659 llaec
973 1621 1210 1674 namque
1256 1605 1340 1657 via
1395 1613 1498 1667 est,
1549 1618 1714 1672 quam
1752 1603 2128 1658 cohaeredibus

459 1706 464 1715 '
551 1697 661 1752 suis
686 1698 934 1753 Christus
961 1700 1194 1768 aperuit,
1231 1706 1288 1749 ut
1319 1712 1494 1765 neque
1534 1711 1601 1750 ex
1656 1695 1996 1761 fortitudine,
2033 1709 2128 1750 ne-

550 1802 650 1854 que
681 1803 745 1841 ex
772 1788 1066 1856 sapientia,
1104 1789 1196 1842 sed
1227 1801 1294 1841 ex
1348 1787 1658 1841 humilitate
1702 1785 2034 1848 exaltentur,
2066 1795 2122 1840 et

549 1892 609 1932 ex
640 1854 1050 1933 tribulationum
1089 1880 1348 1948 patientia
1378 1887 1599 1933 tolerate
1633 1879 1972 1934 haereditatis
1996 1895 2120 1934 con—
2149 1854 2195 1913 Β

547 1977 843 2036 sequantur
864 1969 1112 2040 gloriam.
1955 2041 1957 2044 ι

612 2057 668 2111 4.
703 2077 722 2110 ‹
775 2059 1045 2114 Existimo
1076 2061 1220 2114 enim
1254 2060 1509 2129 quoniam
1545 2076 1651 2114 non
1685 2068 1812 2114 sunt
1837 2061 2120 2130 condigna:

544 2150 824 2219 passiones
870 2150 1030 2218 hujus
1080 2154 1343 2221 temporis
1398 2156 1464 2208 ad
1519 2167 1970 2222 superventuram
2007 2156 2120 2224 glo-

544 2243 678 2296 riam
709 2242 820 2314 (6|)
855 2259 974 2311 qua:
1015 2245 1341 2300 revelabitur
1376 2248 1428 2299 in
1468 2247 1642 2301 nobis.
1670 2245 1809 2300 Nam
1839 2261 2120 2317 exspecta-

544 2333 620 2385 tio
654 2344 920 2388 creatura:
962 2335 1346 2390 revelationem
1386 2337 1620 2391 filiorum
1675 2336 1768 2390 Dei
1811 2347 2114 2406 ex5pectat.

544 2423 784 2478 \‘anitati
822 2426 968 2480 enim
1011 2438 1268 2481 creatura
1318 2428 1564 2496 subjecta
1593 2439 1677 2484 est
1725 2446 1831 2484 non
1888 2430 2116 2493 volens,

539 2515 632 2570 sed
657 2526 878 2586 propter
909 2533 1032 2572 eum
1068 2520 1160 2588 qni
1183 2519 1415 2588 subjecit
1445 2534 1564 2573 eam
1607 2521 1660 2574 in
1699 2537 1792 2590 spe
1827 2521 2118 2590 :quoniam

539 2621 596 2664 et
622 2610 738 2677 ipsa
774 2620 1022 2666 creatura
1059 2611 1385 2667 liberabitur
1405 2629 1432 2666 a
1458 2614 1721 2670 servitute
1751 2615 2119 2682 corruptionis

543 2702 599 2756 in
640 2702 946 2758 libertatem
976 2704 1164 2772 gloria:
1179 2705 1410 2759 filiorum
1438 2706 1554 2760 Dei.
1582 2704 1799 2760 Scimus
1817 2707 1958 2759 enim
1987 2721 2121 2774 quo—

539 2795 689 2849 niam
724 2796 902 2849 omnis
933 2806 1185 2850 creatura
1234 2797 1589 2866 congemiscit
1634 2796 1748 2867 (62)
1777 2807 1832 2852 et
1868 2797 2120 2851 condolet

539 2903 712 2955 usque
756 2888 933 2941 adhuc
965 2887 1033 2940 ⁷⁸.
1064 2906 1084 2940 ι
1143 2889 1197 2942 Si
1251 2890 1374 2958 quis
1407 2889 1683 2943 intueatur
1733 2889 1877 2957 quod
1926 2905 2021 2958 pro
2054 2905 2118 2942 eo

538 2979 682 3043 quod
715 2978 836 3046 quis
868 2975 1132 3031 eﬂiciatur
1161 2977 1304 3032 ﬁlius
1353 2979 1554 3033 excelsi
1583 2979 1700 3043 Dei,
1736 2991 1790 3034 et
1817 2981 1992 3034 haeres
2024 2982 2118 3033 bo-

537 3069 726 3122 nitatis
751 3069 871 3139 ejus
895 3079 951 3123 et
978 3070 1165 3138 gloriaa
1192 3070 1328 3139 (65),
1359 3070 1675 3140 Christique
1699 3072 1960 3140 unigeniti
1995 3071 2114 3126 Filii

537 3157 632 3212 Dei
663 3158 926 3224 cohazres,
951 3162 1164 3215 etiamsi
1218 3161 1272 3216 in
1317 3164 1560 3216 omnium
1604 3165 1979 3217 mandatorum
2015 3166 2112 3216 ob-

536 3251 814 3305 servantia
862 3260 918 3306 et
973 3251 1454 3322 justifieationibus
1483 3255 1690 3308 Domini
1744 3255 1861 3310 sine
1893 3257 2110 3324 querela

535 3349 872 3408 permaneat,
915 3351 969 3396 et
1000 3343 1248 3414 pervigili
1301 3344 1353 3397 in
1386 3345 1470 3398 his
1504 3356 1684 3399 mente
1714 3348 2012 3414 perduret;
2068 3349 2113 3402 si

534 3431 719 3485 omnia
750 3434 912 3487 etiam
941 3447 1227 3502 poenarum
1254 3450 1451 3505 genera
1491 3453 1612 3506 quae
1648 3438 1837 3492 inferri
1865 3439 2116 3495 humana:

537 3525 868 3583 intrinsecus
926 3539 1135 3585 naturze
1189 3531 1274 3585 vel
1328 3532 1671 3587 extrinsecus
1705 3544 1970 3602 possunt;
2022 3547 2115 3589 aut

535 3619 700 3671 etiam
729 3619 773 3672 si
807 3621 930 3688 quis
957 3619 1045 3672 illa
1084 3621 1351 3675 Sustineat
1386 3637 1506 3691 quae
1535 3623 1601 3677 de
1638 3621 1742 3678 Job
1769 3626 1968 3693 scripta
1995 3641 2115 3682 esse

533 3719 911 3762 memorantur
934 3709 980 3740 ⁸ο
1017 3709 1155 3780 (61),
1211 3711 1299 3764 ubi
1334 3728 1436 3764 non
1465 3712 1636 3767 solum
1689 3729 1750 3765 ea
1791 3731 1910 3784 qua:
1961 3726 2111 3770 extra

536 3797 713 3865 ipsum
744 3798 794 3851 in
819 3799 1176 3855 facultatibus
1209 3816 1275 3856 ac
1299 3802 1484 3858 liberis
1507 3819 1627 3858 esse
1660 3805 1982 3860 videbantur
2014 3810 2113 3860 Sa-

535 3897 628 3941 tan
653 3891 1134 3954 exstinxit,verum
1153 3895 1316 3947 etiam
1341 3909 1462 3948 ossa
1486 3904 1540 3949 et
1561 3897 1969 3965 carnemipsius
1992 3915 2116 3952 con-

535 3979 682 4049 tigit,
713 3989 769 4034 et
797 3983 1064 4050 percussit
1111 4001 1235 4039 eum
1275 3985 1499 4040 vulnere
1551 3989 1786 4054 pessimo
1817 4005 1846 4041 a
1882 3990 2113 4058 pedibus

535 4089 708 4142 usque
736 4077 803 4128 ad
833 4087 1016 4143 caput,
1045 4077 1114 4129 ita
1152 4087 1208 4131 ut
1257 4087 1448 4131 testam
1481 4093 1703 4133 sumens
1758 4082 1975 4137 raderet
2028 4101 2112 4136 sa-

533 4167 682 4221 niem
712 4167 778 4222 de
804 4167 1081 4223 ulceribus
1109 4171 1224 4225 suis
1247 4171 1500 4225 ﬂuentem
1528 4189 1542 4225 :
1599 4171 1680 4236 si,
1715 4173 1932 4242 inquam
1962 4214 1978 4238 ,
2027 4179 2114 4231 bis

531 4257 713 4312 adhuc
743 4267 968 4325 possunt
989 4274 1113 4314 esse
1147 4261 1402 4330 graviora
1439 4276 1560 4330 qua:
1593 4263 1834 4332 perferat
1863 4266 1906 4320 is
1936 4268 2026 4335 qui
2059 4268 2110 4320 in

535 4351 640 4403 hac
661 4350 769 4401 vita
803 4349 1122 4404 brevissima
1152 4353 1205 4404 in
1241 4352 1496 4408 omnibus
1527 4356 1936 4411 tribulationem
1975 4361 2115 4434 pati.-

533 4453 650 4507 tur,
677 4443 768 4512 qui
807 4445 990 4497 animo
1025 4453 1078 4497 et
1123 4460 1353 4512 corpore
1402 4448 1684 4500 cruciatur
1713 4490 1727 4514 ,
1780 4462 1835 4502 et
1867 4453 2115 4506 conferat

2242 587 2336 650 vit,
2373 604 2472 642 nec
2494 588 2544 641 in
2573 603 2668 642 cor
2701 589 2935 643 hominis
2975 589 3307 653 ascendit“,
3345 607 3364 640 ι
3393 588 3695 659 intelligere
3724 605 3824 659 po-

2241 689 2346 734 test
2369 682 2640 748 quomodo
2671 680 2868 737 Paulus
2893 683 3051 738 altius
3075 685 3188 753 (65)
3221 685 3322 737 ista
3349 684 3710 738 considerans
3736 685 3823 738 di-

2237 771 2312 824 cit
2340 789 2354 825 :
2392 790 2410 822 ‹
2442 772 2706 827 Existimo
2729 775 2874 828 enim
2923 777 3182 844 quoniam
3235 791 3340 829 non
3372 787 3500 829 sunt
3531 777 3821 844 condigna:

2235 866 2518 934 passiones
2541 866 2705 936 hujus
2744 870 3001 936 temporis
3031 869 3096 923 ad
3138 868 3376 923 futuram
3424 869 3656 937 gloriam
3696 885 3821 939 qua:

2238 956 2576 1010 revelabitur
2611 957 2664 1011 in
2720 958 2878 1012 nobis
2902 959 2968 1013 ⁸³.
3000 978 3020 1011 ι
3061 959 3210 1013 Nihil
3258 959 3401 1013 enim
3453 961 3674 1029 dignum
3701 959 3814 1030 (66)

2234 1050 2464 1106 inveniri
2490 1050 2572 1106 vel
2617 1053 2926 1121 contparari
2964 1053 3030 1107 ad
3072 1051 3312 1107 futuram
3349 1053 3578 1124 gloriam
3611 1063 3814 1123 potest.

2233 1136 2289 1192 In
2330 1154 2439 1210 quo
2466 1140 2610 1194 enim
2675 1144 2904 1196 mortale
2962 1142 3366 1196 immortalibus
3395 1142 3694 1197 conferas?
3720 1154 3816 1196 aut

2233 1231 2594 1286 invisibilibus
2626 1233 2854 1286 visibilia
2878 1237 2901 1286 τ’
2930 1241 3025 1286 aut
3053 1236 3274 1288 :eternis
3323 1233 3638 1303 temporalia
3665 1232 3688 1287 7
3718 1242 3818 1288 aut

2231 1325 2438 1379 caduca
2463 1325 2780 1395 perpetuis?
2838 1325 2894 1380 Si
2940 1342 3064 1395 qua:
3091 1337 3268 1381 tamen
3300 1327 3354 1382 in
3399 1328 3654 1397 prtesenti
3697 1328 3810 1382 vita

2230 1411 2375 1465 velut
2401 1413 2646 1482 quaedam
2673 1423 2901 1482 possunt
2930 1419 3135 1469 semina
3160 1415 3343 1486 gloria:
3375 1416 3552 1487 colligi
3590 1416 3813 1482 futurae,

2230 1504 2357 1569 ista,
2385 1503 2606 1573 inquam
2640 1503 2775 1574 (67),
2805 1507 3012 1559 semina
3040 1521 3105 1559 ex
3127 1507 3568 1561 tribulationibus
3599 1518 3654 1562 et
3682 1525 3809 1575 pas-

2228 1595 2472 1650 sionibus
2523 1595 2850 1666 colliguntur
2879 1637 2894 1663 ,
2953 1597 3118 1669 596
3170 1600 3314 1654 sicut
3349 1608 3405 1653 et
3433 1599 3486 1653 in
3516 1600 3641 1655 aliis
3672 1601 3810 1655 dicit

2229 1688 2371 1742 idem
2399 1687 2692 1756 Aposuilus
2720 1706 2732 1742 :
2777 1706 2795 1738 ι
2830 1689 2984 1756 Quod
3011 1692 3156 1743 enim
3188 1692 3239 1744 in
3276 1691 3528 1759 prazsenti
3563 1691 3674 1762 (68)
3692 1709 3807 1748 mo-

2227 1790 2575 1835 mentaneum
2614 1794 2715 1847 est,
2745 1792 2802 1836 et
2832 1784 2950 1836 leve
2981 1784 3350 1839 tribulationis
3385 1797 3607 1854 nostrae,
3641 1801 3808 1855 supra

2225 1873 2442 1926 modum
2480 1873 2535 1926 in
2565 1873 2887 1928 immensum
2920 1884 3136 1929 aeternae
3160 1875 3345 1945 gloriae
3372 1879 3587 1945 pondus
3614 1894 3808 1946 opera-

2225 1971 2311 2017 tur
2333 1964 2512 2029 nobis,
2543 1979 2649 2017 non
2683 1965 3099 2034 respicientibus
3125 1982 3244 2036 qua;
3269 1969 3540 2034 videntur,
3561 1971 3655 2024 sed
3682 1986 3806 2040 qua:

2225 2070 2339 2110 non
2365 2056 2618 2111 videntur
2642 2059 2706 2112 ⁸³.
2749 2079 2766 2110 ι
2797 2059 3045 2116 Ostendit
3076 2061 3218 2116 enim
3250 2079 3347 2132 per
3384 2063 3500 2117 haec
3533 2065 3675 2133 quod
3705 2066 3796 2134 qui

2229 2144 2317 2200 illa
2345 2149 2565 2218 respicit
2600 2166 2720 2219 quae
2757 2168 2866 2206 non
2893 2154 3147 2206 videntur
3172 2153 3302 2221 (69),
3335 2165 3390 2208 et
3416 2165 3616 2209 attcrna
3648 2169 3799 2220 sunt,

2219 2256 2435 2296 omnem
2503 2241 2906 2296 tribulationem
2965 2257 3303 2310 quaecunque
3380 2243 3642 2298 acciderit
3702 2243 3803 2306 ei,

2220 2335 2468 2402 quamvis
2495 2349 2634 2388 saeva
2676 2335 2814 2404 (70),
2847 2334 3101 2404 quamvis
3140 2335 3298 2406 longa
3333 2336 3584 2390 videatur
3613 2375 3631 2400 ,
3685 2350 3802 2388 mo-

2221 2435 2564 2480 mentaneam
2587 2426 2736 2479 ducit
2757 2436 2809 2478 et
2827 2426 3032 2480 levem:
3057 2427 3220 2480 etiam
3245 2428 3288 2480 si
3315 2426 3605 2481 tormentis
3629 2425 3805 2495 subji-

2221 2514 2422 2578 ciatur,
2453 2525 2504 2567 et
2538 2514 2764 2577 aculeis,
2802 2525 2855 2568 et
2893 2515 3128 2584 ungulis,
3161 2531 3226 2570 eo
3259 2525 3502 2584 tempore
3533 2532 3642 2585 quo
3670 2533 3801 2586 sup-

2221 2605 2395 2674 pliciis
2428 2621 2632 2671 corpus
2660 2605 2941 2676 aﬂligitur,
2983 2608 3026 2660 si
3054 2608 3286 2677 aspiciat
3320 2608 3386 2661 ad
3414 2608 3654 2662 futuram
3679 2611 3800 2678 glo-

2222 2699 2357 2751 riam
2381 2713 2501 2768 qua:
2532 2699 2821 2752 revelanda
2853 2711 2956 2761 est,
2985 2700 3656 2769 etconsidetetquomodo
3680 2710 3803 2769 post

2222 2801 2369 2844 tanta
2409 2801 2678 2845 tormenta
2728 2791 2838 2861 (71)
2888 2807 3087 2860 corpus
3144 2794 3250 2848 hoc
3313 2793 3636 2848 humilitatis
3688 2810 3804 2848 sua:

2220 2882 2705 2936 transformabitur
2737 2922 2754 2947 ,
2803 2892 2862 2936 ut
2911 2883 3004 2936 tiat
3033 2884 3314 2941 conforme
3343 2887 3558 2954 corpori
3611 2886 3801 2956 gloria:

2219 2975 2340 3029 Filii
2380 2975 2469 3028 Dei
2494 2976 2563 3039 3‘,
2591 2975 2991 3031 tribulationem
3015 2987 3335 3045 prmsentem
3363 2989 3802 3033 momentaneam

2218 3069 2388 3127 ducit.
2419 3078 2473 3121 et
2507 3067 2716 3134 levem;
2751 3069 2960 3136 pondus
2988 3079 3166 3123 autem
3194 3070 3388 3124 futura-
3405 3071 3592 3142 gloria:
3609 3086 3800 3139 grave.

2223 3163 2323 3215 hoc
2351 3170 2455 3227 est,
2514 3177 2770 3230 magnum
2825 3163 3092 3232 deputat,
3141 3171 3195 3215 et
3248 3173 3510 3216 aeternum
3557 3161 3668 3232 (72)
3699 3177 3711 3213 :
3743 3171 3800 3215 et

2221 3265 2426 3326 quanto
2457 3256 2629 3325 magis
2652 3255 2998 3324 multiplicari
3025 3254 3127 3309 sibi
3161 3255 3574 3308 tribulationum
3603 3254 3803 3307 viderit

2220 3363 2435 3420 ptenas,
2463 3358 2611 3402 tanto
2643 3348 2876 3416 amplius
2926 3347 3177 3416 intelligit
3214 3347 3324 3418 (7'5)
3358 3346 3460 3400 sibi
3491 3347 3705 3416 pondus
3745 3357 3803 3400 et

2222 3441 2650 3512 magnitudinem
2684 3440 2870 3510 gloria:
2892 3439 3181 3495 cumulari.
3212 3438 3366 3506 Quod
3391 3450 3573 3493 autem
3607 3455 3676 3494 ex
3697 3442 3804 3494 tri.—

2220 3534 2558 3588 bulationnm
2594 3532 2902 3602 quantitate
2930 3547 3184 3586 mensura
3219 3531 3466 3600 quaedam
3497 3543 3554 3586 et
3582 3533 3800 3600 magni-

2223 3627 2350 3680 tudo
2382 3625 2566 3696 gloriae
2590 3627 2895 3694 colligatur,
2929 3635 3056 3693 puto
3078 3626 3244 3678 etiam
3277 3623 3444 3677 David
3472 3624 3800 3692 prophetam

2221 3718 2462 3772 indicare
2494 3733 2614 3771 cum
2649 3717 2783 3771 dicit
2815 3717 2926 3786 (74)
2954 3733 2969 3768 :
3011 3733 3030 3767 ι
3066 3715 3372 3770 Secundum
3401 3715 3802 3769 multitudinem

2223 3811 2472 3865 dolorum
2513 3825 2758 3863 meorum
2791 3811 2844 3862 in
2875 3811 3039 3864 corde
3077 3824 3218 3870 meo,
3265 3808 3672 3863 consolationes
3697 3821 3802 3863 tua:

2221 3900 2634 3955 laetiﬁcaverunt
2672 3901 2909 3952 animum
2945 3913 3118 3952 meam
3153 3899 3221 3953 ⁸³.
3258 3916 3277 3949 ι
3313 3896 3467 3952 Unde
3495 3907 3628 3965 puto
3655 3901 3800 3966 quod

2222 3996 2276 4050 in
2313 3992 2700 4064 prtesentivita
2737 3991 3035 4045 consolatio
3064 4005 3187 4057 qua:
3215 3989 3580 4058 daturjustis,
3606 4003 3804 4043 secun-

2221 4087 2347 4140 dum
2375 4097 2684 4138 mensuram
2711 4080 3050 4134 cruciatunm
3085 4090 3139 4134 et
3164 4079 3452 4133 vulnerum
3484 4079 3644 4133 detur
3674 4096 3686 4132 :
3716 4077 3801 4130 fu-

2223 4188 2343 4229 tnra
2378 4189 2506 4227 vero
2533 4172 2704 4242 gloria
2743 4170 2853 4241 (75)
2881 4214 2895 4237 ,
2949 4172 3014 4224 de
3045 4185 3149 4238 qua
3187 4169 3482 4238 Apostolus
3507 4169 3639 4222 dicit
3668 4169 3796 4237 quia

2228 4289 2246 4320 ι
2288 4268 2616 4323 revelabitur
2643 4266 2695 4319 in
2729 4264 2920 4329 nobis,
2958 4282 2976 4315 ι
3016 4279 3120 4318 non
3151 4263 3450 4317 secundum
3482 4278 3798 4316 mensuram

2222 4361 2576 4430 passionum:
2623 4376 2641 4406 ι
2701 4370 2807 4410 non
2853 4353 2998 4406 enim
3030 4353 3316 4421 condigna:
3361 4361 3484 4407 sunt
3519 4355 3801 4422 passiones

2223 4454 2383 4523 hujus
2423 4450 2685 4520 temporis
2717 4448 2782 4500 ad
2813 4445 3050 4500 futuram
3089 4446 3317 4514 gloriam
3354 4461 3475 4515 quae
3528 4448 3798 4501 revelabi-

533 4535 650 4590 htrc
696 4552 718 4587 ι
751 4537 816 4588 ad
854 4537 1087 4589 futuram
1109 4537 1330 4605 gloriam
1359 4553 1482 4607 quae
1509 4540 1838 4595 revelabitur
1860 4561 1877 4594 ι
1910 4544 1962 4596 in
1989 4560 2113 4598 san-
2145 4571 2190 4625 ι)
2223 4556 2311 4600 tur
2335 4547 2386 4598 in
2420 4564 2438 4595 ι
2478 4543 2683 4597 sanctis
2706 4541 2753 4571 ⁸⁸
2784 4557 2797 4592 :
2837 4540 2931 4592 sed
2954 4538 3095 4592 sicut
3127 4539 3234 4609 (76)
3265 4539 3330 4592 ad
3366 4540 3678 4594 Corinthios
3715 4541 3800 4591 di-

600 4627 650 4692 ⁷1
678 4625 860 4681 Galat.
883 4643 944 4692 ιι,
977 4627 1064 4690 19,
1085 4628 1173 4683 ‘20.

532 4693 590 4770 ξολ
612 4691 714 4770 Job
753 4711 803 4770 i1
830 4695 885 4754 2.
932 4691 938 4692 7
1033 4699 1077 4730 ⁸¹
1115 4701 1130 4753 I
1164 4699 1291 4754 Cor.
1325 4718 1388 4766 ιι,
1414 4702 1467 4756 9.
1543 4705 1588 4734 ⁸³
1620 4691 1780 4758 Rom.
1808 4721 1923 4770 vm,
1953 4709 2040 4763 18.

530 4767 619 4821 19.
695 4767 743 4801 ⁸⁸
774 4768 931 4822 Rom.
972 4782 1090 4834 vttt,
1128 4770 1216 4824 18.

605 4840 718 4908 (59)
741 4840 929 4906 Alias,
959 4842 1346 4910 cxconipat'itur
1391 4855 1522 4910 ergo
1544 4841 1633 4909 qui
1666 4841 1798 4895 dicit
1830 4863 1841 4898 :
1888 4843 2108 4904 Christo

531 4911 782 4962 confixus
809 4925 948 4963 sum.
982 4909 1136 4972 Vivo,
1171 4913 1269 4972 ait,
1300 4911 1411 4980 jam
1445 4909 1547 4962 non
1576 4927 1696 4978 ego,
1729 4931 1747 4961 ι
1788 4919 1899 4968 etc.

605 4980 719 5050 (60)
750 4980 922 5047 Alias,
961 4999 979 5031 ι
1015 4981 1062 5034 si
1090 4981 1409 5036 toleramus.
1451 5000 1469 5032 ι
1507 4981 1782 5046 liabanus,
1824 5002 1844 5034 ι
1885 4985 1929 5038 si
1963 5000 2111 5040 com-

529 5051 789 5119 patimur.
832 5069 850 5102 ι

603 5120 719 5192 (61)
749 5121 927 5192 Alias,
969 5139 988 5172 ι
1018 5123 1084 5176 ad
1118 5123 1352 5176 futuram
1386 5121 1636 5192 gloriam.
1675 5141 1693 5171 ι

598 5191 714 5264 (62)
748 5191 887 5244 Editi
910 5202 967 5246 et
989 5208 1121 5264 mss.
1149 5191 1404 5264 quidam,
1453 5211 1471 5242 ι
1530 5194 1744 5264 Scimus
1768 5193 1912 5246 enim
1963 5196 2108 5264 quod

529 5262 708 5332 omnis
733 5271 983 5316 creatura
1005 5262 1312 5331 ingemiscit
1333 5272 1387 5315 et
1415 5265 1599 5328 dolet;
1628 5281 1645 5312 ι
1675 5262 2104 5332 al.,«parturit.r

602 5331 719 5406 (65)
757 5333 924 5406 Alias,
967 5353 986 5384 ι
1019 5335 1162 5406 quod
1193 5348 1290 5406 pro
1315 5348 1380 5406 eo
1408 5344 1459 5385 nt
1489 5333 1632 5401 quis,
1667 5351 1686 5384 ι
1717 5344 1898 5400 etc.;et
1920 5346 2108 5406 postea

529 5403 686 5462 editi,
729 5404 1040 5471 «bonitatis
1074 5404 1191 5470 ejus
1217 5403 1428 5471 gloriae.
1463 5422 1483 5454 ι

602 5473 713 5540 (64)
743 5469 1282 5528 Ιηινίηεεειιεζικθὲι
1307 5475 1357 5526 ιιι
1390 5472 1789 5527 cditis.Deindc
1813 5489 1914 5527 ms.
1946 5492 2104 5545 unus,

534 5556 557 5594 σ
588 5557 711 5609 qua:
744 5548 810 5595 de
833 5545 933 5598 .lob
965 5557 1112 5611 gesta
1151 5556 1550 5598 memorantur.
1587 5564 1606 5596 ι

603 5611 718 5681 (65)
743 5613 938 5666 Allius.
978 5614 1329 5668 Desideratur
1361 5617 1412 5668 in
1454 5625 1613 5668 antea
1650 5615 1831 5673 editis.

599 5681 714 5754 (66)
744 5683 916 5754 Alias,
953 5703 972 5735 ‹
1008 5685 1148 5737 Nhil
1173 5685 1389 5752 quidem
1424 5687 1664 5754 dignum,
1701 5706 1718 5736 ι
1751 5699 1856 5740 etc.

603 5751 714 5824 (67)
747 5751 911 5834 Editi,
944 5768 1002 5834 et
1049 5751 1301 5810 [tabanus
1335 5797 1349 5822 ,
1410 5775 1428 5809 ι
1481 5751 1674 5827 inquit.
1709 5776 1726 5808 ι
1769 5760 1873 5812 Sed
1907 5775 2097 5813 omnes

533 5837 662 5876 mss.
713 5827 902 5884 nostri.
937 5842 955 5875 t
995 5827 1228 5885 inquam.
1267 5845 1286 5878 ι

1254 4631 1299 4664 ⁷⁸
1333 4629 1373 4684 Il
1415 4629 1555 4686 Tim.
1587 4647 1647 4688 ll.
1681 4633 1766 4697 11,
1827 4635 1912 4689 12.
1986 4638 2030 4667 ⁷⁷
2075 4640 2121 4694 C.

1254 4716 1291 4754 r.
1325 4718 1388 4766 ιι,
1414 4702 1467 4756 9.
1543 4705 1588 4734 ⁸³
1620 4701 1780 4758 Rom.
1808 4721 1923 4770 vm,
1953 4709 2040 4763 18.
2118 4720 2121 4744 ¹

2225 4656 2282 4700 ιε.
2319 4637 2460 4703 n24.
2538 4632 2584 4665 ⁷⁸
2630 4632 2909 4698 Pbilip.n,
2955 4629 3008 4693 8,
3037 4630 3090 4704 9,
3169 4629 3255 4682 τοι

2225 4763 2227 4769 ,
2274 4712 2476 4772 Cot'.tv,
2520 4707 2604 4758 17.
2678 4702 2724 4734 ⁸⁸
2761 4700 2954 4768 Philip.
3010 4717 3066 4754 ιιι
3099 4740 3115 4763 ,
3162 4700 3255 4754 9.1.

2538 4632 2584 4665 ⁷⁸
2630 4632 2828 4698 Philip.
2852 4646 2909 4691 ιι,
2955 4629 3008 4693 8,
3037 4630 3090 4684 9.
3169 4630 3215 4660 7°
3233 4629 3387 4686 Rom.
3422 4646 3538 4693 vm,
3570 4633 3796 4699 l3,seq.

3355 4701 3399 4731 ⁸⁸
3429 4699 3571 4755 Psal.
3628 4716 3756 4755 cxitt
3779 4743 3796 4768 ,

2290 4850 2402 4918 (68)
2441 4845 2538 4898 Ms.
2575 4858 2746 4918 unus,_
2774 4859 2807 4918 r
2830 4838 2883 4892 in
2915 4841 3193 4918 prtescntiA
3217 4841 3346 4918 vita.
3388 4860 3406 4890 ι

2291 4911 2403 4989 (o9)
2437 4918 2610 4977 Alias,
2647 4935 2665 4963 ε
2702 4913 2877 4974 vidit;
2917 4929 2935 4959 ι
2969 4911 3063 4974 aL,
3103 4928 3121 4960 ι
3149 4912 3304 4966 vidit.
3343 4929 3361 4961 ι
3409 4912 3633 4978 Deinde,
3665 4929 3794 4968 tac-

2243 4995 2348 5045 Titlll
2386 4990 2456 5043 ei.
2502 5006 2519 5035 ι

2219 5010 2684 5133 ωιὲίθῗιριῖαηιυὶδ
2706 5068 2865 5107 swva.
2894 5050 3018 5106 llaec
3041 5051 3421 5106 desiderantur
3443 5056 3494 5107 in
3521 5053 3676 5107 libris
3705 5069 3800 5106 an-

2244 5131 2306 5188 ea
2337 5131 2520 5184 editis.

2218 5145 2607 5272 te:1(7eia)hllﬂstilll,
2645 5212 2664 5244 ε
2701 5202 2780 5245 t0t
2812 5203 3102 5247 tormenta.
3145 5213 3164 5245 ι
3200 5191 3299 5248 Ms.
3357 5209 3500 5248 unus
3528 5202 3583 5247 et
3616 5192 3798 5247 Raba-

2215 5271 2344 5338 nus,
2377 5289 2395 5320 ‹
2425 5271 2525 5322 ista
2560 5273 2851 5338 tormenta.
2886 5282 2906 5315 ι

2286 5335 2398 5411 (72)
2438 5338 2597 5411 Editi.
2641 5352 2660 5384 ε
2695 5335 2920 5411 deputat
2945 5337 2997 5390 in
3025 5346 3310 5391 aeternum.
3345 5356 3364 5388 ι

2286 5405 2400 5484 (75)
2431 5408 2602 5484 {tl-ias,
2643 5424 2663 5456 ‹
2698 5405 2982 5484 intelliget.
3017 5425 3035 5458 ι
3181 5479 3191 5484 _
3324 5475 3355 5484 ἢ
3441 5435 3481 5484 _-‘

2285 5475 2398 5552 (74)
2433 5479 2597 5539 Editi,
2647 5495 2666 5526 ‹
2707 5489 2836 5545 puto
2868 5476 3098 5531 allii-met
3121 5479 3285 5531 etiam
3322 5475 3490 5529 David
3527 5475 3794 5544 propheta

2211 5572 2332 5608 cum
2366 5552 2520 5614 dicit,
2561 5566 2580 5599 ι
2612 5556 2721 5601 etc.

2283 5622 2394 5692 (75)
2429 5621 2612 5683 Alias,
2657 5637 2676 5668 ι
2705 5617 2898 5692 futurae
2925 5633 3054 5672 vero
3085 5617 3294 5687 glorim.
3328 5637 3349 5671 ι

2279 5687 2388 5764 (ῗ6)
2425 5694 2608 5764 Alias,
2650 5707 2667 5738 ι
2701 5699 2827 5740 sunt
2875 5691 2955 5743 hil:
3006 5704 3284 5759 passuutcs
3310 5690 3374 5759 ad
3406 5687 3645 5744 futuram
3673 5689 3796 5761 glo-

2213 5763 2366 5829 riam,
2399 5763 2491 5817 sed
2523 5763 2686 5823 sicut,
2725 5777 2743 5808 ι
2777 5769 2882 5814 etc.
