4146 6368
333 466 391 521 ﬂ
405 465 471 522 09

333 594 481 640 ctum
517 579 865 652 protulimus,
893 593 959 633 ex
991 586 1375 633 momentaneo
1396 586 1447 632 et
1474 578 1573 634 levi
1605 576 1917 632 tribulatio-

333 689 462 730 num
490 681 800 728 nostrarum
842 670 1033 725 labore
1075 670 1120 701 ⁸⁷
1157 669 1365 723 semina
1393 671 1641 738 quaedam
1685 669 1912 724 collecta

332 777 495 834 supra
527 765 743 819 modum
788 779 841 818 in
894 763 1216 816 immensum
1275 762 1435 816 nobis
1461 770 1680 816 asternm
1704 761 1916 831 pondus

333 854 524 926 gloriae
553 853 664 923 (77)
697 851 1100 922 praeparabant.
1138 850 1291 918 Quod
1317 866 1454 906 vero
1485 852 1652 906 etiam
1684 851 1737 906 in
1772 865 1911 920 pra:-

334 945 474 1000 senti
510 942 810 1012 vitajustis
865 941 1164 997 secundum
1217 955 1536 994 mensuram
1593 939 1912 1010 passionum

331 1049 552 1089 suarum
579 1035 742 1088 etiam
765 1033 1068 1088 consolatio
1091 1031 1273 1085 divina
1301 1032 1592 1093 tribuatur,
1624 1031 1916 1084 conllrmat

340 1125 482 1180 idem
541 1125 835 1195 Apostolus
885 1124 939 1178 in
999 1122 1235 1177 secunda
1293 1125 1359 1176 ad
1403 1122 1722 1177 Corinthios
1778 1123 1915 1176 scri-

330 1217 470 1274 bens
491 1216 537 1249 ⁸⁸
569 1235 583 1271 :
625 1235 644 1269 ι
680 1217 815 1284 Quia
841 1218 980 1271 sicut
1004 1215 1287 1269 abundant
1313 1217 1596 1283 passiones
1626 1215 1833 1270 Christi
1859 1215 1910 1267 in

334 1307 513 1372 nobis,
544 1309 619 1361 ita
668 1309 909 1363 abundat
941 1317 996 1363 et
1026 1309 1332 1364 consolatio
1383 1317 1590 1364 nostra.
1632 1327 1650 1359 ι
1709 1307 1776 1362 Ει
1805 1321 1910 1359 non

333 1397 500 1454 dixit:
522 1399 695 1464 Supra
719 1399 934 1454 modum
957 1399 1213 1463 abundat,
1236 1409 1329 1454 aut
1354 1399 1406 1453 in
1427 1399 1752 1452 immensum
1773 1397 1909 1466 (78);

333 1493 428 1546 sed
463 1502 725 1562 quantum
759 1494 1039 1561 passiones
1083 1501 1228 1557 sunt,
1256 1499 1465 1545 tantum
1489 1499 1545 1545 et
1576 1488 1911 1545 consolatio-

332 1594 450 1634 nes.
484 1581 638 1645 Quod
669 1591 852 1635 autem
883 1580 1032 1643 dicit,
1077 1597 1095 1631 ι
1131 1580 1210 1632 Ad
1238 1578 1478 1633 futuram
1515 1577 1764 1647 gloriam,
1791 1590 1911 1646 qua:

334 1669 668 1724 revelabitur
699 1671 754 1724 in
799 1669 956 1725 nobis
981 1669 1050 1735 ⁸³,
1083 1688 1102 1722 ι
1135 1684 1297 1738 supra
1323 1666 1435 1736 jam
1463 1678 1594 1737 puto
1625 1668 1767 1737 quod
1794 1665 1909 1720 sul-

333 1758 583 1814 ﬁcienter
603 1761 941 1815 ostendimus
967 1762 1032 1815 de
1073 1759 1382 1814 diﬂ'erentia
1435 1758 1759 1826 gloriarum,
1793 1773 1911 1826 quae

335 1851 407 1904 sit
436 1851 607 1921 gloria
631 1867 748 1920 qua
787 1853 899 1922 jam
936 1852 1170 1906 revelata
1202 1861 1304 1915 est,
1331 1861 1386 1905 et
1419 1864 1540 1919 quze
1574 1850 1644 1903 sit
1673 1864 1792 1918 qua:
1821 1865 1906 1903 re-

1287 458 1646 516 COMMENT.
1672 457 1744 514 IN
1781 457 1998 514 EPIST.
2041 457 2132 512 AD
2170 457 2335 512 ROM.
2369 455 2496 510 LIB.
2528 455 2645 511 Vll'.

3464 447 3610 513 Ml0

2031 577 2156 632 aliis
2190 578 2424 632 habetur
2446 572 2864 644 exemplaribus,
2903 590 2923 625 ι
2957 570 3306 643 congemiscit
3335 580 3390 627 et
3417 582 3605 643 partu-
3656 639 3658 642 ι

2032 669 2101 724 rit
2138 683 2310 736 usque
2359 667 2560 722 adhuc.
2607 684 2624 716 ι
2663 664 3079 733 Congemiscere
3108 673 3286 718 autem
3319 671 3373 719 et
3399 664 3605 718 condo-

2016 761 2130 816 lere
2153 770 2236 817 est
2257 776 2376 816 cum
2405 760 2510 814 alio
2533 759 2750 814 dolente
2775 759 2856 813 vel
2884 767 3134 827 gemente
3155 773 3370 828 gemere
3394 758 3476 812 vel
3501 757 3601 812 do-

2014 851 2149 920 lere,
2203 854 2309 907 hoc
2341 861 2463 918 est,
2494 866 2615 906 cum
2653 853 2769 921 ipse
2808 852 3024 921 quidem
3078 865 3296 904 causam
3347 849 3609 919 gemendi

2017 956 2122 994 non
2147 940 2349 994 haheat
2405 939 2490 994 vel
2549 940 2788 1006 dolendi,
2851 941 3019 1008 gemit
3051 947 3228 992 tamen
3259 954 3359 1010 pro
3407 953 3472 993 eo
3501 939 3606 1008 qui.

2017 1046 2240 1085 causam
2274 1031 2440 1085 habet
2477 1031 2726 1100 gemendi
2760 1030 2848 1086 vel
2880 1029 3123 1085 dolendi.
3157 1029 3272 1084 Hoc
3298 1040 3479 1084 autem
3509 1029 3598 1084 di-

2017 1125 2093 1177 cit
2123 1123 2308 1177 lacere
2333 1133 2643 1177 creaturam
2675 1139 2774 1192 pro
2800 1137 2865 1177 eo
2897 1123 3042 1190 quod
3075 1121 3309 1176 vanitati
3347 1121 3616 1189 subjectaa

2013 1223 2116 1280 est,
2151 1221 2205 1267 et
2243 1213 2297 1266 in
2361 1215 2624 1268 servitute
2673 1214 3044 1281 corruptionis
3072 1215 3246 1283 posita
3283 1221 3384 1269 est.
3424 1211 3550 1266 Haec
3578 1250 3620 1274 ,,

2014 1313 2278 1373 quantum
2299 1303 2364 1356 ad
2386 1305 2554 1373 ipsius
2574 1305 2856 1374 apostolici
2881 1306 3150 1360 sermonis
3165 1306 3410 1362 ordinem
3430 1306 3607 1374 perti--

2012 1404 2126 1458 net,
2157 1393 2440 1462 explanata
2467 1395 2596 1450 sint.
2626 1409 2780 1450 nunc
2804 1408 3113 1466 repetentes
3134 1399 3498 1452 discutiamus
3519 1396 3599 1449 in-

2015 1485 2214 1540 tentius
2239 1501 2360 1554 quae
2385 1496 2468 1540 est
2497 1488 2596 1542 ista
2624 1489 2841 1545 vanitas
2871 1492 2960 1544 cui
2989 1499 3241 1546 creatura
3261 1489 3458 1544 dicitur
3474 1502 3612 1542 esse-

2013 1576 2279 1646 subjecta,
2310 1587 2496 1648 etquae
2523 1588 2608 1633 est
2640 1580 2742 1634 ista
2761 1582 3039 1650 corruptio
3067 1583 3133 1635 de
3156 1581 3312 1650 cujus
3329 1579 3606 1634 servitute

2013 1667 2347 1723 liberandam
2371 1685 2430 1724 se
2450 1669 2610 1741 597
2630 1681 2833 1743 sperat.
2850 1673 2977 1728 Mihi
3003 1672 3213 1728 videtur
3237 1673 3380 1742 quod
3401 1671 3469 1726 de
3494 1672 3596 1726 hac

2013 1762 2280 1815 materiali
2305 1770 2360 1815 et
2385 1765 2722 1832 corruptibili
2752 1766 3002 1834 corporis
3046 1765 3354 1820 substantia
3381 1765 3479 1819 ista
3503 1764 3591 1818 di-

2011 1862 2230 1907 cantur.
2256 1852 2442 1922 Neque
2476 1857 2619 1909 enim
2654 1858 2928 1927 corruptio
2957 1858 3049 1912 alii
3070 1858 3323 1926 cuiquam
3350 1855 3462 1926 (82)
3488 1857 3592 1910 nisi

328 1945 556 1999 wlanda
600 1947 707 2013 sit;
737 1955 791 2000 et
812 1946 1081 2014 quomodo
1103 1959 1223 2014 quae
1257 1958 1404 1997 nunc
1435 1943 1683 1996 videmus
1709 1981 1724 2008 ,
1759 1960 1778 1992 ι
1813 1956 1908 2010 per
1937 1959 1980 2013 Β
2011 1943 2224 2012 corpori
2242 1943 2572 1999 dominatur.
2593 1944 2726 1999 Nam
2748 1947 2836 2001 ille
2859 1947 3088 2002 interior
3107 1948 3268 2002 homo
3286 1948 3377 2016 qui
3397 1962 3609 2002 scena--

329 2038 607 2108 Speculum
625 2037 948 2092 videmuset
974 2037 1025 2091 in
1051 2037 1360 2104 mnigmate,
1378 2045 1505 2089 tunc
1524 2044 1729 2101 autem,
1744 2054 1762 2086 ι
1785 2049 1910 2088 cum

327 2129 543 2183 venerit
568 2128 739 2184 Filius
765 2128 1002 2181 hominis
1033 2127 1084 2179 in
1119 2125 1288 2195 gloria
1311 2125 1486 2179 Patris
1512 2135 1566 2178 et
1595 2135 1911 2180 sanctorum

326 2214 1015 2287 angelorum,videbinmSi
1039 2217 1180 2272 facie
1208 2215 1274 2270 ad
1303 2215 1498 2270 faciem
1525 2216 1590 2278 θ’,
1628 2235 1646 2268 ι
1692 2216 1829 2270 sicut
1861 2225 1916 2268 et

325 2305 569 2360 Joannes
595 2307 733 2360 dixit
764 2323 778 2360 :
820 2324 838 2357 ι
874 2306 1010 2372 Quia
1041 2305 1344 2360 videbimus
1367 2320 1487 2359 eum
1512 2305 1670 2358 sicuti
1705 2307 1900 2358 est“.r

326 2397 432 2451 Sed
456 2406 509 2450 et
526 2395 615 2449 illa
635 2406 814 2464 potest
832 2396 1005 2449 videri
1025 2393 1140 2467 (79)
1155 2394 1328 2464 gloria
1345 2408 1465 2462 quae
1485 2392 1770 2446 revelanda
1803 2401 1910 2457 est,

323 2501 446 2538 cum
473 2487 540 2539 de
567 2485 802 2554 singulis
821 2485 1126 2554 quibusque
1147 2485 1446 2537 rationibus
1464 2484 1672 2547 mundi,
1703 2483 1786 2537 vel
1815 2499 1910 2538 eo-

323 2592 445 2630 num
461 2593 580 2644 quae
599 2593 760 2646 supra
780 2577 1035 2630 mundum
1054 2586 1204 2640 sunt,
1219 2576 1700 2645 creperitdoctrina
1717 2590 1918 2645 cogno-

321 2668 419 2732 sci,
444 2675 498 2721 et
524 2667 765 2722 thesauri
796 2667 1070 2734 sapientiae
1089 2666 1203 2733 ejus
1223 2682 1286 2720 ac
1318 2666 1562 2720 scientiae
1588 2664 1818 2720 revelari
1840 2666 1908 2718 θ’.

320 2757 448 2812 Post
471 2757 586 2812 haec
612 2758 783 2812 dicit:
819 2777 837 2808 ι
875 2757 1006 2810 Nam
1041 2758 1382 2827 exspectatio
1416 2764 1684 2812 creaturae
1704 2756 1912 2810 revela-

320 2851 523 2905 tiouem
544 2849 777 2904 ﬁliorum
800 2850 890 2903 Dei
913 2859 1215 2919 exspectat.
1229 2849 1456 2904 iVolens
1468 2849 1753 2904 ostendere
1771 2849 1912 2919 Apo-

319 2941 496 2996 stolus
512 2952 714 3012 quanta
745 2943 1032 3012 qualisque
1053 2943 1125 2996 sit
1152 2942 1323 3011 gloria
1357 2957 1478 3012 quae
1505 2940 1797 2996 revelanda
1825 2950 1910 2996 est

319 3034 372 3088 in
399 3034 532 3103 ipso,
561 3033 648 3089 vel
673 3034 726 3088 in
756 3034 842 3088 his
868 3035 960 3103 qui
979 3046 1182 3103 agones
1209 3033 1413 3088 Christi
1432 3034 1645 3101 integre
1671 3033 1907 3088 desuda-

321 3127 526 3191 verint,
557 3126 636 3180 ait
658 3127 824 3183 etiam
865 3137 1198 3190 creaturam,
1243 3134 1429 3195 utpote
1466 3125 1850 3180 rationabilem
1884 3162 1913 3188 ,_

319 3217 523 3272 habere
552 3219 1018 3288 exspectationem
1072 3218 1364 3287 quamdam
1392 3258 1406 3284 ,
1439 3228 1493 3270 et
1528 3231 1678 3286 spem
1714 3231 1905 3285 gerere

2017 2037 2149 2090 dum.
2177 2037 2346 2090 Deum
2382 2048 2601 2090 creatus
2628 2046 2730 2101 est,
2759 2049 2817 2092 et
2839 2039 2905 2092 ad
2939 2039 3226 2109 imaginem
3263 2039 3352 2093 Dei
3393 2039 3594 2102 factus,

2017 2127 2447 2196 incorruptibilis
2494 2137 2578 2183 est
2607 2139 2660 2183 et
2693 2130 2982 2185 invisibilis
3009 2140 3106 2196 ,Vet
3133 2131 3432 2185 secundum
3467 2146 3614 2200 pro-~

2015 2219 2188 2284 priam
2214 2219 2295 2273 sui
2325 2220 2590 2275 rationem
2623 2219 2732 2291 (85)
2765 2221 2928 2275 etiam
2963 2220 3460 2291 incorporeus-dici
3491 2235 3590 2289 po-

2017 2323 2141 2367 test.
2172 2315 2424 2368 Exterior
2449 2329 2580 2369 vero
2610 2317 2775 2369 homo
2809 2325 2864 2370 et
2904 2331 3198 2386 corporeus
3232 2326 3288 2370 et
3313 2316 3607 2385 corrupti--

2014 2405 2137 2460 bilis
2189 2405 2299 2479 (84)
2349 2406 2586 2473 dicitur;
2639 2418 2861 2478 propter
2893 2411 3038 2478 quod
3085 2418 3139 2464 et
3188 2409 3388 2464 Paulus
3438 2410 3612 2464 dicem

2014 2497 2104 2549 bat
2127 2497 2172 2528 ³³
2205 2514 2218 2550 :
2252 2515 2271 2547 ι
2302 2494 2521 2572 Namet
2560 2500 2604 2552 si
2640 2499 2684 2552 is
2715 2500 2804 2568 qui
2838 2499 3045 2555 deforis
3095 2511 3176 2555 cst
3205 2501 3368 2555 homo
3402 2509 3590 2554 noster

2013 2592 2381 2659 corrumpitur
2408 2631 2423 2656 ,
2455 2593 2550 2646 sed
2578 2595 2849 2662 quiintus
2885 2603 2968 2650 est
3016 2604 3340 2649 renovatur.
3383 2613 3403 2646 ι
3443 2595 3607 2647 late--

2017 2684 2175 2738 rioris
2230 2695 2413 2738 autem
2461 2685 2699 2741 hominis
2744 2688 3025 2744 renovatio
3052 2686 3166 2760 (85)
3194 2723 3209 2753 ,
3246 2695 3438 2754 utpote
3491 2687 3589 2756 qui

2011 2786 2093 2829 est
2126 2776 2463 2831 rationabilis
2511 2786 2564 2831 et
2597 2778 2726 2848 (86)
2755 2793 2909 2834 mens
2933 2819 2950 2848 ,
3001 2779 3056 2834 in
3098 2781 3378 2849 agnitione
3407 2780 3499 2834 Dei
3531 2785 3611 2833 εις

2011 2867 2314 2935 capacitate
2342 2869 2518 2923 sancti
2549 2867 2785 2938 Spiritus
2815 2879 3050 2925 constat.
3073 2869 3276 2926 Verum
3313 2883 3373 2925 ut
3403 2871 3604 2942 aliqua.

2012 2956 2079 3010 de
2134 2964 2243 3010 tam
2300 2959 2589 3027 profundis
2624 2960 2785 3014 rebus
2829 2959 3072 3016 breviter
3098 2975 3163 3014 ac
3201 2961 3433 3016 strictim
3470 2961 3587 3032 (87)

2008 3048 2173 3102 etiam
2218 3049 2484 3104 chartulis
2528 3052 2938 3107 committamus
2966 3091 2982 3118 ,
3016 3055 3251 3124 ex'ipsa
3305 3055 3612 3111 interioris.

2010 3139 2266 3206 hominis,
2295 3139 2399 3194 hoc
2435 3149 2541 3204 est,
2577 3141 2774 3196 animae
2802 3142 3117 3212 mentisque
3146 3145 3450 3202 substantia
3470 3146 3604 3202 cel--

2008 3231 2240 3300 ligamus
2292 3232 2582 3302 imaginem
2616 3272 2632 3297 ,
2685 3234 2958 3302 quomodo
2991 3237 3277 3292 «vanitati
3326 3248 3607 3293 creatura--

318 3308 577 3378 temporis
595 3308 738 3362 illius
761 3322 870 3376 quo
893 3306 1182 3362 revelanda
1207 3316 1290 3362 est
1318 3307 1487 3377 gloria
1518 3308 1752 3362 ﬁliorum
1771 3307 1890 3374 Dei,

2008 3321 2243 3389 subjecta
2276 3332 2360 3377 est
2395 3339 2500 3376 non
2524 3322 2735 3391 volens,
2761 3326 2852 3379 sed
2882 3334 3103 3395 propter
3133 3341 3256 3382 eum
3289 3329 3382 3396 qui
3406 3329 3590 3397 subje-

317 3401 425 3456 hoc
458 3411 561 3464 est,
590 3417 713 3457 cum
767 3403 1156 3458 revelabuntur
1189 3419 1250 3459 ea
1282 3417 1401 3471 quae
1429 3412 1728 3473 praeparata
1769 3414 1896 3459 sunt

317 3493 402 3548 his
426 3495 517 3564 qui
555 3494 648 3550 ﬁlii
675 3496 768 3551 Dei
798 3511 920 3551 esse
952 3497 1309 3552 merebuntur
1336 3494 1472 3567 (80),
1494 3506 1586 3550 aut
1605 3507 1753 3550 certe
1773 3513 1894 3552 cum

318 3585 502 3640 ablato
531 3587 600 3640 ab
627 3587 712 3642 his
736 3587 1010 3642 velamine
1044 3604 1150 3657 quo
1172 3587 1522 3659 obteguntur,
1554 3587 1891 3644 manilestati

314 3676 522 3731 fuerint
550 3677 649 3747 ipsi
685 3681 810 3748 quia
841 3679 936 3733 lilii
967 3680 1227 3734 Deisunt.
1253 3679 1383 3746 Quae
1411 3689 1591 3732 autem
1622 3689 1705 3734 est
1744 3695 1895 3734 crea-

316 3775 436 3815 tura
465 3780 584 3833 quze
621 3784 640 3816 ε
671 3767 1058 3821 revelationem
1115 3769 1348 3822 ﬁliorum
1382 3769 1473 3822 Dei
1501 3771 1832 3838 exspectat?
1871 3789 1890 3822 ι

314 3852 461 3921 Haec,
499 3854 714 3926 inquit,
772 3872 891 3927 quae
928 3875 1071 3914 nunc
1101 3877 1120 3911 ς
1157 3861 1389 3913 vanitati
1420 3859 1662 3928 subjecta
1692 3870 1819 3916 est:
1871 3879 1890 3912 ι

313 3943 561 4012 subjecta
591 3954 771 4001 autem
807 3966 825 3999 ι
863 3963 966 4004 non
991 3949 1199 4015 volens,
1234 3967 1253 4002 ι
1285 3965 1389 4005 nec
1423 3959 1623 4019 sponte
1650 3952 1892 4021 pr0pria,

311 4037 410 4091 sed
443 4037 727 4094 voluntate
754 4040 872 4110 ejus
913 4042 1005 4111 qui
1035 4041 1315 4112 dispensat
1353 4042 1636 4097 universa.
1663 4041 1895 4113 Propter

313 4129 488 4198 ipsum
522 4146 654 4200 ergo
686 4131 799 4202 (81)
841 4131 1084 4200 subjecta
1114 4142 1237 4199 est;
1286 4131 1527 4202 subjecta
1576 4143 1754 4188 autem
1786 4150 1890 4190 non

315 4233 379 4273 ca
407 4220 720 4277 conditione
756 4230 814 4276 ut
848 4232 1068 4277 maneat
1103 4238 1321 4293 semper
1345 4224 1586 4295 subjecta
1623 4227 1848 4281 vanitati
1875 4267 1890 4293 ,

312 4310 407 4365 sed
457 4327 580 4367 cum
628 4313 867 4381 quadam
919 4327 1033 4382 spe.
1075 4313 1206 4380 Quae
1238 4324 1422 4368 autem
1472 4315 1544 4368 sit
1582 4330 1712 4386 Spes
1743 4318 1843 4370 ista
1877 4356 1892 4381 ,

311 4413 726 4470 commemorat,
757 4403 987 4460 dicens:
1025 4423 1060 4456 ι.
1082 4406 1346 4472 Quoniam
1378 4416 1433 4463 et
1464 4410 1606 4477 ipsa,
1638 4427 1658 4458 ι
1692 4409 1887 4477 inquit,

317 4513 344 4546 ι
378 4505 631 4552 creatura
661 4497 980 4553 liberabitur
1022 4513 1051 4551 a
1086 4499 1352 4553 servitute
1405 4500 1804 4570 corruptionis,
1837 4501 1890 4554 in

312 4589 619 4646 libertatem
648 4592 833 4660 gloria:
874 4592 1112 4647 ﬁliorum
1147 4591 1262 4647 Dei.
1294 4611 1314 4643 ι
1350 4592 1440 4647 Ait
1474 4603 1655 4648 autem
1689 4592 1892 4648 Paulus

2004 3414 2083 3467 cit
2109 3429 2226 3468 eam
2273 3414 2326 3467 in
2358 3415 2558 3484 spe“;
2599 3435 2618 3468 ι
2659 3427 2713 3472 et
2755 3418 2954 3486 ipsum,
3002 3419 3050 3474 si
3083 3420 3318 3488 videtur,
3349 3421 3580 3476 Paulum

2005 3520 2270 3574 ponamus
2311 3506 2362 3560 in
2395 3508 2598 3575 medio,
2643 3509 2800 3580 cujus
2844 3512 3036 3581 utique
3073 3513 3254 3566 anima
3283 3513 3369 3568 vel
3403 3530 3584 3580 mens,

2003 3600 2096 3668 qui
2127 3607 2212 3654 est
2246 3597 2471 3655 interior
2511 3599 2628 3671 ejus
2657 3603 2841 3670 homo,
2875 3606 3284 3675 supergreditur
3307 3617 3361 3661 et
3388 3619 3585 3662 ascen-

2005 3689 2083 3742 dit
2117 3704 2277 3744 omue
2302 3691 2447 3759 quod
2476 3706 2799 3762 corporeum
2837 3704 2918 3748 est
2941 3735 2956 3761 ,
2989 3695 3134 3764 quod
3167 3695 3408 3761 visibile,
3436 3700 3588 3766 quod

2003 3783 2191 3839 sensui
2222 3783 2468 3854 subjacet
2493 3794 2547 3838 et
2580 3787 2847 3855 aspectui,
2872 3796 2928 3840 et
2956 3787 3126 3857 ipsius
3154 3787 3348 3843 divinae
3371 3799 3598 3846 natura},

2002 3874 2235 3930 efﬁcitur
2276 3890 2473 3946 capax.
2503 3875 2611 3932 Sed
2647 3879 2761 3931 haec
2798 3889 2947 3932 tanta
2977 3887 3033 3932 et
3065 3878 3185 3933 talis
3220 3877 3336 3951 (88)
3383 3881 3586 3935 anima:

2003 3966 2124 4036 ejus
2148 3967 2455 4021 substantia
2490 3983 2614 4038 qua:
2645 3968 2886 4023 rationes
2923 3977 2978 4023 et
3008 3969 3426 4040 intelligentiam
3456 3986 3590 4027 cate

2003 4059 2222 4115 lestium
2285 4061 2702 4130 divinorumque
2743 4075 3001 4116 sensuum
3055 4071 3199 4117 tenet
3248 4061 3466 4135 (quibus
3513 4079 3585 4119 ex

2002 4154 2202 4218 causis,
2239 4153 2378 4208 Deus
2406 4152 2650 4225 viderit),
2671 4153 2911 4222 subjecta
2944 4163 3027 4210 est
3059 4157 3308 4211 servituti
3333 4161 3592 4228 corporis

2003 4246 2409 4315 corruptibilis,
2460 4257 2515 4300 et
2543 4246 2769 4300 vanitati
2811 4245 2929 4315 ejus
2957 4247 3204 4302 devincta
3246 4258 3353 4304 est.
3386 4249 3582 4305 Consi-

2004 4339 2136 4392 dera
2165 4338 2311 4392 enim
2363 4339 2717 4395 necessitates
2745 4339 3012 4408 corporis,
3052 4342 3415 4410 appetentiam
3445 4344 3586 4412 cibi,

2002 4431 2364 4500 digestionum
2392 4431 2656 4500 pudorem
2685 4430 2797 4502 (89)
2828 4471 2844 4497 ,
2883 4432 3218 4500 posteritatis
3261 4435 3581 4502 reparandae

2004 4525 2412 4590 verecundiam,
2464 4533 2522 4578 ut
2562 4525 2766 4579 seritur
2799 4523 3127 4590 soboles,,ut
3153 4525 3353 4591 editur,
3383 4537 3443 4582 ut
3477 4543 3581 4580 nu-

2002 4617 2166 4669 tritur
2205 4632 2220 4680 ;
2273 4625 2326 4670 et
2375 4616 2499 4670 vide
2541 4616 2595 4669 in
2641 4616 2728 4669 his
2771 4623 2978 4684 quanta
3030 4617 3242 4672 vanitas
3291 4617 3592 4684 habeatur,

311 4680 456 4737 scire
475 4697 534 4737 se
560 4691 616 4736 et
642 4685 850 4738 similes
883 4684 1008 4749 sibi,
1060 4704 1080 4736 ι
1120 4685 1380 4755 quoniam
1415 4686 1595 4740 omnis
1636 4697 1888 4741 creatura
1923 4723 1970 4780 Β
1999 4721 2202 4778 quanta
2255 4710 2537 4777 corruptio
2562 4751 2575 4776 ’
2618 4711 2703 4763 cui
2752 4680 3006 4764 C}calura
3051 4710 3248 4763 animm
3293 4709 3490 4763 ηουηεε
3519 4680 3579 4764 δέ

311 4775 670 4842 congemiscit
693 4783 752 4829 et
776 4776 1025 4830 condolet
1058 4793 1231 4848 usque
1263 4777 1463 4844 adhuc,
1505 4797 1523 4828 ι
1557 4778 1678 4842 veL,
1726 4789 1787 4833 ut
1831 4781 1882 4833 in

373 4889 418 4921 ⁸⁷
449 4889 493 4944 lI
511 4890 634 4945 Cor.
666 4906 738 4956 tv,
770 4892 855 4944 17.
933 4892 978 4924 ⁸³
1011 4891 1050 4944 ll
1082 4892 1207 4949 Cor.
1238 4895 1437 4959 1,5-"
1504 4892 1660 4947 Rom.
1692 4909 1811 4959 vui,
1843 4893 1934 4949 18.

311 4959 417 5015 "ll
448 4960 576 5015 Cor.
612 4977 684 5028 tv,
712 4962 800 5016 16.
901 4963 947 4994 νδ
977 4963 1130 5018 Rom.
1167 4980 1263 5018 vm
1283 5005 1298 5028 ,
1326 4965 1416 5017 20.

383 5054 498 5176 (7;!)
525 5053 697 5176 Aliasl,
731 5073 751 5106 ι
781 5056 836 5112 in
864 5057 1190 5112 immensum
1224 5057 1387 5112 nobis
1417 5067 1678 5112 aeternum
1706 5055 1893 5124 gloriae

387 5143 434 5176 Ill
461 5140 544 5176 IIS.
582 5143 600 5175 ι
637 5140 667 5176 ϐ
696 5143 744 5176 C.

349 5133 544 5188 nudus,
582 5143 600 5175 ι
637 5133 744 5180 etc.

313 5139 544 5192 ponuus,
582 5143 600 5175 ι
637 5139 744 5180 etc.

389 5193 502 5264 (78)
540 5193 632 5250 Sic
653 5204 803 5250 recte
837 5212 941 5252 ms.
975 5210 1121 5250 unus
1149 5195 1353 5266 Regius
1385 5211 1533 5251 num.
1572 5195 1735 5252 1659.
1767 5197 1886 5252 Cae-

315 5270 414 5318 teri
442 5279 570 5318 vero
599 5279 729 5319 mss.
757 5275 814 5321 et
839 5268 991 5330 editi,
1036 5283 1064 5316 «-
1089 5274 1183 5318 aut
1213 5267 1266 5320 in
1295 5281 1571 5322 mensura.
1613 5286 1634 5319 ι

383 5334 496 5405 (79)
525 5333 697 5406 Alias,
734 5355 754 5386 ε
795 5337 900 5392 Sed
934 5338 1101 5391 etiam
1133 5335 1220 5390 illa
1259 5346 1458 5406 potest,
1491 5355 1510 5388 ι
1554 5344 1662 5392 etc.
1689 5375 1706 5400 ,
1762 5337 1836 5391 al.
1868 5377 1883 5402 ,

317 5421 337 5455 ι
369 5409 448 5475 sic
476 5403 652 5475 et_illa
683 5416 883 5475 potest,
924 5425 942 5458 ι
975 5416 1081 5461 etc.

383 5473 492 5544 (80)
521 5473 736 5544 Editi,}
772 5477 956 5531 vocari
979 5476 1353 5530 merebuntur.
1393 5493 1413 5527 ι

387 5531 502 5614 (81)
535 5531 697 5614 Ergo.
723 5545 888 5610 Editi,
925 5565 943 5597 ι
977 5555 1179 5599 autem.
1217 5563 1237 5597 ι

382 5613 691 5684 (82)·Εόῖιί,
733 5634 753 5666 ι
787 5617 944 5669 alicui
976 5616 1292 5684 quidquam,
1335 5632 1354 5666 ι
1394 5615 1552 5669 male.

384 5683 498 5751 (85)
532 5683 699 5747 Editi,
737 5704 756 5736 ‹
793 5686 894 5740 sibi
930 5683 1217 5740 rationein.
1257 5704 1278 5737 ι

384 5684 498 5825 (83;
532 5684 699 5767 Editi,
737 5704 756 5736 ‹
793 5686 894 5740 sibi
930 5686 1217 5740 rationein.
1257 5704 1278 5737 ι

311 5753 474 5881 Πῦ(Βξ
539 5753 726 5825 Editi,
769 5771 1053 5827 perperam
1081 5794 1096 5821 ,
1143 5773 1168 5807 ι-
1215 5767 1268 5810 et
1305 5771 1533 5825 corpore
1561 5759 1888 5828 corruptibi-

388 5892 502 5964 (85)
531 5892 622 5950 Sic
647 5891 905 5954 Babanus
937 5906 991 5953 et
1020 5910 1120 5952 ms.
1152 5912 1291 5954 unus
1323 5896 1540 5968 Regius.
1573 5897 1713 5954 Editi
1737 5915 1888 5966 vero,

1995 4799 2337 4853 rationabilis
2373 4797 2499 4852 licet
2523 4813 2628 4851 non
2664 4799 2852 4853 volens
2901 4801 3141 4869 subjecta
3173 4805 3256 4852 est
3280 4838 3296 4862 ,
3326 4797 3578 4868 subjecta

2007 4895 2092 4950 ⁹⁰1
2118 4894 2245 4949 Cor.
2289 4911 2406 4962 xui,
2435 4894 2522 4948 12.
2597 4895 2640 4925 ⁹¹
2676 4892 2870 4948 lJoan.
2892 4895 3041 4959 111,2.
3116 4892 3390 4952 "Coloss.
3420 4909 3482 4960 ιι,
3515 4894 3572 4950 5.

2006 5074 2026 5107 ‹
2070 5052 2350 5108 lnterioris
2383 5060 2562 5108 autem
2589 5052 2826 5106 hominis
2855 5053 2908 5106 in
2941 5051 3026 5105 his
3057 5050 3355 5105 renovatio.
3395 5069 3414 5102 ι
3441 5050 3574 5108 Mss.

1998 5125 2240 5195 quidam,
2278 5143 2301 5195 _¢
2341 5121 2622 5178 lnterioris
2660 5133 2840 5177 autem
2871 5123 3107 5177 hominis
3137 5121 3291 5189 cujus
3333 5137 3572 5178 renova—

1999 5193 2096 5258 tio,
2130 5214 2148 5247 D
2186 5193 2348 5248 male.

2065 5267 2178 5336 (86)
2215 5262 2306 5336 Et.
2338 5263 2498 5336 Deest
2528 5261 2586 5336 in
2608 5262 2787 5316 editis.

2067 5332 2181 5460 (87.)
2211 5335 2378 5400 Editi,
2405 5351 2428 5382 ι
2463 5335 2671 5396 statim,
2703 5351 2722 5384 ι
2753 5333 2912 5386 male.
2949 5332 3154 5387 Deinde
3177 5347 3307 5387 mss.
3344 5333 3566 5401 quidam

2098 5409 2355 5460 tabanus.
2387 5423 2405 5454 ι
2439 5413 2495 5456 et
2523 5404 2696 5460 ipsam
2733 5404 3009 5457 interioris
3034 5403 3303 5460 hominis.
3334 5404 3436 5457 hoc
3458 5415 3566 5460 est.

1991 5417 2046 5460 et
2077 5403 2355 5466 Rabanus,
2387 5423 2405 5454 ι
2439 5413 2495 5456 et
2523 5404 2696 5470 ipsam
2733 5404 3009 5457 interioris
3034 5403 3303 5465 hominis,
3334 5404 3436 5457 hoc
3458 5415 3566 5472 est,

1991 5479 2188 5530 animm
2217 5476 2521 5542 mentisque
2558 5475 2898 5533 substantiae,
2938 5492 2956 5524 ι
2991 5484 3094 5528 etc.
3126 5473 3230 5526 Sed
3266 5474 3458 5527 tnelior
3485 5477 3567 5528 vi-

1994 5549 2157 5601 detur
2188 5546 2348 5599 lectio
2376 5544 2582 5600 codicis
2615 5543 2764 5611 Regii
2819 5559 2969 5598 num.
3002 5543 3140 5599 1659
3167 5555 3222 5596 et
3247 5545 3519 5598 editorum
3546 5586 3563 5612 ,

1993 5632 2155 5685 quam
2184 5615 2238 5668 in
2277 5625 2480 5668 textum
2511 5613 2854 5668 rctinuimus.

2066 5685 2177 5750 (88)
2211 5685 2375 5750 Editi,
2413 5702 2432 5734 ι
2461 5685 2567 5737 Sed
2596 5693 2651 5736 et
2676 5692 2822 5736 tanta
2853 5693 2910 5738 et
2943 5683 3084 5748 talis,
3127 5703 3144 5735 ι
3175 5693 3281 5740 etc.

2066 5753 2178 5826 (89)
2223 5757 2314 5810 Sic
2348 5770 2448 5809 IIIS.
2483 5771 2621 5809 unus
2673 5753 2874 5822 Regius
2910 5772 3058 5810 nunt.
3097 5755 3234 5810 1659
3264 5762 3336 5826 νει
3385 5755 3564 5810 Raba-

1998 5825 2118 5882 nus.
2151 5825 2298 5881 Editi
2329 5839 2458 5880 vero
2484 5831 2538 5881 ct
2566 5840 2695 5880 mss.
2723 5827 2990 5897 plerique,
3027 5845 3045 5878 ι
3078 5825 3442 5895 digestionum
3467 5840 3586 5894 pus-

1999 5911 2187 5955 lOl‘Clll.
2223 5914 2244 5951 1
