4146 6390
541 438 673 486 illi

2039 436 2363 497 ORIGENIS

3671 442 3812 496 “l9.

540 558 723 610 tamen
765 553 819 608 In
868 569 1002 624 spe;
1054 566 1266 628 tempus
1305 560 1555 617 videlicet
1587 575 1814 632 sperans
1846 573 1953 628 quo
1987 557 2122 611 lihe-
2155 559 2197 615 A
2232 555 2342 622 Ego
2375 555 2541 609 etiam
2593 555 2661 608 de
2709 555 3053 627 archangelis
3099 555 3203 611 tale
3247 557 3451 627 aliquid
3503 559 3809 631 intelligere

540 657 716 716 retur,
749 665 873 704 cum
909 651 1146 706 ﬁliorum
1197 653 1290 708 Dei
1325 652 1440 725 (90)
1475 664 1690 722 tempus
1721 653 1995 708 libertatis
2030 651 2123 705 ad-

540 745 775 799 venerit.
808 743 926 799 Hoc
958 755 1044 799 est
1073 761 1203 816 ergo
1232 748 1377 815 quod
1410 759 1467 802 et
1497 749 1548 800 in
1579 749 1700 801 aliis
1733 749 1976 818 apertius
2007 747 2121 816 jam

537 836 606 890 de
629 852 690 892 se
721 837 836 906 ipse
859 839 1073 894 dicebat
1096 840 1408 910 Apostolus,
1427 844 1553 910 quia
1574 842 1710 912 (91),
1736 861 1754 894 ι
1783 845 1909 895 dum
1934 855 2122 896 sumus

540 927 593 980 itt
630 929 940 984 habitacqu
986 931 1551 1003 hoc,ingemisci1uus
1583 937 1651 988 ".
1701 955 1721 989 ι
1770 935 1883 992 lloc
1922 945 1982 992 et
2022 936 2124 991 Sa-

537 1020 740 1088 pientia
773 1038 868 1092 per
901 1023 1250 1082 Salomonem
1273 1028 1510 1092 dicebat,
1551 1029 1675 1097 quia
1709 1045 1728 1080 1
1766 1027 2122 1098 corruptibile

539 1125 737 1179 corpus
791 1125 1052 1183 aggravat
1098 1118 1362 1182 animant,
1389 1129 1444 1174 et
1480 1119 1735 1188 deprimit
1772 1132 1989 1175 terrena
2025 1120 2121 1174 ha-

538 1203 731 1257 bitatio
782 1219 1004 1260 sensmn
1059 1207 1226 1262 multa
1261 1210 1596 1278 cogitantem
1641 1211 1723 1275 ";
1785 1229 1805 1263 ι
1861 1221 1915 1264 et
1976 1212 2118 1265 idem

537 1292 739 1350 Paulus
771 1314 787 1352 :
830 1313 851 1350 1
907 1297 1042 1352 Dum
1104 1301 1250 1355 enim
1281 1316 1470 1356 sumus
1499 1307 1550 1356 in
1582 1319 1835 1371 corpore,
1873 1303 2119 1372 peregri-

539 1405 738 1445 nantur
766 1407 794 1444 a
828 1391 1057 1448 Domino
1083 1395 1152 1460 ",
1189 1413 1208 1447 ι
1243 1405 1300 1449 et
1329 1397 1479 1465 cupit
1505 1397 1680 1466 magis
1710 1401 2048 1466 peregrinari
2087 1414 2118 1453 a

535 1497 766 1550 corpore
798 1493 853 1538 et
902 1485 1098 1540 adesse
1145 1487 1211 1540 ad
1264 1488 1570 1542 Domimun.
1603 1488 1719 1543 Hoc
1763 1491 1966 1544 indicat
1996 1531 2012 1553 ,
2063 1501 2120 1545 et

537 1576 710 1630 multo
742 1578 983 1645 apertius
1010 1581 1233 1647 exponit
1269 1582 1432 1635 etiam
1465 1583 1518 1636 in
1561 1596 1629 1638 eo
1659 1583 1776 1637 loco
1811 1584 1898 1636 ubi
1933 1585 2066 1639 dicit
2100 1601 2116 1638 :

478 1680 562 1757 ’Λα
602 1670 870 1724 Coarctor
898 1680 1081 1726 autent
1127 1689 1192 1727 ex
1229 1674 1442 1730 duobus
1475 1691 1490 1738 ;
1541 1677 1871 1732 desiderium
1913 1679 2119 1733 habens

491 1745 519 1810 ξ’
536 1761 761 1824 reverti,
793 1771 847 1814 et
875 1778 998 1816 cum
1032 1763 1250 1818 Christo
1285 1781 1439 1831 esse;
1478 1767 1650 1823 multo
1679 1769 1826 1823 enim
1863 1770 2062 1826 melius
2100 1791 2115 1826 :

536 1864 858 1918 permanere
883 1861 1064 1907 autem
1092 1855 1146 1908 in
1182 1870 1352 1910 carne
1393 1859 1570 1929 magis
1602 1863 1969 1915 necessarium
1999 1878 2119 1932 pro-

2223 647 2560 716 prnpbeticis
2594 647 2799 701 invitor
2828 649 3078 718 eloquiis.
3124 651 3262 717 Quid
3321 653 3467 704 enim
3517 661 3678 706 tanta:
3715 670 3812 709 va-

2226 741 2413 794 nitatis
2439 751 2494 794 et
2523 750 2686 795 tanta:
2720 743 3094 812 corruptionis
3139 744 3386 798 invenias
3410 783 3425 809 ,
3456 760 3622 814 quam
3666 747 3806 802 bella

2221 849 2415 904 gerere
2447 835 2500 904 in
2533 835 2637 888 hoc
2687 834 2908 898 mundo.
2939 850 3149 904 pugnas
3181 838 3471 891 adversum
3515 853 3574 893 se
3619 855 3806 907 regunt

2221 935 2277 980 et
2307 926 2548 996 gentium
2580 926 2968 981 commovere?
3000 925 3135 981 Vide
3178 933 3313 996 ergo
3345 929 3492 996 quod
3541 940 3596 983 et
3632 929 3683 982 in
3723 931 3810 986 his

2221 1019 2556 1089 praecipuum
2571 1017 2938 1089 archangelici
2952 1018 3137 1089 cperis
3155 1019 3386 1074 habetur
3409 1022 3646 1076 ollicimu
3668 1024 3806 1091 (96),

2221 1108 2364 1164 sicut
2391 1107 2577 1164 Daniel
2612 1109 2877 1179 pr0pheta
2911 1119 3146 1165 testatur
3169 1111 3190 1142 '
3219 1126 3345 1164 eum
3373 1111 3529 1171 dicit,
3562 1113 3688 1180 quia
3711 1129 3805 1168 ar-

2220 1200 2524 1270 changels
2565 1201 2880 1269 loqueretur
2915 1201 2979 1254 ad
3017 1216 3168 1265 eum,
3201 1200 3294 1271 qui
3335 1203 3542 1256 diceret
3573 1205 3624 1257 ei
3659 1205 3807 1272 quod

2220 1295 2548 1365 pugnaverit
2578 1293 2746 1366 598
2775 1297 3064 1350 adversum
3115 1296 3416 1366 principem
3469 1295 3760 1350 Persarum
3787 1337 3805 1361 ,

2225 1405 2244 1438 1
2281 1397 2336 1442 et
2365 1401 2546 1453 nemo,
2583 1405 2603 1438 ι
2638 1387 2833 1458 inquit,
2867 1405 2885 1440 1
2917 1387 3019 1442 fuit
3047 1388 3179 1443 mihi
3215 1387 3506 1454 adjutorio,
3545 1390 3646 1444 nisi
3684 1391 3800 1460 (97)

2219 1479 2448 1536 Michael
2497 1481 2750 1550 princeps
2775 1489 2958 1536 vester
2988 1479 3032 1537 ⁸.
3069 1499 3088 1533 ι
3129 1479 3234 1534 ['er
3272 1480 3386 1534 hate
3425 1496 3558 1549 ergo
3587 1481 3802 1550 singula

2218 1572 2646 1642 deprehenditur
2672 1571 3018 1627 rationabilis
3054 1589 3073 1622 1
3108 1581 3361 1625 creatura
3386 1571 3613 1626 vanitati
3641 1589 3661 1622 ι
3681 1586 3807 1626 esse

2225 1686 2246 1718 1
2284 1666 2527 1735 subjecta
2560 1682 2668 1720 non
2713 1665 2924 1732 volens,
2960 1667 3052 1720 sed
3087 1676 3311 1735 propter
3339 1682 3468 1719 eum
3502 1666 3593 1735 qui
3623 1665 3808 1735 subje-

2219 1762 2294 1813 cit
2338 1759 2389 1813 in
2420 1774 2516 1829 spe
2546 1760 2612 1813 δ’.
2654 1776 2676 1811 ι
2705 1757 2843 1828 Spes
2869 1772 3102 1826 namque
3129 1769 3212 1812 est
3247 1757 3316 1811 ab
3358 1759 3444 1812 his
3491 1761 3650 1814 rebus
3677 1777 3806 1815 cor-

2223 1851 2404 1919 poreis
2459 1861 2514 1905 et
2576 1850 3030 1921 corrttptibilibus
3089 1849 3385 1920 aliquando
3446 1855 3803 1908 cessandum.

536 1913 662 2008 pter
689 1956 786 1997 vos
811 1942 859 1975 ⁸⁸
889 1944 1026 2016 (9‘2).
1065 1963 1086 1998 ι
1119 1945 1174 2000 1η
1205 1963 1314 2016 quo
1339 1913 1529 2018 apertve
1554 1913 1808 2006 ostendit
1829 1913 1972 2020 quod
2001 1913 2115 2010 rnon
2153 1913 2190 1966 Β
2224 1943 2374 1998 llauc
2400 1943 2544 1997 enim
2573 1942 2738 1997 habet
2768 1943 3236 2013 exspecmtionem
3265 1953 3516 1997 creatura
3555 1945 3660 1998 ista
3711 1961 3800 1998 ra-

538 2031 747 2097 volens,
775 2045 1036 2104 quantum
1071 2039 1137 2090 ad
1161 2053 1224 2093 ea
1249 2052 1463 2109 spectat
1491 2057 1613 2112 quae
1633 2046 1832 2100 anima:
1854 2063 1966 2102 sua:
1996 2064 2120 2102 con-

533 2125 681 2180 scius
710 2135 873 2191 erat,
923 2131 1262 2200 corruptioni
1304 2133 1431 2188 huic
1469 2135 1811 2206 vanitatique
1839 2140 2071 2195 serviret
2101 2184 2117 2210 ,

533 2216 630 2271 sed
663 2227 884 2288 propter
913 2235 1036 2274 cum
1067 2223 1158 2290 qui
1193 2223 1306 2278 have
1343 2225 1414 2277 ita
1437 2225 1626 2292 voluit,
1653 2237 1710 2280 et
1739 2238 1961 2298 propter
1992 2245 2117 2295 nos,

535 2315 596 2361 ut
626 2309 758 2362 salvi
792 2325 914 2365 esse
940 2314 1234 2382 possimus.
1254 2314 1548 2372 Permanet
1572 2331 1703 2386 ergo
1738 2320 1792 2374 in
1818 2335 1985 2377 carne
2003 2325 2116 2392 (95)

534 2410 760 2469 propter
787 2417 888 2457 nos
919 2422 932 2458 :
968 2414 1027 2457 ut
1057 2417 1241 2461 autent
1289 2410 1513 2463 revelati
1545 2408 1752 2467 fuerint
1781 2413 1874 2468 ﬁlii
1908 2415 2026 2483 Dei,
2062 2427 2116 2471 et

533 2495 845 2562 congregati
899 2496 952 2548 in
1007 2513 1173 2551 unmn
1206 2513 1303 2567 per
1361 2500 1662 2556 Ecclesiam
1714 2520 1877 2574 quam
1930 2511 2119 2563 statuit

539 2601 559 2636 1
595 2585 686 2638 uni
717 2586 856 2651 viro,
884 2589 1151 2659 virginem
1183 2603 1392 2646 castam
1427 2597 1689 2653 exhibere
1722 2598 1946 2656 Christo
1979 2603 2049 2667 θ’,
2091 2622 2111 2655 ι

537 2685 667 2730 tunc
699 2689 754 2733 et
787 2679 902 2748 ipse
946 2680 1274 2738 liberabitur
1320 2702 1347 2739 a
1386 2689 1650 2745 servitute
1699 2695 2072 2762 corruptionis
2097 2739 2114 2764 ,

535 2772 680 2827 sicut
721 2784 778 2830 et
807 2777 922 2845 ipse
951 2778 1122 2834 dicit:
1165 2798 1183 2831 1
1221 2781 1333 2852 Ego
1365 2794 1544 2840 autem
1589 2787 1701 2857 jam
1749 2789 2028 2856 immolor,
2059 2802 2116 2847 et

537 2873 752 2934 tempus
800 2869 1151 2928 resolutionis
1199 2889 1334 2928 mea:
1364 2875 1554 2935 instat.
1596 2880 1832 2934 Cursum
1859 2897 2118 2938 consum-

536 2959 700 3023 mavi,
735 2961 894 3017 ﬁdem
927 2968 1140 3021 servavi
1169 2981 1188 3022 ς
1213 2973 1281 3022 de
1310 2979 1506 3025 cancro
1557 2975 1794 3042 reposita
1845 2986 1929 3030 est
1981 2978 2111 3032 tnihi

534 3067 740 3108 corona
766 3054 994 3124 iustitiae
1025 3059 1064 3112 ⁸.
1114 3077 1134 3110 ι
1170 3058 1282 3114 lloc
1316 3068 1402 3115 est
1437 3061 1724 3117 liberatum
1769 3080 1891 3121 esse
1923 3084 1952 3121 a
1990 3083 2109 3122 ser-

535 3144 708 3198 vitute
755 3149 1125 3217 corruptionis
1177 3151 1231 3205 in
1269 3153 1580 3209 libertatem
1629 3156 1818 3226 glorite
1871 3160 2108 3215 ﬁliorum

2222 2035 2527 2095 tionahilis,
2577 2045 2637 2088 ut
2681 2035 2946 2089 revelatio
2993 2034 3088 2089 ﬁat
3147 2035 3382 2089 ﬁliorum
3437 2035 3528 2089 Dei
3582 2047 3806 2106 prepter

2221 2143 2360 2194 quos
2412 2128 2595 2195 angeli
2651 2127 2945 2189 tnittuntur
2975 2127 3028 2181 in
3060 2127 3422 2182 ministerium
3455 2170 3471 2195 ,
3505 2139 3564 2182 ut
3612 2141 3667 2183 et
3704 2128 3804 2198 ipsi

2221 2235 2343 2274 cum
2367 2219 2451 2274 his
2475 2218 2678 2288 quibus
2703 2219 3159 2274 ministraverunt
3190 2220 3564 2275 luereditatem
3583 2223 3806 2291 capiant

2222 2311 2412 2367 salutis
2445 2313 2491 2378 ",
2523 2320 2583 2364 ut
2606 2312 2947 2366 terreatrium
2979 2322 3030 2365 et
3060 2311 3366 2367 caelestium
3393 2313 3488 2368 ﬁat
3511 2329 3650 2369 unus
3672 2330 3803 2383 grex

2222 2413 2273 2456 et
2311 2418 2452 2458 unus
2503 2417 2688 2474 pastor
2713 2405 2756 2468 ⁸,
2795 2415 2851 2459 et
2909 2423 2928 2456 1
2982 2407 3053 2460 sit
3109 2406 3252 2460 Deus
3292 2409 3478 2462 omnia
3529 2407 3582 2460 in
3627 2409 3807 2462 omni-

2221 2497 2322 2550 bus
2351 2499 2394 2548 θ.
2429 2514 2447 2547 ι
2487 2496 2555 2550 Et
2597 2508 2657 2550 ut
2694 2497 3002 2551 evidentius
3036 2498 3104 2551 de
3135 2498 3219 2551 his
3255 2512 3374 2568 qua:
3405 2498 3619 2552 dixerat
3667 2515 3804 2553 con-

2223 2593 2505 2656 ﬁrmaret,
2539 2590 2749 2644 addidit
2780 2608 2794 2644 :
2827 2608 2846 2641 1
2887 2590 3106 2645 Scimus
3139 2592 3284 2646 enim
3337 2594 3594 2661 quoniam
3627 2596 3808 2649 onmis

2221 2693 2474 2736 creatura
2505 2683 2894 2752 congemiscit,
2927 2692 2981 2735 et
3007 2683 3259 2738 condolet
3289 2700 3459 2754 usque
3488 2686 3670 2741 adhuc
3700 2687 3762 2739 ‘°.
3782 2706 3801 2738 ι

2221 2775 2486 2842 Superius
2529 2776 2742 2830 dixerat
2774 2793 2788 2828 :
2820 2794 2840 2826 1
2899 2775 3168 2831 Existimo
3214 2778 3360 2831 enim
3406 2779 3662 2846 quoniam
3698 2795 3804 2832 non

2218 2879 2344 2924 sunt
2374 2869 2658 2938 condigna:
2681 2869 2965 2938 passiones
2996 2869 3157 2937 hujus
3184 2871 3444 2938 temporis
3468 2872 3535 2924 ad
3559 2870 3803 2925 loturam

2221 2962 2452 3030 gloriam
2490 2963 2574 3026 “;
2621 2982 2638 3014 ι
2680 2973 2890 3018 etcum
2937 2963 3009 3016 ibi
3045 2978 3105 3016 se
3135 2963 3455 3025 existimare
3485 2965 3708 3028 dixerit,
3748 2966 3802 3019 in

2229 3059 2312 3111 his
2343 3057 2488 3112 scire
2521 3071 2581 3111 se
2609 3057 2739 3110 dicit
2765 3055 2906 3124 quod
2935 3057 3116 3109 omnis
3146 3065 3400 3109 creatura
3437 3057 3806 3124 congemiscat

2216 3159 2272 3201 et
2318 3147 2607 3204 condoleat
2637 3147 2750 3218 (98)
2778 3186 2794 3211 ,
2828 3163 2936 3212 quo
2970 3145 3176 3200 scilicet
3212 3146 3346 3199 nihil
3394 3147 3447 3200 in
3486 3148 3590 3202 hoc
3641 3163 3802 3202 sensu

531 3237 654 3293 Dei.
685 3238 791 3294 Sed
825 3241 894 3296 ab
929 3242 1035 3305 his,
1067 3243 1113 3298 si
1147 3244 1382 3309 videtur,
1427 3249 1695 3318 exemplis
1723 3252 1890 3306 etiam
1922 3255 1989 3308 ad
2023 3272 2111 3308 su-
2139 3257 2183 3314 ο
2221 3241 2586 3296 dubitationis
2638 3240 2925 3294 habeatur.
2979 3240 3248 3293 Ct'eatura
3297 3240 3478 3306 enim,
3523 3239 3648 3295 licet
3695 3257 3802 3294 non

525 3329 741 3398 periora
764 3333 1093 3399 conscende,
1119 3344 1176 3390 et
1203 3335 1328 3390 vide
1363 3337 1534 3406 ipsius
1572 3339 1724 3408 solis,
1755 3353 1810 3396 et
1848 3342 2013 3409 lunae,
2043 3361 2109 3399 ac

523 3419 807 3477 stellarum
836 3424 984 3491 caeli,
1005 3435 1060 3479 et
1092 3427 1258 3482 totius
1280 3431 1466 3484 mundi
1493 3433 1792 3489 ministeria
1835 3438 2109 3504 quomodo

525 3511 770 3580 subjecta
809 3525 936 3572 sunt
971 3518 1235 3582 vanitati,
1269 3523 1723 3595 corruptionique
1763 3527 2101 3584 deserviunt.

525 3605 608 3658 Ad
635 3621 768 3662 usus
795 3622 1030 3678 namque
1065 3612 1344 3668 hominum
1381 3614 1533 3670 alunt
1561 3625 1774 3688 segetes
1799 3658 1815 3685 ,
1845 3620 2105 3675 arborum

528 3697 742 3754 fructus
773 3700 888 3772 (94)
941 3705 1289 3772 producunt,
1347 3708 1688 3779 herbamque
1737 3726 2105 3780 camporum:

527 3800 693 3860 atque
737 3795 954 3849 eosdem
1006 3797 1060 3850 in
1089 3813 1148 3853 se
1181 3811 1520 3856 revertentes
1563 3805 1690 3858 anni
1723 3804 1961 3861 circulos
1993 3806 2109 3858 Vul-

524 3893 680 3938 vunt.
717 3885 994 3954 Reparant
1014 3891 1158 3943 enim
1184 3907 1306 3961 qua:
1341 3904 1697 3962 praetereunt,
1731 3907 1786 3952 et
1817 3899 2106 3966 praeterire

523 3989 741 4030 rursum
791 3995 910 4047 qua:
943 3992 1192 4050 reparata
1241 3996 1390 4052 sunt,
1438 3988 1648 4044 sinunt.
1697 3990 1844 4059 Ipsos
1893 4007 2108 4059 quoque

525 4069 783 4136 angelos,
817 4072 862 4125 si
895 4073 965 4126 ad
1008 4077 1335 4131 sententiam
1381 4078 1530 4133 Pauli
1560 4081 1828 4150 reSpicias
1858 4097 1979 4152 quae
2027 4084 2108 4135 di-

523 4161 622 4224 cit,
653 4163 780 4230 quia
813 4179 835 4215 1
857 4179 1046 4220 omnes
1077 4166 1466 4226 ministeriales
1495 4183 1624 4227 sunt
1655 4174 1879 4241 spiritus
1908 4175 1975 4228 ad
2007 4177 2104 4227 mi-

525 4255 808 4310 nisterium
848 4258 994 4314 missi
1035 4270 1260 4330 propter
1307 4277 1401 4319 eos
1448 4265 1540 4336 qui
1589 4266 1961 4320 haereditatem
2013 4283 2106 4320 ca-

524 4347 680 4415 piunt
712 4348 906 4406 salutis
933 4353 978 4416 ',
1014 4370 1033 4404 ι
1071 4353 1345 4425 intelliges
1377 4357 1482 4412 tale
1526 4359 1730 4426 aliquid
1783 4375 1974 4428 gerere
1997 4400 2013 4421 ,
2051 4369 2107 4412 et

528 4437 659 4496 huic
696 4444 1035 4511 eorruptioni
1093 4459 1214 4502 esse
1251 4445 1526 4517 subjectos
1556 4447 1670 4519 (95)
1703 4466 1718 4503 :
1748 4451 1912 4504 credo
1941 4451 2104 4503 etiam

520 4526 672 4598 ipsos
714 4547 822 4586 non
866 4536 1130 4602 volentes,
1174 4539 1266 4592 sed
1315 4549 1534 4610 propter
1575 4554 1699 4594 eum
1741 4542 1832 4610 qui
1872 4541 2108 4610 subjecit

2223 3332 2411 3387 volens
2438 3332 2684 3402 subjecta
2713 3332 2806 3395 sit,
2836 3344 3018 3385 tamen
3067 3332 3320 3398 quoniam
3367 3332 3630 3386 voluntati
3659 3335 3804 3389 cedit

2217 3423 2337 3492 ejus
2371 3425 2463 3494 qui
2497 3423 2754 3492 subjecit,
2783 3422 2952 3477 etiam
2990 3419 3248 3476 aﬁ'ectum
3283 3423 3398 3490 (9‘))
3425 3425 3715 3491 quemdam
3751 3434 3804 3477 et

2219 3516 2545 3570 eharitatem
2579 3515 2726 3570 circa
2776 3529 2872 3568 eos
2903 3513 3127 3568 exhibet
3156 3552 3172 3578 ,
3204 3529 3302 3582 pro
3348 3517 3544 3583 quibus
3587 3516 3805 3571 videtur

2219 3623 2339 3662 esse
2362 3605 2633 3674 subjecta,
2667 3615 2722 3658 et
2754 3620 2852 3674 pro
2883 3605 3164 3660 doloribus
3191 3619 3382 3659 eorum
3411 3608 3577 3670 dolet,
3604 3617 3659 3660 ct
3702 3623 3804 3674 pro

2219 3699 2514 3769 gemitibus
2541 3699 2744 3769 gemit.
2777 3700 2835 3752 Si
2866 3715 2997 3753 vero
3022 3739 3038 3763 ,
3070 3709 3131 3753 ut
3167 3701 3218 3754 in
3247 3699 3366 3754 aliis
3401 3698 3804 3766 exemplaribus

2218 3792 2520 3856 invenitur,
2555 3792 2630 3845 ita
2659 3791 2926 3861 legamus,
2970 3809 2988 3842 1
3023 3794 3381 3864 congemiscit
3406 3806 3461 3847 ct
3490 3793 3744 3862 parturit,
3780 3812 3797 3842 ι

2217 3884 2516 3941 secundum
2550 3882 2702 3937 illum
2756 3898 2978 3937 sensum
3029 3884 3365 3953 accipiemus
3398 3903 3416 3936 1
3461 3883 3737 3953 parturit,
3779 3901 3798 3934 ι

2215 3995 2328 4048 quo
2380 3979 2512 4032 dicit
2563 3978 2857 4047 Apostolus
2907 3977 3162 4045 genuisse
3197 3992 3257 4032 se
3288 3992 3390 4046 per
3444 3975 3800 4046 Evangelium

2213 4086 2308 4125 eos
2339 4084 2475 4139 quos
2510 4084 2606 4137 per
2636 4067 2795 4122 ﬁdem
2842 4067 3043 4121 Christi
3078 4067 3334 4135 produxit
3379 4067 3443 4120 ad
3489 4066 3662 4120 lucem
3699 4067 3742 4096 ¹²
3783 4082 3797 4127 ;

2218 4169 2297 4223 \el
2335 4169 2481 4221 sicut
2510 4167 2575 4219 de
2604 4165 2727 4218 aliis
2753 4163 2878 4216 alibi
2913 4161 2989 4232 (l)
3021 4162 3158 4216 dixit
3191 4183 3201 4216 :
3250 4181 3268 4212 1
3304 4160 3485 4215 Filioli
3518 4161 3622 4215 mei
3663 4175 3802 4229 quos

2218 4263 2412 4313 iterum
2459 4257 2704 4327 parturio
2730 4295 2744 4319 ,
2777 4256 2948 4310 donec
2996 4255 3264 4309 formetur
3307 4253 3560 4308 Christus
3596 4252 3648 4306 in
3701 4267 3801 4304 vo--

2216 4353 2298 4406 bis
2329 4352 2397 4404 ⁸³.
2443 4369 2462 4402 ι
2494 4349 2736 4403 Parturit
2772 4363 2903 4416 ergo
2930 4358 2985 4401 et
3016 4357 3268 4400 creatura
3299 4361 3394 4400 cos
3426 4361 3562 4415 quos
3595 4344 3673 4413 (ξ’.)
3720 4361 3804 4397 re-

2214 4454 2442 4514 generat
2469 4445 2536 4498 ad
2568 4443 2823 4497 salutem.
2859 4441 3014 4506 Quod
3050 4441 3097 4494 si
3125 4437 3293 4494 cti'am
3339 4440 3442 4494 hoc
3494 4438 3801 4508 legentibus

2217 4539 2389 4592 visum
2420 4534 2592 4589 fuerit
2622 4533 3035 4601 requirendum,
3061 4548 3160 4587 cur
3198 4533 3249 4584 in
3278 4530 3658 4599 superioribus
3685 4538 3800 4582 ier-

519 4635 618 4677 eos
647 4623 700 4677 itt
731 4623 881 4693 spe'.
916 4644 936 4678 ι
969 4626 1241 4682 Voluntati
1273 4631 1417 4684 enim
1449 4629 1596 4686 illius
1619 4633 1741 4703 quis
1772 4633 2060 4688 resistit‘?
2082 4654 2100 4684 ι

2219 4631 2290 4684 tio
2315 4628 2679 4682 nominaverit
2701 4634 3035 4689 creaturam,
3065 4635 3121 4678 et
3150 4640 3416 4693 nusquam
3449 4624 3652 4677 dixerit
3681 4638 3800 4677 om-

583 4787 629 4818 ”
659 4785 696 4839 Il
726 4787 848 4842 Cor.
876 4807 925 4850 ν,
955 4792 1007 4844 Δ.
1076 4791 1121 4823 ⁸⁸
1154 4793 1280 4863 Sap.
1318 4811 1393 4856 ix.
1425 4795 1507 4848 15.
1586 4796 1628 4826 ³⁷
1667 4796 1703 4847 ΙΙ
1733 4794 1858 4847 Cor.
1890 4808 1942 4859 ν,
1966 4794 2019 4855 (i,
2053 4795 2104 4850 8.

602 4857 766 4911 Ilebt'.
829 4877 863 4917 ι.
924 4861 1008 4918 14.
1088 4863 1109 4892 ³
1141 4863 1273 4917 lium
1334 4883 1445 4918 \'|tl.
1475 4868 1564 4918 ‘20.
1646 4869 1664 4896 ⁸
1689 4866 1843 4918 lium.
1875 4880 1948 4918 Ix.
1970 4865 2055 4918 19.

2219 4803 2226 4832 ι
2259 4797 2450 4862 Philip.
2487 4810 2528 4858 t,
2558 4793 2648 4845 ‘25.
2724 4792 2770 4823 ’θ
2796 4790 2831 4842 II
2863 4789 2990 4844 Cur.
3016 4808 3070 4851 ιι,
3103 4791 3158 4847 9...

2226 4887 2309 4918 2m.
2341 4885 2393 4918 x.
2423 4865 2506 4918 15.
2579 4863 2600 4893 ⁶
2631 4865 2760 4914 Ιὶςιιι.
2793 4861 2954 4918 mill.
3033 4862 3072 4890 ⁶”
3103 4863 3158 4914 ll:

2134 4872 2155 4902 ⁵
2179 4874 2309 4924 "illi.
2341 4885 2393 4927 Χ,
2423 4865 2506 4918 15.

519 4855 545 4890 ί
602 4857 766 4911 llebr.
829 4877 863 4917 ι.
924 4861 1008 4918 14.
1088 4855 1273 4917 3lloin
1334 4855 1564 4920 \'nt.‘2(l.

519 4928 677 4993 1,14.
745 4928 768 4960 ⁸
794 4929 950 4986 .Ioan.
980 4949 1033 4996 χ,
1073 4935 1156 4987 Hi.

1646 4869 1664 4896 ⁸
1689 4866 1843 4919 ιὶυιιι.
1875 4880 1948 4929 Ix,
1970 4865 2055 4920 19.

596 5110 708 5186 (91))
744 5113 906 5175 Editi,
941 5136 958 5166 1
991 5133 1097 5182 quo
1127 5119 1388 5174 liberetur
1418 5122 1471 5173 in
1509 5121 1634 5174 liliis
1669 5122 1783 5186 Dei,
1815 5139 1940 5176 cum
1971 5133 2107 5177 tem-.

520 5194 626 5249 pus
652 5183 940 5250 iiiwt‘tulia‘,
979 5209 995 5236 ν
1032 5198 1136 5243 etc.

595 5252 709 5320 (91)
747 5255 907 5316 Quin.
946 5258 1293 5310 llesulcralttr
1327 5260 1380 5311 in
1404 5261 1597 5313 editis.

593 5323 707 5394 (υἱ)
738 5325 900 5392 Editi,
947 5346 966 5377 1
1007 5343 1333 5397 permanere
1377 5332 1429 5382 in
1462 5348 1626 5386 carne
1659 5334 1831 5403 magis
1877 5346 2102 5402 propter

558 5408 638 5445 os.
677 5414 696 5444 ι
1193 5428 1199 5435 -

519 5407 553 5447 ν
589 5465 702 5534 (95)
746 5464 888 5519 Editi
916 5506 931 5531 ,
969 5489 989 5518 1
1024 5467 1320 5524 Permanet
1364 5479 1548 5524 autem
1601 5473 1656 5524 in
1704 5488 1870 5530 carne
1893 5515 1907 5536 ,
1942 5495 1960 5524 ι
1994 5483 2101 5526 etc.

528 5535 732 5589 lli-inde
767 5539 1156 5611 mss._quidam
1183 5581 1199 5603 ,
1237 5558 1257 5594 1
1300 5550 1359 5593 ut
1387 5553 1572 5596 autem
1609 5546 1830 5599 revelati
1866 5535 2036 5611 sunt;
2081 5564 2099 5594 ι

523 5619 576 5655 et
603 5616 814 5673 postea.
853 5624 871 5656 1
905 5607 1190 5662 liberatur.
1231 5630 1250 5662 ι

597 5675 709 5733 194)
743 5677 912 5733 Editi.
947 5696 966 5729 1
998 5679 1244 5733 arbores.
1289 5681 1311 5733 τ

597 5687 709 5736 £84)
743 5687 912 5736 Editi,
947 5696 966 5729 1
998 5687 1244 5736 arbores.
1289 5687 1513 5736 fructus.

597 5677 709 5745 194)
743 5677 912 5741 Editi,
947 5696 966 5729 1
998 5679 1244 5748 arbores,
1289 5681 1513 5737 fructus.
1549 5703 1569 5735 ι

601 5745 714 5823 (95)
744 5748 910 5810 Alias,
944 5768 960 5798 1
1001 5749 1104 5802 tale
1127 5753 1255 5817 quid
1289 5767 1501 5821 gerere,
1525 5764 1580 5809 et
1607 5755 1735 5810 huic
1767 5756 1962 5812 rationi
1983 5771 2102 5812 esse

527 5817 834 5876 Sultjectos;
871 5837 888 5866 ι
927 5821 1084 5870 male.

561 5832 834 5878 ttttje’clos;
871 5837 888 5866 ι
927 5832 1084 5870 tttale.

605 5885 716 5952 (96)
742 5885 982 5954 Omcium
1041 5889 1196 5945 Deest
1227 5893 1278 5947 in
1310 5894 1465 5952 libris
1495 5907 1651 5952 antea
1684 5897 1865 5954 editis.

1236 4935 1258 4962 ³
1281 4937 1300 4988 l
1327 4935 1452 4990 Cur.
1488 4953 1577 5001 xv,
1608 4938 1679 4990 9.8
1775 4938 1818 4969 ¹⁰
1855 4934 2011 4988 lium.
2045 4952 2162 5005 vttt.
2195 4941 2287 4999 ‘22.

3240 4790 3255 4821 ¹
3283 4789 3321 4842 ll
3353 4789 3494 4842 Tim.
3536 4805 3610 4849 tv,
3666 4788 3800 4842 6—8.

3033 4862 3072 4890 “
3103 4863 3259 4916 linit}.
3289 4877 3407 4922 vm.
3433 4861 3524 4914 ‘20.
3589 4861 3608 4891 "
3633 4859 3798 4912 llebr.

2579 4863 2600 4893 ⁶
2631 4865 2760 4914 Dan.
2793 4861 2954 4923 miti.
3033 4862 3072 4890 ⁶”
3103 4863 3259 4916 linit}.
3289 4877 3407 4922 vni.
3433 4861 3524 4914 ‘20.
3589 4861 3608 4891 "
3633 4861 3796 4912 Ilebr.

2604 4935 2689 4987 18.
2766 4931 2998 4985 ¹²11]‹η·.
3029 4949 3099 4994 ιν,
3134 4933 3219 4986 15.
3299 4931 3344 4962 ⁸³
3384 4931 3560 4985 Gulal.
3600 4947 3673 4994 tv,
3713 4923 3796 4984 i9.

2368 4939 2408 4970 ¹¹
2445 4936 2575 4991 ibid.
2604 4935 2689 4987 18.
2766 4933 2807 4962 ¹²
2830 4934 2845 4984 Ι
2872 4931 2998 4985 Cur.
3029 4949 3099 4998 tv,
3134 4933 3219 4986 15.

2282 5119 2404 5189 (97)
2428 5117 2595 5178 Editi,
2617 5135 2648 5189 _1
2680 5125 2738 5189 et
2769 5130 2949 5189 uelum
2976 5114 3174 5189 inquit,
3200 5113 3300 5165 fuit
3333 5113 3384 5166 in
3413 5112 3746 5181 adjutoriutn
3776 5132 3795 5164 ο

2217 5184 2337 5258 (al).
2374 5184 2394 5240 ἑ
2432 5189 2534 5240 fuit
2560 5185 2689 5240 tnilti
2723 5185 2960 5258 adjutor)
2993 5184 3122 5258 nisi,
3162 5203 3180 5234 ι
3211 5195 3314 5258 etc.

2291 5260 2404 5328 (98)
2437 5259 2599 5318 Editi,
2641 5275 2657 5307 1
2707 5265 2761 5309 et
2788 5255 2840 5328 in
2877 5255 2961 5307 his
2991 5256 3150 5328 scire
3179 5271 3237 5308 se
3268 5253 3402 5307 dixit
3445 5255 3588 5328 quod
3619 5255 3801 5308 omnis

2211 5325 2462 5384 creatura
2491 5327 2848 5397 congemiscit
2873 5335 2927 5378 et
2955 5325 3212 5397 condolet
3244 5340 3414 5397 usque
3438 5325 3636 5379 adhuc.
3680 5343 3697 5374 ι

2285 5400 2400 5470 (99)
2457 5395 2616 5454 Editi
2645 5398 2893 5468 plerique
2917 5435 2932 5461 ,
2975 5416 2992 5446 1
3031 5395 3123 5464 qui
3178 5395 3413 5464 subjecit
3459 5411 3580 5449 eam
3609 5437 3624 5462 ,
3662 5395 3797 5448 alie.-

2212 5483 2385 5526 clum.
2422 5490 2440 5520 ι
2477 5479 2584 5524 etc.

2286 5512 2934 5607 'Desitlcratur
2958 5536 3012 5589 in
3035 5537 3218 5601 editis,
3240 5537 3332 5606 qui.
3359 5546 3548 5606 postea
3571 5536 3795 5600 nabent,

2220 5631 2238 5661 1
2287 5612 2461 5664 Filiuti
2496 5611 2599 5662 mei
2649 5624 2787 5676 quos
2830 5607 3007 5663 adhuc
3037 5609 3284 5675 parturiu
3311 5651 3323 5674 ς
3366 5627 3384 5657 ι
3425 5609 3565 5662 sicut
3591 5615 3649 5661 et
3688 5623 3793 5660 ms.

2216 5699 2357 5735 unus
2385 5682 2602 5750 Regius.

2287 5752 2364 5820 (2)
2401 5747 2490 5804 Sic
2523 5766 2620 5803 tus.
2653 5765 2795 5802 unus
2831 5747 3029 5813 Regius
3067 5764 3216 5820 nunt.
3245 5749 3409 5812 1659,
3444 5747 3704 5802 Rabanus
3739 5759 3797 5804 et

2210 5817 2361 5876 editi.
2387 5822 2509 5874 Mss.
2545 5836 2674 5872 vero
2701 5826 2805 5872 duo
2833 5820 3053 5879 habent.
3091 5837 3110 5870 1
3145 5817 3382 5874 Parturit
3405 5834 3536 5890 ergo
3563 5827 3620 5876 et
3643 5827 3802 5875 creat

2211 5911 2326 5958 eos,
2368 5907 2525 5962 quos,
2569 5909 2584 5940 t
2623 5901 2726 5942 etc.
