4146 6450
473 431 611 485 Ml?»

473 546 556 600 nis
600 555 851 601 ereatura
894 566 909 613 ;

471 637 614 690 enim
646 641 899 706 quoniam
939 640 1114 694 oniiiis
1144 651 1391 696 creatura
1429 648 1800 716 congemiscit,
1833 659 1887 701 et
1913 665 2045 702 cou-

473 726 618 780 dolet
656 727 701 759 “
728 728 805 797 (5)
841 751 851 783 :
887 749 904 780 ι
939 738 1116 796 potest
1161 730 1241 785 sic
1269 731 1495 803 intelligi
1523 775 1538 800 ,
1566 737 1693 806 quia
1726 753 1830 791 non
1868 739 2048 794 omnis

471 819 686 888 quidem
719 821 793 888 (l)
841 832 1088 876 creatura
1120 831 1204 878 est
1254 839 1372 893 qua:
1426 826 1732 898 ingemiseit
1772 838 1827 883 et
1872 829 2037 898 dolet,

474 910 577 964 hoc
603 920 688 966 est
735 927 856 980 quae
902 915 1215 970 necessitati
1238 917 1485 987 corporis
1513 920 1884 990 corruptibilis
1912 922 2044 976 sub-

466 999 616 1073 jacet
647 1021 660 1057 :
696 1005 873 1058 omnis
920 1014 1102 1062 autem
1139 1019 1389 1063 creatura
1439 1018 1522 1064 est
1556 1026 1678 1080 quae
1735 1012 2046 1072 dolentibus

471 1093 724 1149 condolet
749 1135 765 1162 ,
814 1103 870 1150 et
907 1111 1029 1166 qua:
1077 1099 1417 1168 gementibus
1447 1102 1821 1171 congemisclt.
1852 1103 2045 1158 Omnis

470 1197 651 1242 autem
685 1197 937 1242 creatura
981 1189 1232 1258 superior
1275 1205 1477 1260 agones
1506 1201 1561 1245 et
1603 1194 1902 1246 certamina
1942 1209 2042 1248 no-

474 1286 586 1332 stra
613 1287 843 1346 spectat,
869 1289 925 1334 et
953 1279 1101 1333 dolet
1131 1295 1253 1333 cum
1283 1281 1577 1346 vincimur,
1609 1297 1732 1335 eum
1772 1298 1900 1336 vero
1928 1283 2046 1336 vin-

474 1369 647 1422 cimus
677 1369 876 1439 gaudet
903 1369 980 1440 (5)
1001 1384 1015 1432 ;
1035 1379 1091 1424 et
1118 1368 1290 1424 multo
1322 1369 1443 1438 plus
1460 1385 1624 1439 quam
1653 1370 1829 1438 nobis,
1849 1371 1951 1426 illis
1965 1371 2044 1442 (6)

477 1459 617 1514 inest
649 1460 882 1530 gaudere
911 1475 1033 1515 cum
1082 1459 1439 1530 gaudentibus
1479 1472 1535 1516 et
1579 1461 1760 1518 dolere
1785 1477 1908 1518 cum
1949 1466 2047 1518 do-

475 1549 715 1604 lentibus
741 1550 807 1606 ¹⁸.

543 1640 597 1696 5.
628 1658 650 1692 ι
687 1639 804 1695 Νοη
833 1641 1008 1696 solum
1045 1651 1252 1710 autem,
1286 1643 1379 1698 sed
1418 1653 1474 1700 et
1505 1658 1604 1699 nos
1639 1644 1740 1714 ipsi
1778 1644 2046 1715 primitias

477 1733 713 1800 Spiritus
761 1734 1070 1802 habentes,
1119 1738 1281 1790 etiam
1315 1738 1413 1806 ipsi
1469 1738 1607 1790 intra
1654 1753 1749 1790 nos
1781 1737 2046 1808 gemimus

476 1827 820 1894 adoptionem
873 1827 1103 1902 ﬁliorum
1131 1828 1207 1900 (7)
1253 1839 1634 1897 exspectantes
1659 1869 1674 1892 ,
1709 1830 2043 1898 redemptio-

1419 433 1772 495 COMMENT.
1810 438 1877 493 ΙΝ
1916 439 2132 496 EPIST.
2157 442 2246 496 AD
2283 440 2446 498 ROM.
2487 439 2615 495 LIB.
2661 436 2770 492 Vll.

965 548 1032 600 ad
1081 547 1329 604 ultimum
1371 568 1502 608 vero
1536 555 1728 610 dicat:
1768 576 1786 608 ι
1824 558 2039 614 Scimus
2067 566 2115 621 Α
2149 578 2168 612 t
2227 561 2332 615 Sed
2383 571 2438 616 et
2493 578 2594 617 nos
2627 565 2729 632 ipsi
2769 559 3037 632 primitias
3067 558 3304 629 Spiritus
3353 561 3628 616 habentes.
3691 584 3710 616 ι

3581 444 3714 499 HM

2148 653 2364 707 Scinms
2415 654 2559 707 enim
2614 655 2883 724 scriptum
2942 667 3067 707 esse
3120 653 3175 705 in
3231 652 3346 718 lege
3397 653 3437 682 ¹⁷
3494 653 3648 722 (10)
3698 672 3712 707 :

2150 759 2171 793 c
2206 740 2483 797 Primitias
2515 758 2680 810 arcte,
2715 754 2770 798 et
2799 744 3077 809 primitias
3107 743 3398 796 torcularis
3425 758 3528 797 non
3573 744 3720 797 frau-

2145 832 2299 888 dabis
2339 851 2352 887 :
2395 853 2414 885 ι
2450 843 2506 890 et
2536 835 2620 890 ¹⁸ε
2654 854 2672 886 ι
2718 835 2998 890 Primitias
3042 835 3284 888 omnimn
3336 834 3546 903 frugum
3595 844 3716 886 tua-

2147 937 2267 976 rum
2296 920 2506 977 inl'eres
2539 923 2593 977 in
2624 924 2843 978 domum
2883 921 3098 976 Domini
3143 920 3236 973 Dei
3272 921 3366 972 tui.
3417 937 3435 968 ›
3465 919 3603 984 Quid
3632 936 3720 973 er-

2144 1027 2213 1082 go
2252 1013 2275 1066 ?
2311 1013 2466 1068 Sicut
2513 1015 2769 1084 primitiae
2819 1027 2963 1066 areze
3015 1021 3071 1066 et
3125 1011 3379 1078 primitiae
3431 1010 3722 1064 torcttlnris

2145 1105 2391 1173 ejusdem
2424 1107 2599 1176 frugis
2629 1117 2776 1169 sunt,
2806 1104 2966 1170 cujus
3008 1113 3094 1158 est
3132 1115 3187 1156 et
3225 1104 3426 1169 reliqua
3462 1118 3610 1165 area,
3638 1103 3721 1157 vel

2145 1199 2387 1266 ejusdem
2416 1198 2530 1265 (ll)
2580 1198 2807 1266 liquoris
2853 1197 3010 1263 cujus
3053 1205 3110 1249 et
3158 1194 3417 1256 torcular,
3461 1195 3606 1247 itane
3640 1197 3723 1246 vi-

2145 1287 2358 1341 debitur
2402 1287 2567 1357 599
2605 1297 2658 1342 et
2698 1287 2842 1355 quod
2887 1286 3020 1340 dicit
3065 1283 3318 1353 primitiae
3378 1281 3612 1349 Spiritus
3655 1297 3720 1334 ex

2148 1379 2332 1434 nmltis
2365 1380 2591 1449 reliquis
2614 1379 2902 1448 spiritibus
2933 1377 3141 1431 sanctis
3167 1386 3222 1429 et
3254 1375 3428 1428 beatis
3457 1388 3595 1427 unus
3625 1372 3726 1426 ali-

2145 1466 2268 1538 quis
2296 1483 2421 1524 esse
2475 1469 2821 1539 praecipuus?
2859 1468 2939 1520 An
2977 1466 3108 1520 illud
3135 1465 3316 1534 potius
3340 1463 3722 1534 intelligemus,

2146 1562 2290 1630 quod
2309 1600 2326 1625 ,
2351 1561 2654 1616 secundum
2680 1575 2744 1614 ea
2773 1560 2884 1629 (12)
2924 1574 3046 1629 qum
3067 1558 3317 1626 superius
3347 1555 3723 1620 disseruimus,

2145 1650 2302 1705 multi
2352 1649 2464 1704 sint
2520 1650 2750 1719 spiritus
2801 1651 3194 1705 ministeriales
3245 1647 3620 1702 ministrantes
3669 1646 3723 1700 in

2147 1744 2459 1798 ministerio
2509 1754 2737 1812 propter
2786 1758 2883 1795 eos
2933 1745 3022 1808 qui
3078 1741 3454 1796 luereditatem
3504 1739 3726 1806 capiunt

2147 1835 2342 1889 salutis
2370 1836 2437 1895 ⁸⁸,
2471 1836 2571 1888 sub
2616 1834 2814 1902 quibus
2861 1850 3030 1900 agens
3077 1833 3453 1902 unusquisque
3495 1833 3724 1886 creden-

478 1933 598 1971 nem
637 1921 886 1988 corporis
934 1919 1127 1973 nostri.
1171 1921 1281 1988 Spe
1308 1923 1450 1973 enim
1484 1921 1617 1974 salvi
1671 1920 1796 1973 laeti
1833 1936 2040 1975 smnus.
2077 1901 2118 1954 Β
2151 1927 2282 1979 tium
2329 1925 2479 1979 velut
2519 1901 2643 1978 sub
2667 1925 2937 1976 tutoribus
2974 1932 3030 1977 et
3079 1901 3522 1992 procuratoribus
3570 1923 3726 1975 iusti.

477 2008 615 2077 Spes
643 2020 822 2064 autem
854 2026 974 2078 qua“:
1001 2011 1230 2074 videtur,
1269 2027 1373 2064 non
1414 2022 1496 2065 est
1545 2027 1686 2080 spes.
1719 2013 1870 2077 Quod
1901 2015 2042 2067 enim

479 2102 628 2156 videt
655 2102 778 2170 quis
804 2144 820 2167 ,
851 2103 978 2170 quid
1012 2104 1236 2170 sperat?
1270 2102 1376 2155 Sed
1412 2103 1457 2156 si
1485 2104 1626 2171 quod
1661 2120 1764 2157 non
1801 2105 2046 2160 videmus

476 2206 763 2258 speramus
787 2231 804 2256 ,
837 2207 930 2261 per
965 2194 1283 2259 patientiam
1317 2204 1700 2262 exspeCtamus
1749 2197 1812 2250 ³⁸.
1854 2216 1873 2249 ι
1906 2198 2047 2251 Cou-

474 2281 816 2337 soetudinem
842 2287 1151 2352 apostolica:
1175 2286 1503 2340 elocutionis
1531 2302 1653 2341 esse
1679 2303 1820 2357 sa'pc
1857 2289 2045 2342 docui-

477 2389 614 2437 mus,
639 2391 759 2428 cum
793 2377 944 2439 dicit,
979 2395 998 2428 ι
1034 2377 1148 2432 Non
1180 2379 1352 2433 solum
1387 2390 1595 2443 autem,
1625 2399 1642 2430 ι
1673 2390 1727 2433 et
1759 2381 1886 2434 nihil
1917 2385 2048 2434 sub-

467 2464 650 2536 jnngit
691 2468 779 2521 cui
829 2470 998 2537 aptari
1053 2471 1288 2536 debeat,
1324 2471 1700 2540 superioribus
1733 2475 1895 2526 dictis
1929 2490 2048 2529 esse

477 2557 822 2612 referendum
850 2603 864 2623 ,
903 2562 1047 2616 sicut
1078 2573 1133 2616 et
1171 2564 1220 2616 in
1263 2563 1518 2632 praesenti
1549 2563 1787 2632 capitulo
1819 2564 2047 2634 intelligi

475 2648 656 2702 datur.
704 2650 837 2704 Tale
866 2670 1098 2723 namque
1126 2663 1212 2708 est
1241 2655 1382 2723 quod
1429 2656 1611 2709 dicere
1645 2655 1898 2710 videtur:
1931 2656 2047 2711 Non

471 2741 648 2794 solum
676 2743 857 2796 omnis
890 2754 1141 2799 creatura
1173 2747 1526 2815 congemiscit
1552 2755 1606 2800 et
1639 2749 1926 2814 condolet;
1954 2749 2047 2803 sed

472 2839 528 2882 et
560 2845 660 2884 nos
695 2831 794 2900 ipsi
843 2831 1114 2899 primitias
1164 2833 1400 2903 Spiritus
1426 2833 1689 2888 habentes
1713 2873 1730 2897 ,
1773 2835 1911 2888 intra
1950 2851 2049 2888 nos

472 2922 764 2991 gemimus.
798 2922 868 2977 Et
900 2940 997 2978 nos
1033 2925 1177 2978 enim
1206 2937 1583 2994 exspectamus
1611 2925 1961 2993 adoptionem
1987 2926 2049 2978 li-

473 3012 671 3065 liorum
699 3012 815 3078 Dei,
841 3022 897 3067 et
929 3015 1353 3081 redemptionem
1375 3012 1620 3082 corporis
1641 3015 2050 3080 nostri.Quam-

473 3105 556 3158 vis
598 3104 702 3160 hoc
738 3103 988 3174 ipsojam
1027 3107 1167 3174 qttod
1199 3106 1418 3161 Christo
1463 3108 1738 3162 credimus
1766 3146 1783 3170 ,
1814 3107 2046 3161 salutem

473 3196 630 3250 nobis
690 3197 983 3264 prmstitam
1040 3199 1370 3262 noverimus,
1423 3207 1597 3252 tamen
1631 3199 1682 3252 iu
1726 3213 1824 3266 spe
1873 3198 2047 3251 adhuc

469 3299 554 3342 est
576 3287 724 3342 salus
749 3288 873 3352 ista,
896 3304 1002 3344 non
1037 3291 1088 3342 in
1121 3300 1342 3357 aspectu
1373 3289 1664 3344 visibilium
1697 3290 1796 3362 (8).
1827 3290 1881 3343 Si
1900 3291 2043 3344 enim

467 3379 579 3449 jam
611 3381 908 3446 videretur,
945 3397 1048 3435 non
1082 3383 1267 3448 utique
1293 3393 1628 3450 speraretur.
1668 3382 1863 3451 Sperat
1896 3383 2040 3436 enim

468 3471 596 3539 quis
629 3481 688 3526 ut
718 3472 916 3527 videat.
945 3472 1002 3527 Si
1026 3488 1152 3528 vero
1172 3474 1352 3527 videat
1380 3489 1502 3542 quae
1535 3476 1810 3543 sperabat,
1845 3488 2042 3542 super-

468 3564 634 3618 ﬂuum
665 3574 751 3620 est
786 3568 923 3620 ultra
955 3580 1177 3634 sperare
1212 3581 1334 3635 qua:
1377 3566 1532 3620 videt
1575 3565 1672 3638 (9).
1706 3565 1815 3622 Nos
1858 3575 2038 3620 autem

470 3671 622 3723 spem
657 3672 765 3710 non
791 3657 1062 3712 habemus
1091 3657 1144 3710 in
1184 3658 1268 3713 his
1297 3673 1416 3728 qua:
1445 3658 1728 3724 videntur,
1764 3676 1830 3713 ne
1866 3657 2041 3712 inanis

471 3748 545 3800 sit
579 3763 702 3818 spes
741 3760 948 3816 nostra,
979 3751 1073 3804 sed
1113 3749 1166 3804 in
1198 3751 1283 3805 his
1330 3767 1451 3821 quae
1501 3767 1604 3804 non
1655 3751 1926 3806 videntur.
1976 3751 2040 3804 Et

473 3840 594 3894 ideo
621 3842 744 3910 quia
774 3857 892 3912 qua:
925 3860 1028 3897 non
1065 3843 1317 3897 videntur
1347 3859 1656 3912 Speramus,
1697 3852 1752 3898 et.
1784 3855 1891 3897 tam
1922 3861 2039 3898 nta—

473 3947 576 4000 gna
625 3944 750 3989 sunt
802 3945 1021 4005 tamque
1061 3936 1293 4004 gloriosa
1327 3977 1343 4001 ,
1385 3948 1441 3991 ut
1478 3939 1662 3992 multis
1713 3939 1992 3993 laboribus
2021 3979 2038 4005 ,

472 4025 762 4095 multisque
811 4028 1254 4084 tribulationibus
1299 4039 1354 4083 et
1405 4030 1664 4098 periculis
1714 4033 2041 4098 capiantur,

472 4118 677 4172 idcirco
725 4133 786 4172 ea
821 4135 918 4186 per
966 4121 1284 4189 patientiam
1337 4134 1745 4192 exspectamus,
1784 4133 2038 4190 tanquant

467 4208 560 4261 vix
619 4207 914 4278 aliquando
981 4222 1228 4264 ventura.
1295 4213 1420 4266 ll:ec
1479 4213 1716 4266 diximus
1776 4215 2040 4267 directum

468 4302 779 4368 quemdam,
806 4312 856 4355 et
890 4299 1203 4356 lucidiorein
1232 4305 1576 4358 sermonibus
1622 4306 1750 4372 ipsis
1781 4306 2042 4372 apostoli-

469 4392 548 4444 cis
574 4391 820 4446 ordiuem
858 4393 1071 4448 dantes.
1093 4393 1265 4457 Nunc,
1299 4397 1342 4449 si
1378 4397 1610 4460 videtur,
1636 4399 1765 4466 quid
1791 4407 1874 4451 est
1894 4398 2037 4465 quod

2152 2020 2325 2073 tuitur
2361 2033 2535 2086 usque
2570 2017 2636 2069 ad
2670 2018 2998 2083 praelinitqu
3031 2026 3242 2083 tempus
3281 2033 3308 2069 a
3336 2015 3495 2070 Patre
3517 2016 3586 2077 ⁵ο,
3623 2015 3726 2068 hoc

2149 2115 2271 2169 est,
2323 2120 2608 2173 usquequo
2653 2105 2718 2156 ad
2769 2104 3064 2172 legitimam
3101 2115 3316 2158 mtatem
3354 2105 3550 2157 anima:
3599 2119 3721 2170 per-—

2147 2194 2400 2248 fectionis
2427 2194 2740 2257 advenerit,
2775 2195 2865 2246 tibi
2895 2194 3016 2262 quis
3045 2193 3153 2260 jam
3200 2206 3584 2260 supergressus
3611 2190 3725 2263 (l5)

2149 2284 2399 2353 spiritum
2450 2285 2733 2338 servitutis
2779 2300 2939 2353 quem
2986 2295 3273 2352 acceperat
3315 2285 3365 2336 in
3410 2285 3642 2344 timore,
3693 2301 3723 2334 a

2148 2389 2257 2441 quo
2298 2373 2448 2426 velut
2481 2376 2778 2443 pwdagogo
2825 2385 3174 2437 servaretur,
3213 2376 3407 2441 dignus
3453 2375 3727 2426 eﬂit'iatut'

2148 2467 2396 2532 accipere
2419 2465 2732 2534 adeptionis
2759 2466 3004 2533 spiritum
3036 2466 3306 2532 primitias
3327 2466 3562 2532 Spiritus
3589 2464 3724 2533 (ll),

2149 2574 2247 2627 per
2277 2573 2435 2626 quem
2469 2558 2758 2626 adeptatus
2791 2558 2842 2609 itt
2881 2558 3048 2609 lilium
3093 2557 3264 2624 possit
3291 2559 3452 2608 etiam
3488 2556 3726 2622 primiti-

2150 2666 2341 2703 \‘0t'ttm
2372 2649 2628 2703 Ecclesia:
2664 2667 2784 2718 quae
2821 2651 2871 2702 in
2911 2650 3062 2703 ccelis
3096 2660 3181 2702 est
3209 2649 3454 2702 sociari?
3487 2649 3550 2702 Et
3579 2649 3721 2702 sicut

2153 2742 2320 2794 multo
2373 2739 2550 2793 dill'ert
2595 2739 2765 2792 lilium
2815 2754 2937 2792 esse
2968 2755 3127 2806 quam
3159 2753 3376 2790 servum
3399 2777 3415 2802 ,
3449 2737 3521 2789 ita
3557 2738 3727 2791 multo

2150 2831 2336 2886 dill'ert
2361 2849 2389 2884 a
2428 2831 2887 2885 ministerialibus
2913 2831 3190 2898 spiritibus
3218 2830 3452 2896 Spiritus
3481 2841 3724 2893 sanctus,

2149 2924 2306 2993 Cujus
2347 2922 2623 2990 primitias
2655 2922 2856 2975 Paulus
2899 2939 3018 2974 cum
3064 2923 3178 2974 suis
3229 2922 3498 2974 similibus
3528 2921 3729 2975 habere

2150 3029 2209 3067 se
2239 3013 2391 3066 dicit.
2443 3012 2594 3068 Unus
2635 3012 2727 3065 hic
2764 3012 2962 3066 modus
3005 3011 3078 3064 sit
3108 3026 3216 3079 quo
3259 3013 3529 3065 sermonis
3565 3011 3728 3078 hujus

2151 3105 2568 3174 intelligentiam
2620 3104 2897 3172 potuimus
2939 3104 3218 3173 indagare.
3269 3103 3557 3180 Videamus
3585 3121 3729 3158 nunc

2150 3205 2204 3249 et
2236 3195 2424 3248 alium.
2473 3193 2728 3264 Legimus
2763 3198 2904 3264 apud
2939 3195 3116 3262 ipsmn
3152 3197 3458 3264 apostolum
3493 3195 3726 3250 Paulum

2150 3287 2290 3340 dona
2331 3286 2414 3340 vel
2445 3287 2650 3355 gratias
2679 3287 2855 3340 sancti
2884 3286 3121 3352 Spiritus
3149 3287 3346 3340 multos
3372 3289 3593 3355 spiritus
3630 3305 3728 3340 no-

2151 3380 2369 3442 minari,
2403 3390 2459 3431 ut
2486 3394 2607 3432 cum
2635 3380 2766 3433 dicit
2795 3396 2809 3431 :
2851 3397 2868 3428 ι
2892 3379 3043 3431 Nunc
3067 3389 3246 3431 autem
3275 3381 3533 3447 quoniam
3559 3395 3726 3432 annu-

2147 3469 2350 3524 latores
2378 3472 2512 3525 estis
2545 3472 2838 3540 spirituum
2867 3513 2883 3537 ,
2916 3473 2981 3526 ad
3012 3472 3432 3526 aediﬁcationem
3467 3471 3726 3526 Ecclesia:

2149 3564 2378 3632 quaerite
2416 3571 2474 3615 ut
2515 3565 2805 3617 abundetis
2830 3566 2871 3595 “
2895 3579 2910 3628 ;
2936 3583 2954 3615 ι
2991 3575 3043 3618 et
3075 3565 3199 3617 item
3231 3565 3357 3619 alibi
3394 3584 3407 3618 :
3445 3585 3463 3616 ‹
3488 3563 3726 3634 Spiritus

2149 3654 2535 3723 prophetarum
2567 3655 2850 3722 prophetis
2872 3655 3104 3721 subjecti
3136 3667 3262 3710 sunt
3291 3658 3369 3722 ";
3398 3674 3416 3706 ι
3453 3657 3725 3725 subjectos

2148 3747 2338 3802 dicens
2363 3747 2586 3815 spiritus
2618 3746 2730 3815 (l5)
2774 3748 3203 3815 prophetarum,
3253 3764 3358 3800 tt0ll
3413 3751 3568 3816 quasi
3609 3763 3724 3801 tne-

2149 3836 2272 3892 lim'i
2305 3837 2622 3903 inferiores,
2673 3838 2764 3890 scd
2807 3855 2904 3905 pro
2937 3857 3002 3890 cu
3035 3840 3175 3906 quod
3211 3839 3415 3891 habens
3445 3839 3568 3906 quis
3598 3853 3726 3905 pro-

2149 3931 2348 4000 pbeti:e
2381 3931 2629 4002 spiritum
2684 3948 2789 3984 non
2839 3933 3044 3986 invitus
3087 3932 3232 4001 loqui
3267 3933 3517 4001 cogitur,
3568 3941 3625 3984 ut
3651 3931 3724 3986 illi

2148 4028 2239 4093 qtti
2295 4025 2498 4080 habent
2531 4023 2758 4096 spiritus
2808 4025 3159 4086 immundos,
3211 4025 3302 4076 sed
3350 4039 3472 4076 cum
3515 4023 3627 4076 vult
3671 4031 3727 4074 et

2153 4119 2289 4171 ratio
2335 4119 2573 4187 postulat
2610 4119 2745 4172 dicit
2775 4135 2788 4170 :
2824 4135 2946 4172 cuin
2981 4130 3109 4173 vero
3143 4115 3327 4167 dicere
3358 4124 3724 4183 Oppotluultln

2149 4227 2255 4263 non
2293 4211 2561 4263 videbitur
2584 4248 2600 4276 ,
2652 4210 2810 4274 silet,
2863 4211 3001 4265 bene
3033 4211 3212 4265 sciens
3251 4208 3378 4277 quia
3414 4217 3624 4273 tempus
3654 4206 3726 4259 sit

2153 4300 2363 4354 tacendi
2393 4311 2449 4364 et
2480 4312 2692 4369 tempus
2719 4301 2975 4371 loquendi
3006 4302 3071 4356 ³³.
3118 4303 3182 4356 Et
3216 4303 3338 4357 idco
3373 4318 3477 4355 non
3517 4300 3586 4355 ad
3637 4299 3724 4352 iti-

2139 4394 2340 4462 juriam
2375 4395 2610 4460 dicitur,
2642 4395 2768 4464 quia
2819 4397 3096 4466 prophetis
3123 4397 3354 4466 subjecti
3385 4405 3513 4451 sunt
3554 4395 3720 4465 spiri-

469 4494 609 4534 novo
645 4481 750 4537 hoc
780 4497 1037 4536 sermone
1089 4483 1292 4538 indicet
1338 4485 1620 4540 videamus
1647 4525 1663 4549 ,
1698 4501 1804 4554 quo
1847 4488 1986 4540 dixnl
2022 4505 2035 4540 :
2073 4480 2116 4536 D
2149 4498 2267 4551 tus,
2296 4484 2390 4539 sed
2415 4485 2483 4538 ad
2515 4487 3017 4555 dispensationem,
3066 4490 3205 4543 sicut
3255 4499 3311 4543 et
3356 4488 3484 4542 illud
3514 4489 3716 4543 dictum

541 4645 591 4683 η
622 4645 780 4703 Rom.
804 4663 923 4708 vni.
952 4646 1043 4701 22.
1145 4648 1186 4679 ¹⁸
1217 4647 1374 4701 Rom.
1405 4665 1478 4702 xu
1499 4690 1514 4712 ,
1548 4648 1635 4702 15.

541 4893 618 5016 (ξε)
655 4893 820 4959 Editi,
851 4915 870 4947 ε
895 4899 1323 4965 congemiscitet
1353 4899 1606 4969 parturit,
1632 4910 1686 4954 et
1713 4901 1986 4967 condolct,
2013 4921 2032 4953 ι

541 4981 553 5013 ὶ
581 4981 630 5016 θ.

469 4979 630 5017 tuate.

541 5035 620 5103 (4)
653 5033 898 5099 Quidem.
925 5035 980 5089 lu
1013 5037 1177 5090 editis
1208 5039 1500 5092 omittitur.

645 5103 1031 5178 Etliti,_t_Ct_tm
1065 5121 1193 5174 ergo
1217 5109 1484 5164 Vincimus
1516 5109 1733 5178 gaudet.
1771 5130 1791 5162 ι

541 5173 618 5242 (ϐ)
661 5173 717 5227 1η
751 5175 915 5230 editis
942 5176 1094 5229 deest
1129 5173 1145 5225 ἀ
1184 5178 1309 5232 illis.
1349 5198 1368 5229 ι

541 5244 817 5319 (Ἱλξξᾶίιί.
855 5255 978 5319 t_et_
998 5244 1098 5315 ipsi
1134 5247 1270 5300 intra
1306 5264 1403 5301 nos
1448 5249 1750 5316 gemimus,
1786 5251 2038 5319 adoptio-

469 5312 602 5368 nem
624 5312 855 5391 filiorum
888 5312 1047 5378 Dei.)
1081 5327 1212 5382 etc.,
1242 5327 1298 5371 et
1326 5312 1540 5386 postea,
1564 5337 1582 5369 ε
1610 5320 1666 5374 Si
1691 5312 2032 5391 autemquod

471 5401 574 5438 non
604 5384 873 5449 videmus,
914 5404 932 5436 ι
961 5393 1068 5440 etc.

537 5455 616 5522 (8)
657 5451 780 5507 Non
825 5456 1132 5526 iniaspeclu
1178 5455 1481 5510 visibilium.
1523 5456 1618 5512 Sic
1663 5475 1795 5514 mss.
1826 5476 2037 5526 omnes,

471 5522 730 5596 [tabanus
757 5533 811 5578 et
831 5525 985 5596 editi,
1016 5527 1112 5578 nisi
1143 5528 1286 5596 quod
1321 5527 1564 5596 plerique
1579 5531 1833 5582 omittant
1867 5549 1885 5580 ‹
1912 5531 1984 5586 in.
2013 5522 2032 5582 ἰ

471 5593 801 5716 ξῗᾳΓΙἎΙΠθΙΙ
839 5593 1122 5665 legendum
1156 5593 1392 5660 videtur,
1428 5615 1446 5648 ι
1477 5593 1588 5652 non
1622 5599 1675 5652 iu
1707 5613 1928 5668 aspectu
1957 5602 2038 5656 vi-

471 5680 513 5716 SI
559 5679 633 5716 ll.
683 5682 703 5714 ι
1195 5691 1198 5694 ι

469 5679 633 5717 SIUIII.
683 5682 703 5714 ι
1195 5691 1198 5694 ‘

540 5733 788 5808 (9)_Editi
815 5774 830 5800 ,
860 5753 880 5785 σ
914 5750 1020 5790 non
1051 5743 1135 5789 est
1163 5735 1306 5790 ultra
1340 5753 1568 5808 sperare
1603 5739 1746 5808 quod
1780 5738 1945 5793 videt.
2000 5761 2018 5792 ι

541 5804 653 5875 (ill)
703 5805 794 5858 Sic
834 5819 1024 5860 omnes
1057 5821 1186 5860 mss.
1243 5808 1410 5861 nestri
1459 5819 1513 5860 et
1559 5804 1830 5862 Raibatms.
1878 5809 2020 5867 Editi

470 5889 620 5941 vero,
667 5891 686 5926 ε
718 5875 992 5946 Scriptum
1017 5885 1100 5932 est
1121 5876 1288 5945 enim,
1320 5890 1378 5933 ut
1408 5879 1633 5948 scimus,
1665 5881 1714 5934 in
1746 5880 1888 5950 lege.
1921 5899 1942 5933 ι

1736 4651 1780 4681 ¹⁶
1810 4649 1966 4703 Rom.
1998 4666 2087 4704 vni
2110 4693 2122 4712 .
2153 4649 2342 4704 22-95.

477 4715 522 4746 ¹⁶
553 4714 718 4770 Hebr.
754 4735 793 4782 ι,
828 4718 913 4772 14.
985 4721 1029 4750 ²⁰
1059 4717 1236 4772 Galat.
1265 4735 1340 4781 iv,
1368 4718 1422 4771 2.
1494 4720 1536 4750 ²¹
1567 4720 1586 4772 l
1613 4720 1741 4774 Cor.
1774 4736 1846 4783 tv.
1885 4721 1974 4776 12.
2006 4723 2051 4752 ³⁸
2084 4722 2216 4776 ibid.
2244 4721 2334 4774 3?...

2439 4651 2481 4682 ¹⁷
2529 4649 2684 4704 Num.
2715 4667 2840 4704 xvrn
2870 4694 2884 4713 ,
2921 4653 3008 4706 “27.

3109 4653 3150 4685 ⁸⁸
3180 4653 3324 4708 Evotl
3351 4696 3365 4710 .
3399 4666 3592 4720 xxxiv,
3626 4656 3721 4711 ‘26.

2410 4721 2457 4752 ”
2492 4721 2669 4776 Eccle.
2708 4738 2788 4788 ιιι,
2821 4725 2874 4776 7.

2217 4900 2329 4970 (ll)
2365 4901 2505 4954 Editi
2543 4910 2597 4955 et
2623 4917 2724 4954 tus.
2759 4918 2896 4952 unus
2931 4902 3130 4971 Regius
3165 4903 3494 4960 uumJli39.
3521 4921 3540 4954 ε
3565 4904 3716 4971 ejus-

2150 4971 2271 5024 dem
2327 4973 2552 5043 liquoris
2585 4981 2666 5025 est
2695 4973 2850 5043 cujus
2892 4974 3158 5034 torcular;
3196 4973 3340 5025 itane
3367 4973 3654 5043 videbitur,
3697 4995 3716 5026 ι

2141 5051 2271 5104 etc.,
2301 5053 2356 5095 et
2381 5042 2536 5113 deest
2560 5060 2633 5113 ,_(
2687 5041 2858 5108 frugis
2896 5053 3018 5094 sunt
3048 5084 3063 5106 ,
3110 5043 3263 5108 cujus
3295 5041 3472 5098 estet
3512 5044 3718 5113 reliqua

2143 5125 2298 5172 area,
2331 5112 2415 5164 vel
2447 5111 2713 5179 ejusdem,
2747 5129 2766 5162 ι
2803 5123 2906 5164 etc.

2213 5180 2326 5250 (12)
2364 5181 2523 5252 Editi,
2554 5189 2612 5234 et
2651 5196 2784 5234 mss.
2834 5182 3093 5252 quidam,
3133 5180 3532 5250 «intelligimus
3573 5183 3717 5252 quod

2138 5249 2286 5316 cum,
2323 5251 2620 5304 secundum
2649 5263 2734 5303 ea.
2765 5268 2782 5300 ι
2833 5249 3038 5305 Deinde
3070 5267 3171 5305 ms.
3207 5249 3380 5315 unus,
3429 5269 3448 5303 ι
3472 5249 3717 5306 ministe-

2137 5319 2302 5391 riales
2331 5321 2388 5391 in,
2417 5319 2778 5374 ministerimn
2821 5320 2998 5374 missi.
3039 5337 3058 5372 ›
3105 5333 3210 5374 etc.
3237 5362 3252 5385 ,
3296 5330 3350 5375 et
3389 5324 3550 5390 paulo
3597 5332 3720 5391 post

2135 5390 2348 5458 editi,_i
2375 5390 2690 5458 instruitur,
2719 5407 2738 5439 ι
2788 5405 2888 5458 pro
2938 5407 2957 5440 ι
2985 5391 3307 5444 instituitur.
3337 5410 3356 5442 ι

2208 5457 2323 5526 (l5)
2366 5457 2456 5512 Sic
2509 5460 2634 5512 editi
2690 5468 2746 5512 et
2790 5457 2922 5512 iuss.
2961 5460 3075 5512 fere
3119 5476 3332 5515 omnes.
3382 5458 3483 5514 Ms.
3536 5469 3714 5514 tamen

2136 5543 2278 5599 unus
2307 5528 2506 5598 Regius
2537 5544 2688 5582 num.
2719 5528 2888 5599 1659ἓ
2934 5545 2952 5579 t
2989 5545 3267 5598 usduequo
3297 5532 3363 5582 ad
3413 5530 3712 5599 legitimam

2139 5597 2512 5668 haereditatem
2546 5599 2742 5653 animae
2770 5597 3113 5668 perfectioris
3141 5597 3444 5668 advenerit,
3472 5597 3539 5653 fut
3582 5616 3711 5668 gra-

2137 5667 2306 5720 datim
2339 5667 2804 5736 supergressus,»
2838 5678 2943 5721 etc.

2204 5740 2318 5807 (t4)
2351 5738 2626 5791 Primitias
2661 5739 2917 5806 Spiritus.
2953 5738 3077 5793 llate
3107 5741 3266 5792 verba
3301 5741 3494 5794 desunt
3527 5740 3578 5794 itt
3609 5757 3709 5794 tus.

2130 5808 2301 5876 [legio
2329 5825 2476 5862 ntttn.
2514 5808 2668 5861 1659.

2199 5879 2313 5949 (15)
2345 5878 2598 5949 Spiritus.
2634 5877 2980 5934 Desideratur
3009 5879 3062 5934 it:
3094 5881 3276 5935 editis.
