4146 6374
497 377 636 433 1115

1963 391 2287 450 ORIGENIS

3621 401 3764 457 ιτισ

495 492 795 559 accipimus
839 493 905 547 de
937 493 1223 550 Salvatore
1270 497 1419 567 (l6),
1469 501 1597 570 quia
1635 520 1659 554 ο
1686 510 1814 558 tunc
1863 511 1918 560 et
1963 505 2080 574 ipse
2107 517 2155 572 Α
2187 510 2356 575 ritus,
2385 509 2588 566 videris
2632 509 2677 565 si
2719 510 3030 580 probandus
3057 511 3320 567 occurrit.
3358 510 3550 567 Adhuc
3577 524 3759 568 autem

494 581 668 638 Filius
699 585 980 654 subjectus
1013 589 1118 642 erit
1144 589 1194 644 ei
1227 591 1318 659 qui
1349 592 1449 647 sibi
1482 594 1726 649 subdidit
1757 598 1939 650 omnia
1971 599 2074 654 “.»

495 672 564 727 Et
597 674 683 728 hic
713 675 856 729 enim
884 696 903 727 «
927 677 1209 747 subjectus
1236 700 1254 731 »
1288 697 1398 736 non
1424 685 1581 752 quasi
1609 687 1836 741 inferior
1857 688 2076 743 dicitur.

495 768 781 834 Quomodo
829 772 975 825 enim
1023 772 1253 830 inferior
1291 776 1398 831 dici
1452 787 1631 847 potest
1665 782 1762 850 qui
1797 781 1967 836 Filius
1995 794 2080 837 est

492 871 547 914 et
573 860 756 914 omnia
789 871 872 916 est
910 879 1030 932 qua:
1063 864 1227 920 Pater
1257 868 1374 937 (ΓΙ)
1402 870 1424 922 ?
1463 888 1480 920 «
1507 869 1703 926 Omnia
1730 874 1877 927 enim
1899 911 1915 937 ,
1943 893 1961 925 »
1995 873 2079 928 iu-

490 953 643 1020 quit,
684 971 703 1004 «
737 952 931 1021 Pater,
974 966 1063 1010 tua
1111 975 1230 1014 mea
1270 971 1396 1015 sunt
1425 963 1527 1016 '5.»
1565 963 1670 1019 Sed
1711 965 1761 1019 in
1817 965 1905 1021 h’is
1943 981 2078 1035 quos

492 1042 638 1098 Patri
667 1046 851 1101 subdit
876 1049 1166 1105 credentes
1197 1052 1246 1105 in
1277 1068 1355 1118 se,
1379 1055 1637 1123 quoniam
1672 1057 1722 1109 in
1750 1072 2077 1127 unoquoque

489 1151 680 1191 eorum
714 1154 773 1193 se
801 1155 924 1194 esse
949 1143 1079 1196 dicit
1106 1185 1121 1208 ,
1153 1155 1204 1198 et
1235 1161 1292 1199 se
1325 1146 1375 1198 in
1403 1147 1482 1200 eis
1510 1147 1642 1202 dicit
1672 1149 1718 1179 "
1751 1149 1997 1213 esurire,
2023 1160 2078 1205 ει

488 1227 644 1280 sitire
668 1268 684 1292 ,
723 1238 779 1283 et
812 1231 1016 1284 nudum
1052 1247 1174 1287 esse
1201 1276 1215 1297 ,
1247 1249 1415 1302 su-que
1445 1237 1590 1303 pasci
1627 1235 1678 1290 in
1711 1237 1791 1292 eis
1820 1247 1877 1292 et
1925 1239 2075 1293 indui

488 1319 810 1388 proﬁtetur,
849 1321 1052 1376 idcirco
1093 1335 1146 1378 et
1178 1325 1230 1379 in
1264 1325 1370 1380 illis
1399 1327 1512 1395 ipse
1555 1328 1756 1382 dicitur
1796 1345 1917 1384 esse
1947 1331 2076 1384 sub-

483 1408 664 1475 jectus
691 1409 828 1480 (l8).
863 1411 972 1467 Sed
1006 1414 1122 1468 haec
1156 1430 1252 1482 per
1282 1431 1570 1471 excessum
1604 1421 1892 1487 quemdam
1935 1420 2074 1474 dicta

491 1502 622 1555 sint.
656 1503 809 1559 Nunc
832 1515 1010 1560 autem
1044 1507 1112 1560 ad
1146 1511 1479 1576 propositum
1514 1513 1730 1579 quidem
1769 1515 2070 1569 redeamus.

490 1595 642 1650 Dona
673 1613 806 1668 ergo
853 1599 1069 1653 diversa
1105 1599 1344 1669 Spiritus
1379 1619 1406 1655 a
1443 1601 1614 1656 Paulo
1649 1605 1802 1658 ιιιιιιιί
1854 1605 2076 1675 spiritus

490 1682 851 1756 appellantur.
929 1692 1132 1746 llurum
1201 1704 1386 1748 autem
1453 1698 1744 1751 multorqu
1807 1699 2073 1754 donorum

488 1782 750 1852 quidquid
793 1794 881 1839 est
911 1801 1180 1840 summum
1209 1799 1264 1841 et
1295 1805 1551 1858 magnum
1583 1791 1702 1846 sine
1734 1793 1900 1846 dubio
1945 1808 2075 1861 apo-

487 1873 613 1926 stoli
651 1878 930 1930 consecuti
969 1891 1097 1932 sunt
1123 1920 1137 1941 ,
1169 1889 1226 1932 ιιι
1259 1881 1437 1934 idonei
1471 1896 1676 1944 essent,
1707 1884 1848 1938 Sicut
1876 1894 1930 1936 et
1961 1886 2075 1952 ipse

489 1962 687 2020 Paulus
711 1965 842 2022 dicit
866 1969 933 2032 ³⁷,
967 1971 1198 2025 ministri
1231 1969 1369 2026 Novi
1403 1973 1774 2039 Testatnenti,
1806 1985 1862 2030 et
1897 1988 1954 2030 ut
1991 1992 2076 2031 re-

488 2057 638 2124 plere
698 2069 922 2125 possent
973 2061 1330 2132 Evangelium
1379 2065 1494 2134 (i9)
1548 2066 1616 2120 ab
1659 2063 1963 2121 Jerusalem
2018 2067 2072 2122 in

484 2150 718 2206 circuitu
765 2169 939 2222 usque
987 2158 1054 2209 ad
1092 2156 1370 2227 Illyricum
1401 2160 1466 2212 ".
1505 2158 1619 2212 lloc
1654 2174 1788 2228 ergo
1830 2159 1974 2228 quod
2018 2159 2073 2213 in

485 2257 582 2296 eos
633 2259 743 2312 prae
787 2247 1003 2300 caeteris
1053 2249 1345 2304 sublimius
1385 2260 1440 2304 et
1470 2251 1786 2319 praeclarius
1815 2252 2073 2306 collatum

484 2343 568 2388 cst
611 2337 788 2391 sancti
817 2339 1057 2406 Spiritus
1091 2342 1290 2395 donum
1320 2384 1335 2408 ,
1367 2343 1565 2397 merito
1597 2343 1868 2412 primitias
1897 2345 2072 2398 sancti

487 2431 728 2500 Spiritus
757 2435 1072 2504 appellavit.
1104 2437 1171 2490 Et
1201 2438 1323 2492 ideo
1349 2439 1500 2501 dicit,
1539 2457 1557 2489 «
1579 2441 1672 2494 sed
1705 2450 1759 2494 et
1789 2454 1887 2493 nos
1913 2439 2068 2508 ipsi.»

484 2523 545 2579 In
601 2539 710 2595 quo
756 2527 1069 2595 specialiter
1125 2529 1412 2598 designare
1459 2532 1674 2585 videtur
1719 2531 2073 2600 apostolicam

483 2615 829 2687 dignitatem.
875 2638 892 2669 «
926 2618 1064 2673 Nos»
1109 2635 1242 2687 ergo
1267 2661 1281 2683 ,
1314 2621 1530 2691 inquit,
1576 2623 1706 2688 «ipsi
1734 2662 1749 2686 ,
1785 2641 1803 2675 »
1844 2623 1950 2678 hoc
1984 2633 2070 2678 est

483 2707 750 2776 apostoli,
787 2727 805 2760 «
830 2710 1101 2778 primitias
1135 2712 1376 2782 Spiritus
1405 2713 1692 2777 habentes,
1723 2733 1742 2765 »
1795 2714 1886 2783 qui
1918 2713 2074 2769 electi

483 2811 673 2852 sumus
703 2799 907 2855 adhoc
955 2811 1013 2855 ut
1062 2804 1336 2871 primitias
1382 2803 1624 2873 Spiritus
1671 2807 2072 2874 acciperemus,

480 2891 648 2944 etiam
685 2909 704 2942 «
755 2891 854 2961 ipsi
896 2893 1036 2947 intra
1075 2910 1176 2948 nos
1207 2897 1498 2965 gemimus.
1529 2916 1547 2948 »
1602 2897 1658 2950 lu
1709 2908 1958 2963 tantum,
1995 2899 2075 2950 iu-

482 2982 626 3051 quit,
661 2984 806 3038 nulla
835 2997 1088 3040 creatura
1123 2997 1208 3041 est
1245 3003 1366 3056 quae
1395 2988 1682 3043 doloribus
1705 2998 1760 3044 et
1787 2989 2075 3060 gemitibus

485 3085 676 3138 vacet,
743 3084 804 3129 ut
853 3077 1020 3131 etiam
1073 3093 1176 3132 nos
1232 3079 1334 3147 ipsi
1387 3079 1480 3149 qui
1532 3095 1746 3134 summa
1792 3096 1821 3134 a
1869 3081 2072 3150 Spiritu

485 3175 674 3219 saneto
720 3175 774 3220 et
819 3167 992 3222 electa
1035 3172 1177 3223 dona
1226 3172 1608 3239 percepimus,
1653 3182 1831 3227 tamen
1872 3189 2074 3244 exspe-

484 3263 698 3310 ctantes
727 3255 840 3326 (20)
870 3257 1212 3327 adoptionem
1245 3260 1502 3321 ﬁliorum,
1539 3261 1589 3314 id
1623 3271 1707 3314 est
1728 3301 1743 3324 ,
1774 3261 2069 3331 perfectio-

487 3361 611 3402 nem
645 3363 834 3402 eorum
869 3365 1008 3420 quos
1039 3351 1237 3404 docere
1263 3363 1314 3405 et
1345 3352 1638 3406 instituere
1669 3352 1818 3407 missi
1856 3369 2068 3418 sumus,

487 3445 662 3497 donec
684 3441 964 3496 videamus
989 3457 1083 3497 eos
1105 3443 1158 3496 in
1187 3453 1397 3497 tantum
1423 3443 1716 3512 prolicere,
1741 3455 1800 3498 ut
1821 3445 2068 3515 adoptari

488 3544 803 3598 mereantur
835 3534 886 3587 in
923 3533 1100 3600 lilios,
1153 3537 1462 3591 necessario
1516 3537 1763 3592 dolemus
1802 3546 1858 3591 et
1897 3537 2071 3606 gemi-

491 3643 627 3679 mus.
675 3627 855 3680 Donec
885 3641 1014 3694 ergo
1048 3642 1179 3690 nos,
1214 3628 1432 3696 inquam
1455 3667 1470 3693 ,
1504 3629 1598 3698 qui
1643 3629 1982 3683 instituimur
2005 3628 2074 3682 ab

487 3717 568 3769 eis
606 3716 742 3785 (21),
781 3717 1104 3784 negligimus
1124 3757 1140 3780 ,
1171 3728 1226 3772 et
1257 3735 1558 3784 moramur,
1589 3729 1644 3774 et
1669 3720 2074 3776 emendationis

492 3819 691 3861 nostra:
728 3819 940 3874 tempus
974 3807 1188 3876 longius
1213 3809 1584 3877 protelamus,
1617 3810 1792 3864 donec
1835 3826 1941 3865 non
1980 3811 2070 3866 in-

491 3901 729 3954 visibilia
756 3903 1076 3968 quaerimus,
1105 3902 1200 3954 sed
1238 3901 1543 3955 visibilibus
1574 3901 1910 3957 delectamur
1930 3942 1947 3968 ,
1975 3903 2075 3958 do-

487 3995 634 4050 lores
680 3994 938 4064 apostolis
997 4009 1440 4058 commoveums,
1485 4009 1551 4050 ac
1596 3995 1836 4062 luctum,
1886 4005 1946 4051 ut
1993 3999 2066 4052 ita

487 4088 664 4142 dicam
685 4128 701 4152 ,
747 4089 1015 4144 universa:
1042 4097 1308 4142 creatura:
1335 4100 1391 4143 et
1433 4087 1670 4157 gemitus
1713 4089 2066 4144 suscitamus.

493 4179 754 4234 lluiversa
786 4195 1020 4250 namque
1061 4191 1313 4235 creatura
1364 4181 1674 4250 ingemiscit
1722 4191 1775 4234 et
1817 4179 2070 4234 condolet

487 4272 702 4326 duritia:
727 4281 784 4326 et
815 4272 1271 4326 dissimulationis
1303 4282 1502 4326 nostrae
1525 4271 1724 4324 damna
1758 4271 2063 4338 suspirans.

2180 603 2443 658 addemus
2475 603 2590 675 (22)
2618 615 2672 659 ει
2703 607 2949 661 tertium.
3002 606 3148 659 Idem
3181 605 3296 675 ipse
3331 604 3622 673 Apostolus
3650 605 3759 660 ite-

2181 709 2299 748 rum
2351 695 2476 750 dicit
2529 696 2642 767 (25)
2691 696 2758 750 dc
2787 695 3013 750 Domino
3038 695 3164 750 Jesu
3198 697 3458 762 Christo,
3510 696 3634 764 quia
3685 696 3758 750 sit

2185 799 2204 831 «
2237 783 2632 853 primogenitus
2669 785 2847 838 omnis
2886 798 3151 839 creatura:
3183 787 3246 837 υ.
3273 805 3292 838 »
3331 785 3405 838 Ne
3447 784 3588 840 forte
3627 800 3760 855 ergo

2180 885 2240 926 ut
2286 873 2374 928 ille
2409 892 2428 925 «
2459 877 2857 947 primogenitus
2887 877 2999 950 (24)
3033 897 3052 929 »
3089 878 3286 932 dicitur
3325 895 3344 928 «
3375 877 3552 932 omnis
3595 892 3757 932 crea-

2181 975 2352 1032 turae,
2385 987 2403 1020 »
2436 969 2527 1023 tali
2561 973 2797 1039 quadam
2829 975 3042 1028 ratione
3071 974 3235 1028 etiam
3266 971 3555 1026 multorum
3591 971 3756 1038 spiri-

2182 1068 2332 1112 tuum
2366 1061 2618 1128 primitiae
2655 1063 2869 1118 dicatur
2898 1065 3132 1134 Spiritus
3157 1075 3402 1121 sanctus.
3446 1062 3531 1117 Sit
3559 1072 3614 1117 et
3655 1063 3760 1118 isto

2177 1149 2532 1216 expositionis
2562 1154 2753 1208 tertius
2782 1152 2894 1224 (25)
2934 1169 3146 1209 moous.
3193 1153 3393 1208 Probet
3433 1163 3612 1207 autem
3662 1154 3758 1223 qui

2179 1239 2340 1309 legit,
2390 1242 2519 1312 quid
2567 1245 2758 1299 hortnu
2808 1247 2978 1318 magis
3023 1247 3207 1301 sensui
3257 1245 3551 1300 conveniat
3591 1246 3760 1316 600

2178 1337 2496 1402 apostolico.
2531 1338 2586 1392 Si
2624 1355 2754 1392 vero
2784 1343 2926 1409 quod
2959 1342 3130 1404 dixit,
3173 1359 3190 1391 «
3227 1340 3294 1395 Et
3320 1355 3416 1395 nos
3445 1339 3544 1409 ipsi
3572 1341 3758 1409 primi-

2181 1430 2283 1482 tias
2329 1429 2568 1499 Spiritus
2615 1433 2912 1498 habentes,
2941 1451 2959 1484 »
3006 1434 3071 1488 de
3113 1434 3364 1486 omnibus
3411 1432 3614 1486 dictum
3663 1432 3757 1500 qui

2177 1525 2407 1588 gratiam
2437 1520 2693 1589 baptismi
2721 1522 3002 1575 consecuti
3034 1521 3287 1576 videntur
3317 1521 3554 1590 accipias
3578 1559 3594 1583 ,
3627 1536 3758 1587 spe-

2178 1610 2409 1664 randum
2457 1621 2544 1666 est
2589 1612 2717 1666 illud
2766 1613 2908 1683 quod
2960 1613 3101 1667 idem
3151 1613 3446 1683 Apostolus
3493 1613 3631 1666 dixit
3659 1613 3753 1666 '°:

2181 1718 2200 1751 «
2232 1699 2385 1766 Quod
2414 1702 2457 1756 si
2493 1703 2749 1770 primitiae
2795 1687 3040 1767 sanetae,
3082 1712 3134 1757 et
3181 1720 3359 1759 massa
3394 1723 3408 1760 :
3445 1705 3570 1758 etsi
3603 1705 3755 1758 radix

2178 1803 2386 1858 sancta,
2423 1803 2478 1848 et
2505 1797 2662 1848 rami.
2696 1816 2715 1848 »
2753 1797 2903 1860 Quod
2941 1805 2997 1850 et
3042 1798 3084 1850 si
3119 1798 3190 1849 ita
3222 1798 3322 1860 sit,
3369 1801 3548 1849 tamen
3588 1795 3759 1864 ipsius

2109 1867 2154 1928 Β
2183 1901 2371 1938 massae
2403 1884 2453 1937 in
2486 1899 2591 1952 qua
2638 1886 2852 1939 videtur
2894 1886 3121 1941 indicari
3159 1886 3446 1940 multitudo
3489 1885 3755 1951 ﬁdelium,

2179 1976 2432 2044 primitiae
2479 1978 2789 2032 necessario
2842 1978 3170 2032 videbuntur
3219 1977 3331 2046 (26)
3386 1978 3438 2031 in
3495 1977 3758 2047 apostolis

2178 2065 2474 2121 collocatae.
2525 2066 2617 2121 Sic
2660 2068 2808 2121 enim
2852 2068 3114 2138 scriptum
3147 2079 3233 2122 est
3259 2068 3322 2131 ³¹,
3353 2069 3478 2137 quia
3528 2068 3620 2121 «iu
3657 2067 3756 2120 Ec-

2177 2159 2341 2213 clesia
2386 2159 2566 2229 posuit
2605 2159 2748 2214 Deus
2790 2162 2966 2230 primo
2999 2162 3311 2230 apostolos,
3357 2162 3596 2215 secundo
3625 2176 3755 2230 pro-

2180 2251 2407 2319 phetas,
2441 2254 2604 2306 tertio
2637 2253 2915 2308 doctores.
2947 2272 2966 2305 »
3020 2253 3107 2307 Isti
3140 2269 3270 2324 ergo
3310 2255 3401 2323 qui
3432 2256 3606 2324 primo
3636 2253 3756 2309 loco

2177 2344 2466 2397 constituti.
2500 2354 2667 2409 sunt,
2699 2355 3075 2414 competenter
3117 2346 3390 2414 primitias
3421 2346 3596 2400 sancti
3632 2347 3757 2415 Spi-

2177 2436 2314 2488 ritus
2343 2437 2536 2505 gratitc
2575 2437 2837 2505 spiritalis
2880 2439 3080 2492 habere
3113 2439 3421 2491 credentur.
3464 2437 3620 2492 Nunc
3640 2438 3753 2507 jam

2178 2528 2460 2583 videamus
2489 2528 2761 2597 quomodo
2788 2528 3132 2595 adoptionem
3174 2529 3406 2583 ﬁliorum
3436 2540 3757 2598 exspectare

2178 2633 2237 2672 se
2285 2619 2430 2674 dicat
2453 2621 2544 2689 qui
2595 2619 2650 2674 in
2700 2621 3075 2691 superioribus
3125 2623 3260 2676 dixit
3289 2623 3354 2686 ³³,
3404 2624 3534 2691 quia
3589 2639 3609 2674 «
3641 2621 3756 2691 ipse

2178 2711 2411 2780 Spiritus
2453 2713 2820 2767 testimonium
2871 2713 3050 2768 reddit
3092 2714 3309 2784 spiritui
3347 2724 3578 2779 nostro,
3625 2716 3754 2784 quia

2176 2820 2362 2859 Sumus
2413 2805 2508 2859 lilii
2554 2805 2686 2870 Dei;
2717 2825 2736 2857 »
2791 2816 2846 2861 et
2876 2808 3071 2862 iterum
3117 2807 3388 2876 quomodo
3420 2807 3752 2875 redemptio-

2181 2907 2307 2948 nem
2338 2894 2578 2964 corporis
2618 2906 2800 2966 sperat
2848 2897 2939 2966 qui
2984 2897 3040 2951 in
3085 2897 3202 2952 aliis
3238 2897 3410 2951 dicit:
3449 2915 3468 2947 «
3501 2894 3750 2949 Christus

2178 3003 2279 3048 nos
2320 2987 2547 3042 redemit
2571 2987 2640 3042 ⁸³.
2679 3006 2697 3038 »
2725 2987 2828 3043 Sed
2850 2988 2980 3059 (27),
3006 2997 3065 3043 ιιι
3089 2989 3217 3042 mihi
3245 2989 3476 3052 videtur,
3509 2988 3624 3058 ipse
3646 2987 3752 3040 hoc

2174 3097 2240 3136 eo
2269 3096 2520 3135 sermone
2551 3081 2642 3151 qui
2695 3081 2748 3134 iu
2794 3080 3146 3148 sequentibus
3180 3078 3410 3135 habetur
3435 3117 3451 3142 ,
3497 3078 3753 3134 absolvit.

2176 3172 2266 3226 Ait
2312 3172 2458 3226 enim
2494 3189 2506 3224 :
2545 3191 2564 3224 «
2597 3170 2704 3241 Spe
2747 3171 2880 3226 salvi
2930 3170 3060 3226 facti
3102 3186 3312 3226 smnus.
3344 3189 3362 3222 »
3416 3170 3570 3236 Quod
3624 3185 3755 3238 ergo

2178 3264 2270 3318 lilii
2328 3279 2559 3327 sumus,
2605 3274 2660 3317 et
2707 3264 2966 3332 redempti
3013 3278 3232 3326 sumus,
3277 3273 3330 3315 et
3370 3261 3514 3329 quod
3557 3260 3752 3315 salvati

2176 3371 2389 3419 sumus,
2425 3354 2478 3408 in
2507 3369 2604 3424 spe
2643 3355 2911 3408 consistit.
2965 3371 2983 3403 «
3011 3352 3164 3408 Nunc
3194 3355 3333 3407 enim
3367 3353 3614 3407 videmus
3659 3367 3759 3421 per

2176 3448 2477 3520 speculum,
2528 3457 2584 3502 ει
2634 3445 2687 3500 in
2719 3446 3044 3515 aenigmate;
3092 3457 3222 3500 tunc
3271 3455 3450 3500 autem
3502 3445 3641 3500 facie
3687 3445 3759 3502 ad

2178 3537 2369 3591 faciem
2395 3537 2440 3567 ³⁸
2470 3554 2483 3590 :
2517 3555 2535 3588 »
2574 3549 2672 3604 per
2700 3534 2976 3604 speculum
3006 3548 3136 3602 ergo
3168 3541 3223 3587 et
3255 3533 3306 3586 in
3337 3533 3621 3601 aenigmate
3664 3547 3758 3586 ae-

2173 3628 2404 3697 cipimus
2435 3626 2548 3698 (9.8)
2582 3635 2637 3680 et
2658 3625 3003 3693 adoptionem
3028 3634 3084 3678 et
3109 3623 3557 3693 redemptionem.
3601 3642 3620 3675 «
3646 3623 3756 3678 Ad-

2172 3720 2370 3774 venit»
2420 3719 2566 3772 enim
2620 3717 2942 3787 «plenitudo
2994 3725 3299 3785 temporum
3326 3756 3342 3781 ,
3375 3735 3395 3768 »
3446 3724 3502 3771 et
3555 3733 3574 3767 «
3607 3716 3760 3771 misit

2171 3810 2314 3867 Deus
2344 3809 2539 3864 Filium
2569 3825 2724 3864 suum
2763 3809 2964 3864 factum
2995 3824 3063 3864 ex
3107 3809 3370 3874 muliere,
3404 3809 3606 3865 factum
3652 3809 3756 3865 sub

2172 3903 2311 3973 iege,
2357 3912 2417 3957 ut
2449 3917 2543 3956 eos
2585 3902 2679 3972 qui
2709 3903 2810 3957 sub
2856 3901 2973 3968 lege
3027 3911 3183 3954 erant
3231 3903 3545 3967 redimeret,
3576 3912 3634 3957 ut
3659 3901 3758 3956 ad-

2176 3996 2450 4063 0ptionem
2484 3995 2718 4049 ﬂliorum
2756 3995 3123 4062 reciperemus
3155 3994 3220 4051 3".
3243 4013 3260 4046 »
3289 3993 3601 4062 Recipimus
3625 4008 3758 4064 ergo

2180 4089 2292 4158 (29)
2333 4089 2677 4158 adoptionem
2699 4128 2714 4152 ,
2760 4089 2854 4142 sed
2885 4088 3045 4142 istam
3075 4103 3193 4156 qum
3231 4097 3314 4140 est
3346 4101 3440 4156 per
3469 4084 3751 4154 speculum

2177 4193 2229 4238 et
2263 4184 2314 4236 in
2347 4182 2649 4252 aenigmate.
2680 4179 2812 4235 Cum
2866 4189 3045 4234 autem
3077 4179 3328 4234 venerint
3352 4193 3474 4242 quae
3515 4175 3753 4246 perfecta

2178 4283 2325 4340 sunt,
2367 4285 2493 4329 tunc
2537 4275 2882 4344 adoptionem
2928 4291 2947 4325 «
2981 4273 3121 4327 lacie
3166 4271 3232 4326 ad
3276 4270 3474 4325 faciem
3504 4289 3523 4322 »
3557 4283 3755 4325 conse-

487 4364 641 4419 Alius
673 4363 760 4418 hic
790 4365 948 4419 nobis
975 4363 1382 4433 explanationis
1412 4363 1545 4417 ordo
1573 4363 1641 4416 de
1667 4361 1924 4432 primitiis
1947 4362 2067 4431 Spi-
2101 4377 2145 4432 ι)
2175 4381 2425 4434 quemur.
2459 4365 2612 4432 Quod
2641 4372 2825 4418 autem
2855 4363 3014 4428 dixit,
3048 4381 3066 4414 «
3096 4360 3520 4430 redemptionem
3551 4375 3757 4429 corpo-

554 4482 603 4512 “
633 4481 648 4533 Ι
676 4480 802 4536 Cor.
831 4495 926 4542 xv,
951 4480 1044 4535 28.

485 4549 617 4604 loss.
648 4567 688 4616 1,
727 4550 812 4604 i5.

489 4621 536 4651 "
567 4621 746 4676 Galat.
778 4636 853 4689 tv,
879 4622 937 4688 4,
967 4623 1020 4676 5.

560 4716 672 4786 (16)
702 4717 868 4783 Editi,
904 4717 1248 4787 «accepimus
1277 4734 1305 4771 a
1341 4717 1642 4772 Salvatore.
1666 4737 1686 4770 »

489 4858 530 4913 Ρ
563 4788 676 4858 (l7)
713 4789 854 4842 Editi
875 4828 891 4854 ,
925 4807 941 4838 «
966 4798 1178 4857 poterat
1206 4790 1297 4858 qui
1332 4788 1500 4843 Filius
1529 4797 1584 4843 el
1617 4789 1798 4843 omnia
1833 4797 1914 4844 est
1950 4802 2071 4857 qua:

536 4870 672 4910 ater.
701 4877 720 4910 »

536 4870 672 4910 ῧΙΙΘΙδ.
701 4877 720 4910 ι

561 4928 677 4999 (18)
716 4927 1028 4999 Subjectus.
1073 4927 1236 4983 Deest
1295 4928 1348 4982 in
1375 4927 1557 4999 editis
1601 4937 1657 4983 et
1695 4928 1750 4982 in
1802 4928 2073 4999 plerisque

490 4997 624 5054 mss.
645 4997 666 5060 ,’
696 5001 789 5053 sed
821 4998 1130 5054 restituitur
1166 5014 1230 5052 ex
1266 4998 1452 5052 codice
1480 4997 1648 5066 Regio
1679 5015 1827 5051 num.
1863 4998 2020 5053 1659.

561 5069 676 5141 (19)
707 5069 798 5124 Sic
829 5085 934 5123 ms.
969 5085 1108 5121 unus
1136 5067 1336 5141 Regius
1370 5087 1518 5122 num.
1545 5069 1682 5141 1659
1715 5079 1767 5141 et
1794 5071 2068 5141 llabanus.

488 5139 685 5196 Czeteri
717 5153 847 5193 vero
881 5154 1010 5194 mss.
1042 5140 1270 5198 etediti,
1308 5157 1327 5188 «
1354 5150 1408 5191 et
1445 5150 1500 5191 ut
1531 5139 1725 5207 repleri
1756 5140 1854 5206 (al.
1878 5178 1892 5201 ,
1937 5157 1956 5188 «
1985 5153 2067 5192 re-

491 5210 937 5284 plere»)_po_ssiut
960 5209 1249 5278 Evangelia
1272 5209 1391 5278 (aL,
1429 5209 1526 5262 «ab
1546 5209 1850 5283 Evangelio,
1867 5219 1916 5284 »)
1957 5217 2063 5264 etc.

711 5280 878 5352 Editi,
914 5298 932 5330 «
963 5290 1170 5352 tantum
1204 5290 1606 5348 exspectantes.
1635 5297 1655 5330 ι

564 5349 679 5424 eo
710 5351 875 5424 seu.
910 5367 929 5401 ο
961 5351 1028 5424 ab
1051 5349 1244 5424 ams-2

565 5416 679 5492 (22)
709 5420 875 5486 Editi,
896 5438 925 5492 _«
945 5420 1160 5492 duritiei
1185 5416 1856 5492 dissinmlationis‘nos‘trte
1873 5418 2068 5492 damna

493 5489 799 5560 suspirans.
843 5490 1000 5544 Alius
1045 5490 1135 5543 hic
1177 5490 1334 5543 nobis
1378 5489 1780 5560 explanationis
1823 5490 1957 5543 ordo
2001 5490 2070 5560 de

493 5560 1016 5632 pritnitiisispiritus
1063 5560 1307 5619 videtur,
1356 5559 1400 5612 si
1452 5559 1765 5632 probandus
1809 5559 2067 5632 occurrit.

494 5631 684 5685 Adhuc
712 5631 1010 5695 addemus;
1035 5649 1053 5679 »
1086 5646 1186 5684 ms.
1225 5646 1395 5693 unus,
1434 5649 1451 5680 «
1473 5631 1664 5684 Adhuc
1695 5639 1871 5683 tamen
1906 5631 2072 5683 adde-

498 5716 642 5761 tuus,
675 5720 694 5752 »
729 5709 838 5754 etc.

570 5770 683 5841 (25)
715 5767 1146 5841 Μεεεβιειὶιιιιε,
1197 5771 1368 5823 «Item
1411 5769 1525 5838 ipse
1553 5768 1845 5841 Apostolus
1883 5770 2026 5833 dicit,
2051 5787 2069 5820 »

502 5840 610 5896 etc.
633 5881 648 5906 ,
679 5849 730 5897 et
763 5840 1021 5896 omittunt
1055 5859 1070 5892 ι
1105 5841 1322 5906 iterum,
1357 5859 1374 5892 »
1415 5841 1555 5898 sicut
1591 5850 1641 5894 et
1672 5840 1824 5894 editi.

1119 4482 1165 4513 ⁸⁵
1193 4481 1350 4533 Joan.
1385 4497 1526 4542 xvu,
1556 4480 1642 4534 40.
1720 4480 1767 4511 “
1794 4479 1987 4534 Matth.
2021 4497 2151 4542 xxv,
2184 4481 2252 4536 56
2290 4497 2406 4550 seq.

890 4551 934 4582 '°
968 4551 1127 4606 Rom.
1171 4567 1248 4619 xt,
1284 4553 1366 4606 l6.
1443 4551 1486 4583 ³¹
1523 4551 1543 4605 ι
1579 4550 1706 4606 Cor.
1738 4566 1830 4616 xu,
1861 4550 1950 4604 28.
2026 4552 2070 4583 ³⁸
2109 4553 2266 4606 Ιὶοιιι.
2301 4567 2420 4617 vui,
2458 4552 2543 4606 16.

2483 4481 2527 4512 ’⁷
2559 4479 2602 4534 ΙΙ
2629 4479 2753 4532 Cor.
2789 4477 2936 4539 ιιι,6.
3013 4480 3056 4510 ’⁸
3095 4478 3249 4531 Rom.
3281 4491 3370 4538 xv,
3405 4475 3493 4530 l9.
3567 4476 3612 4508 "
3645 4476 3754 4529 Co-

2630 4550 2675 4582 ³³
2717 4548 2894 4603 Galat.
2928 4565 3011 4614 ιιι,
3045 4549 3132 4602 15.
3211 4548 3258 4578 ³⁸
3287 4549 3314 4602 1.
3339 4547 3464 4602 Cor.
3501 4562 3624 4612 χιιι,
3663 4547 3752 4600 12.

2265 4718 2354 4782 24)
2384 4717 2528 4771 Editi
2549 4758 2562 4779 ,
2597 4737 2616 4769 «
2641 4717 2717 4770 Ne
2745 4716 2882 4770 forte
2904 4731 3036 4784 ergo
3061 4715 3147 4768 ubi
3175 4713 3266 4769 ille
3301 4714 3749 4781 primogenitus.»

2265 4718 2354 4782 24)
2384 4717 2528 4771 Editi
2549 4758 2562 4779 ,
2597 4737 2616 4769 «
2641 4717 2717 4770 Ne
2745 4716 2882 4770 forte
2904 4731 3036 4784 ergo
3061 4716 3147 4768 ubi
3175 4716 3266 4769 ille
3301 4716 3749 4781 primogenitus.»

2242 4716 2358 4859 (25)
2393 4789 2578 4859 Editi_._
2621 4805 2640 4838 «
2673 4789 2910 4859 Spiritus
2953 4796 3194 4840 sanctus.
3244 4785 3325 4859 Sit
3349 4801 3482 4859 ergo
3519 4785 3621 4859 iste
3658 4800 3753 4836 ex-

2171 4854 2452 4929 positionis
2527 4857 2973 4930 (Geuebrardus,
3049 4857 3486 4925 «propositionis
3514 4854 3561 4925 »)
3647 4864 3756 4908 ter-

2173 4931 2280 4984 tius
2299 4970 2313 4991 ,
2340 4949 2358 4980 »
2395 4941 2502 4982 etc.

2244 4999 2356 5070 (26)
2390 4999 2483 5054 Sic
2527 4998 2653 5070 editi
2701 5008 2756 5050 et
2801 5012 2902 5051 ms.
2941 5012 3100 5052 unus.
3135 4996 3329 5051 εἱειειὶ
3363 5011 3492 5050 vero
3525 5009 3657 5049 mss.
3695 5005 3752 5049 et

2178 5071 2457 5132 Rabauus,
2493 5087 2510 5120 t
2541 5069 2884 5123 videbantur.
2907 5087 2925 5120 »

2253 5141 2366 5208 (a7)
2399 5138 2529 5194 Sed.
2568 5139 2734 5200 Editi,
2773 5157 2790 5188 ι
2824 5139 2982 5192 Sic.»

2256 5205 2369 5280 (28)
2400 5209 2562 5269 Editi,
2603 5227 2622 5260 «
2654 5209 2808 5262 Nunc
2831 5218 3011 5261 autem
3041 5208 3287 5280 videmus
3317 5221 3414 5280 per
3451 5205 3750 5280 speculum,

2178 5275 2426 5334 videmus
2451 5281 2503 5333 in
2526 5280 2812 5349 :rnigmate
2843 5298 2855 5332 :
2890 5294 2983 5346 per
3006 5279 3282 5347 speculum
3307 5275 3752 5349 etiuqzeuigrnate

2179 5352 2525 5419 accipimus,»
2556 5344 2660 5403 etc.
2693 5349 2792 5402 Ms.
2818 5344 2955 5402 unus
2983 5344 3183 5417 Regius
3205 5346 3532 5402 num.w39,
3560 5363 3577 5394 «
3601 5344 3754 5398 Nunc

2179 5425 2319 5475 enim
2339 5422 2581 5474 videmus
2605 5435 2701 5489 per
2723 5419 2997 5488 speculum
3024 5420 3075 5472 in
3099 5420 3409 5489 a-nigmate,
3426 5427 3550 5469 tunc
3569 5424 3751 5469 autem

2177 5492 2319 5546 facie
2348 5491 2412 5542 ad
2444 5487 2658 5544 faciem.
2690 5487 2830 5556 Ergo
2855 5501 2910 5542 et
2929 5489 3212 5557 aenigmata
3237 5487 3561 5554 accipimus,
3585 5504 3601 5536 »
3637 5495 3748 5538 etc.

2182 5563 2282 5616 Alii
2329 5576 2457 5613 vero
2492 5577 2624 5614 mss.
2647 5601 2661 5622 ,
2702 5579 2718 5611 «
2745 5559 2896 5613 Nunc
2927 5568 3106 5612 autem
3141 5559 3388 5610 videmus
3433 5571 3529 5624 per
3554 5570 3752 5623 specu--

2182 5634 2290 5685 lum
2341 5642 2395 5685 et
2445 5631 2496 5683 in
2550 5633 2832 5702 aenigmate
2869 5644 2883 5682 :
2921 5644 3016 5699 per
3046 5628 3324 5697 speculum
3353 5640 3520 5695 ergo,
3545 5644 3565 5678 »
3602 5637 3746 5692 ete.,

2182 5714 2236 5756 ut
2272 5705 2322 5754 in
2355 5711 2521 5754 textu.

2254 5773 2366 5841 (29)
2403 5771 2540 5827 Editi
2569 5771 2834 5841 plerique,
2873 5789 2890 5819 «
2925 5767 3247 5840 Recepimus
3282 5782 3430 5837 ergo.
3455 5783 3472 5818 »
