4146 6450
503 416 640 472 1117

1444 418 1802 476 COMMENT.
1843 415 1912 473 IN
1950 414 2170 471 EPIST.
2209 415 2300 469 AD
2340 415 2506 473 ROM.
2542 416 2670 472 LIB.
2713 417 2826 475 VII.

3617 421 3744 476 1118

499 534 575 591 ris
609 537 802 603 nostri,
839 556 858 588 ι
896 553 998 609 ego
1028 540 1269 594 arbitror
1315 541 1459 608 quod
1513 541 1678 594 totius
1709 537 1962 592 Ecclesia:
1993 539 2075 591 in-
2102 542 2150 598 Α
2177 551 2301 592 cum
2333 546 2579 608 tempore
2613 538 2894 600 ﬁniuntur,
2938 553 2960 589 ι
2988 551 3107 606 qua:
3133 543 3312 592 autem
3335 551 3442 593 non
3472 535 3744 604 videntur,

497 627 644 682 dicet
671 646 890 696 corpus,
921 633 1062 685 sicut
1084 641 1138 684 et
1161 631 1286 686 alibi
1319 632 1450 685 dicit
1483 648 1497 685 :
1542 648 1560 681 ι
1595 629 1700 684 Vos
1727 641 1904 684 autem
1935 629 2068 684 estis

493 733 693 787 corpus
716 719 939 784 Christi,
973 733 1025 774 et
1049 725 1287 776 membra
1313 739 1377 776 ex
1411 735 1562 791 parte
1597 723 1661 774 ³ο.
1697 741 1716 772 ι
1748 720 1919 776 Omne
1939 738 2068 792 ergo

495 824 690 878 corpus
725 811 976 866 Ecclesiae
1012 813 1380 866 redimendum
1410 824 1593 882 sperat
1624 812 1931 882 Apostolus,
1967 828 2065 868 nec

494 908 648 966 putat
675 915 834 968 posse
863 917 983 970 quae
1015 901 1254 970 perfecta
1286 912 1410 956 sunt
1439 903 1556 956 dari
1587 903 1813 972 singulis
1845 905 2066 973 quibus-

491 1005 598 1058 que
618 991 900 1059 membris,
930 993 1031 1048 nisi
1059 994 1367 1047 universum
1395 1008 1594 1063 corpus
1623 995 1674 1048 in
1709 1011 1872 1049 unum
1902 995 2064 1051 fuerit

493 1091 902 1150 congregatum.
939 1083 1120 1138 Potest
1150 1093 1328 1138 autem
1359 1093 1414 1138 et
1439 1085 1516 1139 sic
1562 1085 1828 1154 intelligi,
1870 1096 1928 1139 ut
1973 1102 2063 1141 re-

491 1172 859 1240 deruptiouem
890 1176 1132 1243 corporis
1166 1176 1336 1229 nostri
1374 1177 1518 1230 dicat
1552 1176 1696 1230 illant
1729 1195 1848 1246 quae
1882 1179 1933 1232 in
1974 1194 2060 1233 re-

487 1261 827 1316 surrectione
869 1262 1047 1317 futura
1081 1275 1188 1329 est,
1217 1279 1342 1318 cum
1378 1280 1483 1317 non
1513 1265 1687 1319 solum
1719 1267 1932 1327 animm.
1968 1268 2060 1322 sed

486 1359 542 1403 et
585 1366 816 1420 corpora
860 1356 1076 1409 venient
1115 1373 1134 1407 ι
1167 1368 1291 1411 ante
1323 1357 1559 1412 tribunal
1593 1359 1794 1414 Christi
1825 1400 1841 1426 ,
1875 1368 1932 1412 ut
1972 1375 2060 1413 re-

487 1450 666 1508 portet
683 1444 1057 1512 unusquisque
1081 1445 1296 1514 propria
1315 1447 1562 1515 corporis
1588 1457 1748 1515 prout
1772 1447 2017 1516 gessit",
2033 1466 2052 1498 ι

483 1540 538 1584 et
580 1533 874 1588 secundum
908 1534 1039 1588 illud
1068 1538 1211 1603 quod
1243 1537 1444 1592 dictum
1477 1547 1604 1592 est:
1647 1555 1666 1589 ι
1699 1538 1910 1592 Timete
1944 1554 2058 1592 ma-

484 1625 565 1693 gis
595 1640 716 1679 eum
746 1625 837 1694 qui
881 1637 1057 1695 potest
1084 1637 1138 1682 et
1164 1643 1362 1697 corpus
1394 1639 1448 1683 et
1472 1629 1710 1684 animam
1745 1631 1969 1698 perdere
2001 1632 2054 1684 in

481 1717 780 1781 gehennam
815 1717 878 1771 ³⁸.
913 1738 931 1769 ι
978 1719 1044 1772 Ει
1073 1719 1192 1773 ideo
1234 1721 1526 1774 dolendttttt
1566 1721 1855 1789 unicuique
1886 1731 1970 1775 est
2000 1722 2052 1774 in

481 1805 582 1860 hoc
607 1806 802 1860 Steculo
827 1819 875 1862 et
907 1811 1223 1877 gemendum
1244 1850 1259 1872 ,
1293 1826 1357 1864 ne
1389 1811 1526 1866 forte
1557 1827 1655 1880 per
1683 1813 1860 1865 malos
1891 1821 2048 1865 actus

2167 637 2371 683 :eterna
2404 639 2564 694 sunt,
2590 647 2609 680 ι
2650 643 2772 698 quae
2811 630 3079 697 speranda
3113 628 3404 697 Apostolus
3447 628 3622 683 docet.
3664 629 3746 682 Id.

2165 719 2314 773 circo
2356 735 2591 789 namque
2629 729 2683 774 et
2726 720 2841 790 ipsa
2879 720 3125 788 corporis
3160 720 3334 773 nostri
3380 722 3648 788 reparatio
3677 737 3744 774 ex

2165 811 2514 880 corruptibili
2548 811 2996 880 incorruptibilis,
3028 821 3083 866 et
3108 826 3176 866 ex
3206 811 3420 866 mortali
3456 813 3742 866 immorta-

2165 901 2254 967 lis,
2277 911 2332 957 et
2354 918 2424 958 ex
2451 903 2764 957 inﬁrmitate
2794 904 2846 958 in
2873 905 3072 958 virtute
3099 904 3427 969 restituitur,
3453 892 3588 959 etex
3619 907 3740 959 ani-

2163 992 2288 1046 mali
2317 1007 2542 1061 corpore
2575 1007 2770 1062 corpus
2797 992 3028 1048 elﬁcitur
3049 993 3315 1062 spiritale,
3337 1003 3415 1056 ut,
3436 1009 3559 1048 cum
3584 996 3741 1064 spiri-

2165 1079 2271 1134 tale
2300 1079 2500 1133 factum
2528 1079 2713 1144 fuerit,
2744 1083 2917 1150 possit
2945 1082 3106 1134 etiam
3135 1081 3503 1138 invisibilibus
3534 1084 3739 1152 perfrui

2160 1170 2319 1225 bonis
2358 1185 2374 1222 :
2418 1186 2537 1239 qua:
2575 1171 2712 1226 bona
2742 1173 2794 1226 in
2828 1174 3077 1241 prarsenti
3104 1173 3300 1229 saeculo
3331 1189 3435 1230 non
3467 1176 3738 1239 videntes,

2161 1278 2258 1332 per
2275 1277 2424 1331 spem
2448 1277 2752 1330 speramus,
2767 1272 2820 1318 et
2838 1279 2934 1333 per
2951 1263 3263 1331 patientiam
3284 1267 3737 1335 exspectamus“.

2272 1351 2327 1404 6.
2401 1352 2720 1407 «Similiter
2793 1363 2846 1408 et
2918 1353 3154 1422 Spiritus
3223 1355 3440 1424 adjuvat
3511 1358 3740 1414 inﬁrmi-

2160 1450 2323 1496 tatem
2398 1452 2666 1498 nostram.
2740 1443 2874 1499 Nam
2945 1447 3078 1516 quid
3148 1461 3368 1502 oremus
3438 1450 3736 1504 secundum

2158 1533 2301 1597 quod
2353 1542 2570 1601 oportet
2630 1536 2942 1601 nescimus;
2995 1537 3088 1592 sed
3151 1539 3273 1607 ipse
3336 1537 3574 1610 Spiritus
3634 1557 3737 1611 pro

2158 1621 2316 1692 σοι
2366 1624 2524 1678 nobis
2575 1625 2886 1694 interpellat
2922 1628 3217 1695 gemitibus
3254 1629 3730 1686 inenarrabilibus.

2157 1713 2258 1778 Qui
2285 1723 2462 1767 autem
2497 1725 2771 1770 scrutatur
2799 1720 2986 1784 corda,
3019 1722 3124 1774 scit
3148 1721 3276 1788 quid
3308 1721 3582 1776 desideret
3611 1722 3736 1792 Spi-

2158 1807 2323 1868 ritus;
2371 1806 2494 1874 quia
2554 1810 2846 1861 secundum
2897 1809 3064 1863 Deum
3100 1811 3406 1878 interpellat
3447 1829 3544 1880 pro
3602 1829 3730 1868 san-

478 1906 532 1950 et
582 1901 866 1967 praesentis
910 1902 1032 1954 vitae
1068 1902 1446 1972 negligentiam
1495 1919 1599 1956 non
1650 1914 1925 1956 mereatur
1967 1919 2050 1958 re-
2081 1880 2124 1934 Β
2151 1895 2249 1948 CliS
2271 1895 2338 1950 ¹⁶⁵.
2362 1915 2380 1948 ι
2413 1895 2544 1951 Cum
2581 1899 2631 1952 in
2664 1900 3033 1967 superioribus
3051 1901 3277 1955 dixisset
3300 1902 3368 1966 ⁸⁸,
3397 1905 3522 1971 quia
3551 1905 3731 1957 οηιηῖει

477 1990 837 2058 demptiouem
883 1992 1129 2060 corporis
1182 1993 1264 2046 sui
1317 1993 1617 2061 consequi;
1671 1994 1763 2046 sed
1813 1993 2050 2047 inveniat

473 2094 598 2132 eum
627 2081 728 2134 ista
756 2083 1023 2136 sententia
1056 2098 1175 2148 quae
1209 2099 1402 2152 corpus
1433 2092 1481 2136 et
1517 2083 1752 2135 animam
1788 2084 2050 2151 gehennae

476 2169 692 2239 ignibus
731 2173 953 2225 damnat
995 2173 1128 2242 (50).
1176 2173 1301 2227 Post
1337 2175 1452 2227 haec
1487 2173 1618 2228 dicit
1653 2190 1666 2226 :
1706 2192 1725 2225 ι
1761 2172 1867 2241 Spe
1903 2178 2046 2226 enim

477 2261 614 2315 salvi
642 2260 769 2316 facti
800 2279 1008 2318 sumus.
1045 2263 1180 2333 Spes
1206 2274 1386 2319 autem
1419 2281 1538 2335 quae
1562 2265 1794 2327 videtur,
1826 2280 1930 2318 non
1966 2274 2046 2318 est

474 2365 618 2418 spes.
642 2371 662 2404 ι
693 2352 842 2407 Sicut
872 2357 1119 2424 superius
1144 2359 1210 2410 de
1233 2365 1480 2410 creatura
1507 2356 1742 2415 dixerat.
1766 2356 1889 2422 quia
1922 2374 1941 2407 ι
1965 2371 2050 2407 va—

475 2444 630 2498 nitati
686 2446 928 2514 subjecta
986 2459 1067 2503 est
1118 2459 1339 2519 propter
1389 2465 1509 2503 eum
1566 2449 1656 2517 qui
1704 2447 1930 2516 subjecit
1993 2450 2044 2500 in

471 2550 566 2602 spe
592 2535 676 2595 ’νε
719 2557 734 2586 ι
769 2537 838 2590 ita
872 2548 927 2592 et
977 2540 1064 2593 hic
1111 2543 1176 2594 de
1222 2541 1516 2607 semetipso
1561 2539 1647 2592 vel
1688 2555 2044 2608 quoscunque

473 2638 656 2678 secum
690 2631 1036 2681 annumerari
1080 2632 1264 2695 novit,
1309 2630 1483 2684 dicit:
1524 2648 1545 2681 ι
1579 2629 1685 2698 Spe
1717 2631 1860 2683 enim
1907 2631 2042 2685 salvi

473 2718 602 2775 facti
647 2737 834 2776 sumus
871 2741 884 2776 :
931 2743 949 2775 ι
990 2723 1128 2778 sicut
1166 2733 1220 2778 et
1259 2719 1558 2793 'gemitihus
1597 2733 1866 2778 creatura:
1913 2739 2044 2778 suos

471 2824 688 2880 quoque
722 2813 955 2881 gemitus
1003 2815 1255 2868 sociavit.
1298 2813 1577 2880 Quomodo
1617 2825 1794 2868 autem
1848 2815 1900 2867 in
1946 2830 2044 2884 spe

471 2902 543 2957 sit
575 2902 720 2957 salus
749 2902 860 2975 (51)
896 2921 910 2956 :
947 2919 1071 2973 spes
1116 2919 1243 2957 vero
1273 2919 1376 2957 non
1405 2906 1474 2958 sit
1520 2905 1571 2956 in
1607 2905 1689 2958 his
1720 2906 1890 2974 posita
1918 2920 2040 2974 qua:

469 2999 742 3064 videntur,
775 3001 866 3054 sed
895 3015 1013 3068 quae
1043 3015 1149 3053 non
1179 3000 1460 3060 videntur,
1494 3001 1606 3070 jam
1636 3003 1884 3069 superius
1912 3004 2042 3057 edo-

466 3093 699 3145 cnimus.
731 3092 862 3146 Illud
896 3093 1067 3146 solum
1099 3091 1335 3146 breviter
1375 3094 1637 3148 addemus
1659 3133 1673 3156 ,
1705 3095 1845 3163 quod
1877 3104 1931 3148 et
1972 3111 2038 3150 ex

466 3183 549 3236 his
577 3185 916 3238 sermonibus
941 3225 956 3249 ,
989 3196 1042 3238 et
1075 3200 1138 3236 ex
1191 3184 1295 3236 illis
1337 3185 1387 3237 in
1429 3187 1626 3253 quibus
1659 3187 1819 3252 dicit,
1869 3205 1886 3236 ι
1920 3186 2035 3240 Non

465 3276 818 3344 respicientes
854 3277 941 3329 illa
972 3293 1091 3345 qua!
1131 3279 1400 3340 videntur,
1434 3279 1525 3332 sed
1559 3294 1679 3346 qua:
1715 3295 1820 3332 non
1855 3279 2036 3334 viden-

463 3378 555 3424 tur.
577 3367 644 3434 ⁸⁸,
675 3387 694 3421 ι
729 3370 920 3424 edocet
967 3386 1064 3423 nos
1110 3371 1162 3423 iu
1212 3369 1410 3423 futuris
1467 3371 1623 3425 bonis
1663 3371 1799 3424 nihil
1852 3388 2036 3427 eorum

458 3472 580 3524 qum
613 3474 758 3512 nunc
790 3460 1062 3523 videntur,
1097 3459 1180 3513 vel
1207 3459 1376 3513 videri
1408 3471 1654 3529 possunt,
1685 3477 1909 3530 sperare
1940 3464 2030 3518 de.

457 3543 610 3608 bere,
663 3546 876 3600 etiamsi
917 3549 1113 3602 caelum
1155 3548 1339 3602 videas
1372 3548 1515 3602 istud
1551 3551 1785 3618 visibile,
1821 3554 2032 3608 etiamsi

458 3644 678 3688 terram.
710 3637 847 3690 Audi
877 3638 941 3691 de
976 3638 1082 3703 his,
1113 3640 1239 3708 quia
1273 3638 1508 3694 tcmlum
1540 3649 1595 3694 et
1635 3651 1776 3695 terra
1807 3651 2032 3712 praeter-

455 3723 610 3778 ibunt
646 3725 726 3790 “,
758 3745 777 3779 ι
851 3728 1083 3781 visibilia
1142 3730 1287 3783 enim
1348 3739 1514 3793 suttt;
1572 3741 1628 3786 et
1674 3733 1815 3801 quod
1859 3733 2028 3798 vides,

453 3818 584 3885 quid
611 3834 797 3886 speras
827 3819 916 3873 "?
953 3820 1098 3874 Nihil
1135 3837 1265 3891 ergo
1305 3839 1528 3891 prorsus
1578 3826 1905 3894 sperandum
1947 3837 2031 3881 est

453 3908 506 3962 iu
531 3909 712 3964 futuro
736 3914 801 3966 de
828 3913 911 3966 his
935 3929 1052 3981 qua:
1075 3913 1353 3968 videntur.
1384 3932 1402 3965 ι
1425 3913 1623 3969 Oculus
1647 3933 1666 3968 ι
1704 3917 1848 3970 enim
1877 3933 1896 3965 ι
1923 3932 2026 3969 non

452 4003 584 4055 vidit
611 4019 730 4072 qua:
757 4006 1081 4074 praeparavit
1106 4006 1246 4059 Deus
1282 4005 1367 4060 his
1395 4006 1485 4075 qui
1514 4005 1749 4076 diligunt
1779 4007 2020 4060 eum”.t

452 4092 609 4147 Videt
647 4105 827 4148 autem
874 4095 1064 4149 oculus
1107 4094 1305 4150 caelum
1347 4104 1401 4149 et
1448 4107 1691 4162 terram;
1738 4113 1845 4151 non
1897 4114 2026 4167 ergo

448 4195 666 4252 oportet
695 4186 795 4241 hoc
830 4187 972 4255 quod
1005 4186 1238 4250 videtur,
1270 4187 1417 4241 credi
1453 4197 1811 4257 prmparatum
1843 4205 1963 4243 esse
1993 4207 2022 4243 a

450 4277 560 4331 Deo
584 4278 666 4332 his
709 4279 797 4344 Qui
847 4278 1075 4347 diligunt
1104 4293 1226 4333 eum
1254 4293 1269 4343 ;
1302 4279 1394 4332 sed
1416 4279 1614 4333 uelum
1639 4281 1880 4350 quidem.
1914 4283 2023 4337 imo

448 4369 630 4438 potius
679 4371 848 4423 cados
899 4369 1068 4423 multo
1118 4369 1511 4423 eminentiores
1563 4379 1618 4422 et
1668 4371 2018 4436 excelsiores,

446 4476 606 4528 quam
639 4470 722 4516 est
749 4461 872 4514 illud
904 4462 1300 4514 ﬁrmamentum
1341 4460 1484 4529 quod
1519 4462 1686 4514 videri
1717 4463 1891 4517 oculis
1925 4481 2018 4532 po-

2153 1992 2400 2038 creatura
2445 1986 2528 2040 his
2568 1987 2742 2055 quiin
2782 2004 2952 2057 agone
3013 1988 3171 2057 hujus
3216 1992 3340 2044 vita:
3391 2001 3515 2046 sunt
3569 1995 3726 2062 positi

2152 2079 2584 2146 congemisceret
2614 2089 2667 2132 et
2702 2082 3050 2145 condoleret,
3083 2083 3184 2137 hoc
3222 2093 3306 2138 est
3335 2084 3724 2148 collaboraret,

2150 2171 2405 2238 viresque
2451 2169 2745 2237 conferret,
2801 2180 2912 2223 tum
2960 2171 3125 2226 etiam
3157 2173 3393 2242 seipsum
3423 2173 3628 2228 Paulus
3662 2189 3727 2228 ac

2149 2262 2230 2315 sui
2265 2259 2472 2314 similes
2509 2261 2748 2330 proferre
2775 2262 3012 2331 gemitus
3046 2277 3143 2330 pro
3189 2263 3566 2318 laborantibus
3608 2280 3722 2318 me—

2150 2361 2417 2406 morasset
2439 2350 2505 2415 ‘7,
2531 2361 2588 2402 ut
2620 2367 2716 2420 per
2749 2354 2864 2408 haec
2898 2353 3170 2407 solaretur
3214 2355 3268 2407 in
3302 2357 3602 2409 certamine
3625 2372 3722 2424 po-

2147 2445 2300 2508 sitos,
2351 2459 2475 2497 cmn
2519 2445 2765 2498 viderent
2795 2459 2985 2499 omnes
3034 2457 3254 2500 sanctos
3300 2446 3723 2514 universamque

2147 2543 2458 2587 creaturam
2494 2533 2689 2588 all‘ectu
2722 2549 2904 2588 secum
2937 2535 3212 2601 laborare,
3237 2537 3582 2606 gemitusque
3605 2537 3720 2606 (52)

2145 2625 2500 2692 conjungere;
2531 2626 2680 2680 addit
2722 2641 2866 2680 nunc
2906 2627 3174 2680 excelsius
3207 2628 3408 2695 aliquid
3455 2637 3510 2681 ct
3545 2629 3720 2682 subli-

2145 2714 2308 2768 mius.
2334 2713 2432 2778 Ne,
2464 2715 2660 2782 inquit,
2698 2731 2925 2784 parvum
2956 2716 3070 2786 (55)
3107 2719 3306 2785 putetis
3344 2717 3484 2785 quod
3538 2717 3718 2772 omnis

2146 2804 2430 2859 nobiscum
2479 2805 2839 2873 congcmiscit
2895 2815 2948 2860 et
2995 2807 3247 2861 condolet
3297 2819 3596 2860 creatura:
3652 2825 3720 2863 ne

2143 2914 2368 2969 parvum
2396 2898 2643 2953 videatur
2684 2899 2830 2968 quod
2867 2913 2964 2953 nos
2997 2899 3097 2967 ipsi
3128 2901 3396 2968 gemimus
3433 2914 3529 2968 pro
3571 2899 3720 2953 Iaho-

2144 2994 2292 3048 ribus
2320 2995 2537 3047 vestris.
2572 2993 2744 3047 Etiam
2773 2994 2972 3048 divinae
2995 2993 3096 3062 ipsi
3129 3001 3332 3047 natura:
3357 3009 3484 3062 erga
3513 3008 3716 3062 agones

2144 3095 2358 3139 nostros
2383 3084 2687 3154 (vobiscum
2712 3086 2856 3138 enim
2892 3099 2976 3139 me
3006 3099 3226 3156 quoque
3245 3084 3534 3154 conjungo)
3574 3084 3716 3138 inest

2141 3177 2359 3244 quidam
2389 3173 2754 3228 miserationis
2786 3174 3032 3238 allectus,
3065 3185 3120 3229 et
3148 3176 3262 3243 ipse
3299 3191 3317 3222 ι
3347 3171 3590 3242 Spiritus
3611 3174 3711 3226 ad-

2094 3258 2106 3276 ⁸
2135 3268 2287 3334 juvat
2314 3265 2427 3338 (54)
2457 3266 2826 3320 infirmitatem
2858 3279 3119 3320 nostram.
3148 3285 3167 3318 ι
3201 3265 3442 3334 Denique
3463 3266 3588 3334 quid
3614 3279 3714 3320 nos

2137 3374 2317 3423 orare,
2344 3359 2474 3428 quid
2506 3374 2534 3411 a
2565 3359 2672 3413 Deo
2716 3370 2900 3427 petere
2945 3369 3214 3428 oporteat,
3257 3359 3590 3427 ignoramus.
3625 3357 3712 3411 Iu-

2138 3451 2351 3504 terdum
2383 3449 2528 3503 enim
2567 3465 2687 3518 qua:
2725 3450 2994 3503 contraria
3047 3448 3208 3502 saluti
3258 3457 3385 3502 sunt
3433 3448 3708 3517 cupimus,

2136 3539 2453 3592 inﬁrmitate
2484 3548 2733 3610 cogente.
2769 3540 2922 3592 Sicut
2949 3538 3094 3592 enim
3136 3539 3262 3605 quis
3295 3538 3347 3590 in
3388 3539 3708 3606 aegritudine

2135 3628 2377 3696 corporis
2408 3628 2616 3696 positus
2644 3642 2748 3680 non
2785 3642 2847 3681 ea
2881 3642 2999 3696 quae
3027 3627 3245 3680 sanitati
3282 3635 3588 3695 congruunt
3621 3628 3706 3681 vel

2132 3722 2464 3783 conducunt,
2493 3723 2584 3775 sed
2611 3736 2672 3774 ea
2712 3735 2831 3788 quat
2877 3719 3160 3788 praesentis
3199 3719 3532 3772 iulirmitatis
3559 3719 3708 3772 desi-

2132 3812 2338 3866 derium
2375 3811 2732 3880 suggesserit,
2767 3811 2942 3879 poscit
2968 3827 2996 3864 a
3028 3813 3278 3866 medico:
3315 3810 3386 3864 ita
3423 3820 3478 3866 et
3516 3826 3615 3866 nos
3649 3813 3702 3866 in

2130 3901 2290 3971 hujus
2316 3900 2442 3955 vita:
2488 3901 2600 3971 (55)
2654 3901 2973 3956 inﬁrmitate
3010 3901 3325 3971 languentes
3363 3901 3629 3955 interdum
3673 3918 3703 3955 a

2129 3991 2241 4045 Deo
2271 3993 2502 4060 petimus
2531 3991 2677 4060 quod
2721 4005 2829 4046 non
2863 3994 3082 4060 expedit
3113 3993 3290 4046 nobis.
3323 3991 3564 4061 Denique
3601 4008 3703 4062 ego

2128 4082 2243 4150 ipse
2281 4081 2481 4135 Paulus
2511 4083 2602 4151 qui
2629 4081 2744 4136 haec
2781 4081 2976 4150 loquor
3004 4083 3072 4137 ad
3095 4097 3212 4145 vos,
3254 4099 3376 4136 cum
3406 4085 3536 4136 utihi
3577 4099 3703 4153 pro-

2127 4182 2246 4241 pter
2274 4174 2659 4227 sublimitatem
2695 4172 3087 4227 revelationum
3116 4190 3183 4228 ne
3216 4175 3509 4230 extollerer
3542 4176 3702 4230 datus

2126 4265 2316 4316 fuisset
2343 4281 2370 4316 a
2419 4264 2646 4317 Domino
2680 4281 2698 4313 ι
2729 4264 2954 4334 angelus
2993 4266 3208 4319 Salame
3243 4267 3336 4335 qui
3379 4282 3463 4319 me
3489 4286 3507 4318 ι
3549 4269 3698 4322 cola-

2122 4357 2386 4424 phizaret,
2441 4372 2460 4405 ι
2493 4365 2576 4408 ter
2630 4354 2919 4410 Dominum
2971 4358 3155 4428 rogavi
3210 4368 3268 4411 ut
3320 4359 3626 4412 discederet
3669 4375 3698 4412 a

2124 4462 2209 4500 me
2236 4447 2302 4510 ⁸⁸,
2330 4467 2349 4499 ι
2385 4446 2634 4501 nesciens
2699 4446 2826 4515 quid
2872 4463 3085 4502 orarem
3119 4466 3134 4502 :
3171 4461 3226 4503 et
3266 4451 3385 4504 ideo
3427 4451 3551 4520 quia
3607 4467 3702 4505 ne-

446 4558 570 4605 test.
597 4549 702 4606 Sed
726 4562 782 4606 et
811 4563 955 4607 terra
986 4553 1254 4622 speranda
1278 4563 1380 4617 est,
1411 4567 1514 4606 non
1547 4563 1726 4607 tauten
1762 4556 1873 4610 haec
1897 4572 2017 4626 qua:
2051 4557 2096 4612 D
2124 4543 2362 4598 εθῖθδπτη
2389 4545 2683 4598 secundum
2706 4545 2852 4613 ψιοά
2882 4553 3099 4612 οΡοτίθί
3132 4558 3310 4605 Orare:
3346 4558 3449 4596 "0“
3488 4556 3573 4596 me
3603 4557 3698 4594 au'

443 4640 596 4694 arida
628 4642 830 4696 dicitur
862 4652 917 4697 et
943 4643 1116 4696 oculis
1152 4643 1424 4711 suhjacet,
1463 4645 1555 4696 sed
1587 4643 1674 4695 illa
1711 4647 1817 4698 erit
1855 4662 2011 4698 tuan-

443 4744 720 4786 suctorum
750 4743 892 4786 terra
922 4750 1083 4803 quam
1115 4733 1302 4788 oculus
1335 4748 1441 4786 non
1475 4735 1632 4787 vidit.
1666 4734 1900 4789 Evidens
1928 4745 2013 4790 est

441 4824 588 4878 enim
618 4823 859 4892 Apostoli
894 4827 1186 4890 sententia,
1221 4841 1341 4894 qua:
1369 4827 1526 4880 docet
1561 4841 1664 4878 nou
1695 4826 1927 4880 visibilia
1960 4838 2012 4882 et

440 4918 744 4986 corporalia
801 4919 1071 4987 speranda
1121 4921 1173 4973 in
1226 4919 1450 4984 futuris,
1500 4919 1592 4971 sed
1643 4919 1909 4986 spiritalia
1958 4933 2014 4972 et

439 5021 640 5064 acterna
671 5025 687 5063 :
717 5013 842 5081 quia
885 5029 904 5062 ι
936 5026 1056 5080 qua:
1085 5013 1336 5064 videntur
1388 5009 1702 5077 temporalia
1733 5020 1877 5075 sunt,
1903 5029 1921 5061 ι
1956 5019 2011 5063 et

505 5101 549 5132 ³⁸
577 5100 740 5155 lCor.
763 5118 852 5164 xu,
876 5102 967 5153 27.
1044 5100 1150 5153 ³⁷11
1181 5103 1304 5152 Cor.
1335 5116 1386 5159 v,
1411 5100 1493 5152 I0.
1573 5099 1616 5130 ³⁸
1641 5098 1827 5153 Matth.
1856 5117 1911 5163 χ,
1935 5101 2030 5154 28.

479 5171 506 5199 βε
607 5174 652 5199 ιι
681 5172 812 5199 οη..-
866 5187 964 5199 υ...
1006 5169 1070 5199 οι
1167 5170 1250 5199 ιειι
1283 5171 1389 5199 l‘...»
1439 5185 1474 5199 η
1531 5170 1563 5199 0
1649 5170 1696 5199 ιι
1721 5169 1850 5199 Ωιι...
1901 5186 1992 5199 ιη..

438 5171 525 5224 55.
607 5174 652 5204 “
681 5172 836 5226 Rom.
866 5171 1096 5229 vuum.
1167 5171 1252 5223 “I
1283 5171 1370 5222 Col

439 5240 485 5273 ⁸⁸
509 5239 550 5294 II
574 5241 698 5298 Cor.
727 5258 825 5307 xu,
859 5243 907 5303 7,
944 5243 998 5296 8.
1075 5241 1119 5271 ’⁸³
1154 5241 1283 5294 ibid.
1316 5241 1370 5294 9.

509 5335 626 5406 (50)
663 5338 838 5402 Editi,
887 5355 905 5387 ι
935 5337 1030 5391 sed
1066 5337 1377 5392 inveniatur
1416 5349 1538 5388 cum
1583 5335 1683 5388 ista
1730 5339 2002 5392 sententia

542 5447 553 5456 .
588 5447 601 5459 .
633 5411 878 5462 damnet.
904 5427 922 5458 ι

511 5477 625 5544 (51)
656 5478 827 5542 Alias,
860 5496 878 5526 ι
905 5477 1138 5546 gemitus
1169 5477 1398 5529 sociant.
1429 5475 1710 5540 Quomodo
1735 5486 1916 5531 autem
1946 5479 1996 5532 itt

435 5560 531 5614 spe
562 5549 631 5600 sit
680 5548 808 5615 (al.,
845 5565 863 5597 ι
896 5551 953 5600 lit
984 5551 1030 5608 ι)
1083 5547 1302 5607 salvus,
1329 5565 1345 5595 ι
1384 5557 1490 5598 etc.

505 5617 614 5687 (5‘2‘)
643 5617 803 5681 Editi,
881 5641 900 5670 ι
942 5634 1127 5673 secum
1184 5618 1394 5673 lahorcs
1445 5616 1801 5687 gemitusque,
1831 5634 1851 5668 ›
1882 5626 1992 5671 etc.

505 5687 617 5758 (35)
643 5687 812 5758 {\Iias,
852 5701 1100 5754 «parum.
1133 5705 1150 5735 ι
1187 5689 1328 5739 sicut
1355 5695 1411 5758 e_t
1440 5688 1606 5758 infra.

505 5755 615 5827 (34)
641 5757 732 5810 Sic
750 5773 937 5810 omnes
961 5773 1089 5809 mss.
1108 5759 1275 5827 nostri
1299 5765 1355 5807 et
1379 5755 1653 5827 Ilahanus.
1677 5755 1817 5827 Editi
1844 5771 1990 5820 vero,

439 5844 456 5877 ι
496 5825 862 5884 miserationis
890 5827 1135 5882 aﬂectus.
1171 5826 1284 5894 Ipse
1315 5826 1482 5892 cnim,
1517 5828 1722 5898 inquit,
1761 5825 1996 5896 Spiritus

2105 5099 2148 5130 ³9
2177 5098 2334 5152 Rurn.
2371 5097 2596 5154 vm.‘.’.0.
2665 5097 2709 5127 ’δ’
2739 5097 2775 5150 ll
2806 5098 2929 5148 Cor.
2961 5112 3037 5160 tv,
3073 5095 3161 5149 18.

607 5174 652 5204 ⁸³
681 5172 836 5226 Rom.
866 5169 1096 5229 vuum.
1167 5170 1210 5200 ⁸³
1235 5171 1252 5223 1
1283 5171 1407 5222 Cor.
1437 5185 1501 5235 ιι,
1531 5170 1584 5224 9.
1649 5170 1696 5200 ⁸⁵
1717 5169 1874 5224 Rom.
1901 5186 2019 5237 vrtt,

2213 5169 2257 5200 ⁸⁸
2279 5169 2417 5223 Ibid.
2448 5183 2596 5234 Χλνι,
2624 5167 2716 5220 27.

2119 4637 2255 4690 divit
2285 4635 2568 4701 Dominus,
2619 4638 2715 4692 sed
2751 4639 2892 4693 dixit
2929 4639 3058 4691 mihi
3100 4636 3212 4708 (56)
3247 4655 3258 4690 :
3297 4656 3314 4688 ι
3347 4637 3554 4689 SulIieit
3594 4635 3693 4689 tibi

2119 4733 2288 4800 gratia
2315 4745 2458 4794 mea,
2491 4746 2612 4784 nam
2643 4732 2815 4783 virtus
2840 4731 2891 4783 in
2932 4730 3249 4783 inﬁrmitate
3275 4729 3557 4796 perlicitur
3585 4726 3688 4788 “.3

2121 4825 2210 4878 Sic
2236 4839 2363 4893 ergo
2395 4841 2414 4873 ι
2438 4822 2566 4891 quid
2597 4837 2816 4876 orenms
2843 4823 3140 4875 secundum
3177 4822 3319 4889 quod
3351 4831 3570 4888 Oportet
3595 4837 3692 4876 ne-

2118 4919 2359 4981 Scimus;
2391 4916 2486 4969 sed
2518 4916 2633 4984 ipse
2675 4913 2912 4982 Spiritus
2945 4913 3252 4981 interpellat
3282 4927 3378 4980 pro
3412 4912 3567 4966 nobis
3596 4927 3694 4981 ge-

2119 5006 2871 5061 mitibusinenarrabilibus.»
2905 5005 3154 5073 Magnum
3186 5003 3368 5055 nescio
3391 5005 3518 5071 qttid
3547 5003 3689 5056 Pau-

3239 5095 3282 5124 δι
3313 5093 3504 5148 Matth.
3535 5111 3684 5160 “tv,

2790 5164 2836 5197 ⁸⁸
2860 5168 3018 5221 llom.
3044 5181 3166 5230 vm,
3196 5165 3286 5219 2:2.
3357 5161 3407 5195 Ἠ
3439 5165 3547 5220 ibid
3591 5167 3683 5221 ‘25.

2108 5336 2348 5403 adjuvat,
2365 5338 2368 5341 ’
2385 5355 2402 5386 ι
2435 5347 2544 5389 etc.

2177 5402 2290 5479 (55)
2319 5407 2490 5471 Alias,
2543 5423 2562 5455 ι
2603 5403 2822 5479 sanitati
2868 5405 3174 5479 conducunt
3217 5402 3336 5479 (ah,
3384 5421 3404 5454 ι
3439 5404 3503 5456 ad
3534 5403 3686 5479 sanig

2103 5475 2268 5531 tatem
2293 5481 2632 5541 conducunt;
2663 5494 2682 5527 ι
2720 5476 2815 5539 al.,
2845 5495 2864 5526 ι
2897 5476 3185 5528 sanitatem
3207 5475 3479 5528 adducunt
3511 5487 3559 5540 ι)
3586 5476 3680 5527 sed

2097 5563 2161 5600 ea
2216 5563 2336 5614 qua:
2377 5561 2613 5615 praesens
2664 5545 3000 5598 desiderium
3049 5546 3383 5615 suggesserit
3427 5545 3604 5613 poscit
3647 5560 3680 5598 a

2103 5613 2344 5676 medico;
2373 5613 2445 5669 ita
2474 5624 2528 5668 et
2558 5631 2656 5669 nos
2691 5616 2740 5666 iu
2773 5617 2928 5678 hujus
2960 5613 3166 5674 saeculi,
3195 5631 3213 5663 ›
3251 5622 3361 5668 etc.

2172 5687 2286 5758 (56)
2315 5687 2481 5748 Editi,
2513 5705 2530 5735 ι
2563 5701 2648 5740 me
2673 5685 2879 5740 audivit
2920 5685 3196 5748 Dominus,
3230 5693 3284 5736 et
3315 5686 3458 5739 dixit
3483 5683 3671 5748 mihi,»

2102 5761 2328 5824 omisso,
2358 5775 2377 5809 ι
2409 5772 2536 5812 ιιοιι.
2560 5775 2579 5807 ι
