4146 6448
437 401 575 458 1119

1932 405 2259 464 ORIGENIS

3561 403 3699 459 1120

434 523 523 581 lus
550 525 603 579 iu
633 525 932 594 gemitibus
961 528 1164 582 sentit:
1196 541 1325 582 ecce
1346 527 1497 582 euim
1516 525 1631 596 jam
1660 528 1826 584 tertio
1852 531 2022 600 geuii-
2051 541 2097 593 Α
2126 539 2243 587 ster
2273 528 2521 600 spiritus,
2548 527 2592 582 si
2621 535 2801 582 tamen
2832 523 3133 595 discipulus
3160 536 3280 578 esse
3322 520 3496 577 sancti
3529 520 3711 591 Spiri-

434 625 526 672 tus
571 620 746 686 ponit.
786 618 923 674 Nam
955 629 1012 674 et
1047 638 1067 667 σ
1094 629 1373 683 creatura,
1399 639 1418 673 ι
1452 621 1654 689 inqttit,
1691 638 1710 671 ι
1742 623 2019 690 congemi-

434 710 563 771 scit,
596 730 614 760 ι
643 720 701 765 et
736 728 758 762 ι
783 726 881 765 nos
929 709 1032 781 ipsi
1088 712 1379 781 gemimus,
1411 731 1429 764 ι
1478 720 1534 767 et
1579 732 1598 765 ι
1633 713 1749 781 ipse
1779 712 2020 781 Spiritus

434 801 732 868 gemitibus
777 802 1091 873 interpellat
1126 803 1293 858 Deum
1330 820 1431 873 pro
1478 806 1711 859 sanctis.
1742 823 1762 857 ι
1797 804 2020 860 Addidit

434 906 568 945 sane
593 892 645 946 in
698 892 789 947 his
818 893 1109 960 gemitibus
1138 907 1277 961 quos
1307 909 1405 961 per
1433 893 1699 962 Spiritum
1744 894 1856 950 Deo
1885 895 2022 949 dicit

433 981 646 1049 oll‘erri,
676 985 822 1053 quod
856 984 970 1038 sint
1022 983 1444 1038 inenarrabiles.
1484 983 1597 1039 Hoc
1630 994 1812 1039 autem
1845 1000 2022 1053 neque

435 1077 507 1132 de
539 1077 706 1132 totius
736 1088 1024 1142 creatum,
1056 1092 1236 1146 neque
1260 1079 1329 1133 de
1385 1081 1502 1134 suis
1529 1079 1824 1150 gemitibus
1859 1079 2018 1133 dixit.

436 1168 505 1222 Et
536 1169 661 1223 vide
683 1170 727 1224 si
752 1185 1040 1239 possumus
1071 1170 1125 1223 iu
1159 1170 1280 1225 istis
1303 1171 1598 1240 gemitibus
1620 1170 1849 1225 multum
1883 1170 2024 1224 ﬁdu-

437 1260 539 1313 cia:
566 1270 622 1313 et
653 1258 921 1314 libertatis
951 1259 1006 1314 iu
1031 1268 1330 1328 conspectu
1369 1260 1464 1316 Dei
1513 1260 1842 1331 intelligere,
1874 1260 2021 1332 quod

436 1350 615 1402 oratio
638 1363 763 1417 qua:
794 1363 919 1402 cum
949 1347 1137 1404 dolore
1166 1358 1222 1403 et
1251 1350 1455 1420 gemitu
1503 1348 1729 1404 oll'ertur
1762 1348 1894 1415 Deo,
1934 1364 2023 1403 ac-

434 1438 607 1504 cipiat
660 1438 916 1494 ﬁduciam
960 1453 992 1493 a
1055 1439 1264 1509 Spiritu
1315 1450 1509 1496 sancto
1563 1442 1891 1497 ascendendi
1951 1440 2021 1496 ad

436 1527 628 1584 Deum.
662 1528 904 1599 Denique
922 1530 1096 1585 Adam
1125 1546 1249 1586 cum
1277 1545 1579 1602 peccasset,
1610 1535 1847 1604 perdidit
1877 1536 2017 1589 fidu-

434 1621 599 1688 ciam,
628 1632 681 1677 et
708 1621 993 1679 abscondit
1016 1640 1121 1679 sea
1154 1623 1298 1681 facie
1330 1626 1423 1681 Dei
1453 1627 1522 1680 5°.
1559 1626 1799 1683 Sanctus
1831 1636 2011 1683 autem

438 1711 605 1769 David
637 1714 788 1780 dicit,
816 1716 941 1785 quia
975 1736 994 1768 σ
1018 1719 1252 1787 gemitus
1284 1734 1437 1774 meus
1466 1729 1588 1785 a\te
1619 1734 1724 1774 non
1759 1727 1845 1774 est
1882 1720 2017 1775 abs-

434 1805 687 1859 conditus
713 1806 784 1861 “.
824 1826 843 1857 ι
882 1808 988 1862 Sed
1021 1809 1302 1864 videaums
1343 1809 1475 1879 quid
1507 1819 1592 1864 est
1640 1809 1784 1879 quod
1820 1809 1959 1866 dicit
1995 1826 2010 1864 :

2124 631 2215 677 tus
2261 622 2557 687 desiderat,
2604 630 3017 690 prosequatur:
3073 617 3191 685 ipse
3239 614 3399 669 offert
3443 615 3703 682 gemitus,

2120 712 2320 783 quibus
2342 722 2531 767 uoster
2556 712 2787 781 spiritus
2823 708 3212 779 doceaturul)
3239 706 3621 776 ingemiscere,
3647 714 3706 760 ut

2123 803 2447 874 repropitiet
2482 802 2588 858 sibi
2621 803 2814 857 Deum.
2840 801 2896 856 Si
2929 816 3059 855 vero
3094 799 3336 870 Spiritus
3355 797 3573 867 quidem
3609 796 3707 850 do-

2122 904 2266 959 ceat,
2294 902 2349 949 et
2378 902 2565 948 noster
2596 894 2840 963 spiritus,
2868 893 2921 947 id
2955 901 3038 945 est
3074 903 3231 944 mens
3261 896 3447 942 nostra
3481 901 3589 940 non
3616 899 3706 939 se-

2122 994 2344 1057 quatur,
2371 1001 2470 1041 suo
2494 985 2628 1039 vitio
2666 984 2999 1039 infructuosa
3028 982 3080 1036 ei
3120 980 3179 1036 ﬁt
3208 978 3455 1050 magistri
3505 976 3709 1033 doctri-

2123 1092 2215 1133 na.
2251 1078 2319 1134 Et
2348 1076 2492 1134 istud
2530 1075 2735 1131 Paulus
2763 1075 3081 1147 mysterium
3114 1072 3228 1144 (42)
3255 1073 3396 1126 intra
3431 1070 3705 1125 hominem

2123 1171 2240 1242 geri
2286 1169 2488 1232 sciens,
2531 1167 2749 1222 dicebat
2794 1165 2880 1219 ’τε
2920 1183 2941 1213 ι
2968 1163 3102 1219 Nam
3147 1164 3192 1219 si
3243 1162 3443 1231 linguis
3485 1160 3706 1230 loquar,

2124 1258 2350 1330 spiritus
2384 1273 2537 1313 meus
2565 1268 2716 1322 orat,
2741 1256 2838 1312 sed
2868 1272 3022 1310 mens
3051 1269 3169 1310 mea
3202 1254 3321 1308 sine
3344 1253 3522 1307 fructu
3541 1252 3707 1323 602

2124 1362 2209 1407 est
2233 1370 2245 1404 :
2272 1371 2290 1403 ι
2321 1350 2574 1418 spiritum
2605 1364 2760 1403 suum
2791 1349 2982 1402 dicens
3008 1346 3239 1417 gratiam
3266 1344 3442 1398 sancti
3467 1343 3710 1412 Spiritus

2125 1458 2246 1512 qua:
2280 1457 2311 1494 a
2345 1440 2457 1495 Deo
2483 1439 2798 1494 hominibus
2820 1439 3004 1492 datur.
3036 1435 3189 1492 Unde
3215 1444 3271 1489 et
3291 1435 3585 1489 cohortans
3608 1446 3710 1485 nos

2127 1542 2187 1585 ut
2219 1546 2325 1585 non
2363 1529 2667 1584 habeamus
2739 1527 3141 1583 infructuosum
3185 1528 3288 1579 hoc
3320 1524 3495 1579 sancti
3528 1524 3706 1592 Spiri-

2128 1633 2216 1677 tus
2269 1620 2614 1686 beneﬁcium,
2680 1621 2831 1673 addit
2882 1632 2935 1675 et
2983 1619 3160 1673 dicit:
3193 1635 3211 1668 ι
3238 1617 3382 1684 Quid
3419 1628 3549 1686 ergo
3586 1616 3711 1671 est?

2127 1713 2313 1770 Orabo
2356 1714 2579 1785 spiritu,
2624 1712 2793 1767 orabo
2838 1720 2894 1766 et
2938 1720 3120 1765 mente
3161 1726 3174 1764 :
3217 1709 3485 1778 psalmum
3530 1710 3709 1763 dicam

2129 1809 2346 1877 spiritu.
2384 1804 2651 1878 psalmqu
2685 1804 2861 1857 dicam
2901 1812 2957 1855 et
2987 1811 3165 1855 mente
3184 1801 3252 1855 ⁵⁸.
3277 1821 3297 1853 ι
3336 1801 3504 1872 Igitur
3522 1816 3714 1870 quam-

441 1911 461 1945 ι
492 1894 610 1974 Ipse
638 1894 876 1963 Spiritus
914 1900 1222 1970 interpellat
1247 1916 1348 1969 pro
1363 1875 1537 1957 nobis
1560 1902 1626 1955 ⁸⁸.
1657 1875 1675 1952 i
1719 1898 1832 1955 Hoc
1875 1899 2019 1953 enim
2057 1875 2099 1934 Β
2130 1875 2211 1951 vis
2235 1898 2348 1951 hanc
2379 1875 2772 1948 inenarrabilia
2795 1906 2919 1947 esse
2949 1889 3152 1945 Paulus
3201 1893 3319 1960 ipse
3367 1892 3621 1961 signarit,
3649 1898 3711 1946 et

441 1997 493 2037 et
523 1984 762 2041 Joannes
791 1987 974 2043 Jesum
1005 1992 1186 2046 facere
1214 1990 1487 2060 designat,
1514 2007 1636 2045 cum
1663 1992 1798 2045 dicit
1827 2009 1841 2046 :
1878 2011 1897 2043 t
1928 1990 2021 2045 Fi-

440 2074 580 2142 lioli,
612 2078 726 2134 lucc
766 2080 955 2136 scribo
991 2081 1165 2144 vobis,
1194 2090 1254 2135 ut
1301 2098 1408 2137 non
1460 2084 1736 2152 peccetis:
1765 2084 1812 2137 si
1842 2094 2021 2139 autem

437 2178 493 2222 et
525 2171 835 2239 peccaverit
859 2172 1063 2241 aliquis
1099 2175 1725 2237 nostrum,advocatum
1758 2176 2024 2230 habemus

439 2264 582 2331 apud
613 2262 828 2320 Patrem
854 2264 1062 2329 justum
1094 2263 1303 2327 Jesum,
1334 2267 1425 2335 qui
1461 2277 1515 2319 et
1565 2267 1875 2337 interpellat
1925 2284 2024 2337 pro

440 2352 599 2408 nobis
626 2352 695 2406 ⁸³.
723 2372 743 2405 ο
789 2354 854 2407 Et
884 2355 996 2418 hic,
1024 2357 1265 2424 Spiritus
1296 2356 1609 2425 interpellat
1641 2374 1739 2427 pro
1770 2358 1925 2414 nobis
1949 2358 2021 2412 “.

436 2441 551 2495 Hoc
584 2452 763 2497 autem
816 2444 945 2498 facit
991 2445 1232 2514 Spiritus
1277 2446 1480 2514 juvans
1514 2447 1888 2503 infirmitatem
1927 2466 2026 2505 no-

439 2545 631 2589 stram.
659 2534 790 2601 Quae
819 2546 1001 2590 autem
1031 2538 1101 2591 sit
1133 2537 1429 2593 infirmitas
1454 2550 1665 2604 nostra,
1694 2540 1808 2611 ipse
1837 2540 2024 2596 Domi-

442 2638 545 2677 nus
576 2626 733 2678 docet
761 2639 884 2679 cum
907 2625 1038 2679 dicit
1064 2642 1078 2678 :
1117 2645 1136 2678 ι
1171 2625 1414 2695 Spiritus
1439 2637 1744 2697 promptus,
1763 2644 1894 2683 caro
1926 2643 2025 2683 au-

444 2724 550 2768 tem
586 2716 800 2771 inﬁrma
824 2718 892 2772 ".
920 2735 940 2770 ι
979 2718 1148 2787 Igitur
1181 2717 1476 2773 inﬁrmitas
1521 2731 1706 2775 nostra
1747 2736 1814 2775 ex
1842 2723 2024 2778 carnis

443 2806 761 2862 inﬁrmitate
808 2810 1112 2864 descendit.
1160 2809 1281 2875 Ipsa
1320 2820 1406 2865 est
1439 2811 1585 2865 enim
1614 2826 1735 2881 quae
1760 2814 2022 2881 concupi-

443 2901 549 2953 scit
593 2901 859 2955 adversus
894 2903 1148 2970 spiritum
1175 2901 1251 2968 ";
1288 2912 1343 2956 et
1381 2903 1509 2956 dum
1554 2905 2027 2973 concupiscentias

448 3004 581 3044 suas
623 2991 841 3060 ingerit.
873 2994 1163 3061 puritatem
1211 2994 1438 3062 spiritus
1484 2995 1734 3064 impedit,
1760 3005 1815 3050 et
1845 2998 2023 3051 since-

443 3085 657 3136 ritatem
685 3086 954 3140 orationis
984 3086 1240 3144 oll'uscat.
1276 3088 1383 3144 Sed
1416 3089 1504 3145 ubi
1541 3088 1744 3143 viderit
1783 3090 2023 3159 Spiritus

444 3174 539 3229 Dei
573 3174 822 3231 laborare
853 3179 1106 3246 spiritum
1149 3191 1393 3235 nostrum
1432 3183 1545 3252 (‘57)
1577 3183 1628 3236 iu
1686 3181 2022 3236 adversando

443 3267 618 3330 carui,
650 3277 704 3321 et
729 3269 1059 3323 adhasrendn
1090 3271 1217 3335 sibi,
1251 3274 1485 3343 porr'git
1514 3291 1757 3339 manum,
1788 3284 1844 3327 et
1870 3275 2023 3341 adju-

444 3365 537 3408 vat
570 3357 938 3413 infirmitatem
990 3361 1109 3429 cjus
1138 3383 1149 3416 :
1181 3373 1237 3416 et
1283 3365 1430 3417 velut
1476 3365 1521 3418 si
1561 3365 1819 3434 magister
1848 3365 2022 3419 susci-

445 3448 603 3514 piens
630 3450 818 3505 rudem
854 3450 1180 3521 discipulum
1228 3452 1364 3524 (58),
1393 3465 1449 3508 et
1488 3458 1827 3523 ignorantem
1870 3454 2017 3523 peui~

446 3547 533 3593 tus
559 3539 791 3606 litteras,
822 3552 880 3596 ut
913 3558 1037 3597 eum
1074 3543 1272 3599 docere
1304 3545 1475 3613 possit
1502 3556 1557 3598 et
1590 3546 1902 3608 instituere,
1929 3561 2022 3599 ue-

444 3645 600 3687 cesse
630 3632 795 3688 habet
825 3634 1090 3689 inclinare
1114 3651 1174 3691 se
1204 3637 1272 3691 ad
1319 3637 1570 3706 discipuli
1613 3636 1934 3703 rudimenta,
1965 3647 2021 3690 et

444 3720 562 3788 ipse
613 3723 764 3792 prius
810 3726 993 3781 dicere
1027 3741 1226 3782 nomen
1275 3727 1490 3793 litterae,
1542 3740 1601 3782 ut
1644 3730 2028 3797 respondendo

444 3815 746 3885 discipulus
776 3818 950 3872 discat
976 3817 1117 3890 (39).
1143 3830 1196 3874 et
1226 3818 1287 3873 ﬁt
1318 3821 1722 3889 quodammodo
1756 3821 2023 3890 magister

445 3906 565 3975 ipse
615 3909 896 3977 incipienti
941 3910 1213 3981 discipulo
1266 3912 1484 3975 similis,
1518 3927 1582 3964 ea
1618 3912 1848 3981 loquens
1876 3922 1932 3967 et
1964 3928 2028 3968 ea

450 3997 718 4052 meditans
753 4013 874 4068 quae
916 3999 1183 4070 incipiens
1223 4001 1371 4071 loqui
1405 4001 1600 4057 debeat
1630 4018 1693 4055 ac
1736 4004 1984 4057 meditari
2013 4019 2028 4057 :

450 4089 528 4142 ita
580 4098 637 4143 et
684 4090 926 4160 Spiritus
973 4104 1202 4149 sanctus
1255 4093 1370 4163 (40)
1402 4095 1490 4147 ubi
1540 4094 2033 4164 oppugnationibus

449 4182 636 4236 carnis
676 4185 987 4253 perturbari
1023 4197 1266 4240 nostrum
1315 4186 1566 4254 spiritum
1605 4184 1825 4247 viderit,
1852 4194 1907 4239 et
1938 4201 2033 4238 ne—

456 4273 718 4328 scientem
741 4278 869 4346 quid
900 4294 1062 4333 orare
1082 4281 1278 4334 debeat
1310 4277 1609 4333 secundum
1633 4279 1774 4345 quod
1792 4287 2032 4345 oportet,

2129 1985 2593 2041 ineuarrabilibus
2628 1984 2918 2053 gemitibus
2966 1985 3081 2053 geri
3126 1981 3275 2056 (45),
3310 1991 3487 2037 tamen
3542 1990 3708 2051 prout

2126 2081 2384 2151 possibile
2406 2079 2566 2132 nobis
2586 2076 2709 2142 fuit,
2739 2076 3032 2146 imaginem
3059 2077 3350 2145 quamdam
3381 2090 3562 2129 rerum
3581 2090 3703 2145 qua

2127 2172 2386 2225 divinitus
2414 2179 2695 2240 geruntur,
2717 2184 2963 2237 quasque
2996 2168 3110 2236 ipse
3134 2166 3406 2222 obtectius
3442 2166 3555 2237 (44)
3579 2184 3699 2235 ρτον

2127 2266 2259 2329 fert,
2295 2264 2589 2318 edidimus.
2622 2261 2725 2327 Qui
2781 2270 2966 2314 autem
3012 2258 3275 2327 spiritalis
3319 2269 3402 2312 est
3430 2262 3711 2313 examinet

2127 2356 2308 2411 omnia
2333 2355 2402 2420 ",
2436 2363 2491 2409 et
2518 2354 2562 2408 si
2603 2353 2730 2421 quid
2770 2352 2856 2406 his
2886 2352 3048 2405 altius
3073 2352 3415 2422 investigare
3442 2354 3709 2422 potuerit,

2126 2448 2325 2502 habeat
2349 2447 2491 2515 apud
2516 2460 2577 2499 se
2610 2461 2625 2497 :
2665 2463 2683 2497 ι
2711 2445 2911 2499 Fidelis
2931 2464 2948 2496 ι
2983 2445 3129 2499 enim
3166 2461 3185 2495 α
3214 2445 3410 2513 spiritu
3437 2445 3578 2499 celat
3606 2460 3709 2498 ne-

2127 2540 2355 2613 gotia“.
2382 2561 2401 2593 ι
2436 2539 2780 2593 Admonendi
2804 2548 2980 2593 tamen
3010 2548 3137 2594 sunt
3163 2538 3255 2608 qui
3286 2539 3702 2606 prosperitatem

2127 2632 2232 2687 sibi
2277 2631 2562 2702 praesentis
2597 2631 2745 2698 vitat,
2778 2641 2832 2686 et
2872 2631 3190 2698 sanitatem,
3226 2630 3312 2685 vel
3342 2631 3585 2694 divitias,
3625 2631 3710 2684 vel

2129 2723 2367 2778 honores
2418 2720 2694 2793 postulant
2725 2736 2754 2774 a
2791 2721 2934 2786 Deo,
2968 2721 3094 2790 quia
3140 2721 3271 2790 quid
3305 2732 3465 2776 orent
3511 2737 3710 2776 secun-

2128 2817 2253 2871 dum
2288 2815 2432 2885 quod
2464 2814 2685 2883 expedit
2714 2815 2966 2869 nesciunt
2989 2815 3060 2899 ξι.
3090 2813 3246 2883 Saepe
3282 2815 3427 2868 enim
3463 2813 3524 2867 ﬁt
3549 2823 3609 2867 ut
3635 2811 3704 2867 ad

2128 2904 2384 2958 damnmu
2412 2905 2608 2958 animae
2644 2905 2724 2957 vel
2761 2902 3114 2972 opprobrium
3151 2905 3269 2975 ejus
3316 2903 3706 2973 sempiternum

2128 2999 2325 3052 cedant
2346 2996 2457 3069 (45)
2478 2997 2765 3067 praesentia
2784 2997 2899 3051 haec
2920 2996 3069 3051 lucra
3087 3006 3141 3051 et
3157 2997 3390 3065 dignitas
3407 2996 3707 3051 saecularis.

2128 3089 2196 3143 Et
2228 3088 2349 3143 ideo
2379 3088 2507 3141 illud
2540 3089 2714 3152 magis
2744 3086 3035 3141 tenendum
3065 3094 3169 3151 est,
3201 3086 3342 3153 quod
3374 3101 3472 3139 uos
3501 3086 3554 3138 in
3578 3101 3704 3137 ora-

2133 3180 2281 3233 tione
2331 3180 2513 3233 dicere
2541 3176 2658 3247 (46)
2697 3175 2881 3230 docuit
2918 3175 3214 3229 Dominus:
3250 3194 3269 3225 ι
3301 3173 3424 3228 Fiat
3460 3173 3712 3228 voluntas

2127 3279 2219 3325 tua
2242 3270 2309 3324 “.
2336 3290 2355 3322 ι

2206 3380 2224 3413 ι
2257 3361 2360 3428 Qui
2394 3371 2575 3415 autem
2603 3366 2882 3414 scrutatur
2908 3356 3098 3421 corda,
3134 3358 3239 3411 scit
3271 3356 3400 3426 quid
3436 3356 3712 3411 desideret

2132 3452 2387 3523 Spiritus,
2416 3456 2542 3523 quia
2572 3454 2873 3510 secundum
2906 3451 3018 3525 (47)
3056 3454 3221 3508 Deum
3264 3450 3581 3520 interpellat
3612 3464 3712 3518 pro

2128 3546 2337 3600 sanctis
2364 3545 2429 3598 ⁸³.
2455 3563 2475 3596 ι
2512 3543 2762 3598 Ostendit
2793 3546 3010 3613 quidem
3047 3560 3075 3597 a
3105 3542 3214 3596 Deo
3253 3557 3358 3595 non
3397 3549 3505 3594 tam
3543 3538 3713 3594 verba

2129 3647 2311 3692 nostra
2336 3637 2390 3690 in
2413 3637 2681 3699 oratione,
2709 3650 2872 3704 quam
2903 3650 3001 3688 cor
3023 3644 3369 3701 mentemque
3398 3631 3663 3700 perpendi
3691 3647 3706 3685 :

2135 3728 2253 3796 ipse
2284 3728 2429 3783 enim
2457 3737 2540 3781 est
2563 3727 2654 3795 qui
2697 3735 2974 3781 scrutatur
2996 3725 3160 3779 corda
3198 3734 3252 3779 et
3282 3739 3439 3779 renes
3463 3723 3530 3777 “.
3555 3723 3711 3791 Quod

2137 3831 2321 3875 autem
2346 3820 2584 3874 secundo
2617 3818 2767 3879 dicit,
2809 3819 2933 3887 quia
2980 3836 2998 3869 ι
3023 3816 3259 3886 Spiritus
3305 3816 3618 3885 interpellat
3642 3856 3659 3882 ,
3687 3836 3707 3868 ι

2140 3914 2244 3969 hoc
2281 3922 2367 3968 est
2395 3913 2538 3982 quod
2587 3913 2782 3967 edocet
2815 3930 2830 3965 :
2868 3927 2971 3965 non
3010 3910 3290 3964 minimam
3346 3910 3712 3979 dispensatio-

2138 4020 2262 4059 nem
2290 4005 2455 4060 etiam
2485 4004 2595 4075 (48)
2620 4019 2716 4073 per
2751 4005 3015 4076 Spiritqu
3042 4015 3289 4058 sanctum
3317 4003 3371 4056 in
3395 4002 3711 4058 hominibus

2138 4096 2567 4166 geri.Quamvis
2598 4097 2742 4151 enim
2778 4097 3088 4165 unigenitus
3135 4094 3305 4149 Filius
3353 4094 3448 4149 Dei
3483 4110 3583 4163 pro
3623 4110 3710 4149 sa-

2140 4189 2251 4243 lute
2301 4188 2522 4244 humani
2554 4187 2767 4258 generis
2812 4187 3126 4242 incarnatus
3167 4197 3223 4241 et
3263 4201 3460 4258 passus
3515 4190 3608 4255 sit,
3656 4195 3710 4242 et

2142 4289 2315 4334 morte
2363 4295 2462 4335 sua
2509 4282 2837 4336 destruxerit
2890 4292 3141 4345 mortem,
3200 4290 3258 4335 et
3303 4282 3711 4336 resurrectione

461 4364 580 4434 ipse
608 4369 754 4422 velut
780 4372 1041 4441 magister
1066 4371 1372 4428 orationem
1407 4374 1711 4443 praemittit,
1737 4387 1899 4441 quam
1934 4385 2035 4425 no-
2071 4363 2115 4418 Ι)
2145 4371 2443 4425 reddiderit
2462 4371 2650 4436 vitam,
2686 4370 2857 4425 nihilo
2879 4371 3097 4441 segnius
3131 4369 3244 4443 (49)
3275 4381 3457 4426 tamen
3504 4371 3710 4439 absque

524 4487 571 4520 "
600 4488 725 4561 Gen
760 4506 840 4552 ιιι.
874 4491 929 4549 8.
1002 4493 1046 4525 ⁵⁸
1072 4493 1215 4549 Psal.
1241 4510 1449 4561 xxxv“,
1474 4496 1560 4552 10.
1636 4495 1681 4527 δ’
1716 4495 1872 4548 item.
1904 4508 2023 4558 vtu,

2129 4532 2134 4545 .
2212 4494 2257 4525 ³³
2284 4492 2301 4545 |
2327 4492 2480 4546 Joan.
2507 4510 2569 4559 ιι,
2593 4496 2646 4548 1.

622 4560 668 4591 ⁵⁸
693 4559 869 4619 Galal.
908 4578 957 4625 V,
990 4564 1076 4619 17.
1157 4563 1200 4597 ⁸⁷
1230 4566 1247 4618 l
1272 4567 1401 4619 Cor.
1436 4559 1560 4628 ὴν,
1591 4565 1677 4618 14.
1755 4564 1802 4596 ⁵⁸
1834 4563 1850 4616 l
1883 4564 2012 4618 Cor.
2044 4564 2271 4628 x1v,l;'5.

451 4556 544 4611 41.

2721 4493 2769 4524 ⁸⁸
2788 4491 2945 4547 Rom.
2975 4491 3201 4551 vm.26.
3277 4491 3322 4523 ⁸⁸
3344 4491 3534 4545 Matth.
3562 4507 3710 4558 xxvn,

2345 4564 2390 4595 ⁸³
2420 4566 2441 4617 1
2472 4565 2600 4621 Cor.
2634 4580 2711 4627 ιι,
2745 4561 2832 4618 15.
2910 4563 2956 4595 ⁸ο
2996 4562 3156 4617 Prov.
3199 4579 3277 4627 XI,
3313 4562 3396 4616 l8.
3473 4561 3517 4593 “
3548 4561 3709 4617 Rom.

453 4643 569 4693 vm,
593 4629 685 4686 26.
766 4632 810 4663 ⁸³
837 4633 1028 4689 Matth.
1062 4651 1138 4699 \‘l,
1170 4636 1258 4691 10.
1333 4635 1379 4666 ⁸³
1415 4636 1574 4691 Rom.
1607 4650 1726 4700 vm,
1748 4634 1843 4688 27.
1917 4634 1964 4665 “
1988 4633 2028 4687 P

2129 4679 2130 4682 η
2162 4650 2260 4696 vn,
2296 4634 2380 4689 10.

530 4745 644 4816 (57)
674 4743 949 4800 Nostrum.
980 4746 1139 4803 Deest
1166 4747 1220 4802 in
1253 4748 1436 4811 editis,
1454 4757 1509 4803 et
1539 4748 1591 4803 in
1616 4748 1866 4816 pluribus
1894 4763 2024 4802 mss.

528 4815 641 4887 (58)
670 4816 834 4881 Editi,
858 4836 877 4868 ι
906 4818 1210 4887 suscipiens
1229 4820 1295 4873 ad
1324 4815 2023 4886 rudimentadiscipulunm

458 4886 586 4941 Mss.
605 4886 848 4956 quidam,
873 4905 890 4938 ι
911 4886 1297 4957 suscipientem
1316 4888 1618 4943 rudimenta
1639 4889 1985 4957 discipulum.
2002 4908 2023 4940 ο

458 4958 680 5012 Rectius
707 4971 973 5028 verotns.
1012 4974 1149 5014 unus
1177 4958 1377 5028 Regius
1410 4974 1558 5028 num.
1588 4958 1726 5014 1659
1761 4972 1813 5013 et
1847 4958 2031 5011 Raba-

457 5044 582 5090 nus,
602 5044 637 5097 Ac
661 5027 968 5097 suscipiens
1000 5030 1189 5083 rudem
1217 5027 1562 5097 discipulum.
1584 5047 1604 5082 ι

528 5095 660 5180 (59)
699 5094 1013 5180 Ms.‘t_mus,
1051 5116 1071 5150 ι
1100 5100 1265 5155 dicat.
1302 5119 1321 5151 ι
1360 5094 1564 5153 Deinde
1607 5097 1737 5154 editi
1768 5098 2032 5168 plerique,

462 5184 485 5222 ‹
513 5177 569 5222 et
597 5167 689 5229 sit,
716 5186 734 5218 ι
770 5167 930 5221 male.

529 5236 644 5308 (40)
674 5236 804 5293 Mss.
836 5236 1078 5308 plerique
1126 5248 1181 5292 et
1213 5237 1471 5292 Rabanus
1508 5237 1717 5307 legunt,
1749 5255 1768 5289 ι
1798 5238 1871 5293 ita
1904 5251 2035 5305 ergo

458 5318 516 5365 et
553 5307 779 5364 sanctus
832 5307 1089 5376 Spiritus,
1114 5327 1133 5359 ι
1168 5319 1277 5363 etc.
1310 5308 1416 5362 Sed
1470 5310 1777 5364 redundare
1819 5307 2035 5362 videtur

462 5394 563 5437 vox
602 5391 791 5440 tergo,
826 5396 847 5430 ι
874 5393 993 5445 quae
1018 5389 1304 5447 propterea
1334 5377 1605 5433 omittitur
1637 5379 1691 5433 in
1722 5394 1824 5433 ms.
1857 5376 2030 5447 Regio

462 5466 613 5505 nutu.
641 5447 780 5503 1639
812 5458 868 5503 et
890 5450 944 5501 in
973 5449 1154 5505 editis.

535 5518 648 5589 (41)
683 5518 849 5582 Editi,
889 5535 908 5568 ι
931 5518 1136 5579 discat:
1167 5537 1185 5571 ι
1224 5521 1320 5575 sed
1370 5533 1562 5575 omnes
1612 5532 1744 5573 mss.
1776 5517 1944 5573 nostri
1977 5526 2032 5573 et

463 5589 742 5649 Rabauus,
775 5606 795 5639 ε
823 5589 1101 5642 domatur.
1138 5608 1157 5641 ι

535 5658 647 5728 (42)
671 5658 836 5721 Alias,
868 5677 889 5710 ι
911 5668 965 5729 et
986 5659 1133 5729 istud
1185 5659 1384 5715 Paulus
1413 5660 1467 5713 in
1498 5659 1832 5729 mysterium,
1867 5678 1887 5711 ι
1918 5669 2025 5713 etc.

467 5729 673 5783 Deinde
703 5744 834 5781 vero
863 5728 992 5782 editi
1023 5729 1227 5783 habent
1253 5749 1268 5783 :
1306 5748 1324 5780 ι
1356 5730 1489 5784 Nam
1522 5728 1565 5783 si
1593 5730 1790 5798 linguis
1814 5729 2027 5795 loquar,

466 5800 691 5864 spiritus
720 5810 900 5853 autetn
927 5814 1198 5853 meusnou
1228 5811 1369 5865 oret,
1389 5815 1540 5854 meus
1565 5816 1681 5853 mea
1703 5801 1818 5853 siue
1847 5800 2024 5852 fructu

466 5879 639 5924 εει...
671 5883 791 5939 qua:
820 5884 848 5924 a
883 5870 995 5925 Deo
1011 5870 1263 5928 omnibus
1290 5871 1472 5928 datur.
1498 5889 1521 5926 ι
1554 5872 1659 5927 Sed
1682 5885 1869 5927 omnes
1894 5884 2021 5925 mss.

2134 4755 2191 4803 et
2226 4747 2481 4802 Rabanus
2510 4756 2569 4800 nt
2601 4749 2654 4802 in
2696 4757 2886 4802 nostro
2931 4755 3106 4809 textu,
3136 4747 3239 4800 nisi
3269 4744 3412 4813 quod
3445 4759 3586 4799 unus
3613 4745 3710 4801 ha-

2136 4819 2246 4883 bet,
2281 4837 2300 4869 ι
2332 4816 2464 4871 Nam
2493 4819 2537 4871 si
2565 4818 2757 4888 linguis
2790 4815 3067 4888 hominum
3098 4820 3312 4885 loquar.
3346 4832 3366 4864 ι

2208 4889 2321 4959 (45)
2348 4889 2440 4942 Sic
2465 4883 2740 4959 recteit'ns.
2767 4902 2904 4940 unus
2924 4885 3134 4959 Regius
3156 4883 3296 4959 tium.
3331 4883 3711 4959 1639.t1_:eteri

2137 4955 2269 5014 vero
2296 4955 2430 5014 mss.
2474 4968 2531 5013 et
2568 4958 2725 5021 editi,
2780 4976 2798 5009 ι
2837 4969 2890 5012 et
2922 4956 3374 5012 iueuarrabilibus
3420 4955 3709 5025 gemitibus

2175 5045 2373 5083 emere.
2404 5048 2422 5081 ι

2139 5044 2373 5098 gemere.
2404 5048 2422 5081 ι

2211 5100 2323 5169 (44)
2353 5098 2517 5161 Editi,
2554 5117 2574 5150 ι
2603 5097 2870 5165 obiectus,
2897 5115 2916 5149 ι
2951 5096 3113 5152 male.

2234 5169 2327 5237 45)
2359 5169 2497 5224 Edtti
2541 5183 2846 5237 perperam,
2880 5186 2899 5218 ι
2925 5168 3315 5222 concedantur.
3342 5185 3362 5219 ι

2234 5238 2325 5293 46)
2363 5240 2567 5293 Dicere.
2606 5239 2957 5293 Desideratur
2982 5238 3035 5291 iu
3069 5238 3248 5291 editis.

2234 5174 2305 5225 45
2359 5174 2497 5224 Ειιιιὶ
2541 5183 2846 5237 perperam,
2880 5186 2899 5218 ι
2925 5174 3315 5222 concedantur.
3342 5185 3362 5219 ι

2210 5174 2327 5381 (ΜΞ
2363 5240 2567 5293 Dicere.
2606 5239 2957 5293 Desideratur
2982 5238 3035 5291 iu
3069 5238 3248 5291 editis.

2210 5310 2298 5380 (47
2355 5309 2492 5362 Εόίιί
2533 5310 2787 5381 omittunt
2830 5327 2847 5359 ι
2877 5307 3193 5362 secundum.
3223 5329 3243 5359 ι
3295 5308 3519 5381 Deinde,
3559 5308 3708 5381 ctis-

2141 5378 2311 5435 lendit
2343 5381 2560 5448 quidem
2596 5379 2759 5433 Deum
2790 5395 2895 5431 non
2931 5390 3108 5431 tam...
3141 5379 3492 5447 perpendere.
3524 5397 3543 5429 ι
3576 5378 3705 5433 Mss.

2140 5452 2382 5521 quidam,
2408 5469 2426 5502 ι
2447 5449 2696 5504 Ostendit
2721 5450 2938 5521 quidem
2961 5463 3024 5501 ex
3054 5464 3119 5521 eo
3138 5464 3248 5521 non
3275 5458 3463 5521 tam...
3480 5463 3708 5521 perpen-

2138 5517 2216 5574 di.
2240 5540 2258 5572 ι
2297 5518 2401 5575 Sed
2444 5535 2543 5574 ms.
2576 5535 2716 5575 unus
2742 5518 2945 5590 Regius
2969 5527 3023 5572 et
3054 5517 3312 5575 [tabanus
3346 5520 3540 5572 tuelius
3568 5528 3625 5571 ut
3649 5519 3710 5573 in

2137 5601 2306 5647 textu.

2209 5662 2325 5731 (48)
2354 5657 2552 5731 Ειίαληι.
2586 5657 2645 5712 In
2683 5658 2845 5714 editis
2874 5657 3167 5731 omittitur:
3254 5729 3264 5731 _
3314 5684 3317 5687 -

2207 5726 2321 5800 (49)
2350 5731 2441 5785 Sic
2469 5729 2725 5785 Rabanus
2754 5739 2811 5784 ct
2840 5745 2943 5800 ms.
2978 5744 3116 5800 unus
3139 5728 3338 5797 Regius
3364 5743 3513 5784 num.
3543 5726 3704 5785 1659.

2135 5798 2331 5859 Caderi
2360 5816 2492 5857 vero
2524 5816 2656 5858 mss.
2682 5808 2740 5859 et
2767 5798 2927 5868 editi,
2958 5815 2979 5852 t
3011 5799 3281 5870 insignius
3308 5808 3510 5856 tamen.
3536 5818 3556 5851 ι
