4146 6466
374 2866 379 2873 ·
462 2856 813 2926 diligentibus
887 2858 1053 2912 Deum

480 287 608 343 “2|

1428 277 1784 337 COMMLNT.
1827 276 1894 333 IN
1932 275 2151 333 EPIS'I‘.
2196 277 2286 331 AD
2326 275 2493 333 ROM.
2527 277 2656 333 LIB.
2695 276 2810 334 VII.

3606 283 3748 342 “22

480 405 857 463 incarnatione
884 402 1168 474 magniﬁca
1192 409 1459 472 geruntur
1481 401 1647 455 etiam
1675 412 1773 470 per
1793 399 2058 469 Spiritum
2090 405 2137 460 Α
2164 398 2330 462 bono,
2356 397 2509 467 quod
2538 413 2819 467 nunquam
2848 405 3023 466 potest
3051 399 3503 464 pernmtationem
3532 403 3746 473 recipe-

479 508 746 553 sanctom.
779 495 1012 549 Tantum
1039 506 1120 549 est
1147 496 1291 564 quod
1319 493 1411 547 ille
1436 508 1532 559 pro
1553 492 1737 560 impiis
1767 491 1880 563 (50)
1909 507 2056 547 mor-

479 599 604 643 tuus
633 595 720 642 est
757 587 859 658 (sic
887 589 1033 641 enim
1060 598 1116 639 et
1153 588 1266 655 ipse
1289 584 1490 639 Paulus
1532 589 1774 640 ostendit
1811 601 1936 639 cum
1970 586 2057 639 di-

479 683 553 735 cit
585 699 599 736 :
639 700 658 733 σ
686 681 878 735 Adhuc
907 680 1053 733 enim
1085 680 1355 743 Christus,
1396 694 1521 733 cum
1552 679 1755 733 inﬁrmi
1788 693 2055 743 essemus,

478 771 778 824 secundum
812 779 1027 838 tempus
1053 784 1153 839 pro
1178 769 1361 838 impiis
1390 777 1635 822 mortuus
1660 778 1743 823 est
1760 769 1848 838 °’),
1887 788 1907 822 ι
1934 782 2060 822 san-

475 871 598 919 ctus
627 870 811 917 autem
839 861 1077 929 Spiritus
1102 876 1205 916 non
1237 877 1336 929 pro
1363 862 1547 930 impiis
1570 862 1683 931 jam
1724 862 2054 932 interpellat,

474 956 569 1009 sed
602 974 620 1006 ι
654 968 755 1023 pro
797 953 1041 1008 sanctis:
1078 972 1096 1004 ι
1149 963 1203 1006 et
1248 953 1559 1022 interpellat
1603 970 1707 1007 non
1759 955 2054 1009 secundum

474 1061 722 1111 carnem,
771 1045 864 1100 sed
900 1063 919 1096 ε
944 1044 1246 1099 secundmu
1278 1045 1479 1098 Deum:
1507 1063 1526 1097 ι
1579 1043 1839 1099 Christus
1874 1053 2055 1099 autem

475 1153 582 1191 non
624 1136 922 1191 secundum
958 1134 1127 1190 Deum
1163 1144 1410 1189 mortuus
1456 1134 1690 1197 dicitur,
1722 1136 1819 1188 sed
1864 1150 2060 1189 secun-

480 1228 607 1282 dum
631 1243 870 1284 carnem.
900 1226 1025 1282 Ideo
1047 1239 1153 1279 non
1175 1225 1359 1280 verbis
1382 1223 1581 1278 offerre
1600 1225 1800 1279 dicitur
1820 1224 2056 1293 Spiritus

483 1319 975 1389 interpellationem
1004 1332 1101 1384 pro
1140 1317 1378 1377 sanctis,
1407 1317 1498 1370 sed
1534 1335 1553 1367 ε
1588 1316 1916 1387 gemitibus:
1949 1335 1968 1367 ι
2000 1323 2058 1369 et

481 1422 589 1461 non
623 1406 1000 1462 communibus
1030 1405 1150 1458 istis
1174 1404 1493 1474 gemitibus,
1527 1407 1620 1457 sed
1658 1424 1676 1454 ι
1711 1403 2054 1458 inenarrabi-

477 1498 640 1552 libus.
673 1517 691 1549 ι
723 1498 1005 1566 Quomodo
1030 1497 1175 1551 enim
1207 1497 1455 1549 enarrari
1490 1506 1673 1563 potest
1712 1495 1855 1565 quod
1882 1495 2057 1564 Spiri-

475 1597 561 1642 tus
589 1590 682 1644 Dei
735 1589 976 1659 loquitur
1003 1588 1134 1648 Deo,
1168 1602 1290 1639 cum
1328 1586 1597 1639 interdum
1633 1601 1730 1640 nec
1764 1587 1879 1653 ipse
1930 1586 2053 1654 qui-

472 1680 596 1733 dem
622 1687 805 1732 noster
825 1679 1053 1746 spiritus
1080 1676 1225 1747 quod
1256 1676 1423 1730 sentit
1451 1675 1775 1745 etintelligit
1797 1689 2055 1730 sermone

471 1773 646 1841 possit
672 1771 995 1840 exponere?

544 1865 596 1919 7.
644 1882 663 1915 σ
705 1865 919 1920 Scimus
973 1874 1154 1917 autem
1197 1860 1458 1932 quoniam
1498 1858 1851 1930 diligentibus
1882 1861 2047 1915 Deum

470 1958 656 2011 omnia
719 1966 1090 2026 cooperantur
1132 1955 1183 2007 in
1235 1953 1458 2014 bonum,
1509 1952 1593 2007 his
1623 1953 1718 2021 qui
1752 1955 2048 2008 secundant

468 2047 808 2116 propositum
842 2046 1022 2099 vocati
1052 2053 1178 2099 sunt
1208 2045 1404 2098 sancti.
1432 2042 1563 2096 Nam
1589 2057 1728 2111 quos
1752 2044 2046 2111 prmscivit,

468 2147 524 2191 et
560 2136 968 2205 praedestinavit
998 2135 1311 2192 conformes
1340 2136 1456 2190 ﬁeri
1489 2134 1602 2209 (51)
1632 2135 1889 2205 imaginis
1922 2135 2046 2190 Filii

468 2226 574 2287 sui,
612 2235 669 2277 ut
696 2225 765 2276 sit
797 2224 908 2291 ipse
937 2225 1328 2291 primogenitus
1352 2227 1404 2279 in
1439 2224 1626 2279 multis
1655 2224 1918 2280 fratribus
1939 2224 2041 2278 ⁸⁸.»

468 2314 525 2366 Si
559 2314 816 2382 Spiritus,
852 2316 1051 2384 inquit,
1087 2316 1395 2384 interpellat
1426 2331 1526 2385 pro
1556 2316 1720 2371 nobis
1753 2318 2046 2388 gemitibus

469 2402 945 2468 iuenarrabililms.
979 2414 1033 2460 et
1083 2406 1336 2461 universa
1367 2418 1617 2460 creatura
1668 2407 2046 2475 congemiscit;

465 2504 520 2547 ct
549 2493 804 2548 condolet
859 2510 1030 2562 usque
1075 2512 1238 2560 nunc,
1286 2511 1407 2564 quae
1429 2495 1754 2550 liberabitur
1793 2510 1923 2550 tunc
1952 2496 2045 2550 de-

465 2600 614 2637 mum
645 2599 674 2637 a
725 2584 984 2638 servitute
1033 2586 1422 2653 corruptionis.
1465 2601 1589 2639 cum
1650 2585 1872 2640 libertas
1927 2586 2046 2657 glo-

467 2674 565 2728 riae
623 2674 858 2728 ﬁliorum
914 2675 1010 2730 Dei
1049 2676 1352 2740 advenerit,
1401 2677 1675 2745 quomodo
1721 2692 1827 2731 non
1889 2692 2044 2731 com—

463 2775 712 2834 petenter
763 2767 1202 2836 pronuntiabitur
1250 2767 1378 2837 quia
1434 2765 1549 2838 (52)
1584 2786 1604 2819 ι
1641 2767 1847 2823 scimus
1898 2770 2044 2837 quod

1135 2859 1316 2913 omnia
1385 2868 1754 2927 cooperantur
1832 2861 1885 2913 in
1946 2860 2044 2915 bo-

466 2947 637 3001 num?
669 2969 685 3000 ι
722 2948 778 3001 In
807 2957 1021 3003 tantum
1047 2949 1193 3003 enim
1226 2949 1410 3004 omnia
1456 2959 1824 3020 cooperantur
1852 2952 1905 3005 in
1932 2952 2041 3007 1m-

464 3054 591 3092 num
616 3038 751 3108 (55),
784 3050 837 3094 et
865 3039 1203 3094 collaborant
1248 3041 1334 3095 bis
1372 3041 1464 3110 qui
1491 3042 1726 3112 diligunt
1763 3042 1954 3108 Deum,
1984 3054 2043 3099 ttt

463 3138 520 3180 et
549 3129 666 3197 ipse
696 3129 936 3199 Spiritus
965 3129 1202 3199 adjuvet,
1238 3147 1338 3185 nec
1368 3132 1696 3200 dedignetur
1729 3132 1907 3186 divina
1940 3149 2043 3186 na-

466 3227 586 3272 tura
615 3220 723 3274 dux
753 3235 877 3274 esse
903 3220 1117 3276 itineris
1150 3220 1217 3276 ad
1251 3222 1474 3275 bonum.
1508 3221 1896 3277 Verumtamen
1927 3223 2042 3295 (54)

460 3311 504 3366 si
546 3322 670 3367 sunt
703 3314 869 3383 aliqui
894 3316 1156 3368 habentes
1187 3315 1440 3381 spiritum
1481 3314 1767 3370 servitutis
1801 3317 1853 3370 in
1883 3316 2044 3371 timo-

464 3420 547 3470 re,
580 3406 670 3460 alii
715 3421 846 3461 vero
873 3417 1000 3460 sunt
1027 3408 1339 3476 superiores
1393 3406 1501 3474 his,
1546 3407 1638 3476 qui
1670 3407 1921 3477 spiritum
1947 3410 2043 3463 ad-

458 3499 696 3568 eptionis
710 3500 1007 3569 accipiunt,
1036 3514 1102 3554 ex
1121 3512 1185 3553 eo
1202 3500 1342 3569 quod
1362 3484 1467 3554 non
1495 3498 1607 3568 jam
1625 3501 1819 3556 timore
1846 3500 2037 3567 Deum,

459 3592 556 3646 sed
595 3608 782 3647 amore
824 3603 1175 3655 venerantur,
1206 3600 1262 3646 et
1305 3596 1453 3662 quod
1480 3611 1499 3644 ι
1526 3592 1768 3664 perfecta
1796 3612 1815 3647 ι
1854 3595 1907 3649 ἰη
1959 3596 2040 3651 eis

463 3699 485 3734 ι
512 3685 757 3738 eharitas
798 3683 943 3739 foras
972 3684 1138 3738 mittit
1184 3684 1434 3739 timorem
1457 3685 1541 3739 "’z
1577 3703 1596 3738 ι
1633 3685 1923 3740 videndum
1953 3696 2040 3741 est

459 3789 529 3827 ne
558 3774 696 3829 forte
728 3793 831 3829 non
860 3776 1046 3831 omnia
1094 3784 1464 3845 cooperentur
1492 3776 1545 3830 iu
1578 3777 1781 3831 bonum
1811 3778 1897 3833 bis
1945 3777 2037 3847 qui

458 3860 637 3914 adhuc
684 3862 736 3915 in
771 3862 966 3932 Spiritu
1004 3872 1329 3931 permanent
1379 3864 1696 3931 servitutis;
1728 3866 1823 3920 sed
1854 3865 2036 3936 aliqua

456 3954 674 4021 quidem
701 3965 1065 4024 cooperentur
1085 3957 1249 4010 etiam
1283 3956 1432 4023 ipsis,
1469 3973 1575 4011 non
1608 3967 1789 4012 tamen
1813 3959 2033 4025 omnia;

456 4054 513 4098 et
543 4045 727 4100 nescio
760 4046 805 4101 si
838 4047 905 4100 ad
943 4048 1116 4117 ipsum
1145 4047 1368 4113 bonum,
1396 4064 1491 4103 seu
1521 4048 1725 4118 potius,
1760 4056 1820 4102 ut
1854 4046 1925 4101 ita
1953 4048 2038 4102 di-

459 4137 655 4202 xerim,
682 4138 749 4191 ad
768 4137 963 4208 januas
995 4138 1119 4194 boni
1151 4139 1473 4210 perducant.
1503 4139 1600 4195 llis
1628 4154 1758 4194 vero
1789 4139 1883 4209 qui
1911 4140 2035 4195 dili-

455 4240 587 4298 gunt
627 4229 816 4297 Dettm,
843 4240 894 4285 et
937 4240 1049 4285 toto
1097 4232 1147 4286 ei
1179 4231 1449 4287 iuhzerent
1488 4232 1778 4288 charitatis
1811 4230 2032 4296 aﬂectu,

452 4323 636 4376 omnia
668 4320 806 4395 (55),
825 4332 884 4379 ιιι
911 4324 1171 4388 diximus,
1199 4324 1541 4380 collaborant
1563 4335 1619 4379 et
1640 4324 2033 4395 juvant,atque

2164 504 2245 555 re,
2274 489 2635 544 constituant.
2654 487 2807 555 Quod
2832 487 2876 543 si
2905 487 2993 542 alii
3020 498 3149 543 sunt
3175 490 3267 559 qui
3288 490 3520 561 diligunt
3546 492 3739 557 Deum,

2159 589 2214 633 et
2245 579 2334 632 alii
2364 579 2456 647 qui
2502 578 2756 646 spiritum
2805 577 3088 638 servitutis
3121 579 3416 647 accipiunt,
3448 580 3739 637 videndum

2161 678 2246 721 est
2289 685 2355 721 ne
2384 660 2522 723 forte
2560 675 2615 719 et
2656 666 2757 720 hoc
2784 665 2928 733 quod
2957 665 3110 729 dicit.
3143 684 3162 718 ι
3194 666 3291 723 llis
3317 670 3408 738 qui
3443 674 3741 727 secundum

2159 763 2494 829 prepositum
2534 759 2712 816 vocati
2758 766 2906 823 sunt,
2940 775 2958 809 ι
2994 763 3072 824 et,
3106 779 3127 814 ς
3160 761 3310 828 Quos
3368 762 3666 831 praescivit,
3690 775 3747 820 et

2159 852 2566 921 praedestinavit
2610 853 2923 910 conformes
2975 854 3091 910 ﬁeri
3135 853 3390 924 imaginis
3425 854 3546 910 Filii
3574 857 3684 921 sui,
3719 876 3739 909 ι

2158 956 2267 995 non
2301 943 2599 996 conveniat
2635 942 2741 996 illis
2793 943 2885 1013 qui
2919 944 2972 996 in
3010 943 3207 1009 spiritu
3255 945 3541 1000 servitutis
3590 958 3741 1000 sum.

2158 1027 2398 1085 Possunt
2422 1030 2566 1084 enim
2597 1038 2654 1084 et
2684 1030 2761 1084 illi
2792 1031 2971 1085 vocati
2998 1032 3220 1101 quidem
3265 1034 3395 1101 dici,
3424 1049 3531 1089 non
3563 1043 3741 1090 tamen

2166 1139 2186 1175 ι
2214 1122 2511 1176 secundum
2557 1122 2890 1192 propositum
2915 1140 2934 1173 ι
2973 1126 3148 1179 vocati
3179 1142 3195 1179 :
3229 1134 3286 1179 et
3327 1139 3430 1194 pro
3488 1141 3556 1181 eo
3592 1129 3741 1198 quod

2157 1213 2338 1268 adhuc
2371 1212 2424 1266 in
2448 1211 2642 1281 spiritu
2674 1214 2954 1269 servitutis
2976 1226 3131 1279 sunt,
3163 1231 3273 1270 non
3310 1227 3539 1286 possunt
3573 1220 3742 1274 statui

2158 1307 2298 1361 inter
2324 1305 2523 1361 multos
2552 1306 2754 1362 fratres
2786 1323 3019 1377 quorum
3049 1309 3446 1381 primogenitns
3472 1322 3556 1365 est
3594 1311 3742 1368 ﬁlius

2157 1397 2468 1463 cbaritatis,
2501 1406 2559 1451 et
2588 1416 2606 1449 ι
2638 1398 2820 1470 imago
2856 1398 3162 1454 invisibilis
3204 1400 3322 1462 Dei,
3347 1418 3366 1452 ι
3405 1415 3470 1455 ac
3500 1401 3743 1471 «primo-

2158 1489 2377 1559 genitus
2402 1488 2582 1542 omnis
2598 1498 2867 1544 creaturae
2887 1490 2952 1545 ⁸⁸.
2981 1510 3001 1544 ι
3045 1491 3152 1546 Sed
3179 1500 3235 1546 et
3263 1491 3366 1547 hoc
3388 1495 3531 1562 quod
3565 1495 3698 1548 dixit
3724 1514 3738 1548 :

2163 1579 2519 1636 «Conformes
2538 1581 2704 1654 603
2728 1582 2978 1651 imaginis
2998 1582 3119 1639 Filii
3139 1583 3245 1647 sui,
3268 1602 3287 1634 ι
3313 1584 3440 1638 volo
3457 1587 3743 1653 requirere

2158 1672 2312 1740 cujus
2336 1673 2524 1733 forma:
2554 1675 2864 1730 conformes
2896 1675 3012 1730 ﬁeri
3041 1676 3294 1731 dicantur
3319 1676 3454 1749 (56).
3484 1678 3738 1749 Legimus

2156 1765 2302 1820 enim
2324 1764 2520 1819 Filium
2547 1765 2640 1821 Dei
2661 1766 2955 1836 aliquando
2973 1766 3024 1820 in
3048 1768 3217 1823 forma
3235 1769 3351 1834 Dei,
3368 1771 3663 1838 aliquando
3684 1771 3741 1826 in

2158 1848 2332 1904 forma
2356 1851 2501 1905 servi
2528 1866 2649 1907 esse
2680 1853 2916 1923 positum
2944 1854 3010 1908 θ’.
3030 1854 3127 1909 Cui
3160 1870 3291 1922 ergo
3326 1858 3519 1912 format
3547 1859 3740 1913 barum

2158 1943 2386 1996 duarum
2419 1944 2731 2000 conformes
2762 1946 2907 2001 dicat
2958 1946 3170 2002 futuros
3197 1950 3486 2017 Apostolus
3516 1965 3611 2006 eos
3644 1953 3738 2022 qni

2157 2034 2389 2103 diligunt
2424 2035 2616 2101 Deum,
2651 2045 2706 2091 et
2730 2039 2929 2106 quibus
2953 2039 3132 2091 omnia
3163 2048 3529 2108 cooperantur
3561 2042 3613 2094 in
3641 2043 3740 2096 bo—

2159 2140 2312 2192 num,
2354 2141 2463 2181 non
2497 2128 2660 2181 otiosi
2696 2128 2825 2181 mihi
2849 2129 3065 2183 videtur
3099 2143 3222 2183 esse
3250 2128 3605 2185 discriminis.
3631 2133 3736 2184 Ar-

2156 2214 2332 2268 bitror
2364 2229 2494 2284 ergo
2528 2217 2828 2270 secundum
2867 2231 2931 2271 ea
2964 2231 3086 2285 quae
3123 2219 3173 2270 iu
3216 2217 3338 2271 aliis
3366 2218 3505 2273 idem
3538 2219 3738 2275 Paulus

2156 2307 2426 2376 designat,
2473 2308 2562 2363 ubi
2589 2308 2761 2362 dicit:
2802 2309 3019 2364 «Filioli
3058 2315 3164 2366 mei
3203 2328 3342 2381 quos
3371 2313 3565 2367 iterum
3609 2329 3737 2383 par-

2156 2398 2320 2461 turio,
2341 2401 2516 2453 donec
2541 2400 2814 2453 formetur
2839 2402 3089 2457 Christus
3108 2402 3163 2456 in
3188 2402 3425 2470 vobis",
3458 2421 3478 2454 ι
3509 2402 3736 2458 formari

2155 2489 2209 2543 in
2246 2490 2327 2543 his
2362 2491 2455 2560 qui
2509 2492 2574 2545 ad
2622 2490 3016 2560 perfectionem
3064 2494 3293 2548 tendunt
3332 2495 3611 2551 Christum
3654 2497 3738 2550 di-

2152 2590 2241 2633 cat
2269 2579 2401 2652 (57),
2428 2585 2728 2636 secundum
2765 2583 2866 2637 hoc
2894 2587 3037 2652 quod
3067 2583 3304 2639 Verbum
3335 2596 3437 2652 est,
3468 2598 3525 2641 ttt
3570 2588 3622 2642 in
3656 2588 3736 2643 eis

2154 2671 2316 2727 Verbi
2352 2674 2444 2728 Dei
2485 2675 2777 2729 sinceritas
2824 2676 2890 2729 ad
2937 2692 3130 2745 purum
3179 2677 3536 2743 infortnetur;
3571 2688 3625 2733 et
3657 2694 3737 2734 se-

2152 2766 2389 2819 cnndmn
2419 2766 2520 2822 hoc
2538 2767 2679 2836 quod
2698 2766 2902 2821 veritas
2920 2778 3024 2835 est,
3048 2779 3106 2822 ut
3128 2772 3331 2825 veritas
3356 2772 3406 2824 in
3430 2774 3511 2827 eis
3528 2774 3735 2844 absque

2154 2860 2317 2914 ullius
2348 2860 2453 2913 fuci
2493 2860 2819 2916 adtuistione
2847 2861 3152 2924 consistat;
3197 2871 3253 2917 et
3303 2865 3600 2918 secundum
3630 2866 3735 2921 hoc

2151 2952 2294 3021 quod
2315 2952 2582 3020 sapientia
2614 2961 2717 3018 est,
2743 2963 2802 3007 ut
2840 2954 3103 3022 sapientia
3138 2955 3227 3008 Dei
3258 2955 3310 3009 in
3341 2956 3420 3010 eis
3452 2956 3540 3011 illa
3571 2973 3734 3028 quam

2153 3043 2297 3096 inter
2325 3043 2601 3112 perfectos
2635 3044 2875 3112 loquitur
2920 3043 3122 3100 Paulus
3144 3047 3209 3110 ",
3249 3063 3382 3116 pura
3434 3058 3489 3101 ct
3525 3050 3736 3119 absque

2073 3113 2119 3173 ο
2152 3133 2263 3188 ullo
2276 3135 2481 3189 erroris
2498 3135 2822 3191 diverticulo
2839 3149 3218 3191 conservetur.
3246 3141 3338 3193 Sic
3354 3151 3407 3194 et
3431 3143 3732 3195 secundum

2149 3225 2331 3279 omnia
2362 3241 2483 3296 qua:
2509 3226 2761 3281 Christus
2789 3236 2892 3290 est,
2921 3227 3005 3281 vel
3036 3229 3272 3297 justitia,
3300 3231 3382 3284 vel
3419 3233 3733 3288 sanctiﬁca-

2151 3317 2251 3382 tio,
2280 3317 2365 3370 vel
2393 3326 2605 3372 θαλίαι-ει)
2647 3332 2879 3387 qumque
2914 3319 3152 3372 virtutes
3182 3319 3319 3390 (58),
3348 3320 3392 3374 si
3421 3322 3472 3374 in
3506 3322 3586 3375 eis
3618 3321 3733 3376 for-

2150 3417 2367 3460 mentur
2391 3408 2458 3460 ad
2502 3407 2792 3475 liquidum,
2829 3407 2916 3463 isti
2969 3408 3300 3463 videbuntur
3329 3412 3397 3464 ad
3433 3410 3580 3465 illam
3614 3411 3731 3466 for-

2148 3512 2314 3559 mam,
2340 3511 2445 3566 qua
2475 3496 2526 3549 in
2554 3494 2729 3552 forma
2758 3497 2850 3552 Dei
2879 3507 2981 3563 est,
3004 3498 3314 3553 confurmes
3337 3500 3589 3569 imaginis
3610 3517 3731 3558 esse

2143 3585 2347 3642 effecti.
2381 3585 2441 3641 Si
2466 3602 2597 3644 vero
2650 3589 2831 3643 adhuc
2879 3590 2931 3643 in
2984 3590 3152 3643 initiis
3200 3591 3324 3658 quis
3376 3605 3730 3649 conversetur

2146 3683 2206 3750 (ι
2238 3680 2451 3735 initium
2482 3699 2502 3732 ο
2536 3689 2716 3737 autem
2745 3697 2765 3731 ι
2790 3682 3075 3752 sapientia:
3098 3682 3262 3736 timor
3289 3682 3384 3738 Dei
3412 3683 3525 3756 (59)
3550 3705 3569 3737 ι
3597 3685 3728 3758 est),
3774 3716 3783 3725 ο

2143 3781 2198 3827 ct
2234 3773 2287 3826 in
2319 3773 2514 3827 timore
2534 3773 2580 3805 "
2610 3772 2790 3828 adhuc
2845 3774 3053 3843 positus
3089 3775 3263 3842 prima
3294 3773 3471 3829 coitus
3503 3774 3596 3831 Dei
3626 3777 3727 3832 ele-

2145 3875 2327 3919 menta
2378 3864 2665 3934 suscipiat,
2718 3866 3016 3919 secuudmn
3052 3863 3284 3920 formam
3340 3867 3507 3934 servi,
3559 3884 3724 3938 quam

2140 3958 2382 4026 suscepit
2428 3958 2498 4012 ad
2536 3958 2642 4012 hoc
2678 3968 2738 4011 ut
2772 3961 2932 4012 rudes
2969 3968 3026 4012 et
3066 3958 3291 4027 ignaros
3319 3958 3434 4031 (60)
3474 3963 3724 4015 timorem

2139 4047 2235 4104 Dei
2272 4051 2517 4115 doceret,
2541 4049 2857 4105 conformes
2884 4049 2999 4103 ﬁeri
3030 4049 3366 4121 intelligendi
3399 4062 3528 4107 sttnt
3551 4053 3604 4108 lti
3633 4053 3725 4123 qui

2136 4141 2315 4209 prima
2358 4140 2514 4195 initia
2542 4141 2595 4194 in
2618 4140 2714 4194 Dei
2744 4140 2939 4195 timore
2971 4141 3302 4209 suscipiunt.
3333 4141 3492 4209 Quia,
3526 4144 3725 4213 inquit,

2142 4246 2320 4300 «quos
2360 4231 2656 4299 prmscivit,
2686 4239 2742 4285 et
2791 4230 3195 4300 prtedestinavit
3246 4230 3558 4288 conformes
3603 4234 3724 4291 ﬁeri

2141 4323 2398 4393 imaginis
2434 4322 2556 4378 Filii
2578 4323 2684 4378 sui.
2707 4341 2726 4373 ι
2755 4322 2871 4378 Non
2905 4323 3222 4378 omittamus
3252 4338 3353 4379 nec
3383 4325 3449 4377 de
3477 4338 3545 4379 eo
3577 4327 3722 4394 quod

454 4413 663 4481 aliquid
693 4414 776 4468 sui
822 4414 985 4468 studii
1016 4414 1329 4478 conferunt,
1382 4424 1656 4484 quatenus
1685 4429 1781 4470 eos
1809 4415 1861 4469 in
1909 4414 2029 4484 ipso
2063 4409 2109 4463 D
2137 4414 2311 4467 dixit:
2340 4431 2358 4464 ι
2383 4411 2744 4468 Praescivitet
2767 4411 3178 4483 praedestinavit
3202 4410 3340 4484 (61).
3372 4430 3392 4464 θ
3418 4412 3555 4469 Puto
3576 4415 3722 4471 enim

525 4532 570 4564 ⁸⁸
601 4530 762 4586 Rom.
784 4547 839 4597 ν,
862 4531 927 4603 6.
970 4532 1039 4603 f‘
1070 4532 1224 4589 Rom.
1250 4547 1363 4597 vnt,
1395 4532 1489 4591 ‘28.
1513 4532 1605 4588 29.
1680 4534 1725 4565 ⁸⁷
1755 4532 1770 4586 1
1800 4531 1955 4588 Joan.
1987 4548 2041 4588 tv

2149 4532 2185 4587 ς.
2263 4532 2543 4587 “Coloss.
2576 4529 2857 4598 1,15,“.
2930 4531 2977 4564 ιο
2999 4529 3196 4603 Philip.
3232 4546 3293 4596 ιι,
3328 4531 3384 4596 6,
3415 4529 3471 4587 7.
3544 4531 3715 4588 "Ga-

452 4599 550 4659 lat.
582 4604 761 4670 tv,i9.
839 4603 883 4635 ⁷⁸
911 4602 927 4657 Ι
955 4600 1083 4659 Cor.
1124 4620 1184 4668 tt,
1234 4603 1289 4659 6.
1368 4604 1414 4634 ⁷¹
1453 4603 1614 4657 Prov.
1651 4619 1726 4664 ts.
1756 4604 1842 4658 10.

524 4738 639 4813 (50)
669 4739 749 4797 Ita
776 4751 925 4813 recte
951 4758 1054 4797 ms.
1080 4757 1220 4798 unus
1247 4743 1447 4813 Regius
1467 4759 1617 4797 nutu.
1650 4742 1810 4799 1659.
1834 4742 2027 4796 ϐωιενί

452 4825 584 4883 vero
622 4812 811 4879 tnss.,t
847 4812 1049 4867 Tamen
1081 4814 1209 4881 quia
1243 4812 1351 4868 ille
1375 4828 1475 4883 pro
1502 4812 1707 4882 impiis,
1730 4832 1749 4864 ι
1781 4823 1887 4866 etc.
1923 4813 2029 4865 Ita-

451 4880 697 4954 banusq
729 4885 850 4950 quia
872 4883 1045 4954 et_ille
1075 4880 1174 4954 pro
1205 4880 1407 4954 impiis,
1437 4901 1457 4935 ι
1490 4880 1631 4954 etc.,
1652 4882 1862 4954 omisso
1891 4900 1910 4933 ι
1942 4890 2024 4936 ta-

452 4965 629 5033 men.»
651 4953 813 5016 Editi,
847 4971 867 5003 ι
902 4951 1105 5008 Tamen
1135 4955 1262 5023 quia
1292 4953 1412 5024 (al.,
1445 4971 1466 5004 ι
1494 4952 1695 5023 quod»)
1723 4961 1779 5008 et
1810 4953 1900 5006 ille
1929 4967 2029 5022 pro

452 5035 654 5088 lmptts,
689 5042 707 5073 ι
743 5035 850 5077 etc.

455 5169 470 5176 _
501 5091 765 5176 (δίῌιῑρ
800 5101 856 5148 et
880 5092 1018 5147 infra
1046 5093 1099 5148 in
1127 5109 1230 5149 ms.
1258 5094 1428 5165 Regio
1462 5108 1614 5148 num.
1648 5091 1789 5148 1659
1814 5091 2026 5146 omitti-

455 5162 549 5216 tttt‘
586 5182 604 5214 ε
632 5162 766 5217 ﬁeri.
791 5183 810 5215 ι
1344 5162 1366 5165 “

523 5231 636 5304 (52)
668 5231 827 5304 Quin.
857 5233 1018 5289 Deest
1047 5233 1100 5304 in
1135 5232 1316 5287 editis.
1349 5233 1517 5297 Alias,
1550 5251 1569 5283 ι
1595 5231 1875 5304 quoniam.
1897 5249 1917 5284 ι

545 5301 638 5371 55)
664 5301 734 5356 In
765 5302 979 5360 bonum.
1030 5303 1155 5357 Haec
1185 5305 1347 5357 verba
1377 5306 1567 5357 desunt
1604 5304 1655 5357 in
1694 5303 1856 5357 editis
1888 5312 1944 5356 et
1969 5302 2024 5356 in

449 5372 775 5439 quibusdam
810 5389 970 5439 mss.,
995 5388 1204 5428 necnon
1226 5372 1367 5441 apud
1399 5373 1707 5429 Rabanum.

520 5441 634 5509 (54)
660 5441 781 5498 Ms.
828 5459 972 5500 unus
1022 5443 1223 5514 Regius
1242 5443 1405 5499 habet
1429 5456 1449 5494 t
1481 5457 1668 5499 verum
1694 5461 1715 5495 ι
1761 5457 1863 5514 pro
1890 5459 1909 5493 ε
1932 5456 2028 5498 ve-

446 5522 778 5570 rumtamen.
801 5532 821 5564 ι

519 5581 636 5649 (55)
673 5581 888 5641 Omnia.
920 5582 1084 5639 Deest
1107 5582 1162 5637 in
1201 5581 1386 5639 editis.

2209 4740 2324 4812 (57)
2356 4740 2520 4803 Editi,
2547 4739 2737 4812 (“quod
2764 4739 2984 4812 formari
3012 4740 3065 4795 in
3098 4740 3300 4812 his‘qui
3331 4744 3398 4795 ad
3427 4741 3717 4810 perfectio-

2139 4809 2260 4865 netu
2298 4809 2529 4865 tendunt
2555 4810 2808 4868 Christus
2850 4809 3083 4866 dicatur.
3134 4830 3155 4863 ι
3192 4809 3300 4867 Sed
3345 4809 3537 4867 omnes
3583 4830 3720 4871 mss.

2136 4892 2191 4935 et
2226 4880 2484 4935 [tabanus
2518 4889 2576 4934 ut
2604 4883 2655 4934 in
2692 4891 2867 4936 textu.

2212 4950 2327 5023 (58)
2356 4951 2523 5015 Editi,
2565 4968 2586 5002 ι
2613 4949 2697 5023 vel
2729 4961 2881 5023 certe
2925 4964 3157 5021 quaeque
3191 4949 3441 5005 virtutes.
3466 4968 3485 5004 ι
3514 4949 3714 5009 Deinde

2137 5021 2240 5076 ms.
2278 5021 2436 5083 unus,
2474 5035 2633 5090 «quae
2660 5021 2712 5075 in
2738 5022 2936 5082 forma,
2962 5040 2982 5074 ι
3021 5032 3130 5077 etc.

2205 5092 2318 5163 (59)
2358 5090 2450 5147 Sic
2492 5089 2683 5163 omnes
2736 5091 3103 5163 mss.uostri
3131 5099 3187 5145 et
3249 5089 3526 5163 “tabanus.
3573 5090 3716 5146 Editi

2136 5161 2343 5225 ναοί(
2368 5162 2530 5215 titnor
2573 5161 2796 5215 dicitur.
2821 5180 2841 5214 ι
2873 5161 2987 5225 AL,
3021 5177 3042 5210 r
3072 5162 3234 5217 timor
3283 5161 3523 5228 Domini,
3566 5172 3620 5215 et
3659 5163 3711 5217 in

2092 5247 2097 5252 '
2136 5232 2352 5293 timore,
2376 5251 2394 5283 ι
2425 5243 2531 5285 etc.

2205 5302 2319 5372 (60)
2362 5301 2524 5372 Editi,
2560 5318 2579 5352 ‹
2608 5308 2668 5355 ut
2707 5299 2940 5355 rudibus
2966 5299 3296 5372 et_ignaris.
3327 5316 3346 5352 ι
3380 5298 3488 5354 Sed
3520 5313 3713 5372 omnes

2131 5387 2263 5427 mss.
2291 5370 2346 5428 et
2373 5371 2633 5425 Rabauus
2659 5380 2717 5425 ut
2742 5371 2797 5425 iu
2829 5381 3000 5427 textu.
3029 5370 3233 5425 Deinde
3256 5384 3358 5426 ins.
3386 5385 3549 5436 unus,
3578 5386 3599 5421 ί
3630 5371 3710 5427 iu-

2131 5443 2303 5511 telligi
2339 5451 2586 5511 possunt,
2611 5458 2633 5493 ι
2662 5455 2770 5495 etc.

2200 5508 2316 5585 (61)
2341 5508 2447 5567 ’δίο
2467 5526 2574 5585 ms.
2607 5508 2989 5585 unusRegius
3013 5525 3163 5585 num.
3196 5508 3359 5585 1659.
3385 5510 3585 5585 Cameri
3616 5524 3705 5567 ve-

2130 5598 2191 5637 ro
2212 5581 2356 5637 mss.
2390 5590 2446 5635 et
2491 5581 2623 5635 editi
2667 5582 2968 5636 omittunt:
3001 5600 3020 5633 ι
3048 5581 3164 5635 Νοη
3193 5581 3514 5638 omittamus
3539 5583 3606 5636 de
3645 5597 3709 5634 eo

519 5648 632 5723 (56)
662 5651 830 5731 Editi_,
856 5672 875 5706 ι
898 5654 1178 5721 dicuntur,
1204 5672 1222 5707 ο
1243 5664 1295 5710 et
1321 5660 1531 5724 postea,
1556 5671 1576 5707 ς
1602 5652 1655 5710 in
1680 5652 1853 5710 forma
1875 5654 2021 5712 servi
2072 5724 2079 5731 _
2126 5654 2272 5731 quod
2298 5653 2458 5715 dixit,
2484 5648 2769 5731 Praescivit
2796 5660 2853 5705 et
2892 5651 3320 5723 praedestinavit,
3340 5669 3360 5705 ι
3400 5659 3456 5707 et
3506 5666 3703 5708 vocem

447 5734 570 5780 esse
594 5725 989 5795 prepositutn.»

807 5826 825 5853 ἱ

2130 5720 2157 5777 ιθ
2180 5726 2327 5780 enim
2350 5741 2369 5774 ι
2405 5730 2526 5781 post
2569 5738 2589 5774 ι
2616 5720 2771 5777 Ρυιο.
2796 5739 2818 5774 r
