4146 6456
415 274 557 331 1125

1899 258 2228 312 υιςερωηιδ

3539 252 3681 307 1124

409 387 554 458 quod
601 384 744 439 sicut
778 397 884 437 non
917 382 983 436 de
1017 379 1273 435 omnibus
1307 379 1442 433 dixit
1477 377 1577 450 qui
1614 376 1987 448 praedestinati
2019 382 2069 437 Α
2095 375 2191 444 qui
2229 387 2291 429 se
2317 371 2385 428 ad
2418 386 2539 428 eam
2574 372 2810 428 formam
2844 369 3017 441 'quam
3058 383 3226 440 supra
3265 366 3545 439 posuimus
3583 385 3683 424 ex-

410 488 559 543 sunt,
590 478 663 532 ita
696 490 799 530 nec
827 476 894 530 de
921 463 1173 528 omnibus
1210 486 1351 540 quos
1396 471 1660 539 prmsciit.
1697 467 1815 524 Non
1849 469 1993 524 enim

410 571 707 628 secundum
736 579 1079 622 communem
1104 565 1243 631 vulgi
1265 564 1575 632 opinionem
1596 563 1892 631 putandum
1912 568 1998 614 est

407 664 550 720 bona
575 662 821 729 malaque
839 656 1094 727 praescire
1112 655 1303 719 Deum,
1322 655 1417 709 sed
1435 654 1733 709 secundum
1749 650 1998 720 Scriptu-

410 771 486 812 ra:
496 762 701 813 sanctae
719 749 1164 807 consuetudinem
1186 747 1526 802 sentiendum
1545 756 1627 801 est
1647 745 1780 817 (62).
1795 744 1998 800 Obser-

409 858 501 902 vet
515 847 657 901 enim
678 846 767 915 qui
787 844 1056 899 studiosus
1078 844 1232 898 estin
1255 840 1572 909 Scripturis,
1599 837 1772 892 sicubi
1790 838 1998 891 invenit

414 937 748 1008 Scripturam
770 937 969 1002 dicere,
986 936 1113 1005 quia
1142 933 1314 989 malos
1335 931 1639 1003 przescierit
1669 930 1832 993 Deus,
1854 930 1997 984 sicut

411 1031 467 1086 in
490 1030 741 1102 pmsenti
761 1030 879 1084 loco
900 1029 965 1083 de
985 1029 1142 1083 bonis
1166 1026 1452 1080 manifeste
1480 1025 1633 1090 dicit,
1659 1024 1782 1093 quia
1811 1040 1831 1073 ι
1860 1037 1997 1091 quos

410 1122 706 1194 prazscivit,
737 1130 792 1177 et
822 1119 1230 1191 praedestinavit
1253 1118 1564 1174 conformes
1580 1116 1695 1170 ﬁeri
1719 1113 1831 1187 (65)
1862 1115 1989 1169 ima-

409 1216 551 1287 ginis
599 1213 720 1268 Filii
767 1213 917 1267 sui.»
963 1211 1021 1267 Si
1076 1211 1221 1287 enim
1271 1225 1409 1280 quos
1453 1209 1749 1279 praescivit,
1806 1211 1905 1264 bos
1939 1217 1995 1262 et

409 1286 825 1376 praedestinavit
875 1286 1185 1358 conformes
1241 1317 1364 1357 esse
1414 1301 1670 1372 imaginis
1712 1300 1832 1355 Filii
1885 1301 1990 1368 sui,

410 1399 592 1453 nullus
617 1406 799 1451 autem
832 1396 1009 1451 malus
1056 1394 1356 1450 conformis
1387 1402 1567 1463 potest
1595 1392 1847 1463 imaginis
1868 1407 1994 1447 esse

409 1490 531 1546 Filii
569 1489 687 1553 Dei,
720 1486 1070 1543 manifestum
1101 1495 1187 1543 est
1223 1486 1348 1556 quia
1378 1486 1445 1540 de
1475 1484 1635 1540 bonis
1665 1492 1873 1538 tantum
1910 1485 1992 1539 di-

410 1586 531 1639 cit:
564 1581 860 1637 cPraasciit
916 1595 1056 1650 quos
1107 1591 1163 1635 et
1211 1578 1626 1650 praedestinavit
1680 1577 1994 1633 conformes

408 1676 529 1732 fieri
578 1675 830 1745 imaginis
878 1673 1005 1727 Filii
1056 1673 1179 1738 sui;
1210 1691 1229 1724 ›
1271 1681 1504 1727 caeteros
1535 1685 1666 1725 vero
1692 1686 1797 1725 non
1833 1671 1993 1726 modo

2098 465 2352 532 coluerit,
2384 464 2565 535 imago
2591 466 2665 519 sit
2699 464 2816 531 Dei,
2844 464 2948 519 hoc
2974 471 3058 518 est
3089 476 3269 532 mago
3296 460 3418 516 Filii
3452 461 3570 526 Dei,
3595 473 3681 516 ta-

2099 571 2221 612 men
2252 556 2504 627 specialis
2532 571 2595 611 ac
2620 556 2843 626 propria
2867 556 3047 626 imago
3074 554 3193 623 ejus
3222 569 3342 625 qua:
3358 568 3481 609 eum
3508 563 3681 609 totum

2098 657 2265 716 atque
2285 661 2351 701 ex
2378 646 2593 717 integro
2618 647 2880 715 suscepit,
2916 656 2969 700 et
2999 647 3050 700 in
3081 648 3372 716 semetipsa
3404 646 3682 713 formavit,

2098 741 2216 811 ipsa
2255 741 2383 796 Jesu
2432 742 2614 794 anima
2662 740 2893 796 dicenda
2942 751 3050 806 est,
3095 756 3215 811 qua:
3249 758 3310 796 se
3352 755 3451 811 per
3499 740 3682 795 omnia

2103 833 2278 889 Verbo
2313 850 2377 889 ac
2419 834 2717 904 Sapientiae
2761 834 2857 889 Dei
2889 836 2963 889 ita
3009 834 3311 903 coaptavit,
3346 842 3407 887 ut
3439 833 3494 887 in
3530 833 3683 888 nullo

2097 940 2328 996 prorsus
2354 926 2423 981 ab
2461 925 2578 995 eius
2610 924 2970 983 similitudine
3003 926 3226 982 decolor
3253 926 3578 991 haberetur,
3608 926 3684 979 ita

2098 1025 2159 1070 ut
2185 1017 2495 1087 quicunque
2523 1032 2792 1072 summam
2825 1017 3180 1088 perfectionis
3218 1032 3284 1071 ac
3324 1016 3683 1072 beatitudinis

2096 1119 2463 1172 consectatur,
2502 1109 2570 1164 ad
2613 1109 2762 1164 illius
2807 1122 2867 1164 se
2913 1110 3207 1179 imaginem
3237 1126 3301 1166 ac
3335 1109 3502 1183 605.
3523 1109 3682 1166 simi-

2101 1206 2137 1259 li
2149 1204 2390 1259 tudinem
2416 1204 2530 1275 (68)
2546 1209 2755 1269 tendat,
2774 1220 2895 1274 quae
2907 1206 3084 1274 primo
3098 1205 3218 1260 loco
3233 1218 3289 1261 et
3304 1221 3470 1277 super
3485 1221 3682 1261 omnes

2096 1307 2326 1352 caeteros
2356 1296 2477 1351 Filii
2512 1297 2604 1351 Dei
2639 1298 2816 1365 imago
2847 1307 2929 1353 est
2957 1299 3069 1356 :ita
3096 1317 3115 1349 ε
3141 1308 3200 1352 ut
3229 1297 3301 1353 sit
3329 1298 3444 1365 ipse
3472 1300 3683 1366 primo-

2096 1389 2313 1456 genitus
2333 1387 2385 1442 in
2406 1388 2591 1442 multis
2609 1388 2930 1453 fratribus,»
2962 1390 3015 1443 in
3049 1390 3135 1444 his
3173 1392 3425 1447 videlicet
3450 1408 3682 1463 quorum

2096 1482 2151 1536 in
2183 1479 2625 1536 conformatione
2655 1480 2906 1552 imaginis
2938 1480 3058 1536 Filii
3078 1482 3482 1549 Deiprimatnm
3512 1492 3681 1539 tenet.

2168 1571 2222 1627 8.
2269 1590 2289 1625 ι
2315 1571 2465 1638 Quos
2493 1579 2673 1625 autem
2714 1573 3150 1641 praedestinavit,
3174 1574 3295 1630 illos
3326 1584 3382 1630 et
3409 1576 3628 1630 vocavit
3662 1592 3677 1628 :

2095 1675 2299 1731 etquos
2314 1666 2552 1731 vocavit,
2570 1665 2692 1721 illos
2713 1674 2768 1720 et
2783 1664 3141 1734 justi‘ﬁcavit;
3166 1684 3304 1737 quos
3323 1677 3505 1723 autem
3518 1669 3684 1739 justi—

407 1732 820 1838 praescirersed
865 1765 1082 1820 nescire
1114 1732 1335 1835 quidem
1398 1763 1600 1817 dicitur
1640 1762 1800 1817 Deus.
1834 1781 1853 1814 ι
1881 1760 1991 1816 No-
2026 1732 2067 1787 Β
2098 1759 2302 1824 licavit,
2337 1758 2457 1813 illos
2481 1768 2538 1813 et
2578 1732 2971 1827 gloriﬁcavit"
2995 1732 3135 1827 (69).
3163 1732 3198 1812 »-
3223 1758 3397 1830 Supra
3432 1732 3679 1819 dixit":

408 1860 527 1914 vita
561 1859 707 1914 enim
739 1877 758 1910 ι
784 1858 926 1912 Deus
958 1872 1055 1912 eos
1087 1857 1179 1926 qui
1215 1865 1341 1911 sunt
1369 1856 1484 1925 ejus
1506 1856 1588 1921 7';
1615 1873 1635 1908 ι
1668 1855 1734 1910 ad
1766 1868 1864 1909 eos
1889 1870 1991 1909 au—

408 1962 517 2006 tem
549 1950 640 2021 qui
669 1965 773 2004 non
800 1959 927 2003 sunt
952 1948 1099 2019 digni
1126 1957 1185 2001 ut
1232 1949 1487 2004 sciantur
1515 1962 1545 2001 a
1577 1947 1707 2013 Deo,
1738 1946 1994 2002 Salvator

406 2044 579 2099 dicit:
614 2041 932 2098 «Discedite
984 2056 1016 2094 a
1073 2056 1179 2103 me,
1235 2039 1362 2110 quia
1426 2053 1699 2107 nunquam
1757 2037 1991 2107 cognovi

407 2149 505 2189 vos
538 2131 674 2204 (64),
701 2131 938 2202 operarii
976 2130 1368 2198 iniquitatis“.
1396 2148 1416 2183 ι
1452 2130 1543 2183 Sic
1561 2143 1692 2197 ergo
1743 2129 1908 2182 etiam
1936 2129 1992 2183 in

410 2226 512 2281 hoc
535 2224 790 2294 pnesenti
822 2222 945 2278 loco
972 2241 993 2274 ‹
1022 2236 1158 2292 quos
1180 2221 1453 2290 prmscivit
1479 2241 1495 2273 ο
1527 2224 1688 2283 Deus,
1717 2221 1861 2290 ipsos
1890 2238 1909 2271 ι
1938 2229 1994 2275 et

410 2317 816 2388 praedestinavit
864 2312 1179 2369 conformes
1216 2314 1331 2368 fieri
1376 2312 1631 2384 imaginis
1676 2312 1798 2367 Filii
1837 2312 1941 2366 sui.
1967 2330 1986 2363 ι

407 2408 607 2464 Caneri
668 2417 847 2462 autem
904 2389 1150 2476 praesciri
1213 2420 1322 2459 non
1370 2405 1800 2459 tlicunturznon
1850 2403 1992 2473 quod

409 2501 614 2571 aliquid
642 2500 817 2556 latere
843 2498 1016 2570 possit
1042 2497 1191 2552 illam
1227 2507 1482 2551 naturam
1506 2512 1629 2567 qua:
1654 2497 1857 2566 ubique
1886 2505 1991 2563 est,

409 2601 466 2647 et
495 2607 762 2663 nusquam
787 2593 974 2661 deest;
1005 2591 1100 2647 sed
1130 2590 1258 2660 quia
1295 2603 1457 2645 omne
1485 2591 1628 2657 quod
1654 2591 1852 2642 malum
1885 2599 1990 2655 est,

410 2685 642 2740 scientia
690 2685 810 2754 ejus
862 2684 948 2738 vel
990 2682 1334 2755 praescientia
1394 2680 1628 2734 habetur
1688 2680 1987 2749 indignum.

367 2830 372 2836 ,
416 2789 438 2823 ι
465 2772 612 2839 Quos
638 2790 657 2824 ι
692 2785 822 2843 ergo
853 2791 873 2824 ‹
894 2773 1156 2841 ρνιεεοίῑι,
1183 2780 1238 2826 et
1286 2770 1711 2840 praedestinavit.
1740 2788 1757 2823 ι
1797 2769 1903 2825 Sed
1938 2782 1995 2826 et

414 2867 517 2920 hoc
560 2865 797 2927 intuere,
827 2864 871 2918 si
900 2864 1156 2934 prmscire
1183 2872 1237 2917 et
1259 2862 1652 2931 praedestinare
1674 2860 1778 2916 dici
1813 2873 1993 2930 potest

411 2955 554 3010 Deus
589 2955 654 3009 de
689 2954 777 3009 bis
818 2956 910 3024 qui
958 2954 1200 3008 nondum
1228 2964 1392 3019 sunt;
1435 2968 1505 3008 an
1537 2953 1605 3006 de
1633 2952 1717 3007 his
1752 2952 1868 3024 (65)
1893 2953 1989 3022 qui

2102 1851 2277 1917 «Quos
2299 1851 2594 1920 priescivit,
2610 1851 2711 1905 hos
2727 1860 2780 1904 et
2794 1851 3224 1919 praidestiuavit,
3238 1863 3321 1907 iet
3337 1868 3483 1907 nunc
3495 1853 3645 1908 addit
3662 1871 3678 1910 :

2101 1961 2121 1995 ι
2151 1944 2297 2009 Quos
2314 1953 2495 1997 autem
2522 1941 2953 2011 pradestinavit,
2984 1941 3106 1998 illos
3127 1952 3181 1997 et
3200 1949 3412 2000 vocavit
3435 1964 3448 1999 :
3468 1955 3520 2000 et
3540 1961 3683 2016 quos

2095 2036 2330 2099 vocavit,
2356 2032 2482 2087 illos
2515 2042 2571 2087 et
2590 2033 2928 2102 justificavit.
2955 2052 2974 2086 ι
3010 2033 3073 2087 Et
3111 2034 3155 2089 si
3213 2054 3232 2087 ‹
3262 2037 3576 2106 praescivitp
3627 2049 3686 2094 et

2101 2143 2120 2177 ι
2146 2125 2554 2195 praedestinavit
2576 2143 2595 2176 ι
2631 2124 2909 2179 communi
2940 2126 3201 2194 opinione
3232 2128 3562 2196 sentiamus,
3593 2132 3681 2185 vi-

2095 2219 2313 2273 debitur
2342 2216 2533 2287 utique
2571 2217 2662 2286 qui
2690 2218 3022 2287 justificatus
3059 2232 3166 2284 est,
3198 2232 3484 2291 propterea
3507 2224 3682 2295 justi-

2097 2309 2289 2364 iicatus
2327 2324 2449 2365 esse
2483 2310 2610 2378 quia
2634 2321 2860 2366 vocatus
2903 2320 3024 2377 est;
3055 2321 3112 2367 et
3158 2316 3251 2384 qui
3301 2327 3529 2373 vocatus
3575 2327 3679 2381 est,

2094 2413 2383 2473 propterea
2423 2403 2759 2473 justificatus
2788 2418 2910 2459 esse
2954 2406 3069 2476 (70)
3095 2409 3220 2477 quia
3264 2410 3685 2478 praedestinatus

2094 2502 2212 2559 est;
2243 2499 2297 2546 et
2334 2494 2426 2560 qui
2466 2492 2885 2560 prmdestinatus
2917 2507 3022 2560 est,
3066 2509 3362 2567 prapterea
3398 2503 3684 2570 praedesti-

2095 2592 2254 2639 natus
2281 2599 2405 2638 esse
2440 2586 2566 2653 quia
2604 2587 2972 2656 priecognitus
3007 2598 3113 2641 est.
3157 2589 3222 2643 Et
3272 2607 3489 2646 rursum
3514 2608 3685 2648 econ-

2096 2675 2264 2727 trario
2294 2674 2565 2740 intelliges
2592 2672 2705 2744 (7i)
2744 2690 2757 2726 :
2788 2676 2833 2729 si
2856 2676 2977 2745 quis
3007 2688 3188 2731 autem
3209 2678 3544 2749 justilicatus
3575 2698 3683 2736 non

2094 2776 2200 2830 est,
2242 2766 2363 2821 ideo
2403 2782 2505 2819 non
2540 2776 2622 2821 est
2646 2766 2981 2834 justificatns
3017 2769 3145 2837 quia
3180 2786 3285 2826 non
3321 2780 3405 2827 est
3432 2782 3680 2838 vocatus;

2092 2869 2149 2913 et
2185 2860 2278 2929 qui
2312 2872 2534 2915 vocatus
2584 2877 2688 2915 non
2717 2873 2825 2928 est,
2861 2864 2982 2919 ideo
3013 2874 3242 2921 vocatus
3281 2879 3387 2918 non
3429 2874 3514 2919 est
3551 2866 3682 2935 quia

2093 2966 2200 3006 non
2232 2963 2315 3005 est
2340 2953 2794 3021 praedestinatus;
2819 2965 2873 3010 et
2895 2957 2988 3025 qui
3015 2954 3431 3024 praedestinatns
3450 2970 3556 3010 nan
3575 2965 3682 3022 est,

410 3057 539 3105 sunt
569 3047 810 3117 quidem,
848 3047 1088 3101 nondum
1123 3054 1303 3101 tamen
1350 3044 1664 3100 conformes
1697 3054 1825 3100 sunt
1857 3046 1992 3099 ima-
2018 3083 2060 3139 Ο
2096 3040 2224 3095 idco
2258 3058 2363 3096 non
2406 3057 2485 3097 εει
2513 3045 2933 3112 prmdestinatns
2968 3050 3094 3117 quia
3126 3062 3230 3101 non
3260 3056 3347 3101 est
3374 3050 3681 3118 praecogni-

408 3139 552 3211 ginis
576 3138 696 3194 Filii
725 3138 807 3192 sui
833 3155 847 3191 :
873 3147 929 3192 et
961 3138 1004 3193 si
1039 3138 1445 3209 prmscientiam
1477 3137 1531 3190 in
1575 3136 1679 3192 hoc
1711 3152 1835 3192 esse
1871 3153 1989 3191 ma-

408 3230 496 3300 gis
528 3228 802 3294 convenit,
836 3242 1001 3297 quam
1042 3228 1093 3281 in
1125 3241 1190 3281 eo
1214 3227 1358 3297 quod
1388 3226 1632 3281 futurum
1671 3227 1743 3281 sit
1768 3227 1823 3283 id
1848 3231 1990 3298 quod

409 3321 651 3377 nondum
685 3331 787 3377 est.
816 3319 874 3373 ln
916 3319 1017 3373 hoc
1045 3319 1191 3373 enim
1229 3319 1478 3373 voluntas
1516 3319 1690 3389 magis
1717 3329 1802 3375 est
1830 3335 1991 3389 quam

411 3413 754 3484 praescientia
805 3411 1128 3468 conditoris.
1170 3410 1301 3465 Nam
1370 3410 1713 3479 prmscientia
1769 3411 1826 3465 in
1883 3427 1992 3481 quo

411 3504 707 3573 videbitur,
747 3521 871 3561 cum
916 3505 968 3561 id
1010 3506 1152 3575 quod
1202 3503 1448 3557 futurum
1488 3509 1592 3564 est,
1643 3503 1880 3571 pendeat
1929 3503 1985 3557 in

413 3598 648 3653 factoris
701 3596 975 3653 arbitrio?
1014 3595 1301 3652 Videbitur
1344 3592 1598 3649 fortassis
1643 3593 1714 3648 ab
1767 3595 1995 3650 attentis

410 3688 714 3744 iectbribus
746 3689 915 3744 etiam
951 3690 1054 3744 hoc
1097 3687 1327 3758 requiri,
1352 3703 1454 3743 cur
1478 3704 1584 3744 non
1605 3689 1828 3754 dixerit,
1863 3703 1995 3743 con-

411 3779 616 3833 formes
658 3776 784 3833 Filii
829 3779 950 3845 sui;
990 3778 1112 3843 sed,
1159 3776 1514 3833 «confomies
1560 3777 1819 3847 imaginis
1866 3776 1993 3831 Filii

412 3870 520 3924 sui.
545 3889 567 3923 ι
605 3869 758 3924 Dicet
790 3870 938 3925 enim
965 3869 1057 3938 qui
1095 3869 1210 3923 haec
1255 3868 1481 3932 excitat,
1521 3869 1648 3939 quia
1693 3870 1839 3924 sicut
1878 3869 1995 3940 ipse

410 3958 588 4017 Filius
616 3960 711 4029 qui
756 3978 779 4012 ‹
804 3960 985 4031 imago
1021 3958 1114 4015 Dei
1145 3959 1437 4015 invisibilis
1462 3979 1481 4012 ι
1509 3960 1792 4026 dicitur",
1818 3975 1991 4031 quan-

414 4060 527 4107 tum
580 4052 649 4107 ad
700 4066 988 4122 personam
1038 4060 1251 4122 spectat
1295 4048 1440 4120 (€6)j,
1489 4050 1631 4106 alius
1678 4060 1767 4107 est
1795 4053 1864 4108 ab
1899 4052 1990 4109 illo

414 4142 570 4212 cujus
592 4144 769 4215 imago
795 4153 881 4199 est
912 4162 926 4199 :
965 4145 1035 4198 ita
1065 4154 1120 4200 et
1147 4145 1239 4199 hic
1273 4159 1395 4214 quae
1424 4143 1628 4198 dicitur
1666 4144 1844 4217 imago
1866 4144 1991 4201 Filii

413 4234 554 4303 ejus,
586 4234 690 4288 alia
741 4235 900 4291 debet
944 4248 1064 4290 esse
1095 4236 1162 4291 ab
1194 4235 1289 4291 illo
1329 4234 1439 4308 (67)
1471 4238 1626 4308 cujus
1674 4237 1856 4309 imago
1885 4251 1989 4294 est.

416 4324 482 4378 Et
508 4326 757 4395 quamvis
779 4327 945 4381 ardua
980 4328 1100 4382 haec
1128 4328 1419 4383 videantur
1439 4339 1493 4384 et
1512 4328 1770 4395 difIicilia,
1807 4341 1990 4386 tamen

2094 3141 2202 3188 tus.
2237 3133 2303 3188 Et
2336 3135 2457 3187 vide
2495 3136 2605 3207 (³72)
2661 3138 2714 3192 in
2764 3155 2928 3207 quam
2991 3141 3284 3194 absurdam
3352 3140 3682 3195 sententiam

2096 3228 2353 3281 decidant
2399 3229 2451 3282 hi
2497 3230 2591 3298 qui
2640 3231 3039 3298 pmcientiam
3093 3232 3188 3286 Dei
3233 3233 3286 3286 in
3332 3233 3435 3287 hoc
3471 3244 3680 3288 tantum

2094 3318 2397 3389 accipiunt,
2435 3323 2590 3389 quasi
2615 3322 2706 3390 qui
2725 3336 2791 3376 ea
2818 3338 2938 3391 qua:
2956 3325 3299 3393 postmodum
3327 3323 3511 3378 futura
3533 3335 3683 3392 sunt,

2094 3422 2223 3465 ante
2259 3422 2583 3489 prmnoscat.
2615 3413 2896 3469 Invenitur
2915 3415 3061 3469 enim
3081 3416 3383 3470 secundum
3415 3415 3519 3469 hoc
3535 3416 3685 3486 quod

2095 3518 2259 3572 supra
2299 3506 2654 3574 exposuimus
2684 3505 2823 3576 (73),
2871 3523 2981 3561 non
3025 3507 3312 3577 praescisse
3360 3507 3505 3562 Deus
3544 3523 3689 3578 quae

2096 3609 2206 3648 non
2260 3594 2693 3664 praedestinavit.
2752 3595 2820 3650 Et
2880 3609 3100 3650 rursum
3130 3597 3173 3650 si
3216 3597 3283 3649 ad
3332 3611 3679 3651 communem

2096 3686 2374 3741 referatur
2406 3686 2824 3758 intelligentiam
2853 3688 2955 3742 hoc
2981 3688 3123 3757 quod
3145 3687 3301 3753 dicit,
3326 3689 3454 3757 quia
3492 3706 3512 3740 ι
3543 3704 3681 3758 quos

2094 3780 2333 3845 vocavit,
2365 3780 2491 3835 illos
2511 3779 2995 3848 etjustificavit",
3028 3800 3048 3833 ι
3085 3780 3354 3851 ingentem
3380 3782 3676 3836 fenestram

2094 3872 2491 3941 patefaciemus
2539 3873 2624 3927 his
2667 3873 2758 3942 qui
2791 3882 2991 3942 negant
3018 3888 3138 3928 esse
3166 3875 3220 3928 in
3255 3874 3494 3929 hominis
3519 3883 3675 3944 pote-

2096 3972 2241 4019 state
2293 3971 2355 4018 ut
2404 3962 2588 4018 salvus
2634 3961 2749 4017 iiat.
2788 3962 2958 4017 Aiunt
2997 3962 3144 4017 enim
3193 3962 3301 4017 :Si
3355 3961 3500 4016 Deus
3542 3976 3681 4031 quos

2098 4055 2395 4124 praescivit,
2429 4054 2550 4110 illos
2580 4064 2637 4109 et
2680 4054 3118 4124 przedestinavit;
3149 4063 3204 4108 et
3228 4068 3364 4123 quos
3395 4053 3682 4123 praedesti-

2100 4147 2275 4213 navit,
2310 4146 2434 4200 illos
2457 4154 2511 4200 et
2549 4146 2792 4210 vocavit;
2823 4153 2877 4199 et
2904 4158 3041 4214 quos
3074 4145 3310 4209 vocavit,
3351 4142 3473 4198 illos
3505 4153 3561 4197 et
3584 4143 3678 4213 ju-

2098 4240 2390 4306 stiilcavit;
2435 4238 2569 4292 nihil
2599 4237 2770 4307 culpaI
2800 4237 3002 4292 habent
3025 4236 3079 4293 hi
3106 4236 3199 4307 qui
3232 4252 3339 4290 non
3367 4235 3680 4304 iustificati-

2098 4339 2208 4391 tur,
2254 4331 2382 4401 quia
2442 4346 2544 4385 nec
2589 4329 2767 4385 vocati
2810 4336 2961 4396 sunt,
3008 4344 3110 4386 nec
3146 4328 3544 4400 praedestinati,
3578 4341 3682 4382 nec

415 4419 535 4474 vide
565 4421 608 4473 si
634 4420 1066 4489 possumusillud
1095 4421 1299 4490 dicere,
1333 4421 1481 4492 quia,
1521 4421 1774 4492 quamvis
1810 4422 1989 4477 omnis
2023 4417 2067 4471 D
2095 4421 2433 4493 praecogniti.
2461 4419 2597 4475 Tum
2625 4420 2791 4476 etiam
2828 4419 2960 4474 illud
3002 4429 3188 4489 aperte
3227 4418 3386 4474 nobis
3418 4419 3681 4474 adversa-

480 4532 526 4565 ⁷³
547 4531 591 4586 ll
627 4532 769 4588 Tim.
798 4549 861 4598 ιι,
894 4533 984 4590 19.
1057 4535 1106 4567 ⁷⁸
1131 4535 1323 4591 Matth.
1350 4552 1450 4602 vn,
1474 4537 1565 4592 23.
1649 4537 1697 4570 ⁷⁵
1719 4538 1932 4594 Coloss.
1966 4554 1983 4593 ι

2097 4541 2121 4593 i.
2195 4538 2245 4570 "
2274 4537 2431 4591 Rom.
2458 4551 2578 4601 vni,
2601 4534 2692 4591 30.
2766 4536 2813 4577 ἰτ
2842 4535 2972 4591 ibid.
3006 4533 3095 4591 29.
3168 4535 3215 4566 ⁷⁸
3237 4532 3369 4589 ibid.
3400 4533 3491 4591 50.

485 4648 600 4709 (62)
628 4646 796 4713 Editi,
841 4664 862 4701 ι
887 4647 1168 4703 sciendum
1209 4662 1311 4706 est.
1346 4670 1366 4704 ι

485 4714 788 4790 (65)_Fieri.
843 4718 1005 4772 Deest
1052 4721 1106 4773 in
1158 4736 1291 4774 mss.
1334 4722 1614 4777 codicibus
1672 4722 1899 4789 nostris,
1936 4731 1992 4776 ct

416 4788 556 4858 apud
591 4788 897 4858 Rabanum,
920 4790 1016 4858 sed
1051 4800 1231 4843 exstat
1262 4792 1314 4843 in
1347 4793 1528 4845 editis.

491 4858 605 4928 (64)
639 4855 731 4911 Sic
759 4873 891 4915 mss.
918 4867 973 4912 et
1001 4857 1285 4915 Rabanus.
1315 4861 1455 4915 Editi
1491 4874 1639 4925 vero,
1674 4879 1694 4913 ‹
1720 4860 1994 4916 Discedite

418 4943 566 5003 ante
595 4943 708 4989 vos,
728 4929 963 5003 operarii
991 4929 1310 4998 iniquitatis,
1335 4931 1463 5000 quia
1486 4947 1593 4986 non
1611 4931 1844 5003 cognovi
1874 4946 1994 4986 vos.

418 4998 509 5053 Sic
543 5013 674 5067 ergo
696 5008 751 5052 et
781 4999 832 5051 in
865 4999 986 5064 hoc,
1013 5018 1032 5051 ι
1071 5009 1177 5056 etc.

491 5067 604 5139 (65)
640 5067 807 5128 Editi,
851 5069 943 5121 alii
980 5086 994 5120 :
1029 5088 1047 5119 ‹
1075 5069 1229 5133 Unde
1259 5069 1372 5133 his,
1397 5087 1417 5121 ι
1461 5069 1621 5134 alius,
1662 5071 1782 5126 «vel
1839 5070 1946 5125 bis.
1971 5089 1991 5124 ι

421 5138 488 5212 lit
520 5147 727 5207 postea,
760 5155 781 5189 ι
807 5140 1060 5210 imaginis
1096 5139 1217 5195 Filii
1263 5141 1402 5208 ejus,
1431 5150 1487 5195 et
1509 5141 1911 5212 praescientiam
1939 5142 1994 5195 in

418 5207 523 5261 hoc
546 5223 685 5269 esse,
706 5226 728 5259 ο
753 5217 860 5263 etc.

491 5278 602 5347 (66)
634 5276 724 5333 Sic
760 5289 905 5332 recte
935 5294 1038 5333 ms.
1062 5294 1203 5335 unus
1246 5279 1447 5351 Regius
1495 5296 1643 5336 num.
1677 5281 1836 5337 i639.
1869 5280 1993 5334 Cie-

421 5350 519 5421 tcri
562 5363 692 5421 vero
723 5363 893 5421 mss,
914 5366 932 5398 ε
956 5363 1221 5421 quantum
1251 5350 1645 5421 adipersonatn
1690 5352 1979 5421 specialius

425 5417 596 5489 (editi,
630 5435 649 5469 σ
674 5418 949 5489 specialis)
980 5431 1064 5474 est
1097 5420 1165 5473 ab
1196 5422 1308 5486 illo,
1337 5417 1496 5479 i'etc.

494 5487 846 5612 (ϐἔᾶἱῇξὶιιο.
881 5487 1007 5545 Haec
1034 5492 1141 5546 duo
1169 5496 1333 5547 verba
1388 5495 1579 5549 desunt
1609 5492 1662 5547 in
1700 5491 1854 5549 libris
1895 5507 1993 5546 an-

426 5572 506 5610 οεό
537 5568 721 5612 editis.

463 5626 606 5708 _(68)
638 5627 765 5685 Mss.
786 5631 965 5708 nostri
990 5640 1044 5708 et
1074 5631 1415 5708 Salodiauus,
1461 5652 1479 5685 ι
1508 5634 1571 5708 a_d
1609 5632 1750 5708 illius
1773 5648 1831 5688 se
1858 5635 1993 5687 ima-

423 5699 604 5769 ginem
637 5714 703 5757 ac
754 5699 1163 5759 similitudinem
1219 5706 1462 5761 tendat.»
1517 5702 1624 5760 Sed
1665 5712 1843 5759 tamen
1886 5719 1991 5758 vox

2102 4671 2122 4703 ι
2142 4665 2201 4706 se
2225 4652 2560 4707 iredundare
2580 4650 2808 4713 videtur,
2828 4662 2882 4705 et
2904 4665 3025 4706 eam
3049 4649 3311 4708 omittunt
3326 4649 3508 4706 ueteri
3522 4650 3675 4706 editi.

2168 4720 2281 4793 (69)
2312 4722 2479 4793 Editi,
2509 4740 2528 4773 ε
2562 4720 2944 4791 magnificavit.
2966 4740 2984 4771 ι

2170 4789 2282 4862 (70)
2303 4789 2443 4857 Quia
2468 4789 2678 4862 vocatus
2696 4801 2794 4855 est;
2838 4800 2886 4844 et
2913 4791 3002 4862 qui
3027 4798 3237 4845 vocatur
3268 4798 3367 4851 est.
3399 4803 3677 4861 promeret:

2092 4860 2425 4933 justiﬁcatus
2449 4878 2579 4915 esse.
2615 4860 2739 4933 llaec
2754 4860 3141 4933 desiderantur
3170 4864 3237 4933 in
3263 4872 3421 4933 antea
3456 4860 3636 4916 editis.

2178 4931 2485 5003 (71)Alias,r
2509 4931 2815 4998 «intelligis.
2831 4948 2850 4981 ι
2873 4930 2939 4985 Ει
2954 4944 3137 5003 postea
3156 4931 3337 4996 Cdili,d
3357 4943 3412 4985 et
3427 4934 3551 5001 quia
3570 4946 3676 4985 non

2107 5002 2197 5059 est
2212 5012 2456 5066 vocatus,
2476 5002 2597 5055 ideo
2622 5017 2728 5055 non
2753 5010 2837 5054 est
2853 5002 3270 5069 praedestinatus
3286 5017 3301 5062 ;
3319 5013 3373 5055 et
3393 5002 3517 5071 quia
3541 5018 3679 5071 pra--

2104 5072 2414 5127 destinatus
2453 5087 2560 5126 non
2592 5079 2696 5134 est,
2726 5072 2845 5125 ideo
2867 5086 2973 5126 non
3009 5081 3094 5126 est
3125 5072 3509 5141 praecognitus.
3536 5092 3555 5124 ι
3587 5072 3679 5124 Sic

2104 5142 2267 5196 etiam
2290 5157 2418 5196 mss.
2439 5141 2608 5196 nostri
2631 5143 2730 5196 nisi
2755 5142 2896 5210 quod
2915 5142 3149 5196 habeant
3166 5142 3316 5210 «qui»
3341 5157 3437 5210 pro
3454 5142 3633 5212 «quia.
3649 5160 3668 5194 ι

2106 5214 2211 5268 Sed
2245 5212 2501 5281 Ralianus
2556 5221 2614 5265 ut
2658 5214 2709 5265 iu
2744 5222 2930 5281 nostro
2953 5224 3124 5279 textu,
3160 5225 3215 5266 et
3240 5224 3386 5267 recte
3430 5215 3672 5281 quidem.

2178 5281 2292 5349 (72)
2326 5280 2396 5335 Et
2436 5283 2574 5336 vide.
2602 5281 2765 5349 Editi,
2804 5300 2824 5333 ι
2851 5280 3003 5347 Vide,
3029 5302 3051 5334 ρ
3091 5294 3145 5337 et
3176 5298 3326 5347 mox,
3358 5302 3376 5334 (
3400 5280 3557 5352 quasi
3583 5283 3675 5351 qui

2099 5364 2153 5407 et
2186 5368 2327 5415 qum,
2353 5372 2371 5402 ›
2410 5363 2518 5406 etc.

2170 5423 2283 5491 (75)
2326 5422 2488 5486 Editi,
2535 5441 2554 5474 ι
2582 5424 2877 5479 secundum
2925 5422 3039 5477 haec
3093 5431 3278 5491 postea
3334 5438 3455 5492 qua:
3507 5436 3675 5491 supra

2098 5493 2466 5560 est-posuimus.
2499 5511 2519 5545 ι
2569 5493 2667 5548 Ms.
2718 5511 2879 5557 unus,
2920 5496 3265 5563 tsecundum
3307 5495 3421 5548 lucc
3460 5509 3556 5563 per
3608 5512 3672 5546 ea

2099 5578 2220 5632 qua:
2254 5579 2414 5628 supra
2449 5564 2821 5632 exposuimus.
2852 5582 2871 5615 ι
2911 5562 3004 5618 Sic
3054 5564 3220 5617 etiam
3250 5562 3531 5625 Rabanns.
3568 5564 3673 5615 nisi

2099 5633 2242 5700 quod
2286 5633 2501 5686 omittat
2537 5652 2556 5686 ι
2584 5634 2909 5692 secundum.
2940 5652 2960 5688 ι
2999 5632 3107 5690 Sed
3141 5636 3327 5691 cia-teri
3369 5649 3501 5690 mss.
3530 5645 3588 5689 ut
3620 5637 3675 5687 in

2100 5712 2282 5760 ιωδιῑο
2323 5713 2411 5759 tex
2421 5717 2496 5759 tu.
