4146 6372
533 157 670 215 11ἓῖ

2016 147 2342 204 ORIGENIS

3662 142 3804 201 1128

530 281 696 334 etiam
734 279 848 333 haec
873 290 1164 347 possumus
1196 273 1420 330 dicere:
1456 272 1512 327 Si
1543 285 1685 341 quos
1707 269 2005 342 praescivit,
2046 270 2116 324 il-
2147 276 2194 333 Α
2224 267 2319 322 Dei
2373 263 2586 321 habitat
2633 262 2687 317 in
2717 260 2975 330 nobis“,
3009 271 3069 318 et
3103 260 3249 333 quod
3285 258 3528 331 Spiritus
3572 257 3801 329 Christi,

533 374 614 427 los
643 383 700 427 et
724 369 1173 442 praedestinavit;
1226 381 1335 421 non
1381 374 1564 421 autem
1597 379 1793 419 omnes
1830 363 2115 434 praedesti-

531 467 722 531 navit;
747 478 879 534 ergo
902 476 1010 518 non
1036 474 1230 515 omnes
1262 458 1538 527 prmseivit
1562 473 1578 510 :
1614 465 1671 511 et
1696 456 1996 510 secumlnm
2021 469 2118 509 eus

530 569 693 615 erunt
725 558 908 626 aliqua
929 570 1054 625 quar
1078 554 1292 624 ignoret
1323 551 1487 606 Dens.
1519 549 1577 605 Si
1608 564 1741 604 vero
1770 561 2117 617 prmuoscere

531 651 834 707 secundum
861 647 966 702 hoc
995 642 1302 712 accipiatur
1331 641 1477 712 quod
1519 654 1683 710 supra
1722 637 1984 701 diximus,
2012 636 2117 691 hoc

530 752 637 809 est,
675 740 731 794 in
760 737 1015 793 allectum
1075 733 1323 801 recipere
1373 732 1587 796 sibique
1632 729 1866 791 sociare,
1923 741 2114 780 verum

532 834 641 889 erit
671 830 804 903 quia
834 830 981 886 sicut
1012 843 1118 882 non
1151 839 1343 902 omnes
1376 820 1806 893 praedestinavit,
1841 819 1914 872 ita
1940 832 2118 885 neque

530 941 720 982 omnes
745 922 1129 995 praeognovit.
1179 918 1274 974 Sic
1319 917 1467 971 enim
1497 925 1549 969 et
1578 913 1738 968 Jesus
1773 910 1884 980 (79)
1915 910 2117 964 dicitur

425 1068 439 1079 .
531 1036 638 1076 non
669 1014 988 1087 cognovisse
1023 1022 1305 1081 peccatum
1337 1010 1407 1063 ".
1444 1005 1825 1075 Numquidnam
1850 1003 2100 1057 dicemus

529 1110 659 1178 quia
692 1106 953 1163 nescierit
984 1103 1143 1158 Jesus
1176 1102 1305 1170 quid
1336 1107 1483 1154 esset
1517 1106 1825 1168 peccatum,
1870 1095 1972 1148 hoc
2006 1103 2112 1158 est,

529 1203 656 1271 quia
693 1200 949 1254 nescierit
972 1195 1327 1251 homicidium
1359 1202 1642 1261 peccatum
1674 1205 1818 1254 esse,
1856 1189 1935 1242 vel
1963 1188 2115 1242 adulo

533 1295 751 1356 terinm,
786 1291 873 1346 vel
895 1289 1121 1352 lurtum,
1150 1297 1203 1341 et
1235 1287 1322 1340 bis
1350 1283 1588 1339 similia?
1615 1285 1696 1336 Au
1726 1282 1831 1336 boc
1856 1290 1941 1336 est
1970 1281 2113 1348 quod

529 1387 731 1439 dicitur
785 1385 999 1438 nescire
1056 1388 1371 1449 peccatum.
1426 1375 1553 1444 quia
1611 1382 1837 1442 peccato
1889 1387 1950 1427 se
2006 1387 2112 1426 non

532 1479 770 1540 miscuit,
796 1489 974 1543 neque
1007 1471 1234 1526 adhaesit
1254 1471 1302 1522 ei
1328 1467 1639 1538 peccatum?
1672 1466 1763 1521 Sic
1780 1474 1836 1521 et
1854 1464 1979 1519 alibi
1999 1462 2112 1535 (80)

530 1571 794 1638 scriptum
829 1576 915 1620 est
938 1565 1023 1617 9'z
1066 1581 1083 1612 ι
1118 1561 1218 1627 Qui
1251 1567 1438 1613 servat
1471 1558 1811 1622 mandatum,
1854 1570 1961 1610 non
2013 1570 2108 1609 co-

2218 356 2307 412 vel
2338 356 2592 413 Christus
2622 358 2676 412 in
2700 355 2860 412 nobis
2886 364 2972 411 est
2990 353 3071 420 ”,
3099 352 3183 409 vel
3215 353 3359 422 quod
3411 350 3651 420 Spiritus
3682 352 3800 423 ejus

2219 447 2311 517 qui
2342 448 2629 503 suscitavit
2660 446 2940 502 Christum
2985 458 3015 498 a
3066 444 3294 498 mortuis
3314 441 3482 515 606
3507 440 3716 497 habitat
3748 444 3800 496 in

2219 537 2380 592 nobis
2409 538 2425 569 ¹
2450 537 2564 610 (85)
2585 581 2600 606 ,
2636 538 2723 593 vel
2756 537 2902 607 quod
2926 534 3129 605 Spiritu
3160 534 3254 589 Dei
3282 535 3515 604 agimur,
3544 532 3632 590 vel
3661 536 3800 602 quod

2217 629 2469 698 spiritum
2519 630 2826 701 adoptionis
2857 628 3171 697 accepimus
3201 630 3260 694 ’ς
3307 625 3393 681 vel
3421 624 3565 696 quod
3608 640 3802 681 sumus

2218 720 2315 775 lilii
2347 721 2436 776 Dei
2464 732 2520 775 et
2542 721 2784 776 baeredes
2807 730 2859 774 et
2879 718 3190 774 cobaeredes
3219 717 3424 772 Christi
3451 716 3510 784 ³;
3547 716 3632 771 vel
3654 717 3801 787 quod

2219 813 2496 881 primitias
2537 812 2777 883 Spiritus
2799 809 3171 881 aecipimus‘;
3212 810 3298 865 vel
3334 810 3477 881 quod
3510 811 3632 885 ipse,
3669 811 3802 881 Spi-

2217 904 2359 960 ritus
2414 904 2723 973 interpellat
2765 919 2865 975 pro
2913 904 3069 958 nobis
3112 903 3406 972 gemitibus
3461 903 3803 959 inenarrabi-

2218 996 2361 1051 libus
2387 996 2450 1063 ⁸;
2499 996 2584 1052 vel
2623 998 2766 1067 quod
2820 998 3077 1053 universa
3110 1007 3364 1053 creatura
3402 996 3558 1052 nobis
3598 1011 3801 1068 conge-

2224 1085 2411 1140 miscit
2456 1096 2513 1141 et
2561 1085 2892 1153 condolet';
2951 1084 3037 1138 vel
3078 1085 3225 1154 quod
3271 1084 3455 1138 omnia
3510 1082 3667 1137 nobis
3707 1096 3802 1137 co-

2217 1185 2517 1246 operantur
2543 1178 2598 1230 in
2627 1178 2827 1231 bonum
2860 1178 3214 1249 diligentibus
3247 1175 3416 1229 Deum
3438 1174 3458 1205 ’
3488 1192 3504 1241 ;
3529 1173 3614 1229 vel
3655 1173 3799 1242 quod

2217 1268 2516 1321 secundum
2549 1268 2884 1336 propositum
2915 1268 3090 1323 vocati
3126 1281 3341 1329 sumus,
3370 1274 3428 1320 et
3457 1264 3797 1335 praecogniti,

2215 1369 2269 1414 et
2295 1361 2689 1429 prtedestinati,
2717 1360 3092 1428 etjustiﬁcati,
3122 1367 3178 1414 et
3205 1356 3494 1429 gloriﬁcati
3516 1356 3561 1410 ⁸.
3590 1355 3797 1411 Horum

2216 1453 2421 1507 etenim
2447 1452 2687 1506 omnium
2718 1452 2882 1506 veluti
2912 1451 3184 1523 epilogum
3216 1450 3425 1506 faciens
3462 1446 3600 1521 (84),
3628 1458 3685 1502 et
3724 1447 3801 1500 si-

2221 1543 2330 1597 mul
2358 1543 2542 1597 omnia
2581 1552 2837 1612 repetens
2864 1543 2943 1596 ait
2976 1559 2992 1598 :
3051 1561 3070 1594 ι
3101 1542 3243 1611 Quid
3285 1556 3418 1614 ergo
3456 1542 3703 1597 dicemus
3731 1539 3798 1593 ad

528 1633 752 1727 gnoseet
804 1658 1006 1708 malum
1056 1651 1306 1711 verbum,
1353 1668 1372 1699 ι
1430 1649 1532 1702 hoc
1586 1658 1671 1702 est
1724 1663 1831 1702 non
1881 1647 2114 1717 recipiet
2144 1634 2189 1694 Β
2219 1636 2395 1691 hmc'?
2424 1656 2444 1687 ³
2472 1635 2575 1690 hoc
2600 1644 2706 1701 εει,
2742 1635 2811 1689 ad
2830 1634 2945 1713 118⁸
2968 1636 3149 1689 omnia
3177 1650 3297 1705 quae
3323 1650 3488 1705 supra
3513 1633 3755 1689 ἀίιίηιυε
3781 1651 3796 1687 ε

530 1758 755 1803 verbum
808 1744 1037 1807 malum,
1079 1757 1185 1795 non
1232 1742 1439 1803 credet,
1478 1755 1585 1793 non
1630 1739 1866 1793 libenter
1907 1740 2111 1802 audiet,

532 1814 709 1908 neque
742 1837 994 1891 admittet
1020 1835 1229 1902 ingredi
1267 1843 1506 1887 mentem
1537 1846 1718 1885 suam.
1756 1846 1775 1879 ι
1804 1828 1953 1895 Quos
1983 1848 2001 1880 ι
2026 1844 2116 1884 er—

530 1948 600 2000 go
630 1929 928 1984 secundum
970 1928 1116 1980 [nunc
1144 1925 1366 1977 modum
1396 1941 1415 1975 ι
1450 1921 1728 1990 prmscivit
1762 1940 1781 1972 ι
1820 1920 1981 1982 Deus,
2013 1939 2032 1971 r
2058 1920 2117 1973 il-

531 2024 610 2075 los
641 2034 698 2075 et
728 2020 1179 2089 praedestinavit;
1212 2028 1268 2073 et
1290 2032 1430 2085 quos
1460 2014 1889 2085 praedestinavit,
1922 2012 2042 2069 illos
2061 2021 2119 2069 et

528 2117 762 2177 vocavit,
789 2132 808 2162 ι
852 2129 915 2167 ea
950 2110 1255 2166 vocationis
1303 2109 1664 2165 distinctione
1692 2121 1799 2175 qua
1834 2106 2113 2160 diximus:

532 2226 551 2258 ι
590 2220 645 2259 et
670 2221 806 2274 quos
854 2205 1096 2268 vocavit,
1131 2203 1253 2256 illos
1285 2211 1340 2256 et
1368 2201 1692 2267 justiﬁesivit
1724 2218 1737 2253 :
1770 2208 1824 2255 et
1850 2214 1990 2269 quos
2025 2198 2114 2268 ju-

524 2298 804 2359 stiticavit,
833 2297 953 2350 illos
975 2306 1030 2347 et
1054 2293 1427 2363 glorior-urit.»
1465 2291 1537 2345 De
1566 2290 1960 2361 gloriﬁcatiouc
1989 2302 2119 2359 pos—

528 2403 718 2441 sumus
744 2388 888 2441 etin
932 2385 1189 2454 pt'n'settli
1242 2382 1442 2436 sacculo
1497 2384 1796 2435 secundum
1845 2380 1957 2452 (81)
1985 2379 2116 2435 illud

532 2481 835 2549 intelligere
874 2478 1017 2546 quod
1067 2477 1197 2530 dicit
1244 2474 1544 2542 Apostolus
1567 2474 1612 2505 ”
1653 2490 1668 2526 :
1730 2491 1747 2521 i
1782 2472 1891 2526 Nos
1932 2481 2116 2527 autem

526 2587 718 2628 omnes
754 2571 993 2624 revelata
1030 2569 1169 2623 facie
1198 2569 1430 2637 gloriam
1483 2567 1696 2622 Domini
1743 2565 2114 2636 speculantes,

526 2665 715 2720 eadem
749 2662 984 2731 imagine
1013 2660 1476 2714 transformamur
1511 2676 1540 2713 a
1575 2659 1744 2729 gloria
1777 2661 1831 2711 iu
1857 2657 2111 2727 gloriam.

531 2769 783 2823 tauquam
808 2770 837 2807 a
865 2754 1075 2808 Domini
1111 2753 1341 2821 Spiritu.
1376 2770 1394 2802 ι
1439 2751 1530 2805 Est
1556 2766 1687 2818 ergo
1712 2761 1766 2803 et
1793 2751 1907 2803 luet:
1938 2748 2111 2817 gloria

528 2849 993 2919 qiismjnstilicati
1027 2849 1230 2917 quique
1257 2848 1308 2899 iu
1338 2846 1591 2914 praesenti
1621 2844 1732 2898 vita
1763 2844 2111 2913 percipiunt:

527 2950 612 2997 est
643 2953 699 2997 et
738 2943 826 2995 illa
864 2956 984 3009 quae
1023 2949 1280 3009 speratur
1316 2939 1366 2989 iu
1403 2937 1608 3002 futuro,
1641 2952 1764 2991 cum
1784 2952 1987 3006 corpus
2010 2935 2110 2990 hoc

2217 1732 2342 1799 quia
2376 1730 2420 1783 si
2449 1730 2530 1783 sic
2571 1729 2713 1782 Deus
2744 1743 2844 1796 pro
2871 1729 3030 1782 nobis
3056 1738 3163 1796 est,
3191 1738 3253 1783 ut
3274 1729 3393 1783 haec
3424 1726 3581 1783 nobis
3601 1735 3800 1781 cuncta

2218 1821 2583 1884 concesserit,
2624 1821 2750 1890 quis
2781 1834 2906 1875 esse
2948 1821 3371 1877 adversumnos
3397 1819 3641 1889 poterit?
3676 1818 3796 1874 Non

2217 1930 2325 1984 quo
2363 1914 2585 1969 omnino
2608 1914 2880 1968 neminem
2903 1914 3058 1968 nobis
3079 1928 3202 1969 esse
3226 1914 3372 1969 dicat
3395 1913 3798 1968 adversarium:

2218 2008 2462 2077 alioquin
2503 2007 2777 2079 quomodo
2807 2008 2977 2063 stabit
3002 2008 3132 2061 illud
3162 2006 3277 2081 (85)
3303 2009 3448 2077 quod
3479 2007 3685 2062 dictum
3714 2014 3803 2061 est

2218 2114 2247 2152 a
2275 2097 2480 2155 Petro:
2522 2118 2541 2151 ι
2583 2099 2951 2154 Adversarius
3004 2108 3188 2153 vester
3235 2081 3487 2154 diabolus
3516 2097 3660 2153 sicut
3712 2096 3801 2151 leo

2218 2192 2440 2261 rugiens
2472 2192 2673 2248 circuit
2709 2208 2963 2263 quaerens
2988 2209 3149 2264 quem
3181 2199 3491 2248 trausroret
3517 2190 3605 2244 ὀἳ
3628 2209 3649 2243 ι
3689 2188 3798 2244 Sed

2217 2284 2325 2339 hoc
2347 2298 2432 2339 eSl.
2462 2286 2608 2355 quod
2646 2286 2909 2353 ostendit,
2943 2287 3068 2357 quia
3113 2286 3226 2341 Deo
3256 2293 3456 2356 agente
3489 2299 3588 2353 pro
3617 2283 3796 2347 nobis,

2215 2376 2638 2448 contemptibilis
2682 2386 2737 2432 et
2781 2378 2961 2434 nullus
3011 2376 3241 2433 ellicitur
3298 2376 3411 2446 (86)
3443 2377 3801 2432 adversarius

2217 2478 2416 2522 noster.
2456 2464 2717 2521 Similiter
2751 2477 2930 2522 autem
2951 2476 3006 2522 et
3020 2467 3187 2521 David
3218 2467 3347 2522 dicit
3369 2466 3409 2497 ¹¹
3440 2483 3454 2519 :
3493 2483 3513 2517 ι
3540 2464 3803 2520 Dominus

2218 2559 2549 2613 illuminatio
2609 2574 2751 2625 ritca,
2779 2569 2835 2612 et
2866 2559 3118 2614 Salvator
3140 2574 3315 2624 meus,
3350 2572 3509 2628 quem
3540 2558 3750 2611 timebo
3774 2556 3801 2611 ‘i

2216 2650 2476 2706 Dominus
2500 2661 2780 2717 protei-tor
2796 2650 2921 2704 vita:
2938 2665 3087 2713 meas,
3105 2665 3133 2702 a
3155 2665 3263 2720 quo
3292 2648 3607 2720 trepidabo?
3623 2667 3644 2700 ι
3679 2646 3798 2702 Non

2214 2759 2344 2812 ergo
2387 2743 2592 2796 nullum
2622 2743 2755 2795 dicit
2787 2757 2908 2797 esse
2942 2758 3104 2810 quem
3134 2750 3361 2803 metuat.
3399 2749 3456 2795 et
3487 2741 3580 2810 qui
3611 2741 3803 2793 adver-

2214 2843 2365 2887 setur
2395 2832 2468 2894 ei,
2509 2831 2604 2886 sed
2640 2834 2912 2901 quamvis,
2963 2833 3171 2900 inquit,
3215 2849 3234 2883 ι
3265 2832 3585 2901 appropient
3633 2845 3801 2898 super

2216 2938 2305 2979 me
2333 2933 2391 2977 ut
2418 2924 2585 2980 edant
2607 2938 2803 2978 carnes
2834 2938 2983 2978 meas
3008 2922 3101 2992 qui
3149 2923 3418 2978 tribulant
3449 2937 3540 2977 me
3584 2921 3799 2977 inimici

531 2987 612 2997 υυ-
646 2987 699 2997 ν-
738 2987 826 2995 ---—
868 2987 984 3009 π-ν-
1023 2987 1268 3009 -ττ--ι--η
1405 2987 1414 2989 ν
1791 2987 1911 3006 νμτ
1962 2987 1983 2990 ἡ

531 3035 851 3089 humilitatis
878 3043 1079 3087 nostrae
1120 3032 1261 3100 ψιοίΙ
1298 3050 1315 3079 ε
1342 3030 1648 3084 seminatur
1677 3029 1729 3083 in
1753 3027 2110 3083 contumelia.

2220 3015 2323 3071 mei
2360 3016 2425 3080 ",
2464 3035 2484 3067 ι
2526 3025 2707 3069 tamen
2741 3016 2972 3068 Domino
3006 3014 3334 3069 defendente
3382 3015 3546 3070 vitam
3593 3030 3797 3078 meam,

528 3135 716 3196 surget.
753 3126 805 3179 in
834 3126 1006 3196 gloria
1036 3126 1080 3157 "
1113 3143 1125 3178 :
1165 3145 1183 3176 ι
1217 3135 1417 3179 etcum
1461 3141 1480 3171 ε
1513 3122 1653 3176 sicut
1678 3122 1782 3175 alia
1818 3130 1902 3174 est
1938 3120 2111 3191 gloria

527 3213 678 3276 solis,
711 3222 766 3267 et
812 3214 917 3265 alia
961 3212 1129 3283 gloria
1171 3212 1332 3276 Intra),
1365 3222 1418 3265 et
1450 3211 1557 3264 alia
1589 3210 1761 3281 gloria
1804 3209 2114 3272 stellarum,

526 3312 582 3355 et
612 3304 753 3357 sicut
797 3304 953 3359 stella
985 3319 1014 3356 a
1047 3302 1204 3356 stella
1248 3303 1429 3355 dili'crl
1477 3302 1529 3355 in
1559 3301 1755 3370 gloria,
1803 3300 1877 3354 ita
1920 3301 2028 3355 erit
2058 3311 2116 3354 et

531 3395 858 3450 resurrectio
887 3405 1224 3449 mortuorum
1247 3395 1293 3425 9°
1324 3393 1464 3458 (89.).
1488 3410 1506 3441 ι
1543 3404 1549 3410 ’

594 3487 649 3542 9.
694 3504 715 3538 ς
749 3487 886 3553 Quid
933 3501 1065 3556 ergo
1114 3485 1361 3539 dicmnus
1396 3486 1462 3538 ad
1514 3483 1676 3546 haec?
1712 3484 1768 3537 Si
1824 3484 1965 3538 Dens
2013 3499 2111 3553 pro

527 3580 707 3643 nobis,
736 3581 858 3652 quis
887 3587 1075 3633 contra
1105 3578 1243 3632 nos?
1270 3577 1372 3644 Qui
1401 3578 1567 3633 etiam
1601 3577 1823 3647 proprio
1847 3577 1986 3632 Filio
2011 3593 2112 3633 suo

529 3686 636 3725 non
667 3668 927 3737 pepercit,
959 3668 1053 3724 sed
1081 3684 1178 3737 pro
1205 3669 1362 3722 nobis
1393 3666 1650 3722 omnibus
1690 3667 1914 3722 tradidit
1937 3666 2109 3731 illum,

527 3761 801 3829 quomodo
840 3777 944 3812 non
994 3759 1158 3812 ctiam
1211 3776 1332 3813 cum
1381 3759 1474 3814 illo
1506 3760 1692 3813 omnia
1745 3758 1906 3813 nobis
1938 3759 2111 3811 dona-

529 3850 718 3905 bit"?
748 3869 765 3902 ι
820 3850 961 3903 Dens
1002 3851 1278 3918 quomodo
1304 3866 1405 3920 pro
1441 3851 1597 3906 nobis
1628 3852 1722 3913 sit,
1760 3849 2108 3905 manifestum

528 3951 613 3997 est
646 3957 716 3995 ex
740 3941 825 3995 bis
851 3957 973 4012 qua:
1005 3956 1167 4009 supra
1193 3942 1465 4011 exposuit,
1501 3941 1553 3996 id
1574 3948 1658 3995 est
1694 3941 1843 4009 quod
1867 3940 2109 4009 Spiritus

595 4069 641 4099 "
670 4066 709 4119 ll
754 4065 880 4122 Cor.
926 4083 980 4129 ν,
1033 4067 1124 4122 21.

527 4136 616 4191 5‘2.
692 4137 743 4171 ³⁸
797 4138 926 4191 ibid.
972 4138 1026 4193 9.
1103 4140 1149 4172 ⁹⁹
1188 4140 1320 4194 ibid.
1357 4142 1444 4196 10.
1521 4141 1694 4194 ‘ibid.
1728 4140 1812 4194 11.

527 4208 547 4237 "
584 4207 712 4263 ibid.
761 4206 850 4261 28.
924 4210 948 4241 ⁸
979 4209 1109 4265 ibid.
1149 4209 1242 4276 29,
1279 4210 1373 4267 30.
1445 4212 1468 4245 ’
1497 4210 1628 4266 ibid.
1657 4211 1748 4266 51.

531 4276 576 4307 ⁸³
600 4279 730 4333 ibid.
767 4278 857 4341 15.
898 4279 987 4334 16.

1199 4069 1247 4101 ’³
1275 4069 1452 4125 Eccle.
1482 4084 1600 4131 vui,
1628 4069 1682 4124 5.
1758 4069 1808 4105 ³⁸
1836 4067 1878 4123 ll
1902 4070 2031 4123 Cor.
2069 4087 2105 4125 ll

2221 4074 2269 4121 κ.
2348 4070 2393 4102 ’⁸
2426 4070 2441 4122 1
2475 4071 2599 4123 Cor.
2631 4085 2723 4135 xv,
2760 4069 2917 4124 i3."
2952 4069 3083 4124 ibid.
3113 4069 3206 4125 11.

1893 4143 1913 4173 ²
1938 4142 2069 4196 ibid.
2099 4141 2301 4205 14,15.
2378 4142 2400 4173 ³
2426 4142 2557 4193 ibid.
2578 4140 2664 4194 1Ἱ.
2742 4140 2898 4194 ‘ibid.
2929 4138 3022 4194 25.

1828 4212 1873 4244 ¹⁰
1907 4208 2100 4267 lPetr.
2133 4227 2187 4277 v,
2227 4212 2284 4269 8.
2360 4213 2399 4243 ¹¹
2429 4211 2572 4265 Psal.
2609 4225 2759 4279 xxvr,
2800 4210 2851 4264 1.

2222 3126 2241 3160 σ
2273 3107 2530 3162 inﬁrmati
2562 3105 2675 3178 (87)
2710 3115 2864 3171 sunt,
2893 3115 2948 3160 et
2982 3106 3353 3162 ceciderunt.»
3392 3108 3493 3162 Dat
3531 3118 3800 3177 praeterea

2220 3196 2475 3250 indicium
2507 3197 2806 3249 maximum
2850 3194 3092 3265 ingentis
3134 3211 3265 3264 erga
3309 3212 3406 3252 nos
3436 3200 3646 3253 amoris
3679 3198 3796 3261 Dei.

2218 3290 2308 3359 qui
2340 3289 2393 3340 in
2424 3298 2656 3352 tantum,
2694 3285 2872 3358 inquit
2895 3287 2960 3352 η,
3000 3305 3099 3344 nos
3140 3290 3360 3357 dilexit,
3393 3301 3449 3344 ut
3486 3306 3588 3346 uec
3623 3311 3642 3344 ι
3673 3306 3802 3361 pro-

2218 3385 2334 3452 prio
2352 3382 2490 3438 Filio
2505 3398 2608 3438 suo
2636 3401 2658 3436 ι
2687 3382 3010 3454 pepercerit,
3038 3402 3058 3437 ι
3085 3386 3179 3441 sed
3204 3402 3301 3457 pro
3331 3387 3487 3441 nobis
3512 3388 3795 3442 omnibus.

2218 3477 2285 3531 ad
2328 3477 2640 3546 passionem
2673 3479 2958 3533 tradiderit
3012 3496 3033 3530 ι
3074 3493 3195 3533 eum
3227 3478 3361 3549 (88).
3400 3498 3419 3532 i
3480 3480 3545 3534 Et
3574 3491 3635 3535 ut
3676 3496 3800 3535 ma-

2215 3568 2337 3637 jore
2386 3584 2486 3622 nos
2528 3567 2897 3625 admiratione
2935 3571 3372 3639 constringeret,
3415 3571 3627 3626 addidit
3675 3586 3797 3627 ser-

2223 3676 2433 3713 monem
2456 3661 2696 3731 ingentis
2718 3663 2906 3715 arcani
2940 3664 3218 3717 conscium
3253 3663 3458 3723 dicens,
3480 3664 3611 3733 quia
3632 3682 3651 3715 ι
3674 3679 3799 3733 pro-

2220 3752 2340 3821 prio
2369 3752 2508 3807 Filio
2550 3768 2649 3807 suo
2682 3769 2784 3806 non
2817 3756 3079 3825 pepercit.
3117 3772 3135 3805 υ
3177 3754 3397 3809 Dixerat
3435 3756 3582 3809 enim
3635 3770 3797 3825 supe-

2220 3845 2334 3898 rius
2370 3845 2433 3908 “,
2488 3845 2614 3911 quia
2671 3846 2836 3900 etiam
2895 3861 2995 3901 nos
3041 3848 3134 3917 qui
3188 3846 3443 3915 spiritum
3489 3847 3799 3916 adoptionis

2217 3936 2540 4006 accipimus.
2571 3937 2665 3990 ﬁlii
2700 3938 2792 3992 Dei
2839 3952 3047 3992 sumus.
3099 3935 3179 3992 Ne
3208 3951 3339 4007 ergo
3378 3938 3658 3992 communi
3692 3938 3796 3992 ista

3280 4069 3326 4102 ³⁷
3371 4067 3530 4123 Rom.
3563 4085 3679 4132 vm,
3703 4069 3797 4136 5|,

3104 4141 3125 4172 ⁸
3162 4141 3193 4194 ἱη
3221 4140 3295 4196 id.
3332 4140 3419 4192 26.
3478 4138 3499 4170 ⁶
3531 4140 3665 4194 ibid.
3700 4140 3797 4201 22,

2929 4209 2974 4241 ¹¹
2999 4211 3127 4267 ibid.
3159 4210 3215 4264 2.
3292 4210 3338 4244 ⁸³
3369 4208 3530 4264 Rom.
3560 4224 3679 4277 vin,
3701 4210 3795 4266 52.

528 4407 649 4469 eos,
677 4392 767 4462 qui
798 4393 954 4448 nobis
998 4393 1307 4463 huiusmodi
1354 4397 1690 4467 quaestiones
1739 4398 2029 4465 suscitant,
2081 4418 2102 4453 ι
2138 4405 2189 4465 Ι)
2220 4468 2223 4469 ν
2283 4396 2396 4469 (81)
2438 4395 2724 4469 Ερὶιοσωῃ
2752 4395 2974 4469 faciens.
3008 4396 3213 4469 omnes
3243 4408 3375 4450 mss.
3406 4394 3575 4469 nostri
3598 4405 3654 4469 e_t
3681 4395 3794 4451 Ra-

528 4462 624 4523 al.,
665 4480 684 4514 ι
721 4473 963 4527 movent,
992 4481 1011 4514 ι
1040 4462 1147 4519 etc.

600 4533 716 4605 (79)
748 4531 839 4586 Sic
866 4543 1014 4607 recte
1037 4549 1138 4590 ms.
1171 4550 1308 4589 unus
1332 4535 1529 4607 Regius
1552 4555 1703 4593 num.
1729 4537 1885 4593 1659.
1908 4537 2103 4594 Caneri

531 4601 659 4658 vero
682 4601 836 4676 n_iss.,
866 4601 1126 4676 Rabanus
1147 4612 1203 4658 et
1221 4607 1350 4660 editi
1374 4601 1461 4664 bic
1487 4619 1543 4664 et
1565 4609 1706 4664 infra
1734 4608 1934 4665 habent
1955 4626 1975 4660 ι
2001 4610 2100 4676 is,»

529 4676 623 4740 ει..
658 4673 814 4743 aliis,
847 4691 865 4725 ι
902 4688 1000 4743 pro
1044 4691 1064 4725 ε
1090 4674 1270 4730 Iesus.
1305 4695 1323 4726 ι

600 4741 717 4885 (8οζ
740 4741 914 4807 Εάἱιί.
942 4759 961 4792 ε
993 4744 1140 4800 Sicut
1171 4756 1225 4798 et
1249 4747 1397 4802 alibi.
1435 4766 1455 4799 ι

604 4817 685 4883 (81
754 4813 1077 4885 secundum.
1114 4815 1271 4870 Deest
1308 4816 1363 4869 in
1391 4817 1455 4872 lib

604 4813 717 4883 (8i)
754 4813 1077 4868 Secundum.
1114 4815 1271 4870 Deest
1308 4816 1546 4873 inlibris
1574 4826 1733 4873 antea
1770 4819 1951 4874 editis.

601 4883 715 4955 (82)
743 4883 1012 4958 S_ic__recte
1047 4900 1149 4940 ms.
1184 4901 1325 4943 unus
1357 4887 1555 4958 llegius
1577 4905 1726 4944 num.
1755 4890 1893 4947 1659
1920 4899 1974 4944 et
1996 4890 2105 4944 Ra-

531 4952 729 5030 bauus.
769 4952 909 5030 Editi
946 4969 1074 5009 vero
1105 4966 1160 5008 et
1194 4971 1325 5030 mss.
1372 4952 1487 5030 alii.
1534 4977 1553 5009 ι
1602 4974 1727 5013 cum
1755 4975 1976 5030 corpus
2009 4961 2110 5014 hoc

532 5023 855 5100 Inimilitatis
879 5035 1083 5100 nostrae
1095 5025 1396 5100 seminatur
1421 5029 1471 5082 iu
1493 5028 1846 5095 contumelia,
1865 5023 1917 5084 et
1947 5047 1966 5082 ν
1989 5031 2111 5100 (al.,

532 5095 1124 5168 deestretiiisurgetin
1157 5095 1360 5168 gloria;
1390 5107 1553 5154 etest
1575 5100 1680 5153 alia
1710 5100 1882 5167 gloria
1914 5117 1935 5152 ι
1988 5095 2111 5168 (aL,

541 5170 758 5241 retenta
777 5162 880 5217 alia
920 5162 1191 5241 gloriai'i
1227 5166 1325 5241 a_l.,
1359 5184 1386 5241 ¢_
1417 5179 1473 5225 et
1500 5170 1644 5225 sicut
1681 5162 1789 5241 alia
1821 5162 2110 5241 gloria)....

530 5244 589 5288 et
615 5234 765 5307 stella
793 5248 822 5285 a
857 5233 1009 5307 stella
1038 5234 1220 5290 diﬂ'ert
1256 5235 1308 5291 in
1340 5237 1591 5295 claritate
1622 5259 1641 5290 ι
1675 5240 1794 5307 (aL,
1821 5233 1851 5292 ἶ
1888 5255 1919 5296 a
1946 5233 2111 5296 clari-

537 5306 669 5371 tate)
697 5303 777 5357 sic
805 5303 913 5356 erit
942 5304 994 5356 in
1030 5308 1433 5364 resurrectione
1465 5303 1856 5364 mortuorum.)

601 5371 810 5453 (85)‘Et
836 5379 975 5453 quod
1004 5373 1234 5453 Spiritus
1257 5375 1476 5453 Christi,
1505 5380 1597 5453 vei
1611 5379 1852 5453 Christus
1876 5381 1932 5453 in
1958 5380 2109 5434 nobis

531 5453 629 5505 est,
661 5442 737 5515 uel
759 5445 902 5515 quod
930 5443 1162 5515 Spiritus
1186 5446 1299 5515 ejus
1330 5451 1422 5515 qui
1453 5442 1729 5505 suscitavit
1762 5449 2028 5504 Christum
2073 5467 2110 5504 α

532 5512 778 5593 mortuis,
812 5512 1012 5567 habitat
1038 5512 1300 5593 iunobis.
1328 5512 1451 5577 [late
1487 5536 1753 5589 nusquam
1789 5530 2112 5591 comparent

533 5582 586 5635 in
615 5582 769 5638 libris
800 5593 960 5639 antea
999 5586 1177 5641 editis.

2214 4463 2411 4536 baiius,
2449 4463 2983 4536 i'anafcepbaleosin,
3043 4466 3270 4520 faciens.
3320 4482 3341 4519 ι
3397 4464 3552 4531 Quod
3603 4465 3796 4521 Graece

2213 4537 2355 4608 idem
2376 4534 2469 4592 est
2497 4551 2563 4592 ac
2597 4534 2793 4593 Latine
2827 4554 2849 4588 ι
2881 4535 3178 4608 epilogum,
3210 4553 3231 4591 ι
3266 4550 3363 4593 seu
3406 4553 3427 4588 ι
3461 4549 3645 4592 rerum
3676 4537 3793 4591 cul-

2211 4606 2520 4664 lectionem.
2551 4625 2592 4666 ι.

2284 4675 2399 4751 (85)
2440 4678 2603 4741 Editi,
2660 4693 2679 4727 ι
2713 4674 2994 4751 Quomodo
3036 4676 3184 4729 enim
3234 4673 3400 4751 stabit
3441 4673 3598 4741 illud,
3627 4686 3792 4737 ietc..

2214 4744 2415 4804 omissa
2451 4761 2606 4814 voce,
2648 4764 2666 4797 ι
2702 4746 2965 4816 alioquin,
2998 4763 3020 4798 ι
3056 4760 3220 4817 quam
3252 4744 3552 4815 praeferunt
3600 4758 3794 4801 oiunes

2217 4834 2350 4871 mss.
2381 4829 2435 4871 et
2475 4816 2752 4871 Rabanus.

2217 4834 2350 4873 “18$.
2381 4832 2435 4874 ει
2475 4832 2752 4873 nauanns.

2290 4887 2404 4959 (86)
2433 4887 2580 4959 Editi
2603 4887 2879 4959 plerique,
2910 4903 2960 4959 __c_
2987 4885 3103 4959 Sed
3123 4886 3224 4959 hoc
3253 4883 3519 4949 ostendit,
3542 4884 3790 4953 quia.....

2214 4969 2264 5013 et
2296 4955 2430 5012 nihil
2462 4976 2480 5008 ι
2512 4957 2633 5027 (al.,
2665 4974 2685 5007 ι
2718 4964 2774 5009 et
2808 4955 2989 5024 uibili)
3021 4955 3273 5027 emt-itur,
3308 4973 3327 5007 ι
3362 4966 3466 5027 etc.

2287 5029 2402 5101 (87)
2433 5022 2531 5083 Sic
2554 5022 2802 5101 plerique
2833 5022 2986 5093 Inss.,
3010 5025 3283 5101 ⁸ιξὲξκιιιιιε
3312 5033 3369 5101 e_t
3395 5024 3548 5081 editi.
3576 5022 3673 5101 bis.
3710 5032 3796 5101 ta-

2216 5094 2340 5153 men
2384 5094 2523 5152 unus
2558 5094 2767 5163 Regius
2801 5111 2950 5150 num.
3003 5094 3163 5160 1659,
3205 5111 3227 5147 t
3258 5097 3352 5149 sed
3399 5111 3547 5160 curii,
3594 5094 3792 5162 inquit,

2217 5169 2541 5249 appropiant
2554 5180 2717 5234 super
2734 5173 3097 5249 me‘uoeentes
3124 5175 3186 5249 ut
3207 5167 3376 5249 edant
3399 5178 3594 5249 carnes
3617 5178 3791 5249 meas,

2216 5234 2405 5319 quia”:
2440 5238 2562 5306 ipsi,
2596 5250 2775 5291 meam
2807 5234 3039 5291 Domino
3063 5234 3388 5291 defendente
3412 5237 3603 5297 vitam,
3639 5234 3797 5288 intir-

2215 5319 2372 5369 matr,
2396 5326 2416 5360 ι
2451 5319 2557 5361 etc.

2286 5377 2401 5447 (88)
2440 5375 2608 5445 Editi,
2659 5374 2945 5447 «tradidit
2975 5390 3121 5431 enim.
3149 5391 3187 5447 _i
3239 5374 3443 5447 Dciude
3490 5387 3592 5428 ms.
3650 5386 3799 5447 unita

2218 5442 2418 5517 Regius
2452 5442 2602 5502 num.
2652 5446 2817 5510 1659,
2861 5465 2881 5498 ι
2911 5445 2978 5500 Ει
3009 5455 3073 5517 ut
3096 5445 3163 5499 ad
3193 5444 3449 5517 majorem
3483 5460 3584 5497 nos
3614 5442 3796 5517 admi-

2217 5512 2484 5573 rationem
2507 5519 2929 5586 constringeret,
2955 5515 3124 5578 addit,
3153 5532 3173 5566 ι
3202 5524 3314 5568 etc.
3334 5516 3440 5572 Sed
3455 5512 3640 5570 caeteri
3665 5530 3798 5578 tum,

2220 5588 2481 5644 Rabanus
2503 5598 2559 5643 et
2583 5588 2717 5644 editi
2749 5597 2808 5641 ut
2836 5586 2890 5641 in
2920 5596 3105 5642 nostro
3141 5593 3312 5640 textu.
