4146 6452
447 395 587 453 1129

441 513 802 582 appellatione
852 518 1085 575 ﬁliorum
1136 540 1300 578 llllllm
1345 529 1583 597 aliquem
1625 549 1691 588 ex
1733 535 1817 588 his
1847 539 2021 592 tradi-

441 604 584 659 disse
617 617 904 674 putaretur
924 613 1016 680 qui
1047 614 1100 667 in
1136 616 1277 671 ﬁlios
1311 619 1639 677 videbantur
1667 627 1887 692 adsciti,
1921 629 2019 683 ad-

440 695 580 750 didit
622 713 642 748 ι
678 701 899 768 proprio
945 702 1106 770 Filio,
1142 725 1160 757 ο
1209 717 1266 760 ιιι
1315 725 1437 763 eum
1470 714 1562 781 qui
1597 715 1746 772 solus
1792 733 1859 772 ex
1898 721 2018 789 ipso

442 783 550 842 Deo
578 786 832 844 ineffabili
861 794 1144 849 nativitate
1163 810 1476 866 generatur,
1515 810 1846 864 ostenderet.
1874 828 1892 860 ι
1913 783 2016 866 1)το

437 877 593 933 nobis
639 895 770 950 ergo
811 885 1064 940 omnibus
1106 890 1327 943 tradidit
1366 907 1512 958 eum,
1549 912 1568 946 ι
1606 911 1708 951 non
1761 900 1850 954 illa
1907 913 2015 956 tra-

436 969 640 1025 ditione
668 987 773 1042 qua
801 975 1066 1045 scriptum
1110 991 1192 1034 est
1219 982 1262 1013 “'
1303 1001 1317 1036 :
1352 1000 1371 1034 ι
1410 983 1608 1042 Tradet
1636 998 1815 1044 autem
1848 991 2014 1047 frater

437 1060 658 1118 fratrem
692 1067 743 1118 in
780 1079 1034 1136 mortem,
1078 1082 1133 1125 et
1166 1085 1420 1141 parentes
1454 1079 1616 1144 ﬁlios,
1649 1099 1666 1132 ι
1711 1084 1806 1137 sed
1840 1087 2011 1140 tradi-

435 1155 582 1209 disse
605 1171 727 1210 emn
751 1159 954 1215 dicitur
985 1163 1087 1218 hoc
1115 1164 1256 1232 ipso,
1289 1169 1430 1235 quod
1467 1186 1590 1225 cum
1631 1173 1682 1226 in
1711 1173 1879 1229 forma
1915 1177 2007 1233 Dei

432 1259 596 1310 esset,
622 1265 815 1318 passus
846 1262 934 1307 est
961 1269 1081 1308 eum
1105 1258 1385 1314 exinanire
1414 1262 1671 1332 seipsum,
1697 1274 1750 1319 et
1779 1265 2005 1323 formam

431 1341 573 1392 servi
607 1345 906 1413 suscipere,
939 1355 991 1400 et
1031 1362 1200 1416 usque
1228 1353 1296 1404 ad
1333 1363 1562 1408 mortem
1603 1359 1784 1411 crucis
1812 1372 2006 1426 perve-

430 1430 548 1484 nire
572 1431 654 1486 “z
685 1443 742 1488 ut
783 1436 835 1488 in
868 1437 985 1507 ipso
1023 1443 1278 1497 omnibus
1314 1446 1622 1515 exemplum
1677 1449 2004 1505 obedientiae

428 1529 675 1582 poneret,
695 1532 749 1574 et
771 1523 909 1577 viam
931 1531 1348 1586 resurrectionis
1369 1535 1594 1590 mortuis
1611 1539 1848 1605 aperiret
1864 1539 1998 1609 (89).

431 1623 450 1655 ι
484 1605 590 1660 Pro
646 1613 899 1668 omnibus
960 1631 1090 1688 ergo
1149 1621 1370 1674 tradidit
1431 1637 1576 1678 eum.
1613 1642 1632 1675 ι
1674 1625 1789 1680 Non
1827 1627 1998 1682 solum

425 1711 523 1762 pro
554 1703 781 1768 sanctis,
817 1722 924 1762 non
957 1708 1130 1764 solum
1159 1727 1259 1780 pro
1290 1717 1521 1784 magnis,
1554 1718 1650 1771 sed
1687 1728 1741 1772 et
1767 1733 1865 1786 pro
1894 1721 1999 1775 mi-

424 1789 606 1852 nimis,
642 1801 698 1846 et
737 1809 832 1863 pro
871 1799 1125 1854 omnibus
1163 1799 1274 1872 (90)
1331 1806 1555 1859 omnino
1610 1808 1702 1873 qui
1763 1818 1892 1863 sunt
1942 1810 1995 1864 in

423 1878 666 1936 Ecclesia
711 1886 934 1942 tradidit
965 1887 1164 1944 Filium
1195 1894 1474 1962 proprium
1525 1895 1686 1952 Pater
1720 1914 1734 1950 :
1767 1909 1822 1953 et
1869 1899 1992 1956 ideo
2025 1903 2066 1958 Β

417 1972 582 2026 etiam
629 1974 674 2028 si
723 1977 1075 2033 minimorum
1103 1981 1338 2051 aliquem
1373 1993 1429 2038 et
1459 1985 1799 2043 inﬁrmorum
1833 1990 1993 2046 laedat

415 2063 561 2130 quis,
613 2071 927 2135 percutiens
977 2072 1094 2141 ejus
1150 2073 1422 2128 inﬁrmam
1483 2079 1897 2149 conscientiam,
1936 2083 1989 2137 in

413 2154 696 2212 Christum
735 2175 964 2227 peccare
1002 2165 1220 2227 dicitur,
1257 2168 1514 2234 quoniam
1566 2171 1786 2238 quidem
1825 2188 1987 2228 scan-

412 2247 616 2302 dalizat
643 2253 880 2306 animam
913 2271 1012 2324 pro
1041 2266 1145 2325 qua
1166 2258 1417 2314 Christus
1444 2273 1689 2318 mortuus
1714 2273 1820 2320 est.
1850 2265 1987 2333 Quia

411 2357 539 2409 ergo
569 2359 664 2410 pro
696 2347 951 2402 omnibus
989 2349 1148 2402 nobis
1183 2350 1406 2404 tradidit
1434 2350 1630 2406 Filium
1666 2356 1986 2419 Pater,nul-

411 2431 496 2486 lus
525 2435 877 2500 omninoyne
909 2439 1168 2494 minimus
1205 2442 1424 2510 quidem
1457 2445 1548 2512 qui
1579 2454 1662 2499 est
1694 2447 1747 2500 in
1798 2448 1984 2505 Eccleo

408 2522 513 2583 sia,
559 2528 988 2584 contemnendus
1025 2538 1145 2584 est:
1180 2541 1234 2586 et
1272 2533 1396 2588 ideo
1439 2535 1700 2592 Dominus
1734 2537 1852 2608 ipse
1903 2543 1985 2596 di-

406 2613 565 2667 cebat
597 2633 613 2669 :
663 2634 682 2666 ι
721 2614 778 2669 Si
810 2619 934 2686 quis
973 2622 1429 2679 scandalizaverit
1457 2642 1622 2682 unum
1655 2644 1724 2684 ex
1767 2633 1981 2700 pusillis

405 2703 528 2761 istis
561 2709 820 2775 minimis,
858 2713 1080 2780 expedit
1105 2716 1303 2770 molam
1337 2716 1450 2788 (91)
1476 2719 1770 2776 asinariam
1816 2725 1978 2794 ligari

402 2795 548 2850 circa
579 2796 774 2852 collum
808 2799 947 2869 ejus,
976 2810 1031 2856 et
1051 2804 1374 2874 praecipitari
1393 2822 1514 2861 eum
1545 2811 1597 2863 in
1619 2827 1790 2878 mare,
1815 2829 1976 2884 quam

401 2897 462 2942 ut
490 2890 825 2946 scandalizet
851 2909 1017 2949 unum
1037 2911 1105 2952 ex
1131 2898 1214 2952 his
1241 2899 1303 2952 ".
1335 2917 1355 2950 ι
1400 2899 1542 2956 Deus
1569 2917 1719 2972 ergo,
1749 2907 1840 2975 qui
1877 2923 1977 2964 nos

399 2981 666 3047 pretiosos
717 2987 923 3054 proprii
975 2987 1096 3042 Filii
1144 3005 1246 3059 pro
1291 2993 1445 3048 nobis
1499 2995 1798 3062 pretiosum
1852 2998 1974 3054 fun-

397 3073 575 3126 dendo
614 3077 934 3144 sanguinem
987 3079 1138 3143 fecit,
1175 3098 1194 3132 ι
1231 3085 1505 3150 quomodo
1553 3101 1663 3140 non
1693 3103 1815 3142 cum
1851 3089 1970 3159 ipso

394 3165 575 3219 omnia
608 3166 766 3221 nobis
797 3170 1061 3224 donabit?
1090 3191 1109 3225 ι
1148 3173 1292 3228 Nihil
1323 3185 1409 3230 est
1450 3177 1594 3232 enim
1633 3181 1750 3235 sive
1778 3181 1968 3237 visibi-

395 3254 484 3319 lis,
525 3258 641 3311 sive
666 3259 966 3315 iuvisihilis
987 3262 1101 3334 (92)
1135 3275 1423 3332 creaturae,
1451 3270 1593 3336 quod
1619 3271 1758 3326 Filio
1791 3274 1969 3342 possit

393 3347 670 3416 adaequari
697 3365 713 3402 :
743 3349 890 3404 nullo
925 3360 1072 3406 enim
1105 3365 1264 3424 pacto
1287 3360 1522 3412 creatori
1567 3376 1666 3416 suo
1713 3375 1964 3420 creatura

393 3447 569 3503 potest
591 3439 866 3504 conferri;
893 3452 949 3496 et
970 3442 1016 3496 si
1047 3454 1266 3499 creator
1287 3446 1402 3514 ipse
1430 3451 1660 3505 donatus
1682 3461 1764 3508 est
1783 3455 1962 3520 nobis,

389 3532 663 3595 quomodo
703 3547 808 3586 non
841 3548 964 3588 cum
1001 3536 1120 3604 ipso
1151 3539 1310 3593 nobis
1339 3542 1516 3595 omnis
1554 3541 1667 3615 (93)
1709 3556 1961 3604 creatura

388 3619 712 3673 donabitur?
748 3619 1007 3687 Quamvis
1037 3640 1221 3680 sermo
1255 3627 1344 3681 hic
1375 3630 1665 3699 dupliciter
1685 3637 1856 3703 possit
1879 3638 1963 3693 in-

390 3708 576 3780 telligi,
599 3712 651 3764 id
675 3723 780 3778 est,
805 3719 950 3784 quod
984 3735 1004 3768 ι
1031 3734 1154 3772 cum
1183 3719 1271 3774 illo
1297 3720 1454 3776 nobis
1475 3725 1658 3780 omnia
1683 3727 1956 3784 donabit.)

384 3796 520 3853 Nam
552 3813 602 3856 et
630 3803 734 3858 hoc
762 3816 940 3873 potest
967 3809 1137 3864 videri
1181 3813 1324 3879 quod
1353 3813 1402 3867 si
1438 3814 1734 3872 habeamus
1773 3819 1827 3873 in
1857 3834 1960 3874 no-

387 3895 468 3946 bis
501 3892 780 3949 Christum
823 3900 1120 3954 secundum
1168 3902 1269 3957 hoc
1301 3905 1443 3971 quod
1494 3905 1730 3963 Verbum
1771 3921 1829 3965 et
1868 3927 1957 3966 sa-

382 3985 608 4053 pientia,
642 3999 696 4040 et
720 3989 945 4052 veritas,
971 3992 1273 4062 etjustitia,
1301 4009 1357 4052 et
1397 4014 1502 4068 pax
1527 4009 1632 4065 est,
1659 4011 1714 4056 et
1757 4014 1955 4058 cetera

379 4080 560 4133 omnia
590 4094 708 4148 qua:
739 4084 804 4136 de
831 4097 897 4138 eo
929 4088 1132 4155 scripta
1158 4100 1306 4153 sunt,
1339 4107 1463 4146 cum
1487 4093 1590 4148 hac
1616 4095 1953 4164 plenitudine

377 4174 640 4227 virtutum
701 4177 857 4232 nobis
907 4181 1090 4234 omnia
1149 4183 1517 4251 donabuntur,
1569 4197 1630 4240 ut
1676 4187 1787 4256 jam
1845 4208 1951 4244 non

377 4277 542 4317 unum
568 4279 633 4318 ex
669 4268 930 4323 omnibus
955 4272 1243 4337 creaturis,
1274 4283 1328 4327 et
1357 4289 1584 4342 parvum
1618 4287 1775 4334 terra:
1804 4280 1951 4335 hunc

375 4353 550 4410 locum
579 4371 739 4425 quem
767 4374 912 4414 nunc
936 4362 1184 4415 videmur
1217 4363 1485 4430 habitare,
1519 4369 1945 4443 teneamus(94),

373 4447 468 4500 sed
495 4449 674 4502 omnia
702 4464 1038 4520 quaecunque
1063 4454 1274 4507 creavit
1295 4453 1436 4509 Deus
1467 4457 1699 4512 visibilia
1725 4469 1781 4514 et
1812 4462 1948 4516 invi-

1369 412 1716 471 COMMENT.
1761 416 1825 472 ΙΝ
1867 419 2086 477 EPISI'.
2129 424 2218 477 AD
2259 425 2422 483 ROM.
2466 431 2592 487 LIB.
2640 435 2749 492 VII.

3563 462 3702 519 “30

2050 547 2097 602 Α
2129 543 2215 596 nia
2255 547 2414 602 nobis
2447 549 2669 608 donabit
2697 570 2712 607 :
2741 574 2758 608 ι
2806 559 2905 612 hoc
2931 571 3034 627 est,
3079 563 3178 633 ipSI
3211 569 3429 638 quidem
3479 586 3538 630 ut
3585 583 3700 634 bte-

2127 637 2264 700 redi,
2301 641 2460 695 nobis
2485 659 2617 698 vero
2655 657 2715 701 ut
2745 652 3118 710 cohaeredihus
3153 637 3272 728 ejus
3313 666 3521 730 pariter
3569 689 3694 728 cum

2124 727 2241 796 ipso
2273 732 2476 798 perfrui
2509 738 2760 794 universa
2791 741 3008 798 dabitur
3038 727 3315 807 creatura.

2194 821 2278 875 10.
2320 842 2340 875 ι
2373 823 2506 890 Quis
2534 832 2817 886 accusabit
2845 836 3109 895 adversus
3135 842 3338 900 electos
3371 847 3509 903 Dei?
3552 849 3694 907 Deus

2120 909 2210 976 qui
2259 908 2566 982 justiﬁeat;
2621 921 2742 988 quis
2803 933 2886 978 est
2939 930 3040 994 qui,
3097 932 3466 991 condemnet?
3524 940 3686 1012 607

2119 1000 2371 1060 Christus
2434 1004 2590 1063 Jesus
2655 1015 2746 1081 qui
2818 1027 3070 1074 mortuus
3126 1033 3248 1089 est,
3316 1027 3424 1083 imo
3506 1000 3686 1088 autem

2119 1093 2208 1160 qui
2249 1099 2564 1159 resurrexit.
2605 1105 2694 1168 qui
2726 1115 2808 1160 est
2836 1109 2904 1162 ad
2935 1111 3212 1170 dexteram
3247 1118 3359 1187 Dei,
3393 1124 3484 1192 qui
3521 1127 3686 1182 etiam

2118 1181 2426 1250 interpellat
2455 1202 2552 1255 pro
2581 1190 2734 1246 nobis
2761 1195 2822 1247 ¹⁸.
2866 1216 2885 1248 ›
2936 1200 3164 1258 Videtur
3197 1181 3517 1280 mihi'quuod
3561 1217 3638 1271 ait

2120 1289 2138 1319 ι
2171 1271 2302 1338 Quis
2333 1280 2612 1335 accusabit
2647 1284 2909 1343 adversus
2925 1290 3131 1350 electos
3159 1295 3298 1352 Dei?
3331 1318 3352 1352 ι
3382 1271 3447 1357 de
3473 1305 3690 1362 diabolo

2112 1363 2314 1421 dicere.
2357 1367 2544 1425 Nullus
2579 1376 2724 1428 enim
2762 1379 2835 1432 ita
2867 1381 3071 1440 electus
3097 1397 3151 1441 et
3179 1389 3247 1443 ita
3284 1408 3509 1463 magnus
3543 1397 3680 1469 (95),

2112 1468 2270 1522 quem
2325 1457 2416 1512 ille
2449 1476 2557 1516 non
2605 1467 2801 1523 audeat
2845 1486 3143 1545 accusare,
3183 1483 3284 1536 nisi
3327 1485 3474 1541 illum
3507 1457 3679 1546 solum

2114 1563 2134 1596 ι
2291 1561 2574 1616 peccatum
2610 1573 2714 1612 non
2740 1559 2868 1616 fecit
2898 1567 2964 1628 ιθ,
3003 1585 3022 1620 ι
3061 1571 3152 1639 (ιιιί
3184 1583 3240 1627 et
3272 1576 3483 1634 dicebat
3519 1582 3630 1653 (96)
3661 1601 3676 1638 :

2114 1655 2133 1686 ‹
2172 1635 2327 1692 Nunc
2352 1643 2499 1697 venit
2537 1646 2792 1718 princeps
2817 1654 2977 1722 hujus
3007 1635 3212 1729 mundi,
3251 1674 3304 1718 et
3338 1668 3388 1721 in
3428 1635 3676 1728 me‘nihil

2108 1730 2312 1788 invenit
2341 1735 2409 1788 ¹⁰.
2447 1755 2466 1788 ι
2507 1737 2614 1794 Sed
2661 1747 2908 1812 quamvis
2959 1750 3046 1805 ille
3088 1766 3279 1813 exerat
3326 1760 3438 1832 (97)
3487 1767 3678 1834 nequi-

2105 1824 2234 1878 tiam
2264 1829 2523 1895 propositi
2555 1833 2661 1897 sui,
2693 1836 2802 1891 Deo
2827 1839 3164 1908 justiflcante
3187 1858 3242 1902 et
3269 1824 3483 1910 delen'te
3529 1824 3673 1914 sicut

3046 1955 3271 1997 suorum
3300 1947 3366 2010 υ,
3418 1960 3473 2003 et
3523 1953 3668 2008 sicut

2093 2009 2376 2078 caliginem
2412 2025 2634 2084 peccata
2683 2034 2912 2089 eorum,
2961 2037 3016 2080 et
3064 2044 3093 2082 a
3139 2009 3412 2100 prioribus
3456 2040 3668 2098 delictis

2090 2113 2186 2155 eos
2216 2103 2502 2160 dealbante
2531 2118 2590 2163 ut
2627 2110 2804 2166 nivem
2826 2155 2842 2178 ,
2882 2125 2936 2168 et
2991 2121 3132 2174 sicut
3161 2123 3336 2179 lanam
3382 2131 3664 2189 candidam

2091 2191 2323 2248 faciente
2352 2196 2420 2262 “,
2465 2197 2594 2266 quid
2641 2204 2888 2270 proﬁciet
2941 2215 3262 2268 accusator?
3307 2214 3411 2272 Sed
3458 2233 3510 2276 ct
3538 2238 3662 2279 cum

2089 2282 2343 2340 Christus
2366 2302 2465 2356 pro
2493 2291 2573 2344 eis
2605 2303 2849 2350 mortuus
2880 2298 2986 2364 sit,
3018 2301 3128 2357 imo
3154 2307 3334 2371 potius
3365 2325 3394 2364 a
3436 2318 3664 2373 mortuis

2089 2380 2450 2432 resurrexerit
2473 2419 2489 2444 ,
2516 2391 2573 2436 et
2597 2394 2704 2438 stet
2733 2402 2761 2440 a
2794 2388 3000 2446 dextris
3031 2393 3240 2464 Patris,
3272 2409 3327 2454 et
3349 2403 3662 2475 interpellet

2086 2475 2186 2530 pro
2216 2463 2301 2518 his
2321 2505 2337 2530 ,
2369 2468 2491 2535 quis
2529 2485 2623 2525 eos
2650 2477 2850 2541 poterit
2880 2463 3286 2543 condemnare?
3314 2492 3373 2546 In
3417 2463 3660 2560 superio-

2086 2552 2239 2609 ribus
2275 2569 2497 2614 sanctus
2533 2579 2553 2611 ι
2581 2560 2816 2633 Spiritus
2875 2569 3206 2641 interpellat,
3240 2579 3410 2651 inquit
3432 2552 3500 2645 ",
3561 2603 3659 2657 pro

2085 2645 2241 2701 nobis
2271 2650 2562 2718 gemitibus
2613 2655 3070 2720 inenarrabilibus
3096 2667 3186 2722 ἰε
3245 2691 3264 2724 ι
3310 2645 3397 2730 ῐιίρ
3435 2697 3454 2730 ι
3491 2645 3656 2736 διέτε-

2079 2744 2197 2792 stus
2248 2736 2405 2792 Jesus
2439 2743 2527 2809 qui
2565 2756 2814 2802 mortuus
2843 2761 2926 2806 est
2963 2763 3020 2806 et
3079 2765 3412 2831 resurrexit,
3454 2786 3473 2818 ι
3541 2769 3658 2838 ipse

2083 2841 2104 2876 ι
2143 2827 2452 2897 interpellat
2481 2848 2576 2900 pro
2615 2836 2768 2892 nobis
2802 2839 2868 2892 ³⁵.
2907 2859 2928 2892 ι
2969 2844 3108 2899 Deus
3137 2849 3227 2917 qui
3253 2827 3531 2922 proprium
3560 2827 3658 2913 hic

2078 2917 2208 2972 lium
2263 2921 2487 2977 tradidit
2537 2940 2634 2993 pro
2687 2929 2874 2997 nobis,
2939 2933 3053 3002 ipse
3093 2917 3370 3005 justiti—cati
3401 2945 3649 3005 electos:

2073 3007 2198 3074 quis
2227 3008 2332 3062 erit
2359 3012 2498 3066 ultra
2530 3015 2621 3083 qui
2680 3018 2878 3072 audeat
2925 3025 3288 3086 condemnare
3315 3032 3338 3086 ?
3363 3033 3470 3090 Sed
3525 3039 3649 3095 dili-

2073 3099 2286 3167 gentius
2331 3101 2550 3158 intuere
2596 3111 2868 3176 quomodo
2913 3113 3206 3181 Apostolus
3279 3139 3542 3195 nusquam
3592 3133 3647 3187 in

2027 3190 2418 3256 ,sermonlbus
2471 3193 2583 3248 suis
2623 3194 2692 3250 ab
2745 3197 2906 3252 insita
2953 3201 3052 3257 sibi
3112 3209 3323 3263 cautela
3381 3190 3643 3272 discedat.

2071 3276 2188 3332 Non
2228 3279 2407 3334 dixit:
2443 3299 2463 3334 ι
2497 3281 2632 3349 Quis
2679 3290 2959 3344 accusabit
2994 3309 3013 3342 ι
3061 3293 3344 3352 adversum
3402 3315 3642 3370 vocatos,

2067 3370 2160 3423 sed
2188 3387 2208 3421 ι
2243 3371 2528 3427 adversum
2559 3375 2758 3431 electos
2785 3379 2808 3431 ?
2841 3397 2861 3430 ι
2907 3379 3019 3436 Nisi
3048 3386 3192 3440 enim
3220 3387 3391 3445 fueris
3415 3393 3638 3465 electus,

2066 3460 2172 3514 nisi
2208 3461 2262 3515 in
2291 3465 2542 3520 omnibus
2577 3475 2630 3520 te
2658 3469 2972 3526 exhibueris
3005 3477 3344 3543 probabilem
3382 3483 3510 3552 Deo,
3544 3460 3639 3543 ba;

2065 3550 2220 3606 bebis
2247 3564 2641 3610 accusatorem.
2689 3558 2748 3613 Si
2798 3561 2945 3616 enim
2983 3579 3150 3621 causa
3197 3578 3286 3625 tua
3330 3550 3503 3630 malai
3530 3589 3634 3641 est,

2063 3643 2108 3697 si
2136 3651 2190 3698 te
2217 3643 2422 3699 crimen
2454 3656 2602 3702 tuum
2637 3653 2927 3723 astringit,
2960 3658 3090 3726 quid
3124 3660 3220 3714 tibi
3263 3664 3508 3730 proderit
3539 3670 3634 3722 ad-

2063 3743 2317 3797 vocatus,
2361 3735 2571 3790 etiamsi
2615 3737 2775 3796 Jesus
2817 3744 2888 3798 sit
2932 3747 3025 3814 qui
3072 3747 3421 3820 interpellat?
3471 3753 3631 3813 Iesus

2060 3824 2205 3878 enim
2236 3826 2438 3880 veritas
2464 3838 2549 3882 est
2578 3829 2623 3860 '°
2649 3846 2664 3882 :
2695 3847 2803 3886 non
2836 3844 3015 3901 potest
3041 3852 3172 3905 ergo
3205 3857 3302 3910 pro
3345 3853 3396 3898 te
3427 3849 3630 3905 veritas

2059 3912 2268 3969 fallere.
2304 3913 2359 3968 ln
2391 3917 2492 3971 hoc
2527 3919 2618 3972 tibi
2665 3922 3019 3990 opitulahitur
3056 3928 3166 3999 (98)
3198 3935 3517 4004 advocatus,
3553 3955 3624 3993 ne

2058 4008 2399 4062 accusatoris
2439 4009 2724 4067 calumniis
2776 4015 3108 4086 involvaris,
3140 4038 3206 4077 ne
3236 4025 3329 4079 tibi
3355 4033 3626 4096 praeterita

2057 4110 2302 4167 peccata,
2335 4115 2454 4169 quae
2482 4117 2578 4171 per
2600 4103 2931 4174 baptismum
2957 4111 3132 4168 deleta
3163 4127 3324 4184 sunt,
3356 4121 3626 4188 imputen-

2056 4205 2162 4247 tur.
2196 4191 2252 4245 Si
2286 4209 2414 4247 vero
2441 4205 2563 4263 post
2599 4198 2712 4251 haec
2749 4198 2944 4254 iterum
2996 4203 3314 4276 delinquas,
3351 4225 3450 4266 nec
3500 4215 3624 4269 ullis

2053 4285 2169 4338 haec
2214 4285 2552 4352 pteuitentiae
2604 4288 2855 4360 lacrymis
2909 4293 3117 4360 diluas,
3171 4303 3478 4357 accusatori
3533 4316 3624 4360 tuo

2051 4377 2375 4432 criminandi
2415 4391 2465 4433 te
2503 4381 2786 4434 materiam
2838 4383 3037 4442 dabis:
3067 4400 3121 4443 et
3163 4395 3413 4459 quamvis
3465 4394 3623 4452 Jesus

2049 4470 2354 4539 interpellet
2384 4487 2481 4540 pro
2513 4476 2692 4540 nobis,
2728 4492 2833 4532 non
2866 4489 3044 4548 potest
3082 4490 3260 4536 tamen
3293 4486 3404 4557 (99)
3435 4489 3620 4545 dicere

373 4538 575 4605 sibilia,
609 4541 820 4596 occulta
850 4553 905 4597 et
942 4543 1250 4608 manifesta,
1281 4548 1604 4616 temporalia
1641 4560 1697 4606 et
1737 4561 1940 4608 aeterna
1974 4581 2021 4637 υ
2048 4560 2205 4618 Jesus
2235 4564 2488 4621 tenebras
2509 4565 2682 4621 lucem
2709 4583 2850 4633 esse,
2882 4587 3059 4640 neque
3087 4589 3333 4630 amarum
3362 4580 3520 4635 dulce
3546 4583 3615 4638 ".

371 4646 492 4683 cum
527 4633 745 4688 Christo
796 4637 1004 4704 pariter
1071 4635 1384 4691 habeamus.
1425 4637 1612 4694 Potest
1661 4652 1838 4698 autem
1889 4659 1943 4702 et

369 4721 477 4776 alio
517 4723 675 4778 modo
715 4727 794 4779 sic
832 4727 1054 4796 intelligi
1083 4729 1226 4796 qttod
1258 4730 1432 4786 dixit:
1479 4748 1499 4781 ι
1529 4733 1662 4787 Cum
1689 4735 1806 4805 ipso
1825 4755 1940 4792 om-

439 4814 482 4846 "
513 4813 702 4869 Matth.
734 4833 786 4882 κ,
815 4819 904 4873 2|.

367 4885 544 4958 tt._2:t.
617 4887 662 4917 ¹⁰
693 4885 850 4958 Joan.
874 4905 988 4955 xiv,
1011 4889 1101 4944 30.
1191 4885 1261 4923 ”²¹
1293 4885 1416 4947 lsai.
1449 4910 1596 4958 κων,
1633 4897 1722 4952 22.

365 4955 412 4986 ²⁶
432 4953 586 5010 Joan.
612 4971 723 5022 xw,
747 4956 800 5010 6.
874 4961 920 4990 ’⁷
944 4953 1070 5014 lsai.
1092 4975 1144 5022 ν,
1169 4960 1258 5015 20.
1331 4965 1375 4994 ’⁸
1396 4953 1616 5030 Psal.1.,
1640 4968 1694 5022 6.

435 5048 546 5123 (89)
582 5048 743 5114 Editi,
787 5068 805 5100 ι
847 5059 896 5103 et
933 5049 1084 5123 viain
1110 5055 1528 5112 resurrectionis
1564 5074 1592 5110 a
1624 5063 1874 5123 mortuis,
1905 5083 1923 5114 ι

361 5127 466 5170 etc.
488 5119 586 5171 Ms.
605 5135 763 5186 untts,
800 5138 819 5170 ι
847 5134 999 5189 spem
1019 5122 1181 5175 etiam
1209 5127 1621 5183 resurrectionis
1646 5119 1924 5198 mortuis,»

360 5197 463 5241 etc.

432 5256 545 5326 (90)
583 5257 648 5310 Et
673 5275 766 5340 pro
793 5259 1196 5340 omnibusnec
1219 5262 1388 5340 verba
1411 5264 1607 5321 desunt
1644 5269 1696 5322 in
1736 5269 1927 5340 pleris-

359 5341 464 5390 que
496 5343 626 5382 mss.
658 5330 790 5405 etin
817 5330 1270 5405 editis,_et-_apud
1292 5331 1607 5405 Rabanmn;
1643 5330 1750 5395 sed'
1771 5343 1928 5395 resti-

362 5399 829 5470 tnnutur_abuno
861 5415 962 5470 ms.
1004 5399 1192 5470 Regio.

428 5467 539 5535 (91)
576 5467 739 5532 Editi,
774 5486 792 5519 ι
831 5469 1022 5523 melius
1057 5467 1140 5524 est
1169 5469 1385 5533 molam,
1421 5493 1441 5526 ι
1468 5483 1575 5530 etc.

428 5536 540 5612 (92)
579 5538 744 5602 Editi,
789 5555 809 5590 ι
839 5539 1006 5594 dedit.
1043 5540 1188 5596 Nihil
1216 5553 1300 5596 est
1336 5545 1584 5612 visibilis,
1628 5547 1744 5603 sive
1788 5549 1929 5606 invi-

355 5606 550 5670 sibilis,
580 5627 598 5659 ι
638 5615 746 5662 etc.

447 5676 538 5750 91’?)
581 5678 788 5750 guinis.
822 5678 1102 5735 Omittitur
1149 5683 1201 5736 in
1237 5692 1391 5737 antea
1427 5685 1608 5742 editis.

447 5684 538 5750 95)
583 5684 788 5732 Omnis.
822 5684 1102 5735 Omittitur
1149 5684 1201 5736 in
1237 5692 1391 5737 antea
1427 5685 1608 5742 editis.

425 5684 536 5818 (94)
578 5747 740 5819 Editi,
783 5767 801 5800 ι
847 5759 905 5802 ιιι
945 5751 1056 5819 jam
1099 5767 1202 5806 non
1252 5771 1301 5807 ιιι
1357 5771 1520 5809 unttm
1561 5772 1629 5813 ex
1669 5759 1923 5816 omnibus

353 5817 640 5879 creaturis,
675 5828 728 5871 et
762 5817 986 5887 parvum
1016 5834 1173 5875 terra:
1206 5825 1350 5881 hunc
1382 5825 1556 5883 locum
1597 5845 1757 5901 quem
1807 5846 1916 5887 non

545 5911 820 5975 Ριτιιοι..
864 5911 980 5975 Gtt.
1029 5915 1195 5975 XIV.

2052 4650 2109 4705 Si
2139 4668 2267 4723 ergo
2291 4655 2370 4708 vis
2389 4655 2745 4712 vincet-ecum
2772 4660 3033 4727 judicaris
3059 4665 3105 4696 ’⁸
3138 4665 3236 4738 (1),
3271 4669 3354 4722 fac
3380 4673 3520 4738 quod
3548 4673 3616 4728 de

2038 4742 2188 4811 justo
2214 4745 2475 4813 scriptum
2502 4754 2586 4800 est
2621 4765 2636 4801 :
2674 4767 2694 4798 ι
2733 4749 2964 4821 Dispoue
2994 4769 3275 4811 sermones
3313 4769 3431 4814 tuos
3455 4760 3508 4814 in
3532 4761 3616 4828 jn-

983 4819 1412 4917 ¹ἒι¹ἷ¹¹ί¹ίῆκ¹ῑιὲν
1449 4823 1503 4917 Ζε
1522 4825 1979 4917 __".lle“"-.}Y'H

2100 4854 2114 4902 ;
2151 4836 2473 4917 Δ[λιιειξγὶιῃ
2507 4838 2559 4894 2.
2633 4841 2673 4870 ’⁸
2716 4819 2871 4917 Rom.
2903 4861 3023 4909 vin,
3053 4850 3141 4917 55,
3171 4850 3258 4904 34.
3338 4852 3380 4884 ¹⁹
3419 4819 3608 4910 lPetr.

1191 4838 1328 4891 p.11,
1359 4838 1412 4890 ι),
1452 4838 1503 4878 'l.
1582 4838 1829 4884 “Matth.
1862 4848 1979 4890 xvm

1191 4893 1261 4980 κθ
1293 4894 1434 4980 Ιξιξίλ
1449 4910 1596 4980 xntv,
1633 4897 1722 4980 9‘2.
1827 4903 1874 4935 “
1905 4903 1979 4960 lsa

2100 4854 2114 4902 ;
2179 4838 2309 4892 Luc.
2342 4853 2473 4904 xvn,
2507 4838 2559 4894 2.
2633 4841 2673 4870 ’⁸
2716 4843 2871 4897 Rom.
2903 4861 3023 4909 vui,
3053 4850 3141 4917 55,
3171 4850 3258 4904 54.
3338 4852 3380 4884 ¹⁹
3419 4852 3605 4910 lPetr.

2083 4948 2097 4973 ,
2145 4907 2232 4961 l8.
2308 4907 2356 4939 ³⁸
2383 4908 2681 4975 Rom.vm,
2736 4913 2824 4968 26.
2902 4917 2950 4947 ’δ
2975 4918 3108 4972 ibid.
3133 4921 3222 4974 54.
3298 4922 3605 4980 ²⁸ἰ1ιὶι1.52.

2038 5064 2304 5126 videmus,
2333 5064 2580 5120 habitare
2611 5067 2917 5124 timeamus.
2953 5089 2971 5122 ι

2109 5134 2221 5204 (95)
2274 5137 2364 5187 Sic
2409 5151 2538 5188 mss.
2593 5137 2860 5209 plerique.
2911 5141 3163 5197 [tabanus
3207 5157 3262 5199 et
3306 5147 3460 5200 editi.
3504 5149 3604 5209 Ms.

2037 5213 2213 5258 tamen
2269 5219 2434 5267 unus,
2499 5224 2518 5255 ι
2594 5206 2782 5262 Nullus
2833 5211 2976 5264 enim
3005 5222 3089 5267 est
3131 5213 3340 5271 electus
3379 5219 3456 5272 ita
3493 5206 3608 5274 ma;

2033 5289 2190 5343 guns,
2221 5292 2239 5324 ι
2276 5285 2381 5326 etc.

2104 5343 2218 5422 (96-)
2242 5343 2400 5422 Editi,
2438 5361 2457 5395 ι
2490 5344 2590 5398 nisi
2621 5345 2707 5399 ille
2738 5347 2888 5422 solus
2923 5388 2938 5402 .
2966 5387 2982 5404 .
3007 5387 3024 5404 .
3057 5353 3146 5422 qui
3176 5353 3391 5409 dicebat
3411 5354 3552 5422 haec,
3579 5378 3597 5409 ι

2036 5424 2141 5480 etc.
2183 5413 2386 5469 Deinde
2416 5429 2516 5469 ms.
2547 5431 2708 5482 unus,
2742 5435 2760 5468 ι
2797 5427 2850 5473 et
2877 5420 2929 5473 in
2961 5435 3045 5476 me
3074 5413 3178 5476 non
3210 5424 3415 5479 invenit
3441 5413 3602 5496 quid-

2247 5501 2464 5607 ἕπεται.
2497 5551 2895 5625 Genehrardns,
2935 5576 2955 5609 ι
2990 5569 3259 5625 exerceat,
3298 5580 3319 5615 ι
3356 5563 3522 5620 male.

2102 5619 2221 5702 (98)
2246 5624 2340 5702 _Sic
2365 5638 2553 5702 omnes
2575 5640 2706 5678 mss.
2733 5637 2788 5679 et
2821 5619 3097 5688 RabanuS.
3128 5619 3269 5686 Edit'i
3296 5648 3450 5702 vero,
3485 5619 3508 5689 VC
3535 5633 3595 5693 In

2031 5706 2144 5762 quo
2167 5693 2665 5762 tibi_0pitulabitur,
2707 5714 2727 5748 ι
2765 5707 2874 5753 etc.

2124 5761 2214 5831 99)
2235 5760 2466 5831 (Tamen.
2498 5763 2845 5820 Desideratur
2883 5769 2937 5824 in
2964 5769 3146 5829 editis.

2124 5765 2214 5831 99)
2251 5765 2466 5820 Tamen.
2498 5765 2845 5820 Desideratur
2883 5769 2937 5824 in

2097 5765 2176 5902 (1)
2206 5830 2372 5901 Editi,
2401 5850 2419 5884 ι
2458 5835 2599 5903 ιιυοι1
2622 5835 2903 5905 judicaris.
2942 5859 2964 5894 ι

3240 5933 3316 5994 36
