4146 6386
574 335 707 409 tisi

2011 357 2334 416 ORIGENIS

3656 364 3825 421 1152

578 477 720 528 dicio
758 493 773 530 :
807 473 1059 545 Praepara
1111 489 1275 542 opera
1328 482 1417 528 tua
1470 475 1537 527 ad
1590 473 1793 527 exitum
1830 491 1844 526 :
1876 474 2146 529 Memento
2182 484 2220 535 Α
2250 478 2293 529 si
2325 475 2518 543 patiar,
2557 485 2611 530 et
2642 476 2905 533 conﬁtear
2934 477 3211 533 Christum
3247 495 3423 535 meum
3478 496 3662 538 coram
3720 488 3823 539 ho-

578 569 1000 623 uovissimorum
1032 575 1247 619 tuorum
1267 607 1283 628 ,
1330 575 1386 620 et
1440 567 1490 619 in
1518 574 1783 619 aeternum
1815 582 1922 620 non
1954 581 2147 634 pecca-

578 660 662 713 bis
695 657 775 730 (2)
800 658 844 689 ’θ
878 672 894 710 :
932 676 951 708 ι
1009 671 1077 710 ne
1105 656 1200 710 tibi
1235 656 1518 723 contingat
1555 656 1683 710 illud
1727 657 1871 725 quod
1907 657 1976 710 de
2007 671 2144 725 quo-

576 751 701 802 dam
780 747 1038 817 scriptum
1091 755 1172 799 est
1208 747 1251 778 ³⁰
1303 761 1318 797 :
1378 764 1398 796 ι
1450 745 1584 800 Cum
1628 746 1934 816 judicatur,
1989 755 2147 801 exeat

574 838 989 893 condemnatus.
1027 858 1046 890 ι
1090 836 1226 891 Vide
1255 845 1436 890 autem
1466 836 1736 904 quomodo
1781 836 1970 890 audias
2014 838 2143 904 quia

575 930 734 987 Jesus
789 948 808 980 ι
844 929 1153 997 interpellat
1200 942 1299 998 pro
1342 926 1515 980 nobis.
1551 943 1570 976 ι
1613 923 1730 993 Ipse
1780 935 1861 979 est
1893 927 2036 981 enim
2077 926 2143 979 de

574 1038 684 1091 quo
714 1031 769 1075 et
808 1021 938 1076 alibi
985 1021 1244 1088 scriptum
1293 1027 1405 1082 est,
1441 1019 1569 1086 quia
1615 1034 1635 1068 ι
1671 1016 1831 1071 Pater
1865 1018 2139 1072 neminem

566 1115 798 1183 judicat,
830 1115 925 1169 sed
953 1127 1116 1167 omne
1142 1112 1405 1179 judicium
1436 1110 1581 1164 dedit
1607 1110 1745 1165 Filio
1768 1110 1833 1171 ³¹.
1874 1129 1894 1161 ι
1925 1120 1982 1165 et
2001 1111 2143 1165 sicut

574 1209 690 1275 ipse
728 1215 811 1260 est
856 1206 1033 1259 hostia
1076 1213 1130 1258 et
1165 1204 1442 1266 sacerdos,
1481 1210 1535 1255 et
1577 1202 1693 1269 ipse
1733 1210 1816 1255 est
1866 1201 1922 1255 in
1966 1202 2137 1256 l‘orma

571 1298 712 1352 servi
743 1306 799 1350 et
831 1297 883 1349 in
930 1294 1102 1349 forma
1144 1294 1269 1361 Dei,
1300 1294 1377 1349 sic
1415 1294 1531 1361 ipse
1563 1302 1646 1346 est
1669 1301 1726 1346 et
1763 1292 2058 1347 advocatus
2086 1303 2140 1346 et

564 1388 726 1456 judcx
760 1387 824 1439 ³’.

643 1481 732 1534 ll.
779 1497 798 1530 ι
833 1479 967 1545 Quis
1019 1492 1148 1547 ergo
1188 1478 1462 1546 separabit
1493 1493 1590 1531 nos
1618 1493 1651 1532 a
1692 1478 1964 1533 charitate
1999 1476 2138 1531 Dei?

570 1571 916 1626 Tribulatio?
966 1585 1032 1622 an
1088 1570 1387 1638 angustia?
1432 1585 1501 1624 an
1560 1571 1913 1639 persecutio?
1956 1584 2023 1623 an
2058 1569 2135 1622 fa-

568 1662 727 1718 mes?
755 1677 825 1714 an
854 1661 1113 1716 uuditas?
1137 1677 1203 1713 an
1238 1660 1572 1728 periculum?
1604 1676 1673 1715 an
1702 1661 1950 1732 gladius?
1974 1662 2135 1730 (sicut

566 1756 827 1821 scriptum
877 1761 961 1806 est
1011 1770 1023 1804 :
1077 1750 1214 1818 Quia
1249 1761 1472 1820 propter
1499 1759 1553 1805 te
1601 1750 1994 1806 mortiﬁcamur
2021 1761 2131 1807 tota

565 1846 653 1899 die
686 1863 700 1901 :
736 1844 988 1899 aestimati
1019 1856 1205 1898 sumus
1240 1843 1382 1896 sicut
1413 1857 1546 1896 oves
1569 1842 1907 1914 occisionis.)
1939 1841 2046 1899 Sed
2078 1846 2129 1898 in

566 1940 649 1995 his
671 1936 923 1990 omnibus
942 1948 1261 2003 superamus
1287 1947 1379 2001 per
1406 1948 1528 1986 eum
1555 1935 1647 2002 qui
1668 1934 1859 1989 dilexit
1886 1948 1985 1989 nos
2008 1936 2072 1987 ⁸².
2107 1954 2126 1985 ι

563 2032 671 2085 Pro
697 2030 802 2095 his,
836 2028 1028 2096 inquit,
1055 2026 1307 2081 omnibus
1331 2041 1450 2095 quae
1478 2040 1638 2095 supra
1669 2026 2128 2089 enumeravimus,

563 2122 613 2175 id
642 2130 756 2186 est,
785 2120 927 2191 quod
947 2118 1061 2188 jam
1096 2133 1202 2172 non
1247 2132 1434 2171 sumus
1478 2118 1531 2171 in
1562 2131 1761 2183 carne,
1801 2117 1896 2171 sed
1934 2117 1988 2171 in
2020 2118 2126 2186 spi-

559 2214 708 2278 ritu;
738 2221 795 2266 et
824 2212 966 2281 quod
994 2209 1235 2279 Spiritus
1254 2209 1347 2262 Dei
1376 2209 1585 2262 habitat
1610 2210 1664 2262 iu
1684 2209 1874 2273 nobis;
1907 2218 1965 2262 et
1985 2211 2128 2277 quod

560 2304 809 2358 Christus
835 2303 888 2356 in
934 2302 1091 2355 nobis
1125 2302 1295 2363 est”,
1332 2316 1430 2371 per
1476 2314 1637 2368 quem
1672 2314 1870 2367 corpus
1908 2299 2127 2368 quidem

562 2404 835 2449 mortuum
882 2402 968 2446 est
1032 2401 1257 2460 prapter
1305 2400 1622 2455 peccatum,
1676 2391 1903 2460 spiritus
1947 2400 2127 2446 autem

558 2488 668 2539 vita
717 2484 796 2554 (5)
834 2493 919 2538 est
965 2493 1190 2554 pr0pter
1233 2482 1718 2553 justiﬁcationem;
1747 2491 1803 2537 et
1843 2484 1987 2552 quod
2010 2486 2123 2554 jam

558 2594 669 2634 nott
723 2590 912 2632 sumus
962 2576 1239 2631 debitores
1268 2573 1450 2628 carnis
1484 2586 1545 2627 ut
1569 2576 1867 2630 secundum
1904 2593 2124 2632 carnem

555 2670 832 2732 vivamus,
864 2669 988 2738 quia
1017 2667 1210 2737 spiritu
1243 2675 1398 2723 actus
1429 2669 1609 2723 carnis
1644 2669 2122 2735 mortilicavimus;

558 2762 780 2831 etquod
820 2742 920 2829 per
967 2760 1218 2829 spiritum
1257 2761 1562 2831 ad0ptionis
1595 2760 1691 2815 lilii
1731 2760 1908 2816 eﬁ'ecti
1940 2777 2125 2817 sumus

559 2854 691 2920 Dei,
721 2864 777 2909 et
806 2856 852 2908 si
883 2854 1013 2919 ﬁlii,
1049 2854 1211 2908 etiam
1244 2854 1486 2908 haeredes
1520 2854 1613 2909 Dei
1635 2892 1651 2917 ,
1691 2854 2001 2909 cobzeredes
2029 2870 2126 2907 auo

558 2959 661 3000 tem
689 2946 928 3010 Christi;
951 2954 1005 2999 et
1032 2945 1174 3014 quod
1202 2948 1448 2999 universa
1472 2955 1726 3000 creatura
1758 2944 2124 3015 congemiscit

556 3036 715 3092 nobis
752 3043 811 3089 et
854 3035 1131 3099 condolet,
1192 3034 1574 3089 revelationem
1621 3035 1853 3089 liliorum
1894 3037 1986 3090 Dei
2029 3051 2125 3090 ex-

2253 567 2508 630 minibus,
2540 579 2725 622 certus
2746 584 2864 623 sum
2913 569 3042 639 quia
3083 581 3139 623 et
3192 571 3282 625 ille
3334 588 3422 626 me
3470 574 3825 631 conﬁtebitur

2248 666 2433 706 coram
2467 652 2629 708 Patre
2662 670 2759 708 suo
2799 657 2875 725 (7)
2905 658 2995 726 qui
3027 659 3079 710 in
3112 660 3267 713 caelis
3293 670 3377 713 est
3408 661 3473 714 ³⁸.
3523 659 3725 720 Fames
3771 668 3817 720 si

2246 744 2502 809 adfuerit,
2537 746 2763 800 turbare
2795 763 2880 801 me
2907 763 3015 802 non
3054 757 3230 816 patest
3266 767 3279 800 :
3323 751 3498 806 habeo
3537 754 3682 809 enim
3724 770 3822 824 pa-

2246 851 2369 890 nem
2401 837 2527 890 vitae
2556 836 2646 905 qui
2680 838 2747 892 de
2792 837 2933 893 ctelo
2979 839 3257 893 descendit
3282 840 3326 871 ³⁷
3360 848 3417 894 et
3472 842 3651 896 reiicit
3701 845 3821 896 ani-

2247 940 2363 980 mas
2399 928 2747 996 esurientes;
2800 944 2897 983 nec
2954 929 3244 999 aliquando
3294 940 3470 998 potest
3506 933 3664 1002 panis
3712 933 3819 987 iste

2244 1016 2477 1073 deﬁcere
2509 1034 2525 1073 :
2558 1030 2641 1074 est
2684 1021 2829 1074 enim
2860 1020 3134 1089 perlectus
3179 1032 3235 1076 et
3271 1032 3530 1078 aeternus.
3588 1022 3818 1080 Nuditas

2244 1123 2330 1163 me
2380 1124 2487 1163 non
2544 1109 2826 1163 confundit
2861 1127 2876 1164 :
2910 1111 3130 1165 indutus
3180 1128 3300 1166 sum
3348 1114 3492 1168 enim
3524 1114 3811 1171 Dominum

2239 1198 2422 1254 Jesum
2448 1200 2615 1271 608
2641 1200 2913 1256 Cbrismm
2941 1201 3011 1265 ³⁸,
3057 1212 3111 1256 et
3142 1203 3510 1258 habitaculum
3561 1217 3808 1262 nostrum

2242 1292 2387 1359 quod
2413 1293 2480 1345 de
2506 1292 2649 1345 coelo
2673 1302 2788 1356 est,
2824 1293 3139 1362 superindui
3188 1310 3346 1364 spero
3378 1295 3423 1327 ”
3460 1314 3474 1350 :
3519 1315 3538 1347 ι
3585 1297 3811 1367 Oportet

2238 1384 2382 1437 enim
2423 1384 2653 1437 mortale
2681 1383 2783 1438 hoc
2814 1383 3038 1439 induere
3067 1386 3531 1442 immortalitatem
3554 1399 3654 1454 ,,et
3679 1405 3808 1443 cor-

2240 1473 2494 1542 ruptibile
2525 1474 2628 1529 hoc
2659 1473 2885 1530 induere
2923 1475 3381 1545 incorruptionem
3405 1478 3471 1531 ⁸ο.
3509 1498 3529 1531 ι
3582 1478 3803 1533 Pericu-

2237 1565 2343 1617 lum
2418 1579 2524 1619 non
2584 1566 2787 1620 timebo
2832 1584 2902 1618 ξ(
2954 1568 3210 1624 Dominus
3283 1572 3426 1624 enim
3483 1571 3804 1627 illuminatio

2236 1666 2452 1722 mea,et
2475 1657 2621 1713 salus
2645 1673 2786 1725 mea,
2811 1673 2969 1728 quem
2998 1660 3196 1714 timebo
3222 1660 3324 1730 (8)?
3355 1681 3375 1713 ι
3409 1672 3464 1715 et
3497 1680 3516 1713 ι
3548 1663 3806 1718 Dominus

2234 1749 2487 1804 defensor
2512 1751 2639 1804 vitae
2674 1766 2806 1804 metu
2828 1791 2844 1815 ,
2871 1766 2901 1804 a
2929 1766 3039 1820 quo
3068 1753 3348 1820 trepidabo
3373 1752 3417 1783 “
3446 1754 3469 1807 ?
3515 1773 3533 1805 ι
3575 1754 3803 1809 Gladius

2234 1850 2485 1896 terrenus
2518 1851 2726 1896 terrere
2764 1858 2849 1896 me
2881 1859 2986 1897 non
3025 1852 3204 1910 potest
3242 1861 3256 1896 :
3303 1844 3479 1900 habeo
3504 1845 3646 1899 enim
3693 1846 3804 1900 lor-

2234 1930 2422 1984 tiorem
2452 1945 2661 1985 mecum
2697 1948 2716 1982 ι
2750 1931 2986 2002 gladium
3015 1933 3268 2001 Spiritus,
3299 1935 3439 2003 quod
3465 1945 3547 1989 est
3577 1936 3801 1991 verbum

2234 2022 2326 2076 Dei
2361 2021 2447 2087 ";
2500 2041 2521 2075 ›
2560 2031 2618 2077 et
2653 2038 2865 2079 mecum
2894 2034 2978 2078 est
3028 2044 3048 2076 ι
3094 2024 3283 2079 vivens
3307 2036 3362 2080 et
3392 2025 3581 2081 eﬂicax
3619 2041 3802 2083 sermo

2234 2114 2351 2179 Dei,
2389 2133 2408 2166 ι
2450 2116 2651 2182 quiest
2687 2133 2706 2166 ι
2741 2117 3128 2185 penetrabilior
3155 2118 3303 2172 omni
3341 2118 3519 2186 gladio
3547 2121 3801 2188 utrinque

2230 2220 2392 2262 acuto
2421 2207 2500 2277 (9)
2532 2206 2599 2260 “.
2635 2226 2655 2258 ι
2686 2208 2744 2261 Si
2780 2222 2913 2277 ergo
2935 2207 3148 2277 gladius
3184 2210 3370 2263 mundi
3402 2208 3612 2264 venerit
3638 2224 3802 2277 super

2230 2302 2473 2354 cervices
2522 2312 2708 2363 meas,
2754 2299 3017 2368 majorem
3054 2300 3188 2354 mihi
3235 2300 3303 2354 ad
3338 2299 3509 2354 Deum
3541 2299 3800 2356 conciliat

2228 2392 2574 2447 charitatem.
2607 2391 2791 2446 Dicam
2822 2408 3057 2462 namque
3088 2393 3154 2446 ad
3187 2408 3313 2447 eum
3335 2434 3351 2459 ,
3384 2394 3513 2462 quia
3535 2434 3551 2457 ,
3586 2411 3607 2445 ι
3645 2395 3791 2449 sicut

2228 2485 2485 2553 scriptum
2514 2482 2891 2551 estzPropter
2949 2494 3002 2539 te
3053 2486 3446 2539 mortiﬁcamur
3499 2492 3612 2539 tota
3655 2485 3794 2540 die:

2228 2576 2479 2630 aestimati
2503 2591 2687 2629 sumus
2705 2576 2816 2647 (10)
2842 2585 3044 2631 utoves
3067 2576 3357 2630 occisionis
3386 2575 3484 2630 ⁸⁸.»
3507 2575 3619 2630 Non
3646 2577 3790 2630 enim

2229 2668 2364 2722 mihi
2392 2667 2589 2722 suﬂicit
2635 2685 2738 2722 una
2790 2669 2921 2722 hora
2969 2669 3105 2724 mori
3136 2684 3234 2739 pro
3264 2668 3517 2732 Christo,
3548 2670 3632 2723 vel
3661 2683 3793 2723 cru-

2227 2759 2382 2826 ciari,
2408 2761 2502 2812 sed
2539 2777 2558 2810 ι
2591 2768 2700 2814 tota
2726 2760 2834 2823 die,
2879 2779 2897 2810 ι
2927 2761 3028 2814 hoc
3056 2770 3139 2814 est.
3165 2761 3311 2813 omni
3335 2759 3455 2813 vitae
3487 2773 3620 2813 mea:
3650 2769 3794 2813 tem-

2226 2863 2379 2917 pore.
2419 2848 2475 2903 Si
2500 2851 2643 2904 enim
2694 2860 2858 2903 totam
2891 2852 3053 2905 vitam
3093 2866 3267 2905 meam
3310 2851 3361 2904 in
3396 2849 3795 2917 persecutioni-

2226 2941 2330 2997 bus
2356 2950 2409 2995 et
2441 2941 2700 3011 periculis
2731 2956 2910 3011 agam,
2936 2941 3113 2995 dicam
3144 2944 3274 3011 quia
3314 2961 3334 2992 ι
3368 2957 3473 2995 nou
3506 2952 3632 2995 sunt
3651 2954 3788 2994 con-

2227 3032 2399 3099 dignm
2427 3031 2704 3101 passiones
2727 3031 2888 3101 hujus
2921 3033 3180 3101 temporis
3202 3035 3266 3085 ad
3295 3032 3529 3087 loturam
3556 3033 3785 3101 gloriam

555 3137 839 3198 spectans;
870 3133 926 3181 et
961 3124 1105 3195 quod
1141 3123 1488 3194 diligentibus
1520 3124 1676 3179 nobis
1722 3123 1892 3178 Deum
1940 3125 2119 3179 omnia
2151 3151 2192 3205 ε
2225 3138 2345 3193 quae
2376 3122 2704 3178 revelabitur
2727 3124 2779 3176 iu
2802 3124 3048 3187 nobis".
3084 3142 3102 3174 ι
3144 3123 3312 3178 Breve
3340 3133 3423 3178 est
3455 3124 3599 3177 enim
3627 3122 3788 3191 hujus

556 3230 915 3289 cooperantur
960 3217 1013 3271 in
1045 3216 1284 3282 bonum;
1335 3227 1392 3271 et
1418 3217 1565 3285 quod
1593 3217 1868 3286 praescivit
1909 3228 1962 3270 et
1992 3232 2124 3285 prae-

554 3310 852 3367 destinavit
882 3322 982 3364 nos
1010 3306 1321 3363 conformes
1355 3307 1606 3377 imaginis
1633 3305 1754 3361 Filii
1788 3308 1872 3361 sui
1904 3308 1995 3376 qui
2032 3323 2121 3362 se-

550 3402 790 3461 cundum
815 3399 1152 3469 propositum
1184 3395 1360 3451 vocati
1390 3410 1579 3451 sumus
1605 3394 1653 3426 “
1680 3410 1694 3446 :
1728 3409 1851 3450 cum
1890 3409 1987 3460 pro
2011 3394 2119 3458 his,

553 3496 760 3564 inquit,
808 3493 1060 3551 omnibus
1111 3489 1389 3546 beneﬁciis
1425 3503 1545 3559 quae
1577 3488 1855 3544 consecuti
1906 3503 2119 3551 sumus,

556 3589 647 3642 ﬁxi
678 3597 734 3642 et
759 3586 987 3641 radicati
1014 3598 1205 3640 sumus
1231 3584 1283 3637 in
1312 3581 1582 3638 charitate
1618 3581 1736 3644 Dei,
1765 3581 1888 3651 quis
1921 3596 2022 3634 uos
2051 3580 2120 3633 ab

550 3694 614 3733 ea
647 3678 849 3740 poterit
900 3674 1204 3745 separare?
1242 3672 1547 3729 Tribulatio
1592 3672 1637 3726 si
1687 3672 1920 3736 venerit,
1972 3672 2122 3725 dice-

552 3787 674 3825 mus
703 3770 769 3823 ad
798 3768 992 3832 Deum,
1012 3785 1031 3818 ι
1055 3768 1112 3821 ln
1145 3765 1490 3821 tribulatione
1515 3765 1752 3820 dilatasti
1783 3779 1866 3819 me
1887 3764 1965 3833 (4)
1990 3764 2057 3818 ³⁵.
2094 3783 2114 3816 ι

550 3861 814 3932 Angustia
848 3860 892 3914 si
923 3858 1085 3913 fuerit
1111 3857 1316 3921 mundi,
1345 3864 1401 3911 et
1432 3871 1497 3911 ex
1529 3855 1857 3910 necessitate
1889 3852 1967 3923 (5)
1994 3866 2118 3907 cor-

550 3955 703 4025 poris
735 3953 993 4013 veniens.
1024 3950 1307 4018 sapientiae
1352 3949 1479 4015 Dei,
1507 3957 1565 4001 et
1604 3944 1844 4000 scientiae
1874 3943 2117 3998 latitudi-

551 4061 672 4100 nem
707 4045 1047 4114 requiremus
1071 4084 1087 4108 ,
1120 4044 1172 4096 iu
1205 4059 1312 4112 qua
1348 4056 1446 4095 nos
1480 4047 1772 4108 angustare
1804 4049 1908 4088 non
1938 4044 2118 4101 potest

553 4143 805 4196 mundus.
846 4139 1053 4193 Redibo
1084 4137 1229 4191 enim
1258 4137 1325 4188 ad
1353 4132 1761 4201 Scripturarum
1806 4127 2113 4182 divinarum

550 4232 911 4301 amplissimos
942 4242 1163 4293 campos
1202 4241 1216 4277 :
1252 4224 1583 4279 intellectum
1612 4219 1759 4275 verbi
1781 4218 1870 4274 Dei
1895 4208 2116 4288 spiFita-

550 4326 651 4378 lem
706 4322 1010 4391 requiram,
1063 4327 1121 4373 et
1169 4317 1312 4372 nulla
1344 4328 1429 4369 me
1480 4314 1532 4367 in
1572 4326 1637 4367 eo
1679 4311 1980 4365 coarctabit
2014 4323 2116 4363 an-

546 4416 742 4484 gustia.
783 4412 887 4467 Per
918 4411 1223 4483 largissima
1275 4407 1351 4479 (6)
1388 4406 1533 4461 enim
1588 4403 1761 4474 spatia
1803 4403 2112 4471 intelligen-

2225 3218 2348 3271 vitm
2385 3227 2631 3286 tempus,
2662 3226 2719 3273 et
2761 3218 3014 3287 exiguum
3039 3220 3181 3288 quod
3219 3220 3270 3271 in
3321 3216 3791 3286 persecutionibus

2223 3308 2508 3373 ducimus;
2540 3316 2798 3362 aeternum
2843 3322 2974 3362 vero
3021 3318 3074 3362 et
3118 3320 3440 3377 perpetuum
3500 3309 3645 3380 quod
3692 3323 3793 3361 ex-

2223 3410 2528 3468 spectamus
2554 3398 2606 3452 iu
2639 3398 2833 3467 gloria.
2877 3399 2942 3452 Et
2971 3401 3092 3454 ideo
3119 3418 3137 3450 ς
3168 3400 3221 3454 in
3255 3401 3358 3467 his,
3391 3400 3588 3469 inquit,
3612 3401 3790 3455 omni-

2222 3488 2326 3543 bus
2356 3503 2675 3558 superamus
2711 3508 2729 3538 ι
2759 3504 2863 3542 non
2890 3498 3073 3544 nostra
3097 3493 3319 3556 virtute,
3345 3491 3438 3545 sed
3472 3509 3492 3543 ι
3541 3505 3636 3560 per
3665 3506 3789 3546 eum

2221 3577 2312 3645 qui
2347 3576 2539 3631 dilexit
2562 3591 2659 3629 nos
2682 3577 2751 3632 “.
2790 3596 2808 3630 ι
2843 3577 2973 3631 Dum
3006 3580 3151 3634 enim
3185 3580 3236 3633 iu
3273 3580 3415 3635 illius
3436 3596 3620 3635 amore
3651 3596 3788 3650 pen-

2221 3669 2445 3732 demus,
2486 3683 2702 3724 sensum
2730 3668 2931 3724 doloris
2972 3685 3078 3723 non
3115 3672 3423 3740 recipimus.
3460 3672 3609 3727 Illius
3641 3673 3785 3726 enim

2220 3758 2459 3813 charitas
2489 3774 2595 3829 qua
2639 3773 2740 3813 nos
2785 3758 3010 3823 dilexit,
3037 3767 3093 3814 et
3134 3772 3376 3814 nostrum
3411 3765 3478 3815 ad
3523 3777 3581 3816 se
3610 3762 3790 3828 rapuit

2220 3848 2496 3916 allectum,
2532 3851 2832 3905 cruciatqu
2875 3853 3139 3922 corporis,
3173 3863 3228 3906 et
3251 3853 3493 3906 dolorem
3520 3869 3625 3909 IIOII
3656 3869 3786 3907 sen-

2221 3942 2322 3997 tire
2353 3958 2450 3997 nos
2487 3943 2635 3997 facit.
2681 3943 2800 3997 Ideo
2838 3957 2968 4011 ergo
3005 3961 3023 3993 ι
3058 3946 3109 3996 in
3147 3943 3231 3997 bis
3261 3945 3516 3999 omnibus
3555 3961 3782 4015 supera-

2220 4049 2357 4087 mus.
2392 4053 2410 4086 ι
2456 4031 2585 4086 Tale
2616 4033 2817 4101 aliquid
2848 4045 2902 4087 et
2928 4036 2980 4088 in
3021 4034 3261 4088 Cauticis
3292 4022 3490 4102 sponsa
3541 4036 3675 4089 dicit
3714 4037 3784 4091 ad

2218 4121 2485 4186 Verbum,
2535 4123 2659 4193 quia
2715 4142 2734 4175 ι
2767 4125 3050 4180 vulnerata
3074 4164 3089 4190 ,
3126 4126 3336 4193 inquit,
3364 4125 3639 4180 charitate
3682 4140 3784 4193 ego

2217 4231 2333 4271 sum
2348 4215 2412 4269 ".
2427 4235 2447 4269 ι
2469 4217 2548 4269 Ad
2568 4219 2708 4272 hunc
2729 4232 2859 4286 ergo
2883 4219 3095 4271 modum
3117 4226 3170 4272 et
3186 4219 3364 4271 anima
3388 4228 3571 4272 nostra
3586 4234 3613 4270 a
3628 4215 3787 4273 Chri-

2216 4319 2299 4360 sto
2324 4308 2545 4361 vulnere
2571 4308 2856 4361 charitatis
2881 4307 2996 4378 (ll)
3030 4319 3286 4377 accepto,
3333 4308 3548 4361 etiamsi
3603 4307 3786 4361 tradat

2216 4399 2394 4470 gladio
2418 4414 2633 4469 corpus,
2673 4414 2776 4455 non
2809 4400 3004 4456 sentiet
3052 4399 3274 4453 vulnera
3311 4399 3490 4453 carnis
3520 4414 3632 4468 pra:
3666 4398 3784 4450 vul-

549 4509 637 4563 tia:
672 4504 916 4578 mysticae
938 4513 995 4559 et
1039 4500 1300 4570 spiritalis
1334 4497 1613 4567 equitabo.
1665 4493 2109 4549 Persecutiouem
2143 4488 2186 4542 D
2218 4506 2347 4545 nere
2372 4493 2680 4547 charitatis.

650 4671 693 4701 "
722 4666 866 4721 Psal.
889 4680 999 4723 (ιιι.
1027 4664 1089 4727 5;
1131 4662 1289 4717 Prov.
1319 4676 1465 4725 sxw,
1494 4659 1557 4723 7;
1589 4653 1997 4727 Eccli._vu,‘lﬁ._

544 4740 591 4772 ”
614 4740 769 4793 Rom.
806 4752 926 4797 vut,
963 4734 1149 4790 55-57.

546 4811 588 4841 ³⁷
616 4809 771 4863 .Ioau.
800 4822 874 4869 γι,
901 4794 990 4859 5|.
1073 4804 1118 4835 ³⁸
1142 4803 1301 4855 Rom.
1327 4817 1446 4865 xm,
1471 4800 1557 4869 14.
1602 4798 1678 4869 _”
1703 4794 1744 4869 ll
1772 4795 1897 4847 Cor.
1943 4808 1993 4858 ν,
2017 4794 2079 4869 βξ

2089 4653 2134 4684 ³⁰
2174 4649 2317 4706 Psal.
2346 4666 2502 4709 cvttt.
2524 4650 2578 4703 7.

1229 4731 1273 4763 ιι
1301 4717 1599 4786 ιιοιιιξνιίι.
1625 4726 1678 4786 9,
1713 4724 1799 4784 ιθ,
1835 4722 1922 4783 ιε,
1955 4723 2039 4784 ιδ,
2068 4722 2156 4784 15,
2197 4721 2400 4785 17,22,
2435 4721 2525 4782 23,
2550 4720 2643 4778 ss.
2673 4717 2764 4773 29.

1583 4767 1599 4794 ’
1628 4767 1678 4828 ἶδ
1703 4767 1922 4847 ιίνιὶιῖτῖ
1943 4808 1993 4854 v,
2100 4767 2156 4784 ν’
2188 4793 2236 4823 ⁶⁰
2265 4767 2433 4844 ilio}.
2464 4768 2554 4854 xv,
2742 4789 2785 4819 ’ί
2817 4788 2956 4843 Psal.
2989 4767 3221 4851 xxvnil.
3291 4788 3334 4819 ’θ’
3363 4788 3558 4854 Ephos.
3584 4767 3660 4851 vr;
3691 4786 3776 4842 l7.

2692 4650 2731 4679 ³¹
2761 4648 2917 4702 Joau.
2942 4664 2994 4712 ν,
3022 4648 3111 4703 2'2.
3220 4648 3264 4678 ³⁸
3299 4648 3531 4715 Philipp.
3555 4662 3617 4710 tl,
3643 4644 3698 4701 6.
3725 4646 3781 4700 7.

2847 4719 2891 4749 ³⁸
2913 4718 3049 4771 l’sal.
3084 4734 3157 4784 tv,
3183 4718 3240 4771 2.
3317 4719 3363 4748 ³⁶
3388 4718 3577 4771 Matth.
3603 4733 3656 4779 χ,
3686 4716 3776 4771 52.

541 4879 588 4913 "
1062 4874 1109 4906 “
1130 4872 1290 4926 Rom.
1316 4855 1445 4935 vut,
1468 4868 1571 4933 56;
1598 4866 1799 4921 Psahu.
1825 4855 1988 4924 nul,
2014 4862 2107 4915 ‘22.
2181 4862 2229 4893 ⁸⁸
2263 4861 2421 4915 Rom.
2447 4863 2566 4924 vui,
2602 4860 2689 4913 l8.
2752 4858 2798 4889 "
2830 4859 2959 4912 ibid.
2996 4857 3085 4912 57.
3156 4858 3198 4888 ⁸⁷
3229 4856 3382 4911 Cant.
3409 4872 3470 4918 ll,
3500 4855 3555 4909 5.

613 5015 693 5086 (2)
730 5016 911 5080 Alias,
953 5032 971 5065 ι
996 5020 1050 5066 et
1070 5026 1177 5066 non
1216 5009 1465 5079 peccabis
1488 5047 1503 5070 ,
1534 5026 1553 5059 ι
1588 5005 1792 5072 absque
1821 5023 1840 5055 ι
1869 5004 1921 5056 in
1946 5011 2106 5057 aiter-

542 5104 690 5225 Mg)
731 5104 824 5208 Sic
872 5168 1060 5208 omnes
1105 5164 1242 5225 mss.
1307 5157 1364 5204 et
1412 5146 1686 5200 Rabanus.
1750 5143 1892 5199 Editi
1951 5156 2103 5207 vero,

544 5246 563 5278 ε
600 5222 834 5289 Spiritus
865 5234 1039 5275 autem
1068 5222 1222 5272 vivit.
1261 5236 1282 5269 ι

610 5282 687 5368 (ιζ)
732 5294 901 5368 Eiliti,
947 5310 968 5343 ι
1002 5293 1207 5345 dilatali
1250 5302 1454 5343 sumus.
1494 5304 1512 5335 ι
1562 5284 1661 5337 Ms.
1697 5298 1868 5350 unus,
1914 5301 1934 5333 ι
1970 5282 2106 5335 dila-

540 5364 846 5419 tas'timihi.
887 5379 906 5413 ι
1172 5428 1180 5430 _
1272 5428 1279 5430 ξ
1518 5425 1548 5430 __
1597 5426 1604 5430 _
1670 5424 1682 5430 _
1966 5420 1978 5430 _
2046 5418 2064 5430 ,

609 5434 878 5505 (5)_Ed_iti,
922 5448 941 5482 ι
975 5428 1465 5505 necessi_tatib_us._r
1518 5424 1718 5504 Deinde
1768 5432 1896 5505 mss.
1928 5420 2097 5505 pleri:

541 5490 956 5571 que,'Rabanus
984 5509 1038 5553 et
1063 5499 1279 5571 cd_iti,__¢
1322 5495 1501 5571 Itedeo
1547 5495 1689 5545 enim
1716 5535 1731 5559 ,
1772 5511 1791 5542 ι
1823 5501 1929 5545 etc.
1992 5490 2098 5543 Sed

540 5565 685 5625 recte
713 5587 814 5625 ms.
853 5586 1011 5626 unus.
1052 5586 1069 5617 ι
1113 5568 1315 5621 Redibo
1348 5565 1516 5617 enim.
1559 5581 1578 5611 ι

610 5643 684 5707 (6)
729 5638 819 5692 Sic
855 5655 955 5693 ms.
990 5653 1125 5690 unus
1154 5637 1350 5707 Regius
1375 5650 1523 5707 num.
1556 5631 1692 5707 1659
1729 5640 1785 5684 et
1822 5628 2094 5683 Rabanus.

538 5702 726 5765 (Σιωιὲιί
759 5724 887 5760 vero
918 5722 1047 5761 mss.
1078 5716 1132 5759 et
1160 5702 1311 5767 editi,
1350 5722 1368 5753 ι
1406 5702 1689 5755 latissima.
1727 5719 1745 5752 ι

608 5781 684 5851 (7)
726 5777 889 5843 Editi,
927 5796 943 5827 ι
980 5791 1162 5831 coram
1205 5775 1365 5829 l’atre
1397 5786 1535 5826 meo.
1578 5788 1600 5822 ι

2288 5002 2366 5069 (8)
2410 5000 2570 5065 Editi,
2611 5019 2628 5051 ι
2665 4998 2965 5054 Periculum
2999 5001 3139 5055 enim
3193 5015 3299 5055 nou
3336 4999 3558 5053 timebo.
3597 4999 3781 5053 Domi-

2217 5088 2319 5127 nus
2347 5071 2673 5125 illuminatio
2710 5084 2848 5134 mea,
2888 5085 3046 5138 quem
3077 5069 3325 5124 timebo?
3357 5086 3379 5122 ι
3413 5070 3631 5123 omissis
3658 5085 3778 5122 vcr-

2214 5143 2327 5207 bis,
2385 5160 2405 5192 ι
2445 5151 2500 5194 et
2524 5140 2670 5194 salus
2696 5154 2846 5205 mea,
2884 5158 2902 5190 ι
2952 5154 3072 5208 quae
3114 5143 3371 5194 omittunt
3420 5139 3583 5193 etiam
3642 5154 3775 5196 mss.

2248 5212 2297 5264 lu
2307 5227 2413 5265 res.

2210 5226 2529 5349 pl‘ii‘iﬁsblss.
2586 5280 2732 5343 duo,
2788 5299 2807 5331 ι
2864 5279 3060 5347 gladio.
3089 5277 3335 5347 ancipiti.
3377 5295 3397 5329 ι
3431 5276 3537 5332 Sed
3587 5287 3773 5346 postea

2208 5352 2358 5413 editi,
2394 5351 2553 5415 male,
2588 5369 2609 5401 ι
2642 5352 2882 5403 cervices
2914 5360 3145 5401 nostras.
3192 5367 3210 5397 ι

2279 5422 2389 5489 (l0)
2416 5420 2579 5483 Editi,
2612 5438 2630 5471 ι
2650 5421 2994 5474 existimatus
3017 5435 3133 5470 sum
3160 5420 3280 5487 (aL,
3303 5417 3604 5473 mStimatos
3630 5418 3776 5485 sum)

2207 5499 2263 5543 ut
2294 5492 2434 5547 ovis.
2469 5508 2487 5539 ι
2525 5502 2631 5543 etc.

2274 5560 2388 5630 (Η)
2418 5559 2618 5630 Omnes
2645 5573 2775 5611 mss.
2816 5558 3081 5630 e_t_editio
3117 5554 3392 5630 Salodiaui
3415 5597 3429 5617 ,
3467 5576 3487 5609 ι
3522 5570 3620 5626 pro
3650 5552 3773 5630 vul-

2204 5625 2334 5683 nere
2359 5625 2669 5691 charilatis;
2706 5646 2724 5678 ι
2764 5627 2858 5681 sed
2888 5626 3169 5695 legendum
3193 5625 3407 5678 videtur
3442 5646 3460 5679 ι
3508 5625 3775 5695 ριωᾲνιιισ

2204 5710 2336 5752 uere
2357 5698 2662 5752 charilatis.
2684 5715 2703 5745 ι
2732 5697 2934 5749 Deinde
2947 5693 3109 5757 'editi,
3146 5713 3163 5743 ι
3187 5695 3383 5748 Certus
3410 5693 3526 5749 sum
3552 5693 3719 5760 enim,
3747 5711 3771 5747 ι

2204 5778 2305 5821 etc.
2342 5765 2447 5821 Sed
2471 5782 2660 5822 omnes
2691 5781 2846 5828 mss.,
2884 5782 2903 5814 ι
2941 5765 3166 5820 Conﬁdo
3200 5764 3370 5828 enim,
3405 5785 3423 5817 ι
3458 5775 3578 5835 διε..
