4146 6458
494 404 629 470 1155

1400 418 1758 473 COMMENT.
1799 417 1866 471 IN
1905 417 2124 471 EPIST.
2162 419 2251 472 AD
2293 420 2455 477 llOM.
2500 421 2627 477 LIB.
2672 421 2783 476 Vll.

3589 428 3730 481 “Si

561 534 649 588 1%.
680 552 700 586 ι
726 535 956 592 Conﬁdo
979 538 1126 592 enim
1151 540 1274 607 quia
1298 554 1472 609 neque
1512 558 1677 602 mors.
1711 556 1886 610 neque
1925 542 2055 603 vita,
2089 545 2132 600 A
2164 540 2507 610 hyperbolice
2533 545 2645 597 h'ec
2672 543 2986 612 Apostolum
3020 543 3216 606 dicere.
3250 544 3349 598 hoc
3372 553 3476 603 est.
3510 561 3614 599 non
3643 562 3736 601 so-

486 636 665 695 neque
694 628 902 697 angeli,
936 644 1113 698 neque
1138 630 1480 699 principatus
1502 672 1516 693 ,
1547 647 1721 700 neque
1744 632 2055 701 pnesentia,

487 734 664 787 neque
690 719 895 786 futura,
926 736 1098 790 neque
1125 724 1375 787 virtutes,
1401 739 1573 790 neque
1601 723 1850 789 altitudo,
1881 740 2058 792 neque

486 812 812 882 profundum
836 857 850 877 ,
890 830 1065 884 neque
1094 826 1342 872 creatura
1373 816 1477 869 alia
1518 817 1717 885 poterit
1761 832 1857 871 nos
1894 832 2054 885 sepa-

485 912 611 953 rare
642 915 671 952 a
695 901 962 956 charitate
1006 904 1135 968 Dei,
1166 919 1284 973 qua:
1316 915 1400 959 est
1449 905 1502 957 in
1533 905 1752 959 Christo
1789 903 1914 960 Jesu
1946 907 2054 959 Do-

483 991 634 1044 mino
671 1001 856 1046 nostro
899 993 966 1049 ‘3.
997 1011 1019 1047 ι
1074 997 1216 1049 Duos
1247 996 1464 1050 videtur
1500 998 1721 1051 ordines
1765 997 2055 1065 Apostolus

483 1084 787 1138 ostendisse
816 1100 1005 1139 eorum
1033 1102 1152 1156 quae
1176 1088 1486 1143 hominibus
1513 1092 1838 1143 tentationes
1875 1094 2052 1145 susci-

482 1182 601 1229 tare
624 1187 1041 1233 consueverunt.
1083 1180 1149 1233 Et
1176 1183 1226 1233 in
1262 1181 1346 1236 his
1382 1182 1599 1250 quidem
1627 1197 1746 1249 quae
1771 1184 1920 1253 prius
1944 1185 2053 1237 dis-

483 1268 775 1331 seruimus,
805 1270 1163 1325 humanarum
1198 1275 1554 1327 tentationum
1583 1274 1901 1346 intelligitur
1917 1280 2051 1331 ordo

482 1358 788 1428 descriptus
816 1377 830 1413 :
864 1362 929 1417 de
961 1363 1156 1430 quibus
1179 1364 1343 1418 etiam
1371 1364 1672 1421 Corinthiis
1703 1367 1940 1432 dicebat,
1966 1378 2051 1421 ut-

485 1462 610 1517 pOte
635 1453 726 1521 qui
754 1453 959 1522 majora
987 1455 1135 1510 ferre
1169 1472 1276 1510 non
1300 1467 1553 1527 poterant
1581 1477 1597 1512 :
1633 1478 1652 1510 ‹
1679 1460 1928 1515 Tentatio
1956 1477 2048 1515 vos

480 1556 586 1596 non
602 1547 987 1614 apprehendat,
1002 1548 1106 1603 nisi
1122 1548 1377 1605 humana:
1399 1551 1570 1606 lidelis
1582 1553 1941 1627 autenrDeus,
1956 1557 2049 1623 qui

478 1647 584 1686 non
610 1637 886 1701 permittet
905 1654 1006 1692 vos
1032 1643 1226 1695 tentari
1254 1657 1416 1711 supra
1439 1643 1491 1697 id
1513 1645 1653 1713 quod
1679 1647 1899 1713 potestis
1926 1647 1992 1701 ⁸⁸.
2022 1666 2042 1697 ι
2109 1690 2124 1711 ε

482 1724 638 1779 Nunc
661 1742 790 1782 vero
816 1730 867 1782 in
896 1731 978 1785 his
1010 1734 1352 1788 sermonibus
1373 1750 1509 1805 quos
1530 1736 1790 1792 habemus
1832 1740 1885 1791 in
1928 1754 2046 1793 ma-

477 1817 662 1883 nibus,
700 1834 805 1872 non
842 1820 1109 1877 humanas
1144 1825 1469 1879 tentationes
1495 1826 1717 1891 indicat,
1753 1829 1848 1883 sed
1877 1831 2046 1900 majo-

2159 627 2266 681 lum
2316 646 2411 699 per
2456 648 2518 686 ea
2551 648 2671 701 qua:
2703 633 2946 687 accidere
2986 643 3246 701 possunt,
3273 635 3365 687 sed
3407 650 3475 687 ne
3521 652 3619 704 per
3666 653 3729 691 ea

2157 722 2377 789 quidem
2419 740 2540 793 quae
2561 725 2777 777 evenire
2798 724 3016 777 omnino
3033 740 3139 778 non
3161 734 3405 793 possunt,
3436 727 3542 781 ullo
3572 740 3731 796 pacto

2156 828 2186 867 a
2224 813 2315 867 Dei
2344 814 2610 870 charitate
2638 815 2977 870 deﬂectimur
3003 835 3017 870 :
3055 818 3202 871 verbi
3238 833 3429 882 causa,
3460 828 3519 872 ut
3548 820 3593 876 si
3623 822 3729 877 alia

2156 906 2313 961 nobis
2328 907 2550 962 daretur
2572 909 2697 972 vita,
2720 925 2880 978 quam
2905 911 3019 964 haec
3035 924 3153 977 quae
3170 925 3198 962 a
3225 911 3332 965 Deo
3360 913 3485 966 data
3509 922 3611 973 est,
3635 924 3730 969 aut

2153 997 2199 1050 si
2226 997 2525 1052 futurorum
2552 1015 2674 1068 Spes
2696 1001 2800 1053 alia
2840 1000 2997 1056 nobis
3030 1002 3466 1070 promitteretur,
3496 1004 3577 1058 vel
3605 1005 3730 1059 alti-

2155 1091 2284 1141 tudo
2303 1131 2316 1153 ,
2348 1090 2430 1144 vel
2457 1086 2621 1145 etiam
2649 1102 2901 1145 creatura
2938 1093 3043 1145 alia
3079 1108 3239 1161 quam
3261 1106 3342 1147 est
3369 1095 3454 1147 illa
3480 1112 3600 1164 quae
3627 1114 3727 1167 pro

2151 1177 2316 1248 609
2331 1181 2483 1233 nobis
2498 1181 2851 1250 congemiscit
2877 1192 2931 1236 et
2951 1184 3270 1250 condolet",
3297 1187 3438 1253 quod
3485 1188 3600 1241 fieri
3627 1189 3729 1244 uti-

2153 1284 2257 1336 que
2279 1285 2382 1324 non
2405 1281 2600 1340 potest,
2622 1288 2688 1325 ne
2711 1271 2821 1326 haec
2847 1274 3061 1340 quidem
3088 1289 3117 1328 a
3151 1274 3421 1331 charitate
3447 1278 3536 1332 Dei
3565 1294 3725 1347 sepa-

2150 1375 2276 1413 rare
2293 1376 2388 1415 nos
2410 1372 2651 1431 possent.
2680 1364 2773 1416 Est
2793 1379 2921 1434 ergo
2949 1365 3039 1420 hic
3063 1381 3200 1419 unus
3222 1370 3578 1436 expositionis
3612 1387 3723 1424 mo-

2150 1451 2565 1508 dus.Videamus
2585 1464 2762 1511 tamen
2784 1473 2850 1511 ne
2876 1456 3011 1512 forte
3028 1459 3373 1527 possitetiam
3395 1462 3492 1516 iste
3510 1462 3724 1517 intelle-

2148 1552 2269 1598 cms
2301 1544 2532 1599 admitti.
2565 1565 2584 1597 ι
2606 1546 2749 1602 Mors
2773 1566 2791 1599 ι
2824 1564 2985 1617 quam
3015 1548 3103 1603 hic
3131 1550 3262 1605 dicit.
3293 1551 3427 1622 (16),
3461 1552 3551 1608 ille
3575 1555 3721 1609 acci-

2148 1634 2376 1701 piendus
2437 1645 2523 1689 est
2585 1652 2747 1705 quem
2805 1654 2965 1707 supra
3026 1644 3376 1710 exposuimus
3437 1645 3717 1701 inimicum

2145 1728 2347 1783 Christi
2379 1731 2762 1784 destruendum
2794 1732 3145 1786 nmissimum
3171 1733 3276 1787 dici
3306 1735 3374 1788 ⁸².
3400 1735 3500 1803 Qui
3534 1739 3719 1807 utique

2146 1828 2429 1888 propterea
2467 1836 2613 1875 mors
2650 1823 2868 1887 dicitur,
2907 1824 3032 1889 quia
3068 1824 3209 1878 sicut
3242 1825 3357 1880 hzec
3404 1830 3716 1884 communis

473 1923 563 1962 res
595 1910 863 1965 humanis.
904 1913 969 1967 Et
989 1914 1108 1969 ideo
1155 1924 1284 1984 puto
1331 1917 1475 1985 quod
1515 1915 1570 1969 in
1598 1917 1873 1984 prioribus
1914 1936 2028 1975 cum

2145 1925 2291 1964 mors
2321 1911 2558 1964 animam
2584 1921 2801 1979 separat
2833 1928 2860 1965 a
2898 1928 3147 1983 corpore,
3179 1914 3250 1967 ita
3281 1924 3335 1969 et
3368 1916 3456 1969 ille
3485 1927 3714 1973 conten-

472 2011 841 2058 enumerasset
884 2004 1097 2074 singula
1144 2022 1405 2077 quaeque,
1451 2010 1518 2064 ad
1562 2012 1809 2066 ultimum
1857 2015 2038 2069 dicit:

476 2105 499 2139 ι
537 2089 643 2144 Sed
681 2092 736 2145 in
766 2094 851 2148 his
878 2097 1132 2151 onmibus
1156 2113 1495 2168 superamus.
1528 2118 1547 2152 ι
1586 2101 1642 2156 ln
1676 2104 1761 2157 his
1794 2119 1927 2161 vero
1954 2121 2040 2161 se-

470 2183 633 2236 eundi
656 2184 863 2239 ordinis
894 2187 1284 2244 tentationibus
1326 2204 1432 2244 non
1474 2192 1548 2247 ita
1593 2194 1931 2251 confidenter
1957 2199 2040 2253 di-

469 2273 574 2338 cit,
632 2291 652 2325 ι
683 2275 1016 2344 Superamus
1038 2316 1055 2341 ,
1088 2295 1108 2330 ι
1168 2281 1263 2334 sed
1311 2280 1463 2337 valde
1494 2285 1731 2339 tenuiter
1760 2287 1853 2354 ait,
1907 2291 2035 2358 quia

468 2363 607 2417 nihil
635 2364 824 2419 horum
855 2384 875 2417 c
899 2369 1099 2435 poterit
1129 2385 1231 2426 nos
1270 2386 1526 2439 separare
1562 2389 1590 2427 a
1630 2377 1894 2433 charitate
1920 2381 2034 2445 Dei,

465 2469 587 2522 quae
614 2466 698 2511 est
727 2458 779 2510 in
803 2458 1022 2514 Christo
1048 2459 1195 2517 Jesu.
1237 2481 1258 2515 ι
1297 2464 1370 2518 De
1400 2465 1652 2521 humanis
1681 2468 1825 2522 enim
1865 2480 2037 2524 tenta-

467 2548 710 2603 tiouibus
743 2559 1001 2619 tanquam
1037 2554 1222 2622 parvis
1249 2564 1304 2607 et
1335 2555 1538 2611 levibus
1569 2557 1909 2614 conﬁdenter
1935 2578 2033 2619 nos

463 2655 558 2693 eas
601 2655 858 2709 superare
891 2647 1205 2712 pronuntiat
1240 2664 1255 2700 :
1287 2647 1406 2701 illas
1433 2663 1563 2703 vero
1597 2652 1905 2721 superiores
1929 2695 1944 2719 ,
1976 2665 2033 2710 et

463 2730 582 2800 plus
610 2746 770 2801 quam
803 2735 1091 2800 humanas,
1122 2738 1339 2792 etiamsi
1389 2755 1657 2810 superare.
1694 2751 1750 2798 et
1790 2756 2032 2813 proster-

462 2836 592 2877 nere
619 2838 724 2878 non
748 2823 986 2880 valemus
1013 2828 1139 2892 (hoc
1166 2828 1308 2881 enim
1340 2830 1506 2885 solius
1531 2831 1735 2887 Christi
1763 2849 1898 2902 opus
1923 2847 2026 2903 est,

460 2914 551 2981 qui
599 2915 789 2968 texuit
825 2917 1165 2986 principatus
1206 2929 1262 2974 et
1306 2931 1633 2989 potestates,
1682 2927 2030 2996 triumphans

460 3019 553 3057 eas
588 3004 640 3057 in
667 3008 960 3075 semetipso
987 3007 1079 3076 '°),
1106 3025 1127 3059 ι
1156 3017 1336 3063 tamen
1360 3019 1414 3064 et
1441 3013 1543 3066 hoc
1568 3012 1620 3066 in
1646 3014 1886 3071 victoria:
1910 3017 2028 3074 loco

458 3106 542 3150 est
564 3094 700 3166 (12),
728 3099 772 3151 si
800 3113 923 3151 cum
947 3113 1135 3153 omnes
1167 3100 1223 3153 in
1266 3116 1363 3155 nos
1408 3102 1870 3175 impugnationum
1910 3124 2027 3163 sua-

458 3204 578 3242 mm
607 3191 888 3245 machinas
918 3195 1212 3255 torserint,
1238 3208 1267 3246 a
1293 3194 1561 3249 charitate
1597 3205 1777 3254 tamen
1807 3201 1900 3257 Dei
1924 3217 2025 3257 nos
2051 3228 2096 3288 ο

456 3294 713 3348 separare
756 3296 859 3333 non
903 3282 1140 3336 valeant.
1189 3284 1295 3338 Sed
1335 3283 1447 3349 iam
1490 3293 1758 3342 tentemus
1813 3290 2024 3359 singula

455 3373 750 3438 discutere,
776 3383 829 3427 et
866 3374 997 3442 quid
1035 3377 1101 3430 de
1145 3391 1477 3448 unoquoque
1501 3393 1752 3436 sermone
1778 3381 2021 3450 Apostoli

452 3466 796 3521 sentiendum
833 3468 902 3522 sit
924 3484 1023 3539 pro
1045 3473 1250 3527 viribus
1274 3476 1507 3543 aperire.
1534 3476 1793 3544 Quamvis
1823 3480 2021 3535 altiora

451 3557 506 3610 iu
546 3558 632 3612 his
666 3561 970 3628 conlegisse
997 3563 1246 3618 videatur
1274 3552 1601 3636 Apostolus,
1647 3584 1809 3638 quam
1847 3585 2019 3641 expo-

449 3647 662 3701 sitionis
686 3659 884 3703 nostra:
909 3648 1051 3704 ferre
1068 3651 1298 3708 sufﬁciat
1320 3655 1521 3721 virtus,
1548 3657 1631 3711 vel
1664 3659 1802 3715 ratio
1841 3661 2019 3717 brevi-

451 3738 577 3793 tatis
623 3741 871 3793 admittat
914 3740 1068 3809 (l3);
1125 3746 1462 3812 requiramus
1514 3759 1692 3802 tamen
1742 3751 1787 3804 si
1832 3752 2016 3807 omnia

395 3872 411 3891 .
449 3833 549 3886 ista
577 3848 695 3902 qum
716 3837 1054 3891 enumeravit
1072 3839 1380 3907 Apostolus,
1405 3857 1470 3896 an
1493 3845 1738 3912 quaedam
1768 3861 1833 3899 ex
1863 3848 2012 3916 ipsis,

448 3926 550 3978 hoc
585 3928 748 3981 studii
775 3929 857 3982 vel
894 3928 1210 3987 intentionis
1237 3943 1468 4001 gerunt,
1506 3945 1563 3989 ut
1591 3936 1857 3992 humanas
1899 3939 2013 4009 (Η)

445 4019 655 4073 animas
710 4036 741 4081 ο
791 4021 1059 4076 charitate
1105 4023 1200 4078 Dei
1253 4039 1511 4094 separare
1553 4029 1911 4093 contendant,
1959 4041 2015 4085 et

442 4120 726 4178 propterea
752 4111 1044 4167 moliantur
1065 4113 1119 4167 in
1143 4128 1243 4168 nos
1260 4124 1454 4169 cuneta
1473 4130 1592 4184 qua:
1614 4118 1852 4185 patimur
1874 4119 2009 4189 (l5).

442 4197 665 4255 Videtur
685 4202 828 4255 enim
860 4218 1021 4272 posse
1046 4205 1262 4273 quidem
1317 4206 1420 4258 hoc
1443 4220 1630 4273 agere,
1659 4217 1715 4261 ut
1758 4224 1788 4262 a
1832 4210 2013 4263 chari-

441 4302 551 4347 tate
590 4294 683 4347 Dei
719 4308 1076 4364 separetuur,
1121 4310 1267 4351 mors
1302 4295 1587 4361 fortassis,
1612 4312 1668 4352 et
1716 4300 1931 4368 angeli,
1956 4310 2010 4356 et

438 4385 775 4455 principatus
793 4425 809 4449 ,
834 4396 888 4440 et
912 4380 1141 4440 virtutes
1168 4389 1524 4443 adversantes
1567 4389 1725 4444 nobis
1750 4391 1869 4444 sine
1911 4392 2009 4446 du-

438 4477 546 4540 bio,
570 4485 624 4530 et
655 4478 938 4545 praesentia
964 4493 1083 4546 quae
1110 4485 1237 4532 sunt
1258 4478 1445 4546 utique
1472 4478 1679 4533 lubrica
1701 4489 1755 4533 et
1778 4481 2000 4537 caduca.

2141 2004 2221 2058 dit
2249 2005 2483 2058 animam
2508 2020 2767 2073 separare
2798 2021 2828 2060 a
2859 2006 3124 2061 charitate
3153 2008 3278 2061 Dei:
3302 2018 3356 2062 et
3390 2009 3503 2062 lm‘c
3526 2012 3715 2081 utique

2140 2106 2221 2149 est
2254 2097 2448 2150 animae
2485 2111 2651 2150 mors.
2699 2096 2886 2152 Potest
2917 2114 3048 2167 ergo
3082 2100 3196 2153 fieri
3234 2110 3291 2153 ut
3333 2102 3405 2155 sit
3432 2112 3487 2156 et
3523 2102 3706 2171 aliqua

2142 2190 2252 2241 vita
2300 2191 2365 2243 de
2414 2201 2566 2257 parte
2598 2190 2763 2248 illius,
2800 2207 2919 2257 qua:
2965 2206 3087 2245 cum
3138 2192 3253 2261 ipso
3290 2194 3401 2261 agit
3439 2203 3495 2247 ιιι
3542 2211 3640 2248 nns
3677 2211 3706 2248 a

2138 2279 2409 2334 charitate
2441 2290 2655 2347 separet
2701 2282 2837 2335 Dei:
2869 2297 2987 2350 quae
3037 2283 3146 2337 vita
3199 2294 3283 2339 est
3328 2286 3558 2354 peccati.
3596 2284 3708 2340 Nisi

2136 2372 2280 2425 enim
2316 2371 2454 2425 mala
2492 2381 2637 2426 esset
2679 2373 2796 2427 haec
2839 2374 2970 2437 vita,
3006 2391 3277 2442 nunquam
3323 2391 3421 2429 nos
3453 2379 3711 2431 suaderet

2134 2463 2430 2525 Apostolus
2449 2471 2507 2516 ut
2528 2478 2864 2517 morerentur
2883 2476 3132 2532 peccato,
3152 2474 3206 2519 et
3228 2467 3279 2519 in
3309 2476 3481 2520 morte
3504 2466 3705 2521 Christi

2135 2550 2560 2619 haptizaremur,
2597 2561 2671 2606 ett
2691 2553 3164 2621 consepeliremur
3192 2555 3240 2606 ei
3263 2553 3331 2605 ⁸³.
3360 2553 3544 2608 Potest
3575 2570 3709 2621 ergo

2135 2640 2253 2695 ﬁeri
2283 2651 2341 2695 ut
2373 2641 2487 2695 haec
2513 2641 2624 2695 vita
2659 2642 2864 2710 peccati
2892 2643 2981 2704 sit,
3012 2656 3132 2709 qua:
3160 2656 3256 2696 nos
3281 2642 3427 2709 cupit
3454 2658 3709 2708 separare

2133 2748 2161 2785 a
2193 2733 2460 2787 charitate
2512 2732 2626 2787 Dei.
2668 2733 2781 2803 Ego
2824 2743 3000 2787 autem
3034 2744 3163 2801 puto
3209 2735 3350 2801 quod
3402 2743 3456 2787 et
3494 2734 3703 2803 singula

2131 2840 2361 2894 quaeque
2389 2834 2611 2893 peccata
2643 2824 2877 2880 habeant
2907 2825 3140 2893 aliquam
3175 2825 3339 2877 vitam
3373 2839 3524 2877 suam
3559 2825 3701 2879 intra

2130 2930 2273 2969 nos:
2302 2930 2428 2969 nam
2464 2917 2890 2985 unumquodque
2936 2916 3126 2968 vitium
3175 2915 3284 2967 vita
3332 2915 3542 2983 peccati
3597 2926 3699 2971 est.

2129 3006 2343 3074 Quanto
2373 3022 2505 3077 ergo
2536 3006 2689 3077 plura
2719 3006 2861 3061 intra
2897 3021 2997 3061 nos
3036 3006 3166 3060 vitia
3198 3008 3699 3075 deprehenduntur,

2129 3107 2279 3151 tanto
2307 3097 2487 3165 plures
2533 3112 2653 3151 esse
2702 3106 3047 3165 peccatorum
3099 3096 3607 3171 vitarvidebuntur
3645 3099 3699 3151 iu

2129 3189 2302 3245 nobis.
2344 3190 2409 3241 Et
2437 3201 2727 3258 propterea
2759 3187 2900 3243 forte
2939 3189 3140 3240 dictum
3174 3188 3422 3259 sitzquia
3460 3209 3478 3240 ι
3509 3190 3700 3243 melior

2126 3288 2210 3332 est
2239 3277 2606 3331 misericordia
2642 3286 2730 3330 tua
2762 3291 2923 3345 super
2950 3276 3201 3331 vitassm

2198 3366 2431 3437 «Neque
2480 3368 2676 3438 angeli,
2728 3382 2901 3437 neque
2951 3368 3308 3438 principatus,
3358 3386 3533 3440 neque
3584 3372 3697 3425 vir-

2125 3460 2348 3514 tutes".
2373 3478 2393 3512 ι
2445 3458 2501 3513 In
2530 3468 2780 3529 promptu
2815 3468 2903 3512 est
2947 3458 3065 3513 illos
3099 3460 3320 3530 angelos
3368 3462 3692 3534 intelligere,

2121 3551 2319 3620 quibus
2354 3552 2491 3621 ignis
2541 3562 2778 3606 aeternus
2812 3564 2840 3603 a
2880 3549 3161 3606 Salvatorc
3192 3567 3315 3605 cum
3353 3553 3573 3608 diabolo
3604 3556 3694 3607 di-

2120 3646 2263 3700 citur
2297 3654 2628 3715 praeparatus
2658 3645 2705 3676 ⁸⁸
2731 3659 2746 3697 :
2772 3645 3104 3715 principatus
3134 3653 3309 3699 autem
3342 3657 3396 3700 et
3438 3647 3690 3711 virtutes,

2121 3736 2240 3790 illas
2290 3737 2408 3789 sine
2457 3735 2621 3790 dubio
2675 3736 2961 3790 adversum
3020 3751 3154 3804 quas
3201 3737 3361 3791 nobis
3410 3750 3688 3792 certamen

2118 3838 2199 3882 est
2223 3826 2268 3858 ⁸⁷
2298 3845 2310 3881 :
2339 3826 2419 3880 vel
2453 3826 2573 3880 illos
2596 3827 2931 3895 principatus
2961 3837 3014 3881 et
3049 3836 3364 3894 potestates,
3394 3830 3459 3883 de
3491 3831 3690 3898 quibus

2116 3919 2293 3973 dicit:
2332 3918 2503 3972 «Cum
2538 3928 2719 3972 autem
2759 3919 3090 3973 destruxerit
3138 3934 3355 3973 omnem
3409 3922 3684 3989 principa-

2117 4019 2260 4077 tum,
2287 4018 2342 4064 et
2372 4018 2692 4079 potestatem
2728 4009 2864 4080 (l7).
2903 4020 2954 4064 et
2980 4012 3237 4065 virtutem
3256 4010 3352 4063 ³⁸.»
3386 4011 3460 4065 Ex
3493 4015 3687 4081 quibus

2113 4112 2168 4155 et
2211 4101 2463 4170 princeps
2502 4100 2664 4169 hujus
2712 4102 2896 4154 mundi
2949 4102 3333 4170 appellatur".
3374 4103 3496 4157 Post
3548 4107 3682 4171 haec,

2118 4215 2138 4247 ι
2168 4195 2352 4266 Neque
2382 4195 2691 4265 praesentia,
2717 4215 2736 4247 ›
2771 4195 2965 4261 inquit,
3014 4197 3130 4248 sive
3164 4196 3488 4249 «instantia.
3513 4216 3530 4246 ι
3580 4198 3681 4251 ιδυ-

2113 4300 2213 4347 test
2239 4292 2344 4344 hoc
2374 4290 2440 4344 de
2467 4289 2550 4343 his
2576 4289 2778 4343 dictum
2826 4288 3020 4353 videri,
3057 4303 3194 4356 quos
3230 4289 3282 4342 in
3314 4290 3435 4343 aliis
3459 4291 3504 4321 ⁶⁰
3537 4293 3679 4346 idem

2107 4385 2395 4457 Apostolus
2430 4402 2448 4435 ι
2471 4393 2714 4439 rectores
2762 4383 2944 4436 mundi
2983 4383 3139 4450 hujus
3167 4392 3223 4435 et
3272 4384 3619 4438 tenebrarum
3655 4403 3676 4437 ι

2109 4478 2410 4535 nominavit
2440 4495 2454 4530 :
2485 4477 2568 4531 vel
2598 4477 2761 4530 etiam
2791 4475 2934 4544 quod
2963 4475 3310 4545 praesentium
3363 4492 3541 4530 rerum
3581 4492 3678 4531 vo-

437 4569 542 4622 Sed
573 4578 629 4622 et
657 4568 985 4637 profundum
1025 4577 1204 4638 potest
1246 4568 1500 4623 similiter
1568 4568 1821 4640 intelligi.
1883 4571 2002 4627 \‘ita
2037 4563 2079 4616 Β
2107 4571 2286 4640 luptas
2325 4579 2380 4625 et
2415 4567 2720 4631 delectatio,
2768 4577 2823 4620 et
2873 4582 3015 4622 vana
3060 4567 3221 4637 hujus
3270 4569 3456 4621 mundi
3507 4569 3676 4638 gloria

434 4669 613 4715 autem
632 4702 648 4727 ,
677 4672 732 4716 et
753 4662 954 4725 futura,
979 4671 1033 4715 et
1064 4661 1319 4725 altitudo,
1350 4671 1405 4715 et
1428 4669 1676 4716 creatura
1705 4662 1831 4729 alia,
1862 4679 2002 4732 quo-

434 4753 650 4806 modoa
702 4752 797 4807 Dei
853 4754 1123 4808 charitate
1169 4768 1422 4823 separare
1476 4768 1578 4808 nos
1636 4762 1847 4808 certent
1894 4770 2000 4810 non

429 4844 663 4899 otiosum
708 4845 924 4901 videtur
959 4861 1250 4915 exponere.
1289 4843 1404 4900 Nisi
1458 4844 1503 4899 si
1533 4844 1655 4915 quis
1684 4844 1824 4901 forte
1848 4846 1999 4902 dicat

533 5015 578 5048 ⁸⁸
601 5015 754 5069 Rom.
785 5029 901 5073 vm.
943 5012 1032 5075 38,
1065 5011 1153 5067 '59.
1225 5011 1272 5044 ⁴⁹
1297 5012 1314 5064 Ι
1339 5010 1462 5064 Cor.
1494 5027 1548 5076 κ,
1574 5009 1663 5067 15.

425 5100 499 5147 VI,
530 5086 646 5141 2-4.
723 5085 770 5117 ⁸⁵
796 5083 993 5137 Psaltn.
1048 5097 1181 5147 LVII,
1205 5081 1256 5134 4.
1332 5081 1378 5112 ⁸⁵
1404 5081 1557 5134 Rom.
1592 5096 1707 5143 vttt,
1738 5080 1829 5134 58.

424 5155 470 5187 ⁸³
497 5155 648 5208 Joau.
679 5171 775 5218 XII,
802 5154 892 5208 51.

495 5263 606 5335 (12)
647 5262 823 5335 Editi,
856 5271 911 5335 et
944 5275 1078 5314 mss.
1126 5260 1336 5335 plures,
1360 5274 1701 5335 perperam,
1750 5278 1770 5311 ι
1809 5269 1988 5335 tamen

421 5330 598 5388 adhuc
626 5334 866 5386 victoria:
888 5331 1039 5385 locus
1076 5340 1197 5388 est;
1231 5348 1249 5379 ι
1289 5331 1482 5383 deinde
1503 5330 1629 5382 editi
1659 5369 1676 5395 ,
1723 5350 1739 5379 ι
1771 5330 1987 5383 etiamsi

421 5419 611 5457 omnes
644 5402 697 5455 in
739 5416 838 5455 nos
870 5441 883 5454 .
912 5440 925 5453 .
953 5439 966 5453 .
996 5439 1009 5452 .
1052 5399 1308 5454 torserint
1338 5437 1353 5462 ,
1400 5401 1617 5466 quando
1662 5415 1692 5451 a
1719 5400 1990 5453 charitate

421 5475 515 5527 Dei
551 5487 648 5526 nos
678 5472 902 5525 minime
930 5484 1262 5537 separamur.
1304 5487 1324 5519 ι
1376 5468 1439 5522 Et
1485 5478 1704 5538 postea,
1737 5486 1757 5519 ι
1797 5484 1989 5537 quam-

418 5545 500 5597 vis
548 5542 738 5596 altiora
769 5541 1059 5610 contigisse
1096 5558 1113 5590 ι
1149 5538 1276 5608 (ms.
1310 5554 1449 5592 unus
1487 5555 1506 5588 ‹
1542 5539 1881 5605 congessisse
1914 5539 1987 5607 ι),

416 5622 520 5669 etc.
555 5613 660 5665 Sed
693 5608 1009 5679 potiores‘et
1035 5608 1290 5679 [tabanus
1328 5609 1463 5662 utin
1499 5618 1687 5679 nostro
1715 5616 1886 5679 textu.

486 5682 600 5753 (13)
633 5676 724 5753 Sic
744 5696 854 5753 ms.
884 5694 1023 5732 unus
1051 5677 1249 5747 Regius
1279 5694 1427 5753 num.
1455 5678 1612 5753 1659.
1639 5676 1828 5731 Caeteri
1859 5692 1985 5753 vero

414 5746 547 5806 ms‘s.
573 5746 627 5805 et
658 5751 911 5805 Rabanus
931 5789 946 5814 ,
987 5767 1005 5800 ι
1050 5746 1207 5816 quam
1236 5747 1592 5814 expositionis
1625 5758 1825 5802 nostra:
1868 5746 1983 5799 suf-

412 5822 529 5877 ﬁcit
562 5823 731 5877 virtus
760 5858 776 5876 .
811 5861 825 5875 .
866 5857 880 5873 .
908 5861 924 5877 .
960 5821 1214 5875 admittit.
1239 5838 1259 5872 ι
1300 5818 1438 5874 Editi
1473 5816 1732 5889 plerique,
1764 5835 1781 5870 ι
1819 5833 1984 5887 ωιυο-

1739 5009 1785 5041 ⁸⁰
1809 5009 2106 5069 Coloss.n.
2140 5010 2228 5067 15,
2286 5006 2506 5061 "Rom.
2531 5007 2759 5069 “H.222.
2835 5004 2918 5055 "l
2958 5004 3087 5057 Cor.
3137 5018 3227 5064 xv,
3267 5002 3358 5056 ‘26.

1904 5080 1951 5111 '°
1977 5083 2165 5136 Matth.
2204 5095 2331 5144 xxv,
2352 5080 2445 5132 41.

970 5152 1014 5183 ⁸ο
1040 5152 1330 5220 Ephes.vr,
1356 5151 1443 5204 12.
1519 5152 1561 5182 ⁶¹
1597 5149 1753 5204 Rom.
1798 5165 1917 5214 VIII,
1958 5152 2045 5206 '59.

2105 4662 2319 4716 studeat
2346 4676 2444 4715 nos
2479 4675 2545 4712 ca
2586 4660 2677 4712 Dei
2713 4660 2979 4714 charitate
3004 4677 3024 4712 ι
3080 4659 3369 4726 deducere,
3409 4675 3564 4727 «qua:
3596 4671 3681 4714 est

2105 4754 2159 4808 in
2197 4752 2414 4806 Christo
2449 4748 2576 4807 Iesu
2626 4752 2854 4805 Domino
2904 4760 3093 4805 nostro
3110 4755 3177 4803 ⁸³.
3204 4767 3223 4800 ι
3275 4750 3403 4804 Post
3439 4750 3557 4804 haec
3597 4750 3680 4803 vi-

2105 4846 2328 4900 deamus
2371 4859 2491 4913 quae
2539 4844 2648 4898 sint
2694 4841 2943 4908 «futura,
2971 4862 2989 4895 ι
3028 4857 3148 4913 quae
3195 4842 3383 4895 volunt
3428 4842 3672 4910 quidem,

3437 5002 3482 5033 ⁸⁸
3509 5001 3668 5057 Rutn.

2521 5076 2563 5108 ⁸⁷
2590 5077 2783 5146 Ephes.
2818 5090 2889 5139 vt,
2918 5074 3002 5126 12.
3080 5074 3126 5103 ⁸⁸
3175 5075 3192 5125 l
3247 5073 3373 5126 Cor.
3422 5088 3515 5137 xv,
3574 5074 3669 5129 2i.

2098 5258 2280 5314 srtioui
2314 5259 2398 5313 vel
2434 5265 2622 5313 nostra
2656 5254 2852 5309 suﬂicit
2875 5255 3047 5307 virtus
3073 5291 3091 5309 .
3115 5289 3131 5305 .
3161 5292 3176 5307 .
3207 5292 3222 5306 .
3265 5255 3522 5308 admittit.
3572 5274 3594 5307 ι

2168 5328 2285 5398 (Μ)
2316 5329 2476 5388 Editi.
2513 5346 2532 5398 ι
2569 5342 2636 5379 an
2668 5327 2913 5393 quatdam
2941 5339 3008 5378 ex
3038 5324 3169 5394 ipsis
3200 5325 3327 5393 (hoc
3353 5326 3497 5379 enim
3542 5336 3663 5379 stu-

2097 5397 2234 5452 diusi
2261 5397 2532 5467 qumrunt)
2562 5398 2849 5449 humanas.
2889 5412 2906 5467 ι

2168 5463 2297 5549 (15)"
2320 5463 2656 5549 Ms.._l{egius
2694 5463 3043 5549 num.l639,
3078 5481 3097 5514 ι
3136 5477 3257 5533 qua:
3305 5466 3603 5535 [v.tterint.
3638 5483 3660 5517 ι

2098 5537 2300 5592 Deinde
2333 5537 2486 5601 editi,
2517 5553 2535 5587 ι
2574 5537 2689 5588 hare
2717 5548 2896 5604 agere.
2937 5554 2955 5586 ι

2165 5608 2276 5676 (lli)
2315 5606 2405 5661 Sic
2437 5607 2598 5671 editi;
2635 5614 2691 5658 at
2724 5602 2851 5658 vero
2886 5619 3018 5658 mss.
3053 5617 3268 5667 omnes,
3300 5621 3319 5653 ι
3347 5602 3491 5657 Mors
3519 5606 3663 5674 quin!

2093 5677 2382 5871 d;(lll'i)’Et
2427 5750 2750 5815 potestatem.
2791 5741 2914 5798 llaec
2965 5743 3164 5799 desunt
3224 5744 3277 5798 in
3319 5742 3470 5799 libris
3500 5752 3627 5798 ante
3645 5761 3663 5794 ι-

2093 5831 2117 5871 Β
2161 5830 2270 5871 ιιιεςι

2090 5830 2270 5874 εαιιιεςι

3702 5228 3713 5271 .t'
