4146 6372
541 335 680 389 1³55

2007 339 2328 395 ORIGENIS

3657 346 3797 403 U56

533 456 628 507 sed
663 466 766 506 nou
802 463 1034 520 possunt
1077 450 1302 506 Paulum
1338 463 1392 508 et
1426 455 1632 510 similes
1665 456 1784 524 ejus
1807 458 1918 527 (18)
1956 476 2110 527 sepa-
2141 465 2184 518 Α
2216 459 2396 513 fundis
2443 459 2675 514 clamavi
2710 459 2777 512 ad
2815 469 2886 522 te,
2924 459 3209 513 Domine"
3235 477 3248 514 :
3273 477 3291 510 ι
3316 474 3438 514 cttm
3483 460 3552 515 ab
3587 461 3672 515 bis
3702 465 3794 532 qui

533 561 659 600 rare
687 561 714 597 a
744 545 1013 598 cbaritate
1059 544 1175 600 Dei.
1201 545 1499 614 Dupliciter
1532 549 1661 603 mibi
1695 551 1860 604 etiam
1899 553 2000 606 hoc
2029 554 2112 606 in-

531 639 885 707 telligendum
937 637 1168 691 videtur.
1221 637 1456 694 Possunt
1502 642 1645 695 enim
1693 629 2053 712 «futura(19)
2089 665 2109 696 ι

533 729 759 798 intelligi
798 729 864 782 ab
893 742 958 781 eo
1009 739 1251 797 tempore
1285 745 1393 800 quo
1439 732 1556 786 haec
1587 734 1883 799 scribebat,
1919 748 1976 789 ιιι
2011 739 2114 792 boc

533 822 718 877 dicere
754 822 1042 876 videatur:
1071 821 1126 875 Si
1155 838 1258 890 qua
1294 833 1649 887 tentamenta,
1687 826 1731 879 si
1766 841 1887 896 qua:
1934 827 2114 882 tribu-

533 913 768 970 latioues
791 915 1223 984 superveneriut,
1257 930 1286 967 a
1317 917 1585 972 charitate
1616 916 1709 971 Dei
1738 935 1825 975 me
1853 935 2114 990 separare

532 1024 640 1062 non
671 1018 942 1077 poterunt.
981 1006 1074 1062 Vel
1105 1009 1268 1063 etiam
1311 1007 1534 1064 «futura
1558 1029 1576 1062 ι
1618 1011 1858 1082 intellige
1888 1028 1951 1068 ea
1992 1029 2112 1082 qute

532 1101 600 1155 dc
645 1101 844 1154 mundo
887 1101 988 1155 hoc
1036 1099 1414 1154 recedentibus
1437 1099 1552 1170 (20)
1594 1115 1890 1157 occursura
1947 1115 2106 1166 sunt.

531 1209 654 1246 cum
684 1194 941 1262 princeps
974 1194 1131 1260 hujus
1163 1193 1343 1246 mundi
1367 1194 1434 1257 “,
1471 1195 1700 1264 aliisque
1733 1196 1961 1252 virtutes
1993 1213 2112 1266 quae

531 1287 632 1340 sub
675 1287 790 1353 ipso
833 1295 980 1349 sunt,
1020 1286 1256 1338 retinere
1305 1285 1592 1340 certabunt
1626 1289 1862 1342 animam
1895 1290 1961 1344 de
1990 1306 2111 1345 cor-

530 1388 666 1446 pore
696 1377 1127 1446 proﬁciscentem
1158 1377 1294 1446 (21),
1327 1378 1419 1430 sed
1451 1393 1554 1432 non
1590 1389 1844 1447 poterunt
1871 1382 2110 1437 retinere

529 1484 624 1523 eas
651 1470 849 1537 quibus
880 1467 1157 1538 «perfecta
1191 1469 1450 1530 cbaritas,
1473 1489 1493 1522 ι
1532 1485 1656 1539 quae
1685 1483 1767 1527 est
1794 1473 1848 1526 in
1887 1473 2110 1528 Christo

527 1561 708 1627 Jesu,t
735 1561 881 1616 foras
910 1562 1339 1617 mittittimorem
1354 1564 1418 1616 “.
1445 1583 1464 1616 ι
1495 1565 1907 1635 Videbitur(22)
1929 1577 2108 1621 autem

528 1657 674 1710 hunc
705 1668 926 1710 sensum
960 1655 1292 1709 eonllrmare
1318 1665 1375 1710 et
1410 1655 1498 1709 illa
1543 1654 1823 1725 Scriptura
1857 1671 1978 1726 quae
2023 1657 2108 1711 di-

529 1749 604 1802 cit
634 1765 648 1802 :
684 1767 702 1800 ι
733 1749 864 1802 Dum
894 1746 1037 1800 enim
1074 1761 1261 1801 sumus
1302 1747 1356 1800 in
1403 1762 1655 1816 corpore,
1696 1751 2109 1817 peregrinamur

526 1855 556 1892 a
592 1840 822 1894 Domino
852 1858 865 1892 :
893 1840 1143 1910 cupimus
1207 1839 1350 1891 enim
1382 1838 1497 1909 (25)
1541 1839 1711 1909 magis
1767 1840 2103 1909 peregrinari

526 1947 556 1984 a
588 1946 839 2000 corpore,
867 1940 920 1984 et
964 1932 1153 1984 adesse
1185 1930 1253 1984 ad
1281 1929 1567 1986 Dominum
1599 1948 1614 1985 :
1645 1951 1664 1986 ι
1728 1942 1804 1996 et,
1868 1951 1886 1984 ι
1912 1935 2105 1989 conni-

527 2025 692 2077 timur
731 2035 912 2078 autem
947 2024 1061 2077 sive
1094 2023 1370 2085 absentes,
1404 2024 1520 2078 sive
1558 2033 1854 2092 praesentes
1890 2025 2106 2093 placere

522 2123 572 2176 ei
588 2121 631 2152 “
650 2120 784 2191 (24):
821 2138 840 2171 ι
875 2119 1132 2174 absentes
1159 2132 1258 2172 nos
1301 2117 1489 2171 dicens
1515 2116 1569 2170 iu
1607 2131 1835 2186 corpore
1869 2119 2099 2189 positos,

522 2221 820 2280 prtesentes
847 2221 1028 2264 autem
1062 2210 1128 2262 de
1157 2221 1386 2276 corpore
1417 2207 1834 2263 recedenteszet
1865 2211 2106 2264 ostendit

522 2303 662 2370 quod
704 2303 956 2357 studeant
1003 2301 1176 2355 sancti
1211 2301 1376 2354 etiam
1406 2298 1473 2352 de
1503 2314 1736 2368 corpore
1781 2303 2103 2356 recedentes

522 2396 740 2465 placere
758 2393 888 2448 Deo.
922 2394 977 2448 Si
1007 2407 1139 2461 ergo
1161 2392 1214 2446 in
1243 2391 1324 2446 eis
1349 2389 1593 2459 perfecta
1623 2390 1694 2445 sit
1719 2391 1980 2456 cbaritas,
2001 2407 2102 2446 nec

523 2488 630 2540 ulla
662 2502 782 2556 qua:
806 2485 987 2540 futura
1021 2494 1168 2550 sunt,
1203 2485 1256 2539 in
1285 2483 1482 2553 quibus
1510 2484 1836 2552 placendum
1861 2496 1944 2540 est
1965 2485 2098 2548 Deo,

518 2589 775 2648 poterunt
818 2591 913 2632 eos
963 2578 1032 2630 ab
1081 2577 1198 2645 ipsa
1245 2590 1527 2645 separare,
1572 2590 1696 2630 cum
1745 2575 1936 2645 utique
1991 2592 2099 2630 non

523 2675 814 2744 placebunt
845 2673 954 2727 Deo
991 2673 1045 2727 bi
1081 2673 1173 2741 qui
1206 2680 1314 2724 tam
1351 2670 1580 2724 mobiles
1617 2678 1790 2724 erunt
1823 2671 1876 2724 in
1919 2670 2101 2724 chari-

521 2778 633 2822 tate
663 2768 778 2832 Dei,
813 2777 871 2821 ut
903 2765 1118 2834 possint
1161 2768 1228 2822 ab
1255 2783 1316 2822 ea
1348 2765 1620 2836 separari.
1653 2763 1781 2819 llaec
1813 2764 1968 2818 nobis
2001 2763 2102 2816 du-

517 2861 645 2930 plici
674 2859 834 2916 modo
859 2861 1001 2915 dicta
1037 2863 1146 2917 sint
1171 2860 1238 2912 de
1267 2860 1482 2914 futuris.
1516 2859 1703 2913 Potest
1737 2865 1917 2910 autem
1955 2855 2097 2918 fieri,

516 2961 580 3007 ut
607 2953 678 3006 sit
722 2962 778 3007 et
812 2950 1010 3019 aliquis
1062 2951 1254 3005 tertius
1308 2952 1500 3004 modus
1548 2949 1634 3003 bis
1686 2946 2094 3018 superior(25),

516 3057 680 3112 quem
715 3043 805 3111 qui
839 3040 1176 3111 investigare
1209 3042 1470 3110 potuerit,
1504 3040 1726 3109 dignum
1767 3039 1975 3110 judicet
2010 3039 2095 3093 bis

2219 550 2270 604 in
2304 549 2514 606 inferno
2544 551 2783 620 deputati
2815 559 2960 614 sunt,
2995 560 3051 605 et
3077 553 3343 618 gehennae
3379 552 3667 620 Spiritibus
3695 554 3798 607 itu-

2216 652 2570 712 puguaretur.
2603 641 2710 698 Sed
2753 657 2822 696 ne
2867 643 3008 710 haec,
3045 642 3220 710 inquit
3273 642 3494 707 Paulus,
3535 658 3800 712 separare

2217 747 2316 785 nos
2370 741 2624 801 poterunt
2674 746 2703 784 a
2762 732 3027 788 charitate
3072 733 3192 789 Dei.
3251 750 3270 784 ι
3327 732 3546 803 Neque,
3597 735 3798 804 inquit,

2219 835 2466 880 creatura
2542 824 2719 878 alia.»
2769 823 2959 880 Potest
3004 826 3234 893 intelligi
3286 825 3449 879 aliam
3485 837 3796 882 creaturam

2215 915 2416 970 dixisse
2465 928 2661 986 praeter
2695 917 2834 971 hanc
2885 933 3050 988 quam
3081 919 3369 973 videmus:
3394 928 3479 974 est
3511 921 3657 975 enim
3691 920 3796 974 alia

2215 1008 2374 1063 nobis
2407 1009 2695 1064 invisibilis
2742 1024 2907 1065 nunc.
2952 1011 3138 1066 Potest
3172 1022 3354 1067 autem
3382 1021 3438 1067 et
3466 1013 3548 1068 sic
3576 1014 3792 1083 accipi:

2213 1099 2417 1155 Praeter
2451 1099 2540 1154 illa
2571 1117 2691 1172 qua:
2723 1104 2972 1172 superius
3014 1105 3368 1169 enumeravi;
3407 1105 3514 1161 huc
3555 1117 3662 1172 est,
3698 1122 3794 1161 an-

2213 1195 2383 1265 gelos,
2426 1206 2480 1251 et
2522 1199 2778 1257 virtutes.
2808 1197 2940 1250 etsi
2981 1210 3086 1265 qua
3125 1207 3210 1251 est
3246 1197 3351 1251 alia
3401 1209 3677 1259 creatura,
3727 1213 3796 1254 ne

2213 1288 2424 1358 singula
2455 1303 2550 1358 per
2577 1288 2788 1356 species
2821 1289 3197 1342 enumerando
3233 1287 3451 1358 longum
3484 1303 3792 1344 sermonem

2215 1381 2434 1434 trahere
2471 1379 2750 1434 videretur
2779 1380 2946 1451 610
2976 1392 3032 1433 et
3063 1379 3422 1448 superﬂuum.
3455 1379 3564 1436 Aut
3597 1389 3650 1434 et
3681 1381 3792 1436 alio

2214 1474 2397 1526 modo.
2424 1471 2695 1537 Quoniam
2731 1473 2950 1542 quidem
2979 1472 3186 1526 sciebat
3216 1471 3420 1527 Paulus
3452 1473 3649 1528 multas
3671 1488 3792 1530 esse

2211 1572 2267 1616 et
2306 1562 2624 1618 innumeras
2674 1562 2767 1617 Dei
2820 1571 3130 1627 creaturas,
3177 1579 3408 1632 quarum
3456 1565 3626 1618 etiam
3677 1565 3791 1631 ipse

2214 1669 2318 1709 non
2351 1671 2588 1721 omnem,
2625 1655 2722 1710 sed
2762 1668 2828 1709 ex
2861 1665 3018 1723 parte
3051 1656 3337 1709 scientiam
3378 1665 3622 1725 ceperat,
3656 1671 3794 1726 qua-

2214 1761 2441 1816 rumque
2473 1761 2578 1800 non
2608 1745 2784 1800 solum
2819 1745 3050 1814 species,
3082 1747 3181 1798 sed
3212 1756 3265 1800 et
3299 1747 3519 1801 nomina
3566 1747 3622 1801 in
3653 1763 3790 1816 prm-

2209 1838 2348 1893 seuti
2377 1835 2578 1894 saeculo
2601 1837 2922 1906 ignorentur
2957 1856 2973 1893 :
3000 1837 3066 1891 de
3091 1838 3291 1906 quibus
3322 1847 3379 1892 et
3410 1839 3464 1893 itt
3497 1837 3620 1893 aliis
3646 1841 3788 1894 idem

2206 1928 2496 1998 Apostolus
2526 1928 2640 1999 (27)
2671 1929 2806 1984 dicit
2840 1930 3181 1986 Salvatorem
3205 1932 3414 1986 sedisse
3439 1931 3554 2002 (28)
3581 1951 3602 1984 ι
3624 1947 3790 2003 super

2209 2035 2426 2076 onmem
2458 2021 2845 2090 principatum,
2879 2032 2935 2076 et
2962 2032 3308 2092 potestatem,
3335 2031 3392 2078 et
3417 2023 3698 2088 virtutem,
3732 2031 3792 2078 et

2205 2113 2653 2179 dominationem,
2699 2122 2755 2168 et
2806 2128 2968 2168 omne
3021 2131 3218 2169 nomen
3271 2115 3416 2184 quod
3458 2118 3780 2170 nominatur

2208 2221 2312 2260 non
2343 2205 2518 2259 solum
2547 2205 2599 2259 in
2642 2205 2746 2260 hoc
2775 2206 2993 2271 saeculo,
3027 2205 3124 2262 sed
3147 2208 3312 2260 etiam
3349 2207 3402 2260 in
3439 2205 3624 2261 l‘uturo
3639 2207 3722 2273 5';
3758 2226 3780 2260 ι

2205 2305 2426 2366 propter
2473 2297 2588 2351 htec
2637 2311 2768 2367 ergo
2805 2311 2926 2365 qua:
2973 2297 3078 2352 scit
3123 2313 3228 2352 non
3281 2298 3458 2351 solum
3513 2313 3670 2368 posse
3728 2301 3783 2352 in

2206 2383 2456 2450 przesenti
2488 2383 2711 2448 saeculo,
2738 2384 2830 2438 sed
2862 2385 3028 2438 etiam
3061 2386 3112 2438 in
3145 2385 3326 2440 futuro
3351 2385 3464 2458 (29)
3485 2388 3784 2454 nominari,

2204 2473 2409 2528 dixisse
2461 2474 2734 2528 videbitur
2763 2493 2776 2528 :
2809 2493 2828 2526 ι
2859 2473 3047 2543 Neque
3096 2476 3204 2529 ulla
3253 2486 3507 2531 creatura
3546 2477 3652 2532 alia
3682 2494 3781 2548 po-

2206 2568 2336 2621 terit
2363 2582 2461 2622 nos
2494 2583 2754 2637 separare
2782 2584 2812 2622 a
2841 2570 3109 2624 cbaritate
3141 2569 3234 2623 Dei
3257 2571 3357 2620 η.»
3394 2568 3782 2626 Verumtamen

2201 2675 2271 2715 ex
2309 2661 2394 2715 his
2426 2661 2678 2714 omnibus
2720 2662 2961 2716 ostendit
3015 2661 3210 2715 Paulus
3239 2662 3432 2717 salutis
3470 2677 3580 2716 suae
3606 2664 3775 2717 conli-

2202 2751 2466 2817 dentiam,
2513 2767 2635 2806 cum
2675 2753 2789 2821 jam
2845 2767 3018 2821 neque
3066 2753 3276 2824 angelis
3331 2753 3780 2820 adversantibus,

2202 2859 2375 2913 neque
2424 2843 2718 2898 virtutibus
2771 2845 3234 2913 impugnantibus,
3269 2861 3448 2916 neque
3483 2848 3778 2915 pratsenti-

2199 2936 2322 3002 bus,
2359 2951 2535 3004 neque
2572 2933 2771 2989 futuris
2818 2935 2922 2990 sibi
2970 2935 3380 2992 obluctantibus
3407 2937 3545 3006 (50),
3599 2953 3780 3006 neque

2200 3027 2307 3083 ulla
2345 3043 2567 3096 prorsus
2601 3037 2854 3080 creatura
2908 3029 3258 3093 adversante,
3293 3042 3322 3080 a
3376 3029 3648 3085 cbaritate
3681 3027 3778 3082 Dei

516 3134 798 3202 perferre.
860 3131 1152 3203 Subjungit
1208 3132 1402 3186 deinde
1441 3148 1456 3185 :
1490 3151 1509 3181 ι
1542 3130 1730 3200 Neque
1774 3131 2030 3185 virtutes.
2071 3148 2089 3181 ι

2200 3119 2333 3175 dicit
2360 3136 2420 3176 se
2447 3135 2608 3188 posse
2635 3120 2843 3182 divelli,
2881 3134 2981 3174 nec
3027 3119 3192 3172 ullum
3225 3128 3304 3172 tot
3333 3120 3776 3174 adversariorum

516 3226 740 3291 Species
771 3223 984 3277 videtur
1010 3238 1128 3275 esse
1158 3237 1260 3273 uua
1293 3237 1358 3275 ex
1387 3221 1635 3291 pluribus
1671 3221 2092 3276 rationabilibus

514 3315 800 3378 creaturis,
847 3329 952 3368 non
1004 3314 1054 3366 in
1109 3328 1342 3383 corpore
1385 3313 1602 3369 mortali
1649 3313 1816 3366 vitam
1861 3315 2087 3374 ducens,

514 3411 613 3461 sed
645 3415 705 3460 ut
739 3405 934 3475 angeli,
967 3422 1030 3461 ex
1074 3405 1180 3458 alio
1209 3414 1388 3458 tamen
1417 3406 1610 3461 ordine
1638 3420 1800 3475 quam
1833 3416 1958 3460 sunt
1987 3420 2088 3457 an-

512 3499 641 3569 geli.
682 3497 748 3552 Et
777 3498 906 3566 ipsa:
941 3512 1070 3567 ergo
1119 3498 1350 3553 virtutes
1387 3497 1588 3552 habent
1613 3506 1893 3552 certamen
1925 3511 2084 3564 sepa-

512 3606 638 3644 rare
673 3606 770 3642 nos
797 3607 828 3642 a
859 3589 1128 3642 eharitate
1158 3590 1289 3654 Dei;
1321 3589 1416 3643 sed
1449 3603 1548 3643 nec
1575 3589 1729 3656 ipsae,
1757 3588 1959 3656 inquit,
1991 3602 2088 3652 po-

513 3695 715 3747 terunt,
741 3686 784 3739 si
814 3685 1055 3739 radicata
1087 3685 1157 3739 sit
1185 3695 1239 3739 et
1265 3684 1509 3739 fundata.
1534 3685 1804 3740 Similiter
1829 3695 1882 3740 et
1911 3701 1930 3735 α
1961 3685 2088 3738 alti-

512 3778 706 3839 ιιι‹Ιο,ι
764 3787 818 3830 et
876 3777 1282 3845 «profundum»
1338 3778 1620 3844 impugnat
1673 3791 1793 3843 nos,
1840 3777 1982 3831 sicut
2031 3787 2086 3831 et

513 3867 676 3923 David
709 3867 904 3921 dicit“
933 3887 946 3922 :
978 3885 995 3919 ι
1018 3867 1169 3922 Multi
1223 3868 1316 3937 qui
1367 3869 1641 3924 debellant
1686 3883 1772 3923 me
1807 3870 1873 3924 de
1904 3869 2035 3932 alto,
2059 3887 2082 3922 ι

511 3961 630 4013 sine
669 3959 830 4013 dubio
861 3974 981 4014 cum
1021 3975 1051 4013 a
1081 3960 1362 4030 spiritibus
1392 3961 1648 4030 nequitia:
1668 3959 1714 3991 “
1745 3960 1814 4014 de
1845 3961 2084 4015 caelesti-

511 4054 613 4106 bus
648 4052 1057 4122 urgeretur(26)
1085 4070 1098 4106 :
1126 4062 1178 4108 et
1208 4053 1350 4108 sicut
1382 4053 1578 4106 iterum
1607 4053 1736 4107 dicit
1767 4071 1781 4106 :
1812 4071 1830 4104 ι
1862 4052 1936 4107 De
1961 4068 2086 4121 ιιι-ος

579 4194 624 4223 θ’
647 4194 802 4246 Jnau.
853 4209 950 4253 XII,
993 4195 1082 4248 51.
1158 4193 1243 4246 ⁶³1
1277 4192 1434 4250 Joan.
1470 4193 1659 4257 tv,18.

508 4281 693 4328 CXXIX,
721 4266 772 4321 1.
851 4265 894 4294 ⁸⁸
916 4265 1111 4333 Epltes.
1158 4280 1194 4327 ι,
1226 4265 1315 4318 21.
1395 4264 1438 4295 δ’
1461 4263 1752 4326 Rom.vnt,
1774 4264 1863 4318 59.

578 4379 693 4444 (18)
723 4377 890 4439 Editi,
928 4398 946 4430 ι
967 4391 1021 4434 et
1047 4381 1278 4433 similem
1309 4379 1448 4446 ejus.
1473 4399 1491 4426 ι

580 4449 694 4519 (l9)
723 4447 954 4519 futura.
985 4450 1330 4504 Desideratur
1361 4451 1412 4502 in
1441 4460 1598 4502 antea
1626 4448 1802 4504 editis.

581 4518 696 4589 (20)
746 4518 839 4573 Sic
892 4521 1095 4574 rectius
1153 4534 1253 4572 ms.
1289 4519 1679 4589 ttnusrltegius
1731 4535 1878 4572 num.
1911 4519 2070 4573 1659.

506 4588 698 4644 tlzeteri
732 4605 862 4642 vero
895 4605 1024 4643 mss.
1055 4600 1108 4644 et
1141 4590 1293 4653 editi,
1337 4608 1354 4639 ‹
1380 4588 1470 4642 Vel
1503 4593 1664 4644 etiam
1698 4589 1878 4643 futura
1913 4593 2074 4644 intel-

506 4661 598 4728 ligi
628 4675 692 4713 ea
729 4674 852 4725 qua:
887 4661 1143 4713 mundum
1181 4659 1323 4712 hunc
1348 4660 1788 4718 excedentibus.»
1826 4671 1932 4714 etc.

579 4729 692 4800 (21)
727 4730 1134 4800 Genebrardus,
1177 4748 1194 4779 ι
1223 4731 1620 4800 proﬁcientem,
1644 4749 1662 4780 ι
1703 4730 1862 4785 male.

576 4796 688 4869 (22)
710 4799 873 4863 Editi,
906 4818 926 4851 1
952 4796 1250 4855 Videbatur
1273 4809 1475 4855 autem.
1505 4818 1522 4850 ι
1551 4798 1652 4854 Ms.
1685 4815 1842 4864 unus,
1878 4817 1896 4850 ο
1921 4796 2087 4852 Vide-

506 4881 594 4925 tur
621 4880 856 4924 autem.»

577 4939 690 5008 (25)
729 4939 907 4994 Enim.
939 4939 1109 5001 Alias,
1147 4959 1165 4990 ι
1189 4949 1390 4992 autem.
1417 4958 1435 4990 ι

575 5007 690 5074 (24)
720 5011 888 5074 Alias,
923 5030 940 5061 ι
969 5010 1346 5064 contendimus
1375 5019 1650 5064 autem....
1677 5007 1888 5076 placere
1913 5009 2076 5062 Deo.»

576 5080 689 5150 (25)
728 5081 895 5144 Editi,
937 5100 954 5131 ι
979 5092 1036 5132 ut
1067 5081 1140 5134 sit
1171 5089 1226 5134 et
1249 5080 1445 5148 aliquis
1475 5079 1612 5133 alius
1644 5079 1837 5150 tertius
1883 5079 2077 5150 borum

505 5153 774 5220 superior.
797 5171 815 5203 ι
850 5151 940 5204 Sic
993 5151 1158 5204 etiam
1189 5165 1319 5203 mss.
1355 5150 1576 5220 quidam
1607 5149 1709 5202 nisi
1741 5152 1893 5220 quod
1918 5149 2079 5202 uiuit-

506 5218 617 5272 tant
661 5239 680 5272 ι
705 5219 862 5274 alius.
885 5240 903 5272 ι
935 5220 1039 5274 Sed
1065 5235 1168 5274 ms.
1194 5235 1332 5275 unus
1360 5218 1562 5288 Regius
1587 5235 1738 5274 num.
1770 5219 1906 5274 1659
1931 5229 2077 5273 recte

502 5291 654 5344 addit
693 5309 712 5341 ι
739 5293 948 5343 modus.
977 5309 996 5342 ι

577 5360 688 5426 (26)
737 5361 907 5423 Alias,
958 5378 980 5414 ι
1012 5377 1040 5415 a
1091 5358 1430 5428 spiritalibus
1467 5359 1784 5427 nequitiae.»
1838 5357 1932 5418 al.,
1971 5357 2080 5412 «ab

502 5430 788 5500 spiritibus
817 5432 1106 5500 nequitia,»
1132 5433 1226 5492 al.,
1257 5445 1316 5483 «ιι
1339 5430 1710 5500 spiritualibus
1740 5431 2015 5500 nequitiis.
2051 5447 2070 5480 ι

504 5499 710 5554 Deinde
738 5498 914 5563 editi,_
943 5521 961 5553 ι
989 5511 1043 5554 ct
1074 5503 1266 5553 iterum
1294 5518 1306 5553 :
1335 5499 1410 5553 De
1437 5499 1736 5568 profundis,
1759 5517 1779 5550 ι
1818 5509 1922 5552 etc.
1948 5498 2073 5552 Mss.
2111 5513 2118 5520 '

491 5570 743 5636 quidam,
786 5588 804 5620 ι
837 5582 891 5623 et
921 5571 1114 5623 iterum
1143 5569 1275 5624 dicit
1303 5584 1316 5621 :
1344 5569 1416 5623 De
1445 5570 1745 5636 profundis,
1772 5587 1790 5620 ι
1833 5580 1937 5621 etc.
1967 5569 2073 5622 Sed

505 5653 620 5710 ms.
643 5638 843 5710 Begius
877 5657 1027 5695 num.
1060 5640 1214 5703 1659,
1245 5641 1444 5707 optimc
1489 5650 1548 5691 ut
1597 5640 1648 5692 in
1680 5650 1867 5693 nostro
1900 5650 2072 5710 textu.

579 5708 691 5777 ('27)
719 5708 882 5772 Editi,
917 5729 933 5759 ι
967 5711 1160 5762 multas
1190 5719 1244 5761 et
1281 5712 1592 5762 innumeras
1641 5722 1924 5763 creaturas
1957 5709 2070 5772 Dei,

505 5793 734 5845 quarum
763 5781 924 5833 etiam
957 5797 1062 5834 non
1092 5794 1331 5844 omnem,
1373 5781 1466 5834 sed
1503 5795 1566 5832 cx
1598 5791 1749 5850 parte
1782 5780 2066 5833 scientiam

1739 4194 1784 4224 ⁸⁸
1821 4191 1863 4245 ll
1905 4193 2029 4246 Cor.
2075 4209 2127 4258 v,
2152 4193 2207 4256 6,
2234 4192 2285 4246 8.
2366 4192 2408 4222 θ’
2436 4191 2630 4245 Psalm.
2675 4205 2759 4252 ιν,
2800 4191 2851 4243 5.
2931 4191 3021 4242 6“li

1739 4264 1863 4322 .59.
1943 4263 2026 4315 ⁷⁰Ι
2073 4263 2230 4318 Joau.
2268 4277 2342 4322 IV,
2383 4262 2469 4314 18.
2545 4261 2629 4312 "l
2666 4262 2772 4312 (lor
2832 4259 3021 4321 "(.27.

2115 4386 2159 4439 ι)
2187 4385 2432 4446 ceperat,
2467 4388 2806 4446 quarumque
2833 4376 3044 4441 species
3079 4384 3131 4446 et
3160 4377 3377 4429 nomina
3410 4376 3462 4429 in
3505 4379 3761 4445 pncsenti

2199 3226 2396 3280 capere
2435 3221 2660 3275 metum,
2704 3220 2762 3264 ut
2805 3225 2935 3264 vere
2977 3211 3290 3264 ostenderet
3324 3210 3438 3280 (51)
3472 3213 3614 3279 quod
3645 3227 3773 3280 per-

2197 3303 2341 3358 fecta
2369 3303 2613 3358 ebaritas
2638 3311 2694 3357 et
2737 3317 2803 3356 ex
2848 3301 2963 3368 ipso
2981 3300 3094 3371 (52)
3125 3299 3271 3356 foras
3293 3302 3402 3371 jam
3437 3303 3586 3358 misit
3610 3304 3772 3358 timo-

2196 3411 2312 3451 rem
2335 3396 2402 3450 ⁷ο.
2447 3393 2645 3450 llabuit
2679 3393 2825 3447 enim
2859 3393 3153 3462 aliquando
3193 3394 3357 3447 etiam
3400 3394 3516 3464 ipse
3547 3405 3774 3460 metum,

2195 3499 2252 3543 et
2281 3486 2460 3540 timuit
2496 3501 2563 3542 ne
2597 3484 2736 3540 forte
2769 3485 2989 3539 caderet
3024 3503 3036 3537 :
3066 3493 3121 3538 et
3157 3485 3259 3538 iste
3295 3486 3386 3554 qui
3419 3485 3582 3542 modo
3608 3487 3774 3540 male

2194 3580 2359 3634 stium
2385 3580 2646 3639 virtutum
2674 3579 2958 3631 adversum
2989 3591 3048 3632 se
3081 3578 3124 3631 si
3158 3587 3607 3632 commoveantur
3627 3577 3773 3632 bella

2192 3685 2300 3726 non
2331 3671 2530 3737 timuit,
2573 3669 2863 3738 aliquando
2905 3683 3128 3724 carnem
3181 3684 3335 3722 suam
3381 3671 3587 3734 timuit,
3617 3680 3673 3726 et
3697 3686 3763 3724 ex

2192 3777 2253 3817 ea
2278 3771 2669 3830 consurgentes
2693 3760 2918 3814 insidias
2949 3760 3281 3824 formidavit,
3305 3763 3526 3831 quando
3549 3761 3773 3816 dicebat

2191 3855 2440 3910 scribens
2470 3855 2537 3908 ad
2565 3851 2880 3907 Corinthios
2906 3871 2919 3905 :
2951 3871 2969 3904 ‹
2995 3851 3209 3906 Macero
3245 3868 3444 3923 corpus
3485 3867 3688 3919 meum,
3712 3865 3770 3910 et

2189 3947 2434 4003 servituti
2469 3945 2720 4013 subjicio,
2767 3959 2834 3999 ne
2879 3942 3022 3999 forte
3066 3958 3189 3998 cum
3250 3944 3372 3998 aliis
3429 3947 3768 4012 praedicave-

2192 4039 2294 4093 rim
2324 4037 2463 4107 (55),
2499 4039 2612 4105 ipse
2651 4036 2914 4106 reprobus
2937 4033 3250 4089 elIiciar'”.i
3292 4033 3354 4088 Et
3379 4035 3500 4090 ideo
3524 4051 3636 4106 pra:
3661 4053 3768 4092 ca-

2366 4192 2408 4222 “
2436 4189 2630 4245 Psalm.
2675 4205 2759 4252 LV,
2800 4190 2851 4243 5.
2931 4189 2974 4218 ⁸⁵
2999 4189 3194 4257 Epltes.
3228 4205 3297 4251 vr,
3333 4188 3420 4242 l9...
3499 4188 3762 4246 "Psalm.

2187 4445 2304 4501 loco
2330 4447 2686 4513 ignorentur:
2713 4445 2780 4498 de
2801 4446 3000 4514 quibus
3024 4455 3076 4498 et
3111 4445 3164 4498 iu
3202 4446 3320 4498 aliis
3365 4446 3494 4499 item
3524 4449 3758 4515 Aposto-

2186 4518 2286 4576 lus.
2327 4535 2347 4567 ι
2383 4526 2490 4570 etc.

2257 4586 2370 4656 (28)
2401 4586 2496 4640 Sic
2528 4600 2631 4640 ms.
2657 4583 2859 4656 Regius
2883 4601 3030 4639 num.
3049 4584 3222 4656 71659.
3249 4586 3440 4656 Caeteri
3473 4600 3601 4640 vero
3625 4601 3760 4642 mss.

2185 4667 2238 4710 et
2269 4655 2453 4715 editi,
2506 4673 2524 4705 ι
2553 4655 2900 4717 ascendisse;
2931 4675 2949 4706 ι
3013 4655 3108 4717 al.,
3169 4673 3188 4706 ι
3215 4655 3451 4710 audisse.
3481 4675 3499 4706 ι
3554 4656 3764 4713 Deinde

2200 4745 2218 4775 ι
2245 4740 2458 4779 omnem
2481 4745 2498 4776 ι
2534 4726 2688 4779 deest
2715 4727 2764 4776 iu
2793 4724 2948 4778 libris
2982 4737 3106 4778 ante
3131 4725 3310 4780 editis.

2267 4796 2381 4867 (29)
2418 4795 2583 4867 Editi.
2622 4795 2955 4867 «Propterea
3006 4810 3136 4867 ergo
3181 4795 3439 4867 quoniam
3485 4795 3591 4850 scit
3643 4796 3760 4852 base

2196 4865 2302 4918 non
2332 4881 2489 4933 posse
2522 4865 2574 4918 in
2609 4865 2858 4933 przeseuti
2892 4866 3112 4928 saeculo,
3144 4866 3238 4919 sed
3287 4866 3336 4919 in
3374 4865 3576 4929 futuro,
3601 4885 3619 4917 ι
3649 4877 3758 4920 etc.

2197 4936 2325 4990 Mss.
2361 4936 2601 5004 quidam,
2641 4952 2660 4985 ε
2688 4933 2974 5005 Propterea
3018 4950 3148 5003 ergo
3184 4937 3298 4989 haec
3343 4951 3464 5005 quae
3511 4938 3614 4990 scit
3649 4952 3760 4990 nou

2188 5020 2348 5074 posse
2386 5007 2438 5058 in
2471 5004 2723 5074 praesenti
2774 5004 2992 5071 saeculo,
3019 5009 3112 5060 sed
3139 5007 3192 5059 in
3218 5004 3423 5070 futuro,
3455 5023 3476 5058 ι
3505 5016 3616 5062 etc.
3647 5009 3755 5061 Sed

2187 5073 2338 5130 recte
2371 5091 2473 5130 ms.
2508 5089 2646 5128 unus
2677 5073 2875 5142 Regius
2905 5085 2962 5128 ut
3001 5077 3052 5128 in
3088 5086 3259 5133 textu.
3767 5099 3776 5134 i

2256 5143 2368 5212 (50)
2423 5144 2587 5215 Editi,
2659 5144 3182 5199 «oblectationibus.
3213 5164 3232 5198 ι
3300 5143 3432 5201 Mss.
3483 5145 3751 5215 quidam,

2189 5231 2208 5265 α
2236 5214 2655 5280 oblectantibus,
2679 5233 2698 5266 ι
2731 5216 2892 5269 male.

2257 5285 2370 5354 (51)
2401 5284 2568 5346 Editi,
2602 5305 2620 5337 ι
2643 5300 2743 5340 nec
2770 5301 2834 5339 cx
2861 5285 2970 5341 ullo
2994 5294 3073 5339 tot
3097 5284 3533 5342 adversariorum
3559 5299 3757 5356 capere

2188 5368 2409 5415 metum,
2439 5366 2496 5407 ut
2527 5369 2710 5408 verum
2741 5358 3070 5419 ostenderet,
3101 5375 3120 5406 ›
3159 5367 3265 5410 etc.

2253 5426 2366 5494 (52)
2399 5425 2464 5477 Ει
2511 5441 2574 5477 ea:
2609 5431 2743 5490 ipso.
2776 5427 2900 5480 llaec
2930 5427 3308 5480 desiderantur
3341 5425 3394 5480 in
3440 5425 3626 5492 editis,
3659 5427 3754 5481 sed

2179 5497 2540 5551 restituuntur
2568 5513 2634 5550 ex
2661 5512 2793 5550 Ittss.

2247 5565 2360 5635 (55)
2389 5565 2482 5619 Sic
2511 5581 2610 5620 ms.
2660 5581 2818 5622 unus.
2850 5565 2991 5620 Editi
3024 5580 3178 5632 vero,
3214 5583 3232 5616 ι
3257 5573 3312 5620 et
3345 5567 3397 5619 in
3431 5565 3750 5635 servitutem

2178 5633 2386 5704 redigo,
2417 5649 2483 5688 ne
2515 5635 2658 5690 forte
2681 5651 2808 5690 cum
2837 5637 2957 5689 aliis
2989 5637 3420 5706 prtedicaverim,
3443 5645 3590 5690 rete.
3619 5633 3747 5690 Mss.

2175 5708 2288 5771 alii,
2349 5716 2443 5758 (et
2498 5707 2748 5762 servituti
2803 5705 3010 5777 redigo,
3065 5722 3132 5762 ne
3182 5707 3323 5762 forte
3375 5706 3498 5761 aliis
3548 5705 3747 5774 przcdi-

2172 5793 2320 5843 catts,
2355 5794 2372 5826 ι
2407 5783 2540 5847 εις.¹
