4146 6406
433 330 570 386 1157

1341 335 1698 392 (ΖΟΜΜΕΝΤ.
1742 336 1808 391 IN
1848 333 2065 391 EPIST.
2106 335 2197 388 AD
2233 332 2402 388 RUM.
2444 331 2573 387 LIB.
2618 332 2728 386 VII.

3536 337 3673 390 H59

429 451 560 504 teris
589 450 844 505 omnibus
877 452 1057 505 carnis
1103 451 1312 506 insidia:
1365 451 1716 507 formidanda:
1761 462 1910 515 sunt,
1943 461 1996 506 et
2025 458 2068 514 Α
2101 467 2241 504 unus
2273 451 2537 503 moriatur
2577 449 2738 501 homo
2787 461 2887 515 pro
2923 446 3142 516 populo,
3182 455 3235 502 et
3276 462 3380 500 non
3417 448 3668 502 universa

427 539 516 592 ille
554 539 645 608 qui
681 539 747 592 de
777 539 930 594 nobis
964 541 1207 608 procedit
1235 540 1409 595 hostis
1441 541 1557 610 ipse
1585 543 1856 596 cavendus
1885 551 1988 608 est,

423 633 599 685 donec
627 630 679 683 in
715 639 924 684 tantum
948 629 1250 700 profectum
1276 631 1460 684 veniat
1489 633 1691 694 anima,
1720 639 1778 686 ut
1807 631 1992 686 dulce-

425 721 550 774 dine
575 720 865 776 charitatis
901 721 1012 776 Deo
1047 722 1293 786 astricta,
1331 723 1581 792 corporis
1622 724 1992 778 blandimenta

421 819 476 864 et
501 811 684 866 carnis
711 810 1002 866 illecebras
1032 813 1386 867 abhorreseat
1413 828 1553 868 unus
1584 829 1703 867 cum
1750 813 1862 868 Deo
1889 816 1992 884 spi-

419 904 562 956 ritus
589 901 753 956 facta.

492 995 577 1048 13.
615 993 952 1048 «Veritatem
994 995 1116 1048 dico
1170 995 1223 1048 in
1275 994 1520 1060 Christo,
1570 1011 1677 1050 non
1737 998 1988 1059 utentior.

420 1088 786 1141 testimonittm
837 1087 969 1140 mihi
1017 1088 1342 1155 perhibentc
1390 1089 1725 1142 conscientia
1775 1106 1891 1144 mea
1936 1091 1988 1144 in

419 1178 622 1248 Spiritu
651 1188 864 1242 sancto,
911 1178 1169 1245 quoniam
1203 1178 1423 1232 tristitia
1460 1189 1548 1233 est
1597 1180 1728 1233 mihi
1767 1196 1986 1249 magna,

415 1279 468 1324 et
500 1271 796 1325 continuus
824 1271 979 1323 dolor
1009 1270 1158 1323 cordi
1203 1283 1343 1323 tneo.
1383 1266 1648 1336 Optabam
1681 1271 1823 1324 enim
1857 1285 1990 1323 ana-

419 1363 598 1416 thema
644 1377 765 1417 esse
812 1363 927 1432 ipse
969 1376 1069 1432 ego
1096 1378 1124 1414 a
1155 1362 1370 1417 Christo
1403 1376 1500 1430 pro
1538 1361 1800 1415 fratribus
1831 1361 1986 1424 meis,

416 1455 506 1522 qui
547 1465 674 1508 sunt
712 1454 925 1524 cognati
975 1454 1078 1508 tnei
1113 1453 1408 1507 secundum
1436 1469 1680 1515 carnem,
1724 1453 1813 1519 qui
1863 1464 1991 1507 sunt

419 1545 695 1609 Israelita),
734 1560 964 1614 quorum
1003 1546 1224 1613 adeptio
1275 1555 1360 1598 est
1405 1544 1661 1609 filiorum,
1695 1553 1749 1597 et
1789 1543 1984 1613 gloria,

415 1646 472 1690 et
506 1645 848 1699 testamenta,
888 1647 941 1691 et
994 1636 1276 1703 legislatio,
1314 1645 1369 1690 et
1405 1637 1744 1703 obsequium.
1779 1647 1832 1689 et
1863 1653 1988 1704 pro-

417 1725 724 1791 missiones,
773 1740 1004 1794 quorum
1055 1736 1259 1794 patres,
1288 1734 1341 1779 et
1371 1740 1436 1778 ex
1470 1725 1668 1794 quibus
1695 1727 1806 1794 (54)
1836 1726 1988 1780 Chri-

411 1828 529 1872 stus
561 1815 854 1871 secundum
903 1831 1147 1880 carnem,
1177 1818 1267 1884 qui
1305 1824 1388 1870 est
1419 1831 1582 1886 super
1618 1817 1804 1870 omnia
1846 1819 1987 1872 Deus

411 1911 727 1964 benedictus
759 1910 810 1963 in
840 1909 1036 1964 szccula
1059 1911 1160 1962 τ’.»
1187 1908 1386 1966 Videns
1423 1910 1624 1964 Paulus
1649 1913 1795 1980 quod
1826 1913 1870 1966 si
1898 1928 1986 1967 se-

409 2004 644 2058 cundum
674 2016 736 2056 ea
767 2002 820 2055 in
850 2003 1046 2069 quibus
1075 2017 1239 2071 supra
1279 2002 1686 2074 exposuit(55),
1731 2003 1878 2057 nulla
1907 2007 1982 2069 vi,

407 2092 722 2148 coelestibus
744 2092 830 2148 vel
857 2094 1236 2160 terrestribus,
1270 2095 1632 2163 praasentibus
1664 2095 1749 2149 vel
1788 2094 1986 2152 futuris

408 2186 820 2240 adversantibus
865 2187 993 2247 sibi,
1021 2185 1195 2254 possit
1223 2201 1251 2239 a
1276 2185 1481 2240 Christi
1513 2186 1786 2241 charitate
1828 2202 1987 2257 sepa-

409 2279 541 2344 rari,
569 2278 907 2331 contrarium
932 2287 988 2331 et
1019 2277 1337 2332 incredibile
1368 2277 1645 2332 videretur
1671 2279 1816 2347 quod
1844 2294 1987 2334 nunc

406 2369 589 2424 dicere
617 2369 970 2438 proponebat,
1003 2380 1195 2438 optare
1239 2385 1297 2424 se
1345 2386 1374 2424 a
1421 2371 1643 2425 Christo
1681 2387 1840 2442 quem
1875 2382 1984 2425 tam

408 2461 840 2530 inseparabiliter
879 2462 1159 2532 diligebat,
1199 2463 1490 2516 anathema
1539 2464 1676 2527 fieri,
1725 2465 1827 2519 hoc
1877 2473 1980 2530 est,

405 2553 643 2607 alienum
668 2553 804 2607 eliici
827 2569 842 2618 ;
877 2568 944 2607 ne
970 2554 1238 2608 mendacii
1274 2563 1456 2606 notam
1479 2554 1589 2625 (56)
1617 2556 1802 2610 subire
1829 2557 1983 2611 vide-

406 2653 577 2710 retur,
614 2643 1044 2699 satisfactionem
1097 2645 1401 2714 praemittit,
1454 2656 1512 2700 ut
1545 2661 1883 2718 nequaquam
1915 2649 1984 2704 de

405 2737 523 2804 ejus
557 2750 809 2791 sermone
848 2739 1144 2799 dubitetur,
1180 2749 1235 2793 et
1273 2738 1448 2794 dicit:
1481 2758 1498 2791 ‹
1521 2741 1818 2797 Veritatem
1861 2743 1984 2800 dico

405 2828 458 2880 in
494 2827 730 2890 Christo,
765 2843 869 2882 non
917 2831 1174 2894 mentior,
1209 2833 1580 2887 testimonium
1618 2833 1750 2886 mihi
1793 2835 1980 2901 perhi-

404 2919 564 2974 bentc
590 2919 925 2974 conscientia
960 2937 1078 2974 mea
1128 2922 1182 2975 in
1218 2922 1424 2992 Spiritu
1462 2934 1668 2980 sancto.
1699 2943 1718 2976 ι
1763 2925 1868 2980 Sed
1901 2928 1981 2980 vi-

402 3014 628 3067 deamus
656 3028 826 3083 quare
851 3013 1068 3078 dixerit,
1104 3032 1123 3065 ι
1149 3015 1433 3070 veritatem
1456 3017 1578 3071 dico
1608 3017 1661 3071 itt
1693 3017 1932 3083 Christo,
1955 3038 1974 3071 ι

399 3107 555 3174 quasi
605 3109 897 3162 ostendens
946 3122 1067 3161 esse
1111 3107 1348 3176 aliquam
1383 3109 1668 3163 veritatem
1706 3126 1826 3180 qua:
1869 3127 1976 3166 non
2007 3139 2047 3196 ρ

399 3201 471 3251 sit
525 3189 577 3250 in
625 3197 864 3251 Christo.
915 3197 981 3250 Et
1030 3198 1151 3251 vide
1203 3198 1248 3252 si
1302 3198 1573 3266 possimus
1615 3200 1707 3254 tali
1739 3203 1973 3270 quodam

400 3287 559 3342 modo
591 3287 876 3341 veritatem
903 3301 1024 3355 qua:
1069 3288 1121 3340 in
1160 3287 1378 3342 Christo
1407 3300 1512 3352 est,
1539 3289 1607 3343 ab
1633 3304 1694 3344 ea
1721 3305 1841 3360 quae
1870 3307 1972 3344 non

397 3387 481 3432 est
507 3379 559 3432 itt
589 3377 829 3444 Christo,
860 3377 1196 3447 distinguere
1223 3395 1236 3430 :
1268 3378 1396 3447 quia
1420 3386 1474 3433 et
1502 3379 1632 3434 alibi
1666 3381 1808 3434 idem
1832 3381 1976 3449 Apo—

398 3469 568 3524 stolus
605 3469 737 3522 dicit
766 3486 780 3522 :
809 3488 828 3521 ε
855 3469 948 3523 Est
975 3469 1180 3524 veritas
1216 3469 1420 3524 Christi
1458 3470 1512 3524 in
1561 3484 1667 3535 me,
1704 3471 1832 3538 quia
1868 3487 1973 3526 non

399 3561 749 3616 mentior'b
787 3560 1002 3616 Veritas
1041 3575 1171 3632 ergo
1195 3561 1401 3616 Christi
1443 3575 1565 3617 esse
1596 3563 1869 3617 credenda
1892 3571 1977 3618 est

399 3654 495 3719 ibi,
511 3653 602 3707 ubi
623 3662 750 3709 sunt
764 3651 876 3723 (57)
893 3662 948 3708 et
966 3652 1189 3722 reliquae
1206 3654 1436 3708 virtutes
1450 3653 1837 3723 quaeChristus
1854 3667 1977 3710 esse

395 3746 782 3801 describuntur
809 3762 822 3799 :
851 3745 904 3799 id
933 3753 1042 3809 est,
1082 3744 1172 3799 ubi
1200 3742 1435 3812 iustitia,
1463 3745 1553 3801 ubi
1597 3761 1722 3815 pax,
1755 3745 1846 3801 ubi
1891 3755 1975 3800 est

396 3836 619 3890 verbum
648 3835 764 3901 Dei,
801 3836 874 3891 ibi
920 3848 1014 3894 est.
1051 3846 1102 3891 et
1137 3835 1342 3890 veritas
1371 3835 1599 3891 Christi.
1644 3837 1740 3891 Est
1786 3847 1970 3892 autem

395 3928 597 3983 veritas
636 3938 692 3983 et
732 3929 784 3982 in
819 3927 1147 3996 iniustitia”
1174 3945 1188 3982 :
1216 3937 1274 3981 ut
1311 3928 1380 3992 si,
1419 3928 1572 3981 verbi
1607 3943 1797 3992 causa,
1828 3929 1976 3983 dica-

394 4037 538 4084 mus,
569 4021 893 4075 dtetnonium
940 4021 1070 4074 illud
1120 4019 1408 4091 Pythonis,
1454 4022 1601 4089 quod
1648 4021 1703 4075 in
1740 4020 1971 4075 Actibus

391 4111 827 4180 apostolorum"
873 4111 1107 4165 refertur
1161 4113 1214 4164 in
1266 4111 1463 4165 ancilla
1514 4111 1748 4181 quadam
1809 4113 1967 4167 habi-

394 4213 559 4268 tasse,
599 4213 654 4257 et
698 4203 971 4257 clamasse
1006 4213 1131 4271 post
1183 4203 1481 4272 apostolos,
1530 4205 1654 4272 quia
1694 4223 1712 4254 ί
1737 4204 1791 4258 hi
1829 4207 1968 4260 servi

393 4293 486 4347 Dei
522 4295 716 4348 summi
765 4305 915 4356 sunt,
952 4294 1044 4361 qui
1097 4293 1432 4348 annuntiant
1470 4294 1781 4348 hominibus
1821 4295 1963 4350 viam

393 4388 744 4451 θεῖτ’»,θῐει
765 4386 968 4440 veritas
999 4386 1051 4439 itt
1089 4387 1174 4440 his
1208 4387 1386 4440 verbis
1414 4402 1428 4438 :
1453 4400 1640 4440 verum
1673 4387 1817 4441 enim
1851 4397 1971 4443 erat

2097 557 2227 612 gens
2262 551 2446 611 pereat
2469 539 2647 611 (59)"
2676 558 2688 594 :
2716 559 2733 590 ι
2764 540 2858 593 sed
2880 547 3057 593 tamen
3088 539 3186 593 ista
3202 541 3403 593 veritas
3442 540 3672 593 nonfuit

2094 633 2150 688 in
2166 624 2405 688 Ch'risto.
2421 632 2487 685 Et
2507 631 2627 686 ideo
2641 629 2946 699 Apostolus,
2964 630 3029 684 ad
3045 631 3450 685 distinctionem
3471 634 3669 685 verita-

2094 726 2163 780 tis
2183 725 2301 795 ejus
2322 737 2443 794 qua
2457 731 2613 778 extra
2632 721 2908 778 Christum
2929 732 3032 786 est,
3053 737 3111 777 se
3130 723 3260 777 dicit
3278 724 3328 775 in
3349 723 3568 776 Christo
3592 723 3670 776 lo-

2091 816 2182 884 qui
2205 815 2511 870 veritatem.
2537 813 2643 869 Sed
2667 815 2844 869 ethoc
2868 816 3009 885 quod
3033 815 3160 867 dicit
3186 831 3199 867 :
3227 832 3248 864 ‹
3274 811 3666 867 Testimonium

2092 907 2226 962 mihi
2242 906 2556 976 perhibentc
2573 907 2907 961 conscientia
2924 919 3038 958 mea
3061 906 3112 957 in
3128 905 3328 972 Spiritu
3350 914 3557 966 sancto,
3575 903 3672 957 »εἰ-

2094 999 2270 1050 milem
2287 998 2415 1049 mihi
2434 997 2633 1049 habere
2651 995 2856 1048 videtur
2871 993 3299 1063 intelligentiam.
3319 993 3666 1047 ltedditenitn

2088 1089 2248 1159 611
2284 1089 2648 1142 testimonium
2685 1085 3014 1141 conscientia
3049 1087 3211 1140 etiam
3241 1085 3492 1155 gentibus
3526 1102 3542 1149 ;
3575 1099 3667 1140 se-

2092 1179 2482 1249 cundumquod
2519 1181 2568 1232 in
2597 1179 2964 1248 superioribus
2999 1179 3137 1232 idem
3175 1181 3466 1247 Aposmlus
3487 1181 3661 1235 ait":

2099 1290 2116 1322 ι
2156 1269 2547 1325 Testimonium
2600 1272 2862 1324 reddente
2902 1269 2982 1324 eis
3033 1271 3390 1331 conscientia,
3423 1281 3475 1325 et
3524 1272 3666 1325 inter

2091 1379 2152 1418 se
2199 1364 2428 1416 invicem
2487 1363 2876 1431 cogitationum
2930 1362 3328 1427 accusantium,
3365 1375 3454 1416 aut
3497 1365 3660 1417 etiam

2091 1452 2519 1506 defendentium.
2561 1470 2578 1500 ι
2604 1449 2661 1504 1η
2683 1450 2790 1505 illis
2831 1465 2964 1518 ergo
2994 1451 3047 1504 in
3078 1452 3276 1520 quibus
3303 1449 3666 1519 cogitationes

2090 1560 2205 1598 sua:
2241 1545 2445 1596 habent
2489 1541 2693 1611 aliquid
2725 1541 2868 1609 quod
2902 1549 3186 1607 accusent,
3226 1552 3279 1593 et
3325 1540 3660 1596 conscientia

2008 1628 2023 1651 ‘
2089 1637 2155 1688 ad
2192 1633 2559 1688 testimonium
2611 1632 2781 1694 venit,
2836 1646 2944 1686 non
2985 1640 3164 1697 potest
3215 1630 3322 1684 dici
3375 1631 3518 1698 quod
3565 1643 3664 1697 pro

2092 1724 2253 1779 malis
2307 1723 2518 1777 actibus
2565 1722 2682 1792 (40)
2738 1723 2791 1775 itt
2856 1722 3060 1790 Spiritu
3093 1731 3283 1774 sancto
3323 1721 3663 1775 conscientia

2018 1805 2062 1860 Β
2092 1813 2461 1869 testimonium
2497 1813 2709 1867 reddat.
2746 1810 2803 1866 In
2832 1813 3095 1881 Apostolo
3140 1827 3269 1866 vero
3316 1813 3410 1866 ubi
3453 1813 3663 1880 cogita-

2088 1909 2162 1962 tio
2185 1908 2294 1976 jam
2331 1923 2436 1959 non
2468 1904 2639 1959 habet
2670 1906 2816 1973 quod
2845 1914 3086 1967 accuset,
3120 1914 3268 1958 recte
3320 1905 3660 1958 conscientia

2086 2001 2138 2054 in
2165 2000 2366 2067 Spiritu
2405 2009 2600 2051 sancto
2654 1998 3028 2051 testimonium
3072 1997 3268 2051 reddit.
3300 1995 3433 2051 Vide
3472 2007 3653 2049 tamen

2086 2091 2518 2161 magnitudinem
2555 2093 2796 2160 pectoris
2829 2089 3135 2159 apostolici.
3177 2091 3222 2142 A
3255 2089 3353 2145 Dei
3388 2088 3659 2144 eharitate

2085 2201 2190 2239 non
2228 2193 2408 2253 potest
2438 2183 2681 2253 separari
2710 2199 2724 2235 :
2765 2184 2910 2250 quod
2939 2182 3202 2250 loquitur,
3237 2183 3290 2236 in
3322 2181 3548 2237 Christo
3580 2182 3661 2237 lo-

2084 2276 2274 2343 quitur
2313 2273 2425 2343 (41)
2474 2289 2488 2326 :
2533 2272 2676 2341 quod
2729 2272 2782 2326 in
2831 2269 3162 2325 conscientia
3211 2269 3397 2332 habet,
3449 2267 3658 2337 Spiritu

2085 2375 2278 2421 sancto
2307 2365 2637 2418 continetur.
2684 2362 2810 2428 Qui,
2848 2377 3052 2430 quaeso,
3101 2361 3249 2426 coeli,
3305 2361 3395 2429 qui
3449 2361 3653 2425 throni,

2085 2473 2207 2528 quae
2238 2455 2591 2526 amplissima:
2635 2454 2897 2508 virtutum
2933 2452 3240 2507 caelestium
3286 2461 3495 2506 mentes
3544 2461 3654 2505 tant

2085 2548 2280 2617 amplis
2305 2547 2526 2603 sedibus
2556 2556 2722 2600 totam
2751 2554 3012 2614 poterunt
3069 2558 3266 2613 capere
3298 2542 3658 2598 Trinitatem?

2088 2661 2108 2695 ι
2145 2643 2434 2710 Quoniam,
2492 2641 2690 2711 inquit,
2745 2640 2968 2693 tristitia
3020 2647 3106 2694 est
3153 2639 3286 2693 tnibi
3340 2653 3566 2710 magna,
3603 2647 3658 2692 et

2082 2734 2379 2789 continuus
2405 2731 2558 2786 dolor
2597 2728 2746 2784 cordi
2783 2743 2932 2785 meo.
2965 2748 2986 2782 ι
3025 2729 3178 2795 Esto,
3227 2729 3433 2785 habeas
3481 2729 3656 2784 tristi-

2084 2826 2213 2880 tiam
2242 2841 2257 2878 :
2287 2833 2430 2890 esto,
2462 2823 2703 2877 dolorem
2736 2824 2919 2893 capias
2967 2821 3033 2877 de
3068 2821 3375 2890 perditione
3421 2820 3655 2874 fratrum

2085 2928 2306 2971 tuorum
2375 2932 2396 2966 α
2440 2916 2534 2985 qui
2568 2923 2696 2970 sunt
2726 2913 2943 2982 cognati
2992 2914 3292 2968 secundum
3322 2925 3544 2967 carnem
3575 2928 3590 2965 :
3629 2929 3653 2963 ι

2083 3009 2329 3078 nunquid
2353 3022 2422 3063 eo
2455 3022 2626 3076 usque
2649 3013 2709 3060 ut
2739 3014 2896 3075 eptes
2924 3007 3210 3060 anathema
3257 3005 3373 3061 fieri
3416 3020 3446 3058 a
3493 3005 3657 3060 Chri-

2083 3100 2211 3155 sto?
2241 3099 2308 3154 Et
2337 3099 2466 3170 quid
2493 3099 2588 3154 tibi
2627 3100 2846 3167 prodest
2878 3098 3093 3152 illorum
3127 3097 3295 3163 salus,
3327 3098 3371 3150 si
3405 3108 3460 3151 tu
3490 3112 3520 3151 a
3562 3113 3652 3151 sa-

2079 3193 2191 3247 lute
2220 3190 2536 3260 separeris?
2567 3199 2622 3243 et
2653 3190 2782 3260 quid
2805 3189 3049 3244 salvabis
3083 3188 3219 3243 alios
3265 3186 3401 3260 (42),
3445 3189 3490 3242 si
3537 3189 3656 3259 ipse

2077 3299 2266 3354 pereas
2291 3285 2316 3339 ?
2339 3283 2478 3350 Non,
2510 3283 2709 3354 inquit,
2736 3284 2811 3339 ita
2848 3295 2930 3338 est
2961 3281 3112 3354 (ιδῃ
3150 3283 3244 3338 sed
3279 3298 3378 3354 ego
3423 3284 3584 3338 didici
3618 3299 3651 3339 a

2077 3376 2340 3446 Magistro
2373 3385 2429 3432 et
2467 3374 2699 3430 Domino
2728 3390 2872 3442 meo,
2927 3375 3054 3444 quia
3089 3393 3108 3426 ι
3138 3375 3233 3444 qui
3267 3377 3380 3429 vult
3411 3377 3650 3430 animam

2075 3483 2232 3524 suam
2264 3467 2471 3522 salvam
2501 3466 2708 3532 facere,
2741 3470 2930 3538 perdet
2957 3481 3078 3522 eam
3110 3482 3124 3531 ;
3183 3477 3236 3522 et
3271 3469 3362 3536 qui
3399 3469 3653 3536 perdide-

2076 3559 2148 3613 rit
2199 3571 2343 3625 eam,
2393 3559 2632 3613 inveniet
2673 3573 2794 3613 eam
2845 3558 2915 3611 ⁸⁸.
2948 3576 2969 3610 ι
3020 3557 3158 3624 Quid
3207 3573 3342 3628 ergo
3373 3558 3571 3612 tnirum
3603 3559 3653 3613 si

2073 3651 2363 3723 Apostolus
2393 3667 2495 3721 pro
2529 3651 2793 3706 fratribus
2836 3653 2950 3706 suis
2991 3653 3281 3706 anathema
3326 3649 3445 3705 ﬂeri
3494 3651 3652 3717 velit,

2075 3747 2165 3813 qui
2202 3745 2342 3798 sciat
2375 3758 2498 3798 eum
2524 3745 2615 3813 qui
2647 3755 2770 3798 erat
2805 3743 2859 3796 in
2893 3742 3069 3796 forma
3098 3742 3214 3806 Dei,
3247 3743 3561 3798 exinanisse
3591 3757 3656 3798 se

2073 3832 2139 3884 de
2193 3845 2280 3894 ea,
2313 3845 2380 3885 ac
2427 3830 2732 3899 suscepisse
2778 3829 3004 3884 formam
3053 3831 3197 3884 servi
3237 3831 3308 3896 ⁸⁸,
3348 3840 3404 3886 et
3449 3830 3650 3886 factum

2071 3939 2192 3978 esse
2237 3939 2336 3992 pro
2372 3924 2526 3978 nobis
2557 3923 2907 3979 maledictum
2940 3925 2987 3958 “
3027 3925 3061 3980 ἳ-
3099 3925 3238 3993 Quid
3289 3941 3422 3996 ergo
3451 3929 3656 3982 mirum

2072 4017 2116 4069 si
2164 4031 2285 4069 cum
2347 4015 2608 4070 Dominus
2659 4031 2756 4085 pro
2809 4019 2983 4073 servis
3054 4020 3401 4074 maledictum
3471 4019 3653 4076 factus

2072 4108 2142 4162 sit
2171 4107 2305 4179 (44),
2336 4121 2528 4164 servus
2559 4122 2658 4176 pro
2692 4108 2958 4165 fratribus
3003 4113 3295 4166 anathema
3327 4111 3425 4167 ﬁat
3467 4112 3494 4166 ‘i
3538 4111 3654 4167 Hoc

2072 4207 2253 4251 autem
2290 4198 2529 4252 arbitror
2560 4212 2683 4254 esse
2709 4201 2853 4268 quod
2883 4209 2939 4254 et
2973 4200 3211 4272 Moyses,
3255 4217 3377 4256 cum
3427 4218 3650 4272 peccas-

2071 4298 2155 4343 set
2185 4288 2441 4358 p0pulus,
2477 4289 2694 4345 dicebat
2729 4293 2795 4345 ad
2827 4292 3112 4347 Dominum
3149 4293 3235 4346 3':
3271 4313 3302 4345 ι.
3327 4293 3392 4348 Ει
3419 4310 3566 4351 nunc
3600 4300 3645 4351 si

2070 4384 2287 4449 quidem
2329 4383 2560 4438 remittis
2588 4384 2669 4438 eis
2699 4395 3010 4456 peccatum,
3038 4388 3290 4444 remitte:
3324 4389 3406 4442 sin
3441 4401 3647 4455 autem,

387 4483 532 4548 quod
563 4479 850 4533 dicebatur
875 4496 887 4531 :
927 4480 1019 4532 sed
1056 4493 1162 4533 non
1192 4487 1310 4532 erat
1344 4478 1446 4532 ista
1478 4479 1687 4534 veritas
1719 4479 1774 4533 in
1809 4480 1968 4534 Chri-
1998 4486 2043 4542 υ
2072 4474 2189 4528 dele
2218 4489 2304 4529 me
2331 4477 2397 4530 de
2426 4475 2568 4530 libro
2601 4476 2726 4531 vita:
2752 4493 2913 4546 quem
2948 4481 3242 4548 scripsisti.
3266 4499 3292 4532 ι
3314 4479 3450 4546 Quid
3475 4497 3605 4551 ergo
3627 4483 3654 4535 ?

386 4582 505 4636 ato;
541 4578 596 4623 et
634 4579 922 4640 propterea
959 4584 1257 4624 conversus
1291 4569 1357 4623 ad
1391 4583 1508 4623 eam
1543 4568 1746 4625 Paulus
1783 4571 1964 4626 dixit:

391 4679 411 4714 ι
438 4663 781 4726 Obmutesce,
815 4670 872 4716 et
904 4663 990 4716 exi
1028 4664 1096 4716 ab
1123 4679 1183 4715 ea
1206 4662 1273 4714 ⁷⁷.
1308 4679 1326 4711 ι
1363 4660 1469 4715 Sed
1502 4671 1555 4716 et
1594 4662 1725 4717 illud
1760 4663 1964 4717 veritas

390 4753 492 4806 fuit
536 4757 679 4819 quod
728 4754 866 4807 dixit
911 4752 1146 4822 Caiphas
1170 4754 1283 4822 (58)
1323 4773 1336 4808 :
1379 4772 1398 4805 ι
1425 4753 1656 4824 Expedit
1702 4756 1854 4812 vobis
1905 4766 1964 4811 ut

454 4893 500 4923 τί
527 4891 764 4959 Rom.tx,
787 4893 809 4948 1
829 4907 942 4957 seq.
967 4894 1012 4924 ⁷³
1032 4893 1075 4947 ll
1109 4895 1232 4947 Cor.
1260 4910 1334 4959 χι,
1361 4895 1450 4948 10.
1525 4894 1571 4926 ⁷⁸
1589 4893 1748 4948 Rom.
1775 4911 1816 4959 ι,
1842 4895 1929 4951 18.

2078 4895 2196 4949 Act.
2228 4911 2339 4955 xvr,
2368 4897 2454 4950 16.
2477 4905 2495 4938 ί
2531 4892 2579 4923 ⁷⁸
2601 4893 2726 4946 ibid.
2758 4893 2845 4947 17.

383 4962 473 5016 50.
549 4963 593 4994 '9
622 4960 779 5015 Rom.
807 4963 984 5027 11,15.
1060 4963 1298 5019 8°Marc.
1328 4981 1438 5030 vnt,
1480 4965 1571 5019 54.
1645 4965 1691 4998 ει
1734 4965 1934 5035 Philip.

2078 4967 2126 5032 li,
2156 4967 2209 5023 7.
2284 4969 2330 4998 ⁸²
2353 4967 2533 5022 Galat.
2567 4978 2649 5027 tu,
2678 4963 2764 5018 15.

455 5076 787 5152 ('54)_Editi,
834 5092 932 5134 tet
989 5089 1395 5144 testamentum,
1448 5091 1500 5136 et
1557 5082 1845 5152 legislatio,
1903 5095 1958 5137 et

381 5147 723 5222 obsequium,
750 5161 805 5202 et
829 5152 1117 5222 promissa,
1140 5167 1369 5218 quorum
1396 5163 1578 5218 patres
1599 5147 1666 5206 ex
1688 5154 1906 5222 quibus.
1935 5173 1953 5204 ›

382 5217 448 5269 Et
480 5226 600 5283 post
633 5236 650 5268 ι
675 5218 729 5271 in
765 5217 961 5274 saecula
986 5239 1004 5271 ›
1039 5217 1245 5274 addunt
1293 5241 1311 5271 α
1334 5217 1677 5275 saeculorum.
1705 5217 1900 5286 Amen,
1932 5245 1950 5275 ι

381 5298 830 5356 quatpostrema
869 5292 1035 5344 verba
1080 5293 1406 5344 omittuntur
1455 5293 1510 5344 in
1559 5308 1688 5346 mss.
1732 5295 1950 5349 nostris.

453 5354 564 5430 (55)
603 5356 891 5430 Ms.unus,
925 5379 943 5411 ς
975 5361 1269 5414 secundum
1298 5373 1362 5413 ea
1392 5375 1512 5428 quae
1534 5377 1693 5430 supra
1718 5364 1950 5430 posuit.»

383 5424 584 5498 Deinde
628 5427 756 5481 editi
810 5424 1135 5498 perperam,
1195 5448 1215 5481 ο
1272 5424 1424 5484 nulla
1461 5431 1512 5483 in
1542 5424 1952 5488 caelestibus...

381 5496 797 5569 adversalitibus
817 5496 948 5563 sibi,
967 5510 1217 5553 creatura
1242 5499 1505 5568 possit....
1525 5502 1792 5569 separari,
1807 5520 1824 5554 ι
1848 5512 1954 5558 etc.

447 5564 562 5634 (56)
596 5566 759 5634 Editi,
797 5585 817 5618 ι
846 5581 901 5622 et
928 5569 1191 5623 mendacii
1223 5564 1429 5623 notam.
1467 5587 1486 5620 ι

473 5635 564 5708 ﬂ)
590 5635 753 5708 ξφα.
789 5637 953 5694 Deest
981 5639 1032 5692 in
1065 5641 1226 5693 editis
1249 5651 1304 5691 et
1330 5639 1381 5691 in
1415 5637 1688 5708 plerisque
1716 5655 1847 5695 mss.

473 5703 565 5775 58)
589 5703 758 5773 Editi,
789 5727 808 5758 ‹
837 5716 954 5763 erat
993 5712 1136 5775 quod
1162 5709 1292 5763 dixit
1320 5703 1575 5775 Caiphas.
1600 5703 1636 5760 ἰ

451 5774 568 5842 (59)
602 5775 693 5831 Sic
725 5793 827 5831 ms.
876 5774 1043 5843 unus,
1084 5781 1212 5832 editi
1259 5787 1309 5833 ct
1360 5774 1632 5831 Babanus.
1666 5778 1790 5834 Mss.
1828 5796 1959 5836 vero

2067 4565 2389 4621 lnferiorem
2423 4566 2503 4621 vis
2535 4565 2720 4638 MoySc
2745 4568 2972 4623 Paulum
3007 4571 3177 4625 videri
3203 4573 3226 4624 ?
3254 4571 3346 4624 Ille
3391 4588 3450 4625 se
3478 4574 3647 4626 deleri

2071 4660 2209 4728 petit
2237 4663 2301 4713 de
2328 4660 2468 4714 libro
2499 4661 2625 4714 vita:
2657 4677 2758 4730 pro
2793 4661 3057 4717 fratribus
3088 4664 3202 4718 suis
3248 4680 3261 4727 ;
3305 4664 3504 4719 Paulus
3540 4681 3644 4718 non

2072 4757 2234 4812 debet
2283 4766 2476 4826 optare
2525 4755 2818 4808 anathema
2860 4770 2980 4810 esse
3026 4771 3124 4824 pro
3174 4757 3434 4810 fratribus
3479 4757 3647 4810 suis?

2925 4896 2969 4967 ’(⁷
2999 4895 3130 4949 ibid.
3156 4898 3240 4952 18.
3319 4900 3366 4930 ’⁷⁸
3391 4897 3642 4967 Joau.xt,

2841 4964 2886 4996 ⁸³
2909 4965 3078 5020 Exod.
3111 4984 3284 5034 xxx”,
3327 4969 3416 5034 5i,
3449 4970 3536 5025 52.

2067 5084 2312 5154 quidam,
2354 5105 2372 5135 ι
2414 5095 2521 5139 tota
2550 5101 2680 5154 gens
2707 5095 2912 5152 pereat.
2955 5105 2974 5138 ι

2139 5156 2251 5224 (40)
2279 5156 2442 5219 Editi,
2477 5173 2496 5206 ι
2526 5171 2627 5224 pro
2657 5167 2788 5223 quot
2819 5157 2974 5211 malis
2999 5157 3236 5213 actibus.
3265 5177 3284 5208 ι

2141 5225 2254 5292 (41)
2287 5226 2380 5279 Sic
2407 5241 2506 5279 tus.
2546 5240 2682 5277 unus
2711 5236 2763 5278 et
2798 5225 3075 5284 Rabauus.
3102 5229 3243 5281 Editi
3267 5243 3398 5282 vero
3420 5238 3473 5281 et
3504 5246 3638 5286 mss.

2063 5296 2306 5366 plerique
2340 5310 2620 5362 perperam
2657 5299 2882 5361 habent,
2916 5314 2934 5342 σ
2968 5297 3120 5364 Quod
3166 5298 3376 5366 loquor,
3406 5300 3456 5351 itt
3486 5301 3644 5354 Chri-

2062 5379 2148 5418 sm
2179 5365 2394 5432 loquor,
2431 5384 2450 5417 »
2493 5376 2548 5418 et
2578 5375 2790 5434 postea,
2848 5385 2867 5417 ι
2909 5367 2962 5420 in
2993 5370 3201 5437 Spiritu
3236 5365 3426 5422 Sancto
3467 5373 3643 5425 centi—

2059 5446 2239 5490 netur.
2278 5454 2302 5486 »-

2138 5504 2249 5578 (12)
2283 5503 2451 5567 Editi,
2494 5522 2515 5554 ε
2537 5513 2589 5557 et
2625 5518 2720 5558 cur
2742 5505 2983 5578 salvabis
3013 5507 3168 5563 alios.
3205 5527 3228 5560 ι
3258 5508 3384 5563 Mss.
3416 5511 3638 5578 quidam

2064 5586 2120 5628 et
2148 5574 2432 5637 lt-abattus,
2473 5592 2491 5626 ε
2521 5584 2574 5627 et
2609 5575 2752 5642 quod
2794 5577 3030 5630 salvabis
3057 5578 3211 5631 alios.
3251 5598 3268 5629 ι

2136 5644 2246 5712 (45)
2281 5645 2446 5709 Editi,
2477 5667 2496 5694 ε
2531 5643 2782 5712 Nunquid
2813 5647 2884 5698 ita
2916 5657 2996 5700 cst
3018 5648 3042 5699 ἐ’
3076 5667 3092 5699 ›
3137 5649 3295 5701 male.

2135 5713 2448 5788 (-11)_Editi,
2481 5731 2500 5763 ι
2528 5713 2857 5788 sit_factutu.
2893 5735 2910 5766 ι
2948 5717 3011 5770 Et
3040 5727 3254 5788 postea,
3315 5737 3332 5769 ε
3381 5716 3502 5776 llare
3537 5737 3638 5776 an-

2066 5792 2171 5838 tetn
2203 5784 2440 5838 arbitror
2474 5784 2641 5850 quod,
2689 5803 2706 5835 ι
2739 5796 2846 5839 etc.
