4146 6424
481 283 618 340 1159
1917 280 2118 336 ORIGE

2112 281 2240 336 ENIS
3611 279 3749 334 Hm

481 407 587 462 Sed
629 405 869 462 fortasse
913 403 1061 460 dicat
1111 403 1333 475 aliquis,
1389 405 1514 474 quia
1557 403 1769 476 Moyses
1800 404 1904 458 hoc
1940 403 2072 458 θῦεν
2103 412 2143 466 Α
2176 402 2508 474 propitiatus
2541 401 2684 456 Deus
2717 401 2830 471 (55)
2884 398 3159 454 revocavit
3189 412 3309 463 eos,
3333 405 3390 453 et
3422 397 3477 453 in
3512 397 3741 454 haeredi-

484 511 633 560 rens,
675 496 907 550 salutem
958 494 1159 564 popqu
1210 495 1414 548 meruit
1455 495 1751 563 impetrare
1805 509 1821 549 :
1865 495 2066 550 Paulus
2170 505 2334 549 tatem
2388 509 2500 548 suae
2550 495 2915 562 possessionis
2966 492 3208 557 adduxit,
3247 490 3406 545 toties
3459 503 3744 560 reparasse

483 604 614 645 vero
650 597 807 657 optat
850 587 1092 655 quidem,
1151 587 1247 641 sed
1294 602 1402 640 non
1435 597 1520 640 est
1559 588 1801 645 auditus.
1841 586 1979 653 Quid
2017 588 2064 641 si
2169 597 2522 656 testamenta,
2577 597 2631 642 et
2666 589 2911 643 heredes
2960 603 3054 643 eos
3103 587 3393 658 scripsisse
3442 587 3746 640 credendus

483 679 770 734 ostendam
806 677 903 732 tibi
945 679 1119 747 magis
1153 675 1385 730 Paulum
1421 676 1666 731 auditum
1705 693 1848 741 esse,
1902 693 2066 747 quam
2167 689 2271 736 est.
2307 699 2325 731 ι
2357 681 2424 734 Et
2451 681 2798 749 obsequium,
2825 689 2880 734 et
2911 679 3323 748 promissiones.
3355 697 3376 730 ι
3411 675 3746 746 Obsequium

488 771 756 842 Moysen?
788 771 988 824 Omnes
1023 769 1168 824 enim
1193 770 1268 824 illi
1293 770 1389 840 qui
1421 784 1518 838 per
1561 769 1784 840 Moysen
1819 770 2066 826 exierant
2169 774 2531 828 sacerdotalia
2567 773 2704 826 dicit
2731 772 2908 827 cilicia
2952 790 2966 826 :
3019 771 3183 842 612
3220 789 3243 821 ι
3279 769 3690 840 promissiones,
3717 785 3742 825 ο

487 866 555 915 de
599 860 838 934 Egypto
888 860 1026 931 (I5),
1075 862 1390 916 ceciderunt
1445 861 1498 915 in
1553 861 1795 916 deserto.
1855 860 2063 916 Posteri
2167 881 2306 936 quat,
2341 868 2592 936 patribus
2646 865 2806 921 facta:
2849 876 2996 930 sunt,
3034 875 3088 918 et
3117 874 3409 934 sperantur
3443 864 3748 922 dandeehis

487 969 616 1009 vero
647 969 838 1010 eorum
871 955 963 1024 qui
997 964 1203 1010 terram
1236 955 1684 1025 repromissionis
1709 963 2064 1026 acceperunt,
2169 960 2259 1029 qui
2297 974 2398 1030 per
2431 959 2596 1014 ﬁdem
2629 958 2729 1013 ﬁlii
2763 959 3026 1014 dicuntur
3045 957 3282 1012 Abrahae
3307 955 3376 1010 ⁸³.
3406 955 3629 1010 Certum
3661 966 3747 1011 est

487 1047 648 1099 etiam
689 1060 834 1100 nunc
863 1055 1128 1117 vagantur
1161 1047 1275 1120 (46)
1311 1049 1379 1103 ab
1427 1062 1492 1102 ea
1526 1051 1746 1104 exsules
1783 1059 1838 1103 et
1881 1059 2068 1103 extor—
2170 1064 2351 1108 tamen
2388 1053 2532 1122 quod
2565 1053 2732 1106 etiam
2787 1051 3089 1107 secundum
3130 1065 3355 1106 carnem
3389 1065 3458 1106 ex
3496 1051 3619 1119 ipso
3649 1065 3744 1120 ge-

489 1153 594 1191 res.
629 1137 830 1193 Paulus
856 1151 988 1192 vero
1015 1137 1142 1192 audi
1167 1139 1296 1208 quid
1328 1141 1473 1194 dicat
1519 1140 1586 1194 de
1621 1139 1794 1194 Israel
1827 1158 1841 1195 :
1875 1158 1894 1190 ‹
1928 1137 2066 1195 ΝοΙο
2167 1160 2320 1210 nere,
2350 1145 2457 1218 hoc
2481 1155 2565 1200 est
2593 1160 2661 1198 ex
2696 1144 3018 1210 Israelitico,
3060 1143 3262 1198 fuerint
3291 1157 3398 1196 non
3427 1141 3602 1196 solum
3649 1157 3744 1210 pa-

488 1245 603 1294 vos,
637 1231 835 1300 inquit,
860 1230 1138 1301 ignorare,
1167 1231 1388 1296 fratres,
1421 1233 1744 1302 mysterium
1777 1232 1903 1299 hoc,
1937 1233 2064 1300 quia
2170 1245 2302 1298 tres,
2333 1237 2428 1290 sed
2455 1245 2512 1290 et
2540 1237 2814 1303 Christus,
2859 1235 3006 1290 sicut
3047 1244 3102 1289 ει
3158 1250 3254 1303 per
3295 1235 3614 1304 prophetam
3659 1235 3744 1288 di-

483 1324 706 1378 caicitas
733 1339 801 1377 ex
832 1334 986 1391 parte
1027 1324 1213 1378 lsraeli
1245 1325 1479 1396 contigit
1506 1323 1645 1395 (47),
1681 1324 1853 1378 donec
1894 1323 2067 1392 pleui-
2167 1329 2248 1383 cit
2273 1327 2389 1398 (54)
2423 1347 2438 1382 :
2475 1347 2494 1378 ι
2537 1326 2630 1383 Vae
2657 1327 2788 1390 illis,
2811 1331 2936 1396 quia
2963 1341 3094 1380 caro
3119 1340 3238 1380 mea
3267 1341 3335 1380 ex
3369 1327 3502 1394 ipsis
3529 1325 3694 1379 est”.
3715 1341 3762 1388 ι,

488 1417 618 1470 tudo
649 1416 894 1485 gentium
923 1416 1284 1481 subintraret,
1331 1424 1387 1471 et
1431 1415 1512 1470 sic
1541 1415 1718 1470 omnis
1758 1415 1924 1470 Israel
1957 1415 2066 1469 sal-
2173 1421 2288 1476 Cur
2319 1431 2504 1476 autem
2539 1437 2561 1472 ι
2601 1435 2680 1474 vae
2714 1419 2866 1473 illis?
2895 1439 2915 1471 ι
2953 1419 3096 1485 Quia
3129 1428 3292 1472 natus
3325 1428 3410 1472 est
3450 1415 3610 1472 Iesus
3639 1439 3660 1467 ι
3690 1417 3743 1472 in

485 1523 584 1561 vus
617 1508 772 1561 lieret
803 1507 873 1559 “.
912 1526 932 1561 ι
983 1507 1145 1562 Vides
1170 1523 1302 1578 ergo
1329 1508 1458 1576 quia
1495 1510 1784 1562 exauditus
1814 1515 1898 1561 est.
1927 1506 2066 1560 Pau-
2169 1512 2379 1566 ruinam
2435 1521 2493 1565 et
2549 1513 2602 1566 in
2665 1511 3126 1566 resurrectionem
3175 1511 3465 1564 multorum
3501 1510 3574 1576 ἰ,
3623 1528 3646 1562 ι
3690 1516 3748 1564 et

485 1601 569 1652 Ius
614 1613 670 1656 et
703 1601 828 1668 quia
875 1615 938 1656 se
983 1599 1183 1656 obtulit
1223 1602 1536 1665 anathema,
1591 1601 1822 1656 salutem
1869 1602 2068 1654 meruit
2167 1603 2294 1672 quia
2323 1603 2392 1656 ab
2429 1601 2539 1655 illis
2573 1616 2807 1670 quorum
2839 1617 2972 1656 caro
3006 1611 3149 1666 erat,
3182 1601 3497 1670 repudiatus
3539 1610 3648 1664 est,
3689 1608 3746 1656 et

481 1691 766 1746 fratribus.
799 1692 866 1746 Et
893 1693 1014 1746 ideo
1063 1693 1195 1746 mihi
1249 1693 1470 1747 videtur
1500 1693 1590 1747 illa
1620 1698 1802 1748 omnia
1847 1694 2062 1762 praemi—
2169 1710 2198 1747 a
2253 1695 2510 1765 gentibus
2543 1709 2572 1746 a
2609 1695 2811 1763 quibus
2863 1693 3240 1765 ignorabatur,
3295 1702 3584 1762 susceptus
3639 1701 3744 1760 est,

482 1786 641 1849 sisse,
670 1787 810 1854 quod
837 1785 981 1840 nulla
1011 1787 1062 1838 vi
1087 1786 1303 1855 possita
1327 1786 1418 1841 Dei
1439 1787 1710 1842 charitate
1731 1787 1906 1841 divelli
1925 1786 2060 1856 (48),
2094 1773 2136 1828 Β
2165 1790 2310 1844 sicut
2336 1797 2387 1842 et
2425 1803 2522 1856 per
2550 1787 2718 1841 David
2751 1786 2922 1841 dicit:
2965 1803 2985 1837 ι
3015 1784 3274 1854 Populus,
3310 1799 3470 1854 quem
3505 1799 3612 1838 non
3641 1797 3741 1838 cou-

482 1885 542 1928 nt
564 1891 688 1931 cmn
721 1890 782 1931 se
808 1873 968 1931 olfert
1001 1877 1299 1931 anathema
1329 1891 1429 1945 pro
1475 1877 1744 1932 fratribus
1772 1878 1914 1940 suis,
1951 1891 2058 1930 non
2165 1882 2352 1953 gnovi,
2391 1880 2618 1934 servivit
2641 1879 2773 1934 mihi
2797 1879 2866 1933 ⁹².
2899 1898 2920 1931 ι
2955 1879 3030 1933 Ex
3061 1879 3194 1946 ipsis
3223 1892 3357 1946 ergo
3388 1887 3473 1932 est
3505 1887 3564 1932 et
3587 1877 3748 1933 Clu-ﬁ.

479 1964 692 2037 lapsum
722 1966 839 2034 ejus
871 1966 1186 2038 possibilem
1231 1967 1446 2036 judices
1479 1983 1498 2022 :
1530 1969 1627 2023 sed
1662 1969 1806 2024 sicut
1849 1968 1938 2023 ille
1970 1966 2064 2036 qui
2165 1985 2283 2029 stus
2335 1973 2634 2028 secundum
2694 1986 2940 2024 carnem.
2985 1987 3007 2021 ι
3041 1970 3144 2036 Qui
3203 1980 3290 2023 est
3343 1983 3509 2037 super
3557 1968 3745 2023 omnia

479 2059 864 2128 inseparabilis
894 2075 925 2114 a
963 2061 1126 2116 Patre
1150 2069 1236 2114 est
1285 2076 1383 2130 per
1418 2073 1694 2126 naturam,
1736 2071 1792 2116 et
1833 2063 2061 2114 immor-
2167 2066 2308 2118 Deus
2343 2063 2668 2118 benedictus
2702 2062 2756 2114 in
2789 2059 2988 2116 saecula
3017 2060 3084 2114 ’³.
3119 2079 3139 2112 ι
3174 2060 3455 2114 Christum
3489 2057 3638 2113 aliud
3661 2073 3749 2113 se-

483 2151 608 2206 talis
639 2151 693 2206 in
731 2162 962 2206 mortem
992 2153 1165 2215 venit,
1199 2159 1254 2207 et
1287 2153 1340 2206 in
1373 2153 1588 2207 inferna
1617 2154 1930 2217 descendit;
1983 2153 2060 2207 ita
2164 2153 2402 2207 cundum
2439 2166 2661 2207 carnem
2697 2165 2840 2216 esse,
2882 2160 2938 2205 et
2960 2151 3108 2204 aliud
3140 2149 3438 2204 secundum
3461 2150 3744 2218 spiritum,

477 2251 536 2295 et
567 2241 670 2295 iste
694 2240 964 2296 imitando
993 2243 1344 2312 magistrum,
1376 2258 1500 2296 cum
1532 2244 1777 2312 separari
1805 2259 1836 2296 a
1859 2242 2062 2297 Christi
2159 2243 2274 2314 jam
2299 2254 2356 2298 et
2387 2243 2442 2297 in
2472 2241 2748 2311 prioribus
2800 2241 2966 2312 huius
3013 2239 3274 2310 Epistolas
3308 2241 3552 2308 partibus
3597 2241 3744 2294 desi-

481 2335 756 2388 charitate
782 2349 892 2388 non
931 2335 1128 2404 possit,
1165 2350 1194 2389 a
1227 2335 1451 2390 Christo
1500 2335 1789 2390 anathema
1831 2335 1928 2390 ﬁat
1963 2350 2063 2404 pro
2165 2341 2377 2410 gnavit,
2410 2337 2501 2392 ubi
2530 2336 2698 2392 dicit:
2733 2353 2753 2388 ι
2792 2335 2892 2402 Qui
2925 2335 3102 2389 factus
3127 2343 3212 2388 est
3243 2347 3308 2386 ex
3328 2333 3540 2388 semine
3577 2332 3746 2386 David

480 2423 746 2481 fratribus
786 2425 921 2487 suis.
969 2426 1256 2481 devotione
1310 2427 1518 2495 utique,
1579 2441 1688 2480 non
1738 2428 2066 2496 praevarica-
2165 2431 2464 2488 secundum
2517 2444 2760 2493 carnem,
2799 2428 2892 2499 qui
2951 2427 3254 2481 destinatus
3289 2435 3376 2480 est
3427 2425 3596 2481 Filius
3647 2423 3744 2478 Dei

485 2521 654 2574 tione.
681 2518 838 2585 Quod
867 2528 1049 2572 autem
1078 2537 1098 2570 ι
1137 2519 1358 2589 cognati
1386 2519 1690 2574 secundum
1719 2519 2006 2574 carnem“I
2037 2537 2058 2571 ι
2166 2523 2224 2578 in
2255 2523 2478 2586 virtute,
2510 2520 2812 2576 secundum
2851 2519 3104 2589 spiritum
3140 2517 3598 2573 sanctificationis
3626 2513 3693 2570 9‘.
3716 2531 3748 2568 ι.

482 2613 595 2666 sint
629 2609 800 2666 Paulo
830 2611 1114 2674 Israelita,
1135 2611 1472 2681 expositione
1505 2626 1609 2666 non
1636 2613 1858 2680 indiget.
1881 2631 1902 2664 ι
1927 2611 2068 2679 Qqu
2164 2615 2235 2670 Et
2277 2614 2552 2684 quomodo
2597 2611 2897 2666 secundum
2938 2611 3191 2680 spiritunt
3239 2609 3409 2663 Filius
3439 2607 3532 2662 Dei
3566 2609 3660 2672 sit,
3691 2617 3749 2662 et

481 2717 628 2765 rum.
668 2703 865 2772 inquit,
919 2703 1144 2771 adoptio
1195 2713 1280 2758 est
1334 2701 1454 2773 (49)
1497 2703 1731 2758 ﬁliorum
1759 2705 1826 2759 ⁸⁸.
1878 2724 1899 2757 ι
1945 2703 2064 2758 Ad-
2165 2707 2464 2764 secundum
2499 2720 2721 2760 carnem
2755 2703 2898 2757 lilius
2927 2701 3121 2768 David,
3155 2701 3226 2756 ibi
3248 2701 3362 2770 (55)
3395 2700 3607 2770 plenius
3645 2715 3744 2768 pro

481 2795 650 2864 optati
682 2797 884 2850 etenim
910 2806 1038 2850 sunt
1067 2795 1160 2849 filii
1186 2796 1353 2849 Israel
1381 2812 1413 2850 a
1441 2798 1548 2852 Deo
1578 2807 1705 2852 tunc
1729 2815 1747 2849 ι
1778 2815 1900 2852 cum
1925 2800 2066 2854 divi-
2171 2799 2378 2854 viribus
2409 2797 2786 2866 exposuimus.
2824 2795 2994 2863 Quem
3028 2807 3162 2864 ergo
3191 2794 3262 2848 ibi
3293 2793 3588 2847 secundum
3633 2793 3748 2860 spi-

484 2887 635 2940 deret
659 2886 924 2942 Escelsus
951 2897 1159 2955 gentes,
1216 2898 1274 2942 et
1333 2889 1674 2960 dispergeret
1711 2891 1855 2946 filios
1885 2893 2064 2947 Adam
2166 2891 2334 2945 ritum
2379 2889 2578 2944 Filium
2613 2888 2708 2941 Dei
2751 2887 2907 2951 dixit,
2971 2885 3061 2940 hic
3113 2883 3446 2954 procedente
3484 2884 3744 2938 doctrinae

485 2979 782 3033 secundum
833 2995 1120 3034 numerum
1171 2981 1492 3050 angelorum
1524 2982 1620 3036 Dei
1672 2982 1890 3054 (50),et
1919 2985 2063 3041 facta
2167 2983 2384 3048 ordine,
2431 2983 2846 3052 prolicieutibus
2903 2989 3092 3049 utpote
3147 2977 3512 3046 auditoribus,
3573 2979 3743 3032 Deum

483 3079 567 3123 est
597 3070 773 3139 portio
818 3069 1033 3123 Domini
1086 3069 1278 3136 Jacob,
1309 3083 1362 3127 et
1393 3071 1670 3129 funiculus
1725 3075 2064 3132 hereditatis
2092 3125 2134 3146 η
2173 3095 2192 3128 ε
2227 3076 2321 3146 qui
2349 3085 2436 3132 est
2471 3089 2636 3145 super
2663 3074 2848 3130 omnia
2897 3071 3216 3128 benedictus
3255 3072 3302 3104 ³⁵
3346 3070 3456 3142 (56)
3491 3090 3511 3122 ι
3568 3069 3746 3138 ipsum

598 3125 610 3139 .
1239 3125 1277 3136 ἡ.
1322 3125 1361 3127 ρ
1725 3125 2062 3132 mum"---
2179 3125 2192 3128 -
2231 3125 2321 3146 ν-
2353 3125 2436 3132 τ--
2471 3125 2627 3145 vr-—
2899 3125 2958 3128 ν
3202 3125 3209 3126 κ
3348 3125 3362 3142 .
3438 3125 3452 3142 ,
3590 3125 3602 3138 .

484 3161 602 3230 “ius
635 3161 802 3218 Israel
834 3163 904 3218 ετ.
945 3182 965 3216 ι
997 3165 1102 3218 Ista
1141 3176 1226 3220 est
1256 3180 1388 3235 ergo
1417 3167 1637 3236 adoptio
1667 3167 1925 3223 filiorum.
1952 3187 1972 3220 ε
1997 3171 2064 3226 Et
2090 3125 2135 3187 ο
2165 3185 2289 3228 esse
2318 3169 2665 3242 pronuntiat.
2701 3166 2770 3220 Et
2804 3165 2974 3220 miror
3001 3165 3274 3236 quomodo
3307 3165 3528 3234 quidam
3555 3163 3745 3231 legen-

481 3252 677 3325 gloria,
709 3266 764 3310 et
793 3263 1116 3311 testamenta
1139 3257 1663 3327 (5!),etlegislatio.
1705 3278 1731 3312 ›
1783 3261 1860 3316 De
1891 3263 2064 3333 gloria
2165 3270 2247 3316 tes
2282 3259 2427 3330 quod
2463 3258 2606 3313 idem
2657 3255 2952 3326 Apostolus
3003 3257 3056 3310 in
3099 3255 3224 3309 aliis
3278 3256 3412 3309 dicit
3459 3272 3474 3310 :
3533 3273 3554 3305 ι
3592 3252 3748 3310 Unus

483 3347 606 3400 lata:
647 3347 781 3418 legis
811 3363 954 3418 saepe
975 3348 1087 3416 jam
1121 3349 1324 3404 dictum
1357 3361 1466 3416 est,
1497 3352 1639 3406 sicut
1665 3363 1721 3406 et
1754 3352 1872 3422 ipse
1913 3355 2070 3424 Apo-
2167 3351 2308 3406 Deus
2340 3351 2520 3414 Pater,
2545 3363 2615 3403 ex
2643 3363 2752 3418 quo
2785 3347 2968 3402 omnia
2998 3364 3012 3400 :
3044 3355 3100 3401 et
3131 3361 3272 3399 unus
3296 3344 3560 3400 Dominus
3588 3343 3746 3398 Iesus

482 3438 656 3492 stolus
687 3439 820 3493 dicit
851 3456 864 3492 :
902 3455 928 3490 ι
963 3437 1021 3492 Si
1061 3439 1208 3494 enim
1245 3440 1390 3508 quod
1437 3451 1757 3506 evacuatur,
1806 3459 1908 3514 per
1949 3444 2070 3515 glo-
2167 3445 2445 3507 Christus,
2479 3458 2576 3512 per
2609 3457 2772 3512 quem
2803 3441 2990 3495 omnia
3012 3440 3082 3506 ",
3117 3458 3136 3490 ι
3184 3448 3387 3507 negent
3414 3437 3609 3491 Filium
3648 3434 3749 3490 Dei

485 3532 625 3584 riam
655 3539 764 3599 est,
807 3550 826 3584 ι
865 3532 970 3586 hoc
1001 3541 1086 3586 est
1115 3529 1285 3586 Vetus
1337 3533 1777 3603 Testamentum,
1829 3557 1848 3590 ι
1896 3540 2066 3596 multo
2169 3535 2340 3590 Deum
2367 3534 2569 3611 debere
2599 3532 2870 3602 proﬁteri,
2897 3547 2965 3586 ne
2981 3533 3118 3586 duos
3141 3532 3271 3585 deos
3301 3530 3486 3584 dicere
3519 3528 3744 3582 videan-

484 3623 661 3694 magis
688 3627 835 3694 quod
873 3633 1078 3692 manet,
1133 3624 1187 3678 in
1251 3624 1423 3694 gloria
1465 3636 1554 3682 est
1597 3627 1668 3694 ³⁸,
1705 3647 1726 3681 ι
1785 3630 2066 3702 Evangelii

2171 3635 2277 3681 tur.
2317 3625 2385 3679 Et
2416 3624 2548 3694 quid
2599 3624 2666 3679 de
2708 3623 2814 3678 hoc
2861 3621 2986 3677 loco
3023 3621 3265 3692 Apostoli
3300 3620 3522 3684 facient,
3553 3619 3606 3672 in
3638 3631 3749 3686 quo

483 3714 692 3772 scilicet
714 3717 1048 3786 praedicatio.
1099 3716 1207 3772 Sed
1255 3719 1402 3786 quod
1460 3719 1612 3785 dicit,
1651 3739 1671 3772 r
1709 3719 2064 3781 Testamenta
2169 3729 2358 3788 aperte
2387 3716 2642 3772 Christus
2681 3735 2699 3766 ι
2733 3731 2896 3783 super
2929 3715 3114 3771 omnia
3139 3713 3282 3769 Deus
3318 3733 3338 3767 ι
3389 3728 3512 3767 esse
3563 3713 3751 3784 perhi-

479 3818 538 3864 et
570 3807 861 3879 legislatio,
906 3829 924 3860 ι
961 3825 1129 3862 ιιιιιιιιι
1166 3807 1402 3864 fortasse
1429 3811 1616 3866 dicere
1649 3813 1924 3869 videatur.
1951 3817 2062 3870 Lex
2167 3813 2328 3868 betur
2355 3810 2496 3879 (57).
2549 3809 2660 3864 Sed
2711 3825 2816 3864 non
2859 3809 3150 3863 advertunt
3197 3807 3290 3875 qui
3339 3807 3456 3860 haec
3492 3806 3566 3858 ita
3620 3820 3751 3858 sen-

442 3923 448 3930 ·
479 3905 628 3958 enim
662 3919 783 3971 quae
815 3903 920 3956 lata
947 3913 1050 3968 est,
1085 3904 1203 3972 ipsa
1235 3903 1402 3959 etiam
1432 3903 1848 3962 Testamentum
1877 3911 2065 3980 appel-
2171 3904 2334 3970 tiunt,
2362 3901 2511 3972 quod
2554 3901 2700 3956 sicut
2745 3901 3032 3955 Dominum
3071 3897 3262 3954 Jesutn
3315 3897 3590 3951 Christum
3639 3909 3750 3948 nou

483 3995 654 4050 latur.
687 3995 794 4050 Sed
832 4009 934 4063 ego
964 3996 1110 4050 hanc
1137 4010 1258 4051 esse
1287 3995 1698 4053 distinctionem
1728 4011 1880 4068 puto,
1917 4003 2062 4071 quod
2169 3997 2244 4050 ita
2271 4011 2440 4050 unum
2469 4008 2596 4048 esse
2622 3991 2913 4046 Dominum
2946 3991 3102 4057 dixit,
3133 3999 3193 4044 ut
3219 4005 3289 4042 ex
3328 3989 3429 4043 hoc
3479 3987 3618 4042 Deus
3647 3985 3752 4040 Pa-

485 4087 757 4158 legislatio
794 4087 1015 4156 quidem
1044 4086 1210 4142 fuerit
1249 4103 1382 4154 una,
1433 4097 1488 4141 et
1523 4090 1696 4146 semel
1731 4091 1913 4148 habita
1965 4110 2066 4164 per
2169 4096 2254 4142 ter
2285 4087 2548 4142 Dominus
2579 4100 2685 4139 non
2715 4085 2972 4138 dicatur:
3003 4084 3079 4138 ita
3108 4091 3164 4136 et
3187 4081 3353 4136 Demn
3390 4079 3609 4136 Patrem
3640 4092 3752 4134 non

484 4180 745 4251 Moysen;
779 4187 1106 4234 testamenta
1160 4195 1291 4234 vero
1328 4178 1440 4251 (52)
1492 4178 1811 4250 frequenter
1855 4196 2062 4241 statuta
2167 4181 2244 4236 ita
2275 4181 2413 4236 dixit
2441 4194 2564 4234 esse
2593 4193 2761 4232 unum
2800 4175 2993 4238 Deum,
3027 4185 3085 4230 ut
3116 4173 3260 4228 Deus
3293 4173 3464 4227 Filius
3497 4188 3604 4227 non
3631 4186 3754 4226 cre-

481 4282 630 4327 sunt.
663 4270 892 4338 Quoties
927 4271 1074 4326 enim
1121 4282 1510 4340 peccaverunt,
1559 4284 1614 4328 et
1659 4275 1856 4345 abjecti
1911 4288 2060 4346 sunt,
2169 4277 2349 4328 datur.
2385 4271 2523 4327 Vera
2547 4285 2632 4328 est
2659 4271 2806 4326 enim
2832 4269 3115 4337 Scriptura
3141 4267 3450 4336 quaadicit:
3487 4283 3508 4318 ‹
3544 4265 3753 4321 Scitote

483 4365 646 4418 toties
667 4364 1000 4418 cslmredati
1031 4363 1308 4418 videntur.
1349 4365 1412 4418 Et
1453 4381 1701 4430 rursum,
1728 4369 1943 4436 quoties
1971 4386 2066 4426 re-
2168 4369 2425 4436 quoniam
2469 4367 2732 4422 Dominus
2764 4367 2882 4435 ipse
2915 4377 3002 4419 est
3033 4365 3174 4418 Deus
3213 4361 3281 4414 ’7.
3320 4379 3340 4412 ι
3379 4359 3534 4415 Unus
3565 4367 3750 4413 autem

584 4457 634 4492 ⁸⁸
658 4458 814 4529 Rom.
838 4475 916 4522 XI,
942 4459 1033 4518 25.
1067 4459 1158 4513 26.
1236 4460 1282 4492 ⁸⁸
1300 4461 1455 4514 Rom.
1489 4477 1564 4523 Ix.
1589 4463 1642 4516 5.
1719 4463 1766 4496 ⁸⁸⁵
1791 4465 1918 4522 ibid.
1968 4467 2026 4524 4.
2100 4467 2144 4500 ⁸⁷
2171 4465 2221 4520 υς

2110 4467 2144 4500 ⁵⁷
2171 4465 2324 4522 Deut.
2353 4482 2529 4528 xxx",
2556 4465 2609 4529 8,
2639 4466 2693 4520 9.
2791 4463 2838 4496 ⁸⁸
2871 4461 2910 4515 II
2940 4463 3064 4518 Cor.
3095 4477 3176 4518 nt.
3201 4460 3288 4512 Il.
3365 4457 3410 4489 ⁸³
3451 4454 3630 4529 Galat.
3665 4469 3747 4518 In,

481 4529 542 4606 ξι
686 4528 832 4606 707se.
867 4545 944 4589 ιχ,
969 4529 1056 4606 42.
1135 4530 1343 4606 °f_I._.uc._
1386 4547 1443 4590 ll.
1483 4532 1597 4606 ἓῑῆζ
1689 4535 1734 4566 ³³
1757 4533 1904 4596 Ρεειι,
1935 4555 2070 4606 xv“,
2101 4539 2118 4592 4

2113 4539 2194 4594 ιδ.
2307 4537 2353 4568 ⁸³
2377 4527 2534 4591 Rom.
2564 4527 2640 4599 ni,
2667 4534 2722 4588 5.
2813 4535 2862 4567 ³⁸
2883 4533 3039 4588 Rom.
3075 4550 3114 4594 ι,
3155 4535 3208 4596 5,
3236 4536 3291 4584 4.
3398 4529 3444 4560 ’³
3485 4527 3642 4584 Rom.
3673 4541 3750 4590 ιι,

483 4599 538 4654 5.
612 4600 701 4654 ⁸⁸1
729 4599 858 4655 Cor.
880 4616 998 4666 VIII,
1023 4599 1076 4654 6.
1153 4601 1196 4632 ⁸⁷
1227 4601 1366 4656 I’sal.
1393 4618 1540 4666 xcrx,
1567 4604 1620 4657 5.

557 4691 669 4763 (45)
701 4692 778 4747 De
797 4693 1050 4762 ngypto.
1087 4691 1212 4748 Iizcc
1238 4695 1402 4750 verba
1429 4697 1699 4762 desunt,in
1730 4695 1894 4750 editis
1917 4701 1972 4748 et
2007 4693 2062 4747 in
2097 4697 2143 4752 D
2172 4703 2443 4763 stameuta
2478 4713 2494 4743 I
2527 4707 2648 4763 cum
2687 4706 2787 4744 ius.
2827 4689 3149 4763 nnoRegio.

484 4761 759 4832 plerisque
788 4761 947 4830 mssl,
985 4779 1194 4818 necnon
1228 4775 1282 4818 et
1317 4768 1455 4834 apud
1504 4761 1816 4834 Rationum,
1849 4766 1944 4821 sed
1982 4779 2064 4819 re-
2247 4763 2358 4834 (5'2)
2402 4761 2559 4834 γει-ο.
2601 4762 2762 4814 Deest
2797 4761 3042 4834 iu7editis
3076 4773 3131 4814 et
3165 4761 3214 4834 in
3254 4761 3525 4830 plerisque
3549 4775 3678 4834 mss.

484 4831 793 4916 autumn-7
817 4850 883 4916 ex
919 4850 1025 4888 uno
1052 4850 1154 4888 ms.
1198 4831 1368 4916 Regio
1413 4851 1564 4892 num.
1600 4833 1754 4890 1659.
1802 4831 1809 4833 ⁷
2247 4831 2361 4904 (55)
2399 4833 2567 4914 Editi,
2603 4850 2622 4882 ‹
2653 4831 3150 4916 repropitiatusest
3173 4833 3332 4916 Deus,
3365 4851 3384 4884 ι
3421 4844 3526 4916 et7c7.
3563 4832 3632 4887 Et
3657 4849 3756 4914 po-

555 4903 667 4974 (46)
701 4905 866 4974 E7diti.
898 4919 1208 4974 perperam,
1238 4924 1258 4958 ι
1280 4903 1577 4973 iactantur.
1614 4927 1634 4959 ›
2175 4913 2312 4970 stea,
2343 4903 2372 4958 “‹
2409 4904 2570 4958 t0ties
2621 4916 2908 4968 reparasse
2953 4910 3358 4956 testamentum.
3401 4921 3421 4954 ι
3467 4903 3597 4958 Mss.
3634 4905 3756 4973 qui-

556 4973 669 5048 (47)
699 4973 1035 5048 Ms.7licgius
1066 4991 1219 5030 num.
1255 4975 1393 5032 1659
1419 4986 1470 5030 et
1505 4977 1782 5048 Rabanus,
1831 4999 1852 5032 ι
1894 4980 1948 5035 in
1985 4975 2066 5031 ls-
2173 4979 2376 5048 dam,_r
2397 4974 2572 5048 toties
2605 4986 2892 5048 reparasse
2925 4979 3274 5048 testamento.
3303 4990 3322 5023 ι

487 5041 876 5120 raeleontigit,
911 5041 939 5097 ἱ
963 5057 1071 5101 etc.
1114 5113 1148 5120 _
1201 5117 1211 5120 7
1769 5041 1779 5048 ’
2052 5119 2060 5120 7
2191 5045 2358 5120 77(54)
2389 5045 2650 5120 δίο-φῇς.
2683 5041 2828 5094 Editi
2855 5057 3009 5120 vero,
3055 5059 3077 5092 ι
3133 5044 3275 5120 sicut
3299 5057 3398 5111 per
3432 5044 3756 5120 prophetam

557 5114 672 5190 (48)
728 5112 820 5190 _s{c
858 5131 990 5190 mss.
1019 5127 1078 5170 et
1113 5113 1394 5190 Rabanns.
1426 5118 1590 5190 Editi
1635 5135 1789 5179 vero.
1855 5137 1875 5170 ι
1918 5119 2066 5190 quod
2173 5112 2396 5190 dicitur.
2435 5133 2454 5166 ι
2493 5112 2780 5190 Rabanus_,7
2810 5130 2830 5164 ι
2862 5115 3010 5190 sicut
3039 5115 3380 5190 ctproplteta
3411 5112 3564 5180 dicit,
3605 5133 3634 5190 ιΔ
3660 5115 3758 5190 qui

489 5181 662 5240 nulla'
690 5185 773 5242 vis
827 5188 1000 5255 possit
1049 5202 1174 5240 eum
1210 5205 1239 5240 a
1282 5189 1550 5243 rharitate
1598 5190 1689 5244 Dei
1727 5181 2010 5246 divellere.
2042 5207 2060 5240 ι
2179 5187 2376 5242 deinde
2405 5185 2633 5248 omittit,
2688 5201 2708 5234 ι
2739 5181 2831 5252 γε
2861 5184 2994 5248 illis,
3025 5186 3154 5253 quia
3191 5198 3325 5238 caro
3364 5200 3482 5239 mea
3514 5200 3582 5240 ex
3623 5181 3759 5255 ipsis

490 5257 695 5310 Deinde
737 5271 926 5310 omnes
977 5255 1466 5328 tnss.,7Rahanus,
1491 5269 1545 5314 et
1575 5262 1728 5324 editi,
1785 5278 1802 5310 ι
1839 5261 2074 5328 ρίιεείὺίε
2179 5269 2280 5314 est.
2306 5257 2702 5328 ϐυτ-δμῳαὶ.)

490 5329 591 5400 lem
643 5343 659 5392 ;
705 5345 725 5378 ι
765 5330 862 5383 sed
915 5338 1094 5381 tamen
1152 5323 1458 5398 legendum
1497 5323 1722 5385 videtur
1767 5349 1787 5381 ι
1833 5323 2071 5400 possibi-
2203 5399 2217 5400 7
2253 5327 2379 5400 (55)
2411 5326 2518 5380 Ibi.
2549 5324 2832 5400 Omittitur
2861 5325 2918 5380 in
2945 5325 3134 5380 editis.
3185 5323 3320 5380 Vide
3347 5323 3484 5380 lib.t
3516 5327 3572 5381 in
3613 5325 3756 5379 haue

487 5397 662 5470 lem7._r7
721 5465 757 5470 _
865 5467 893 5470 _
1060 5469 1069 5470 7
1211 5395 1230 5398 ⁷
1388 5469 1391 5470 7
1836 5395 1848 5400 ’
2179 5395 2776 5470 Epistolam,num.775.

559 5466 672 5541 (ῥυ)
710 5465 828 5541 Est.
863 5467 1026 5541 Deest.
1057 5469 1110 5521 in
1142 5481 1302 5522 antea
1332 5469 1515 5523 editis.
2224 5465 2367 5541 ’(56)
2398 5465 2477 5521 Ita
2498 5469 2652 5523 editi.
2686 5465 2814 5523 Mss.
2845 5482 2975 5523 vero
3001 5467 3139 5541 duo,
3170 5489 3187 5541 ε
3220 5467 3386 5522 Deum
3416 5468 3506 5536 qui
3541 5476 3630 5541 est
3655 5481 3752 5519 sn-

559 5537 676 5608 (50)
729 5536 844 5612 Dei.
888 5538 1170 5612 Qmittitur
1230 5541 1282 5592 in
1338 5541 1607 5612 editis_et
1663 5541 1716 5594 in
1791 5541 2066 5612 plerisque
2171 5536 2272 5612 per
2293 5536 2475 5594 munia
2506 5549 2850 5606 regnantem,
2895 5556 2915 5590 r
2964 5547 3076 5592 etc.
3117 5539 3274 5594 Alter.
3307 5553 3410 5594 ms.
3456 5538 3660 5594 omittit
3697 5546 3754 5590 et

488 5608 778 5681 tuss77._,7sed_
789 5610 1112 5681 restituitur
1141 5625 1207 5662 ex
1245 5627 1350 5663 uno
1376 5626 1476 5664 ms.
1513 5609 1704 5681 Regio.
1783 5608 1804 5681 7'
1941 5679 1950 5681 7
1979 5608 1993 5610 “
2171 5608 2199 5666 ὶ
2232 5612 2552 5681 benedictus
2583 5629 2602 5661 ι
2634 5614 2688 5663 et
2717 5626 2734 5657 ι
2759 5621 3088 5680 regnantem.
3115 5631 3132 5662 ι

559 5675 866 5753 (51)7Editi,
901 5697 920 5730 ι
955 5678 1022 5732 Et
1039 5679 1226 5749 gloriae
1251 5675 1656 5753 testamentutit.
1693 5701 1711 5734 ι
1744 5680 1869 5735 Mss.
1903 5679 2064 5750 plcri-
2393 5680 2564 5744 Alias,
2603 5697 2621 5729 ι
2673 5675 3046 5748 perscribitur.
3080 5696 3101 5731 ι

489 5762 595 5817 que
631 5747 798 5803 etiam
854 5767 874 5802 ι
923 5747 1306 5806 testamentum
1350 5769 1365 5819 ;
1399 5769 1419 5802 ι
1471 5754 1564 5808 sed
1601 5747 1949 5822 legendum}
1986 5763 2064 5808 tc-
