4146 6454
471 312 604 366 IIII

1387 310 1745 366 COMMENT.
1788 309 1855 364 IN
1896 306 2111 365 EPIST.
2151 307 2245 361 AD
2282 306 2451 362 ROM.
2489 306 2618 360 LIB.
2656 304 2769 362 VII.

3586 306 3724 361 Ili?!

474 442 702 501 uterque
728 439 809 487 est
848 432 1008 497 Deus,
1046 433 1170 500 quia
1207 446 1313 487 non
1348 441 1432 487 est
1454 433 1598 487 aliud
1627 434 1762 488 Filio
1791 433 2047 487 divinita—
2077 436 2123 492 Α
2153 432 2206 485 111
2234 430 2355 486 solo
2382 428 2535 484 Isaac
2562 428 2652 497 qui
2678 433 2797 482 erat
2825 425 3266 495 repromissionis
3293 425 3456 489 ﬁlius,
3491 428 3719 480 seminis

474 526 543 577 tis
583 525 794 577 initium
830 539 993 592 quam
1037 521 1242 587 Pater;
1289 524 1386 577 sed
1420 525 1591 593 ipsius
1624 526 1784 579 unitts
1822 524 2044 579 Paterni

478 617 663 680 fontis,
698 616 841 669 sicut
870 617 1136 684 sapientia
1160 616 1313 680 dicit,
1346 634 1364 667 1
1397 618 1687 683 purissima
1717 636 1735 667 1
1762 628 1847 670 est
1879 635 1899 669 1
1934 633 2048 670 ma-

478 710 624 762 natio
655 706 703 740 ⁵³
737 728 757 761 1
797 708 986 765 Filius.
1038 710 1136 763 Est
1184 724 1316 776 ergo
1349 709 1599 763 Christus
1630 726 1652 758 1
1696 708 1838 761 Deus
1885 722 2048 776 super

473 800 676 856 omnia.
713 818 733 852 1
767 800 899 866 Quae
943 820 959 851 1
1008 802 1239 855 omnia?
1278 821 1296 851 1
1342 800 1437 854 Illa
1488 802 1608 854 sine
1645 802 1809 855 dubio
1841 815 1963 869 quae
1993 809 2047 855 et

476 893 636 961 paulo
666 902 793 949 ante
814 894 1072 959 diximus,
1134 913 1152 945 1
1201 908 1365 962 super
1415 895 1776 963 principatus,
1809 905 1863 947 et
1890 902 2045 962 pote-

472 993 662 1047 states,
689 992 744 1038 et
779 985 1030 1048 virtutes,
1063 992 1116 1038 et
1145 997 1310 1038 omne
1334 997 1527 1037 nomen
1561 985 1705 1053 quod
1734 984 2046 1041 nominatur

472 1093 579 1130 non
607 1077 778 1131 solum
812 1077 866 1131 in
896 1078 998 1132 hoc
1028 1078 1249 1140 saeculo,
1280 1076 1379 1131 sed
1411 1077 1577 1131 etiam
1618 1076 1675 1130 in
1710 1074 1895 1130 futuro
1924 1077 1989 1129 θ’.
2018 1095 2037 1127 1

472 1169 573 1234 Qui
607 1181 788 1223 autem
829 1183 991 1238 super
1011 1168 1191 1222 omnia
1221 1175 1326 1233 est,
1359 1183 1524 1237 super
1561 1183 1622 1223 se
1653 1168 1925 1223 neminem
1948 1168 2043 1223 ha-

472 1256 581 1310 bet.
629 1256 745 1310 Non
794 1259 939 1312 enim
984 1265 1106 1326 post
1153 1257 1370 1310 Patrem
1407 1266 1491 1312 est
1533 1257 1645 1328 (58)
1688 1261 1822 1329 ipse,
1850 1260 1943 1314 sed
1975 1261 2041 1312 de

469 1343 655 1402 Patre.
697 1345 810 1401 lloe
859 1347 1001 1402 idem
1040 1357 1221 1401 autem
1274 1347 1554 1419 Sapientia
1612 1350 1707 1406 Dei
1762 1352 1928 1405 etiam
1974 1351 2040 1404 de

471 1437 675 1506 Spiritu
714 1452 906 1493 sancto
946 1440 1170 1509 intelligi
1205 1440 1374 1504 dedit,
1408 1442 1496 1496 ubi
1530 1443 1701 1498 dicit:
1744 1465 1761 1495 1
1804 1444 2040 1513 Spiritus

474 1530 685 1584 Domini
721 1530 947 1600 replevit
975 1533 1167 1586 orbem
1204 1542 1472 1587 terrarum
1518 1553 1531 1588 :
1578 1545 1633 1588 et
1666 1537 1763 1604 qui
1798 1538 2041 1591 continet

467 1621 673 1686 omnia,
727 1621 1012 1674 scientiam
1062 1621 1227 1678 habet
1261 1624 1412 1678 vocis
1451 1624 1489 1677 ί.
1525 1642 1544 1676 1
1610 1624 1666 1678 Si
1700 1638 1831 1695 ergo
1868 1624 2038 1680 Filius

470 1728 491 1762 1
533 1711 674 1765 Deus
702 1726 865 1781 super
891 1714 1074 1767 omnia
1113 1734 1131 1765 1
1167 1715 1387 1779 dicitur,
1425 1723 1480 1769 et
1525 1714 1758 1784 Spiritus
1817 1726 2037 1772 sanctus

466 1804 750 1857 continere
785 1807 969 1858 omnia
1025 1815 1377 1873 memoratur,
1434 1805 1579 1861 Deus
1637 1817 1819 1862 autem
1873 1807 2036 1864 Pater

462 1902 548 1947 est
580 1912 599 1945 1
622 1911 686 1948 ex
718 1911 824 1964 quo
846 1897 1054 1961 omnia,
1088 1918 1105 1949 1
1145 1897 1428 1952 evidenter
1454 1898 1757 1952 ostenditur
1787 1910 2032 1953 naturam

464 1985 748 2041 Trinitatis
780 1997 834 2044 et
896 1989 1257 2044 substantiam
1287 2004 1449 2043 unam
1479 2004 1625 2055 esse,
1671 2005 1793 2059 quae
1828 2002 1912 2046 est
1944 2007 2035 2046 su-

464 2091 563 2144 per
595 2079 799 2135 omnia.

532 2167 623 2221 14.
670 2187 689 2219 1
718 2168 833 2223 Non
864 2178 1045 2226 autem
1075 2171 1280 2227 excidit
1307 2174 1531 2229 verbum
1577 2174 1690 2243 (59)
1743 2176 1856 2231 Dei.
1914 2176 2032 2232 Non

458 2258 606 2312 enim
634 2274 825 2315 omnes
860 2262 953 2330 qui
992 2273 1122 2317 sunt
1158 2278 1224 2320 ex
1258 2264 1443 2328 Israel,
1478 2265 1532 2319 hi
1564 2276 1692 2321 sunt
1719 2267 1982 2324 Israelita:
2015 2291 2027 2324 :

459 2365 563 2405 nec
590 2353 683 2421 qui
715 2363 844 2408 sunt
874 2370 1059 2411 semen
1088 2357 1384 2426 Abraham,
1433 2374 1622 2414 omnes
1671 2360 1804 2415 ﬁlii:
1846 2362 1941 2416 sed
1978 2364 2032 2417 iu

458 2440 611 2496 Isaae
668 2445 953 2500 vocabitur
989 2448 1081 2502 tibi
1118 2463 1350 2504 semen:
1386 2451 1436 2505 id
1483 2460 1585 2513 est,
1640 2468 1746 2506 non
1793 2454 1885 2522 qui
1934 2455 2028 2508 lilii

460 2535 667 2601 carnis,
697 2537 750 2590 hi
783 2537 876 2593 ﬁlii
903 2550 1030 2593 sunt
1078 2541 1169 2595 Dei
1206 2559 1221 2595 :
1272 2544 1367 2596 sed
1397 2546 1487 2612 qui
1523 2547 1617 2602 lilii
1650 2549 2030 2617 promissionis

456 2635 605 2690 sunt,
638 2628 968 2696 deputantur
996 2630 1049 2683 in
1082 2645 1269 2687 semen
1313 2634 1356 2687 ³.
1401 2652 1420 2685 1
1453 2635 1716 2701 Quoniam
1751 2654 1912 2709 supra
1946 2643 2032 2695 di-

454 2728 610 2773 xerat
643 2719 666 2753 ³
691 2723 842 2792 quod
882 2738 980 2793 pro
1011 2723 1276 2781 fratribus
1301 2729 1439 2792 suis,
1473 2746 1493 2781 1
1525 2732 1615 2797 qui
1653 2741 1781 2786 sunt
1811 2736 2026 2801 cognati

455 2810 755 2866 secundum
813 2829 1056 2881 carnem,
1109 2819 1203 2888 qui
1253 2830 1381 2874 sunt
1428 2821 1708 2890 Israelitaa,
1746 2843 1765 2877 1
1813 2834 2030 2894 optaret

456 2904 620 2985 etiam
666 2906 956 2963 anathema
1007 2909 1152 2977 ﬁeri,
1204 2924 1269 2965 eo
1315 2915 1460 2984 quod
1514 2916 1756 2985 ipsorum
1799 2931 1947 2976 esset
1975 2931 2031 2975 et

454 2993 675 3061 adoptio
730 2995 965 3051 ﬁliorum
1014 2999 1150 3070 (60),
1179 3011 1235 3055 et
1281 3002 1573 3073 legislatio,
1622 3017 1676 3061 et
1707 3011 2027 3076 promissio-

453 3099 587 3150 nes;
623 3087 690 3141 de
729 3087 815 3141 his
842 3104 986 3143 nunc
1012 3091 1146 3144 dicit
1174 3092 1298 3160 quia
1365 3096 1591 3150 verbum
1620 3096 1714 3152 Dei
1744 3116 1849 3155 non
1875 3102 2024 3155 exci-
2053 3128 2094 3184 ρ

454 3174 557 3237 dit,
593 3176 694 3229 hoc
723 3189 826 3242 est,
861 3181 1150 3246 promissio
1185 3198 1306 3251 quae
1334 3186 1414 3239 eis
1442 3184 1556 3254 (61)
1589 3188 1730 3243 facta
1778 3201 1883 3256 est,
1917 3207 2022 3246 non

452 3268 700 3321 evanuit.
740 3267 841 3334 Qui
872 3272 1016 3324 enim
1046 3287 1208 3328 verus
1238 3274 1404 3329 fuerit
1438 3278 1630 3346 Israel,
1665 3295 1769 3336 non
1800 3298 1867 3337 ex
1903 3298 2023 3338 car-

452 3361 560 3414 nali
616 3376 817 3430 genere
877 3374 1084 3419 tantum
1143 3367 1210 3421 de
1257 3369 1535 3425 Abraham
1586 3388 1761 3444 genus
1816 3376 2022 3433 ducens

452 3453 497 3520 (1
542 3453 654 3509 Νοη
688 3457 832 3510 enim
885 3458 976 3525 qui
1030 3458 1123 3512 ﬁlii
1178 3463 1360 3516 carnis
1406 3482 1426 3515 1
1480 3473 1624 3530 sunt,
1674 3484 1694 3517 1
1728 3468 1782 3522 111
1831 3478 1887 3523 et
1928 3469 2023 3524 lilii

452 3544 545 3599 Dei
581 3561 603 3599 1
658 3548 857 3618 sunt),
889 3550 983 3604 sed
1040 3551 1131 3620 qui
1188 3554 1484 3610 secundum
1540 3561 2022 3626 repromissionem

451 3637 576 3692 ﬁdei
609 3639 676 3693 de
712 3642 989 3697 Abraham
1023 3644 1322 3713 descendit,
1378 3648 1494 3718 ipse
1537 3651 1703 3706 etiam
1748 3654 1844 3708 Dei
1892 3669 2024 3725 pro-

448 3728 613 3783 missa
665 3735 1039 3802 consequitur.
1086 3736 1219 3791 Nam
1282 3739 1350 3793 de
1390 3757 1590 3811 genere
1634 3744 1803 3800 Israel
1863 3748 2019 3804 multi

444 3829 592 3882 sunt,
655 3823 749 3875 sed
808 3839 913 3877 non
961 3841 1151 3882 omnes
1213 3830 1377 3885 Israel
1438 3836 1800 3905 appellantur.
1850 3838 2019 3896 Israel

446 3925 683 3980 namque
713 3913 877 3969 Deum
910 3918 1142 3975 videndo
1175 3924 1489 3981 nominatus
1521 3937 1625 3982 est.
1665 3929 1756 3986 Sic
1787 3933 1931 3986 enim
1964 3944 2019 3989 et

443 4002 559 4072 ipse
586 4001 757 4059 Jacob
788 4008 921 4062 dicit
950 4027 964 4064 ι
1002 4029 1020 4061 1
1054 4010 1169 4066 Vidi
1205 4014 1489 4073 Dominum
1523 4020 1662 4076 facie
1692 4025 1760 4078 ad
1797 4025 2014 4093 faciem,

440 4104 500 4147 et
527 4095 673 4150 salva
703 4099 844 4154 facta
897 4111 981 4157 est
1029 4107 1208 4159 anima
1245 4121 1361 4161 mea
1394 4109 1436 4162 ‘.
1466 4130 1487 4161 1
1528 4110 1673 4182 Ergo
1718 4117 1845 4183 quia
1884 4119 2017 4173 vidit

442 4184 635 4252 Dctnn,
687 4190 852 4246 Israel
897 4196 1197 4264 appellatus
1245 4209 1347 4254 est.
1386 4201 1487 4267 Qui
1534 4219 1663 4259 vero
1710 4223 1816 4260 non
1871 4210 2017 4266 videt

440 4292 563 4331 eum
592 4282 685 4349 qui
719 4284 876 4350 dixit,
914 4304 932 4336 1
968 4288 1069 4354 Qui
1100 4304 1184 4342 me
1216 4291 1382 4355 videt,
1422 4293 1564 4348 videt
1595 4305 1651 4349 et
1673 4294 1888 4352 Patrem
1910 4290 1961 4366 ',
1990 4319 2008 4351 1

438 4366 605 4423 Israel
639 4388 746 4427 non
776 4383 954 4442 potest
980 4379 1107 4433 dici.
1143 4398 1161 4431 1
1196 4380 1307 4437 Nec
1327 4386 1453 4450 quia
1477 4400 1661 4440 semen
1684 4393 2010 4447 suntAbra-

2152 522 2234 578 sui
2270 522 2564 592 posteritas
2594 528 2908 589 poneretur.
2947 518 3013 571 Et
3046 533 3191 572 nunc
3229 533 3359 587 ergo
3398 518 3489 586 qui
3520 533 3722 572 secun-

2150 616 2276 670 dum
2303 614 2456 669 Isaac
2481 611 2577 666 ﬁlii
2606 609 3041 678 repromissionis
3067 619 3215 675 sunt,
3242 610 3292 663 id
3321 621 3405 664 est
3437 611 3558 664 ﬁdei
3582 610 3722 664 illius

2148 721 2245 776 per
2269 719 2444 774 nquam
2486 702 2909 777 promissionem
2966 702 3243 755 Abraham
3286 699 3487 753 meruit
3530 699 3723 753 futura:

2150 797 2481 852 haereditatis
2538 794 2820 863 accipere,
2875 793 2976 862 ipsi
3017 801 3227 846 tantum
3289 791 3614 861 deputantur
3668 792 3722 845 in

2147 904 2371 944 semen:
2404 890 2455 940 in
2487 887 2620 955 ipsis
2656 887 2801 940 enim
2842 884 3178 940 hzereditatis
3229 884 3505 939 successio
3546 881 3724 937 decla-

2147 995 2299 1037 ratur
2335 982 2471 1052 (65).

2217 1074 2302 1128 15.
2376 1091 2396 1126 1
2457 1069 2845 1127 Promissionis
2898 1068 3047 1124 enim
3111 1067 3340 1123 verbum
3404 1068 3507 1122 hoe
3567 1076 3652 1121 est
3701 1083 3717 1122 :

2144 1169 2223 1222 Ad
2286 1167 2392 1221 hoc
2448 1174 2660 1234 tempus
2714 1161 2932 1217 veniam
2966 1201 2982 1225 ,
3033 1169 3100 1233 Oet
3153 1163 3260 1216 erit
3325 1159 3476 1215 Sara:
3549 1159 3717 1217 ﬁlius.

2141 1258 2303 1329 613
2348 1256 2466 1311 Non
2499 1255 2675 1310 solum
2718 1264 2932 1319 autem,
2963 1252 3056 1307 sed
3098 1261 3156 1306 et
3193 1251 3441 1307 Rebecca
3498 1266 3565 1306 ex
3612 1267 3718 1305 uno

2141 1350 2439 1406 concubitu
2487 1348 2719 1413 habens,
2765 1345 2916 1400 Isaac
2965 1345 3136 1414 patris
3186 1344 3361 1398 nostri
3398 1343 3533 1414 (64).
3582 1342 3715 1396 Nam

2143 1457 2266 1496 cum
2295 1441 2531 1495 nondum
2556 1438 2667 1492 nati
2700 1436 2949 1503 fuissent,
2984 1447 3079 1490 aut
3102 1436 3304 1505 aliquid
3334 1435 3716 1504 egisseutboni

2140 1536 2224 1591 vel
2259 1534 2408 1597 mali,
2449 1541 2511 1586 ut
2564 1533 2860 1587 secundum
2892 1530 3213 1586 electionem
3253 1531 3585 1598 propositum
3620 1526 3716 1582 Dei

2142 1634 2377 1691 maneat,
2411 1639 2519 1679 non
2540 1638 2606 1678 ex
2632 1625 2908 1692 operibus,
2936 1623 3029 1677 sed
3058 1637 3123 1676 ex
3155 1632 3382 1676 vocante
3408 1622 3607 1674 dictum
3633 1630 3719 1674 est

2139 1720 2210 1783 ei,
2234 1718 2361 1787 quia
2394 1715 2568 1786 major
2608 1715 2810 1771 serviet
2847 1714 3066 1778 minori,
3104 1714 3247 1769 sicut
3297 1713 3559 1781 scriptum
3587 1723 3669 1768 est
3699 1731 3714 1767 :

2137 1813 2302 1868 Jacob
2330 1812 2524 1876 dilexi,
2557 1812 2697 1866 Esau
2733 1821 2916 1864 autem
2943 1810 3070 1864 odio
3118 1809 3283 1862 habui
3310 1809 3351 1860 θ.
3379 1828 3397 1860 1
3430 1807 3718 1876 Proposuit

2137 1904 2425 1974 Apostolus
2454 1900 2728 1972 persequi,
2764 1898 2908 1968 quod
2934 1898 3063 1953 licet
3098 1898 3409 1978 repudiatus
3435 1898 3506 1952 sit
3543 1913 3714 1965 popu-

2137 1996 2221 2052 lus
2246 1994 2413 2051 lsrael
2448 2009 2545 2063 per
2575 1992 2974 2058 inﬁdelitatem,
3007 2005 3112 2046 non
3154 2000 3332 2044 tamen
3359 2004 3437 2044 ea:
3480 1991 3713 2059 promis-

2135 2089 2319 2144 siones
2340 2087 2434 2142 Dei
2460 2100 2580 2156 quae
2626 2100 2751 2155 erga
2794 2098 2891 2140 eos
2921 2084 3118 2138 habitae
3149 2081 3386 2149 fuerant,
3414 2081 3715 2138 deciderint

2134 2185 2190 2229 ct
2237 2175 2511 2230 frustratae
2559 2174 2668 2229 sint
2701 2173 2812 2246 (65)
2851 2173 3161 2241 :docetque
3208 2173 3349 2241 quod
3401 2186 3523 2226 cum
3558 2170 3713 2225 multi

2137 2268 2227 2322 lilii
2254 2268 2452 2322 fuerint
2483 2266 2806 2331 Abrahae,in
2835 2265 2949 2320 solo
2979 2265 3126 2321 Isaac
3153 2264 3380 2319 sitfaeta
3405 2261 3709 2332 promissio.

2138 2382 2156 2413 1
2184 2360 2298 2414 Non
2321 2379 2339 2412 1
2372 2360 2539 2423 enim,
2567 2361 2759 2428 inquit,
2789 2378 2809 2411 1
2841 2358 2932 2428 qui
2972 2358 3065 2412 ﬁlii
3095 2359 3276 2413 carnis
3311 2366 3470 2419 sunt,
3498 2356 3550 2409 hi
3586 2364 3713 2409 sunt

2135 2452 2228 2506 ﬁlii
2261 2452 2373 2506 Dei.
2416 2469 2437 2503 1
2468 2450 2534 2505 Et
2582 2451 2859 2506 contendit
2905 2452 3211 2513 ostendere,
3252 2448 3527 2517 quomodo
3560 2444 3713 2501 Isaae

2133 2559 2238 2599 non
2267 2544 2338 2598 sit
2367 2543 2510 2598 ﬁlius
2531 2542 2733 2608 carnis,
2759 2542 2850 2597 sed
2880 2542 2947 2595 sit
2972 2540 3115 2595 ﬁlius
3141 2542 3265 2605 Dei;
3300 2548 3354 2593 et
3384 2539 3526 2593 redit
3551 2538 3618 2593 ad
3647 2553 3712 2592 ea

2131 2651 2251 2705 qua:
2273 2635 2339 2689 de
2361 2632 2480 2703 ipso
2505 2633 2557 2687 in
2586 2632 2779 2689 Genesi
2813 2633 3011 2702 scripta
3047 2641 3194 2686 sunt.
3217 2649 3235 2682 1
3267 2629 3705 2694 Ρτοηιίεεὶοηίεμ

2130 2728 2327 2797 inquit,
2383 2745 2401 2778 1
2438 2729 2662 2780 verbum
2697 2725 2801 2780 hoc
2841 2733 2925 2778 est
2955 2741 2968 2777 :
2997 2724 3075 2778 Ad
3100 2724 3203 2780 hoc
3234 2734 3447 2792 tempus
3470 2725 3710 2788 veniam,

2129 2831 2185 2875 et
2210 2819 2316 2874 erit
2357 2820 2509 2874 Sarte
2549 2817 2693 2872 ﬁlius
2713 2817 2756 2870 ⁷.
2796 2837 2814 2869 1
2856 2816 2969 2871 Non
3004 2829 3156 2885 ergo,
3188 2815 3386 2885 inquit,
3422 2830 3518 2883 per
3563 2818 3711 2870 ordi-

2131 2928 2254 2967 nem
2287 2911 2589 2966 nativitatis
2619 2909 2856 2965 carnalis
2878 2907 3031 2964 lsaae
3058 2907 3335 2972 nascitur;
3360 2907 3558 2976 quippe
3583 2924 3708 2962 cum

2130 3013 2185 3059 et
2216 3003 2490 3058 Abraham
2539 3000 2774 3056 emortui
2824 3001 2937 3069 jam
2991 3000 3238 3068 corporis
3295 3000 3624 3064 haberetur,
3654 3009 3710 3054 et

2130 3096 2285 3150 vulva
2305 3095 2466 3150 Sara:
2506 3103 2651 3150 esset
2672 3092 2784 3161 jam
2812 3100 3059 3148 emortua
3081 3093 3125 3153 ⁸.
3152 3092 3295 3146 sicut
3320 3106 3478 3162 supra
3502 3092 3707 3148 dictum

2133 3198 2215 3244 est
2243 3207 2258 3255 ;
2283 3187 2376 3242 sed
2414 3202 2512 3256 per
2537 3188 2792 3240 virtutem
2820 3187 2937 3256 ejus
2960 3184 3048 3254 qui
3080 3184 3239 3247 dixit,
3274 3202 3292 3235 1
3332 3183 3412 3237 Ad
3446 3183 3550 3237 hoc
3578 3191 3708 3238 tem-

2129 3295 2232 3351 pus
2254 3281 2487 3344 veniam,
2512 3287 2567 3334 et
2595 3279 2698 3334 erit
2724 3278 2873 3333 Sara:
2904 3278 3043 3332 ﬁlius
3067 3277 3109 3330 ⁸.
3140 3296 3168 3348 ,1
3200 3276 3393 3331 Merito
3416 3276 3580 3345 igitur
3596 3291 3704 3333 non

2128 3373 2330 3438 carnis,
2362 3372 2456 3427 sed
2480 3371 2574 3426 Dei
2610 3370 2753 3426 lilius
2780 3369 3003 3434 dicitur,
3029 3367 3121 3439 qui
3146 3384 3217 3439 (ex
3248 3372 3477 3425 adventu
3506 3378 3561 3423 et
3588 3384 3707 3423 ser-

2129 3480 2287 3519 mone
2319 3463 2559 3517 nascitur
2592 3461 2709 3518 Dei.
2746 3460 2870 3517 Haec
2899 3476 3051 3532 ergo,
3074 3462 3273 3533 inquit,
3300 3462 3442 3516 ratio
3471 3477 3578 3516 non
3614 3476 3705 3515 so-

2128 3559 2235 3611 lum
2272 3558 2338 3611 de
2371 3555 2544 3620 Isaac,
2581 3557 2675 3610 sed
2713 3565 2767 3609 et
2795 3555 2859 3610 de
2881 3554 3050 3611 Jacob
3088 3542 3391 3625 recipienda
3424 3565 3526 3610 est.
3565 3554 3700 3608 Nam

2123 3659 2179 3705 et
2199 3649 2465 3715 Rebecca,
2497 3647 2693 3717 inquit,
2720 3662 2827 3701 non
2860 3632 3154 3702 secundum
3194 3646 3429 3701 carnalis
3460 3645 3570 3719 (66)
3605 3664 3702 3699 ua-

2128 3739 2350 3794 tivitatis
2371 3738 2615 3793 ordinem
2650 3738 2874 3807 protulit
2908 3745 3142 3807 partum.
3175 3720 3308 3793 cum
3333 3734 3477 3794 enim
3499 3754 3566 3792 ex
3592 3756 3699 3792 uno

2125 3828 2416 3884 concubitu
2439 3826 2589 3883 Isaac
2614 3828 2858 3898 geminos
2879 3828 3240 3897 concepisset,
3264 3830 3500 3883 nondum
3537 3840 3694 3897 partu

2122 3923 2294 3988 edito,
2329 3936 2506 3992 neque
2555 3922 2678 3975 ullis
2708 3921 2918 3975 actibus
2953 3935 3241 3990 puerorum
3272 3923 3428 3977 bonis
3472 3923 3701 3977 malisve

2122 4018 2263 4069 inter
2290 4015 2535 4069 homines
2564 4013 2762 4068 habitis
2795 4012 2933 4085 (67),
2966 4027 3094 4084 erga
3123 4012 3289 4068 Jacob
3318 4015 3499 4069 divina
3533 4015 3696 4070 habe-

2122 4118 2210 4162 tur
2237 4107 2431 4162 electio
2462 4105 2597 4177 (68),
2620 4114 2673 4159 et
2695 4105 2915 4170 dicitur,
2943 4125 2962 4158 1
3002 4105 3131 4176 quia
3164 4107 3338 4176 major
3360 4108 3560 4163 serviet
3592 4112 3697 4162 mi-

2118 4199 2259 4265 nori,
2294 4219 2313 4251 1
2345 4208 2421 4262 et,
2457 4215 2477 4249 1
2514 4196 2682 4253 Jacob
2711 4197 2898 4261 dilexi,
2932 4197 3068 4251 Esau
3093 4208 3273 4252 autem
3301 4200 3428 4254 odio
3457 4200 3645 4255 habui.
3672 4222 3689 4251 1

2116 4293 2225 4349 Cur
2253 4302 2432 4347 autem
2469 4293 2582 4346 haec
2631 4291 2704 4344 ita
2739 4290 2880 4343 dicta
2900 4276 3037 4356 isint,
3080 4292 3239 4347 docet
3263 4291 3374 4364 (69)
3409 4309 3423 4345 :
3460 4311 3481 4344 1
3522 4294 3593 4348 Ut
3616 4308 3697 4347 se-

2114 4386 2350 4441 cundum
2385 4385 2729 4452 electionem,
2753 4386 2947 4454 inquit,
2971 4387 3306 4454 propositum
3331 4385 3423 4440 Dei
3454 4399 3690 4446 maneat.

436 4460 583 4525 ham,
618 4479 808 4521 omnes
852 4469 1015 4524 etiam
1077 4474 1171 4527 lilii
1200 4492 1221 4526 1
1258 4484 1426 4529 sunt..
1462 4477 1571 4533 Hoc
1603 4481 1852 4539 videlicet
1897 4485 2010 4555 jam
2043 4474 2087 4529 D
2115 4494 2217 4533 non
2245 4493 2310 4532 ex
2336 4477 2612 4545 operibus,
2648 4477 2741 4531 sed
2771 4492 2839 4531 ex
2872 4489 3101 4533 vocante
3144 4481 3342 4534 dictum
3379 4490 3492 4540 est;
3537 4498 3555 4529 1
3589 4466 3694 4536 hoc

437 4560 564 4608 tune
603 4557 714 4629 (6:2)
744 4559 1133 4632 designabatur
1160 4566 1212 4620 in
1244 4569 1543 4632 Abraham,
1575 4588 1695 4627 cum
1722 4575 1770 4628 ei
1806 4577 2010 4634 multos

2132 4579 2211 4633 :st,
2241 4577 2299 4621 ut
2327 4583 2432 4621 non
2469 4567 2559 4637 qui
2588 4567 2679 4621 ﬁlii
2709 4568 2911 4635 carnis,
2931 4569 3023 4623 sed
3054 4570 3145 4638 qui
3179 4569 3273 4624 filii
3302 4569 3393 4624 Dei
3422 4581 3564 4634 sunt,
3590 4571 3688 4640 ipsi

435 4642 574 4699 ﬁlios
604 4647 844 4718 habenti,
887 4671 1022 4723 quos
1050 4658 1340 4726 Apostolus
1368 4661 1506 4717 ﬁlios
1533 4667 1714 4721 carnis
1743 4669 2004 4737 appellat,

503 4784 550 4817 ⁸⁸
574 4785 822 4869 Sanan,
846 4788 935 4846 25.
1014 4791 1284 4869 “‘Ephes.
1313 4795 1464 4869 l,_2_l.
1545 4798 1560 4828 ¹
1590 4798 1717 4867 Sap.
1748 4816 1787 4864 1,
1808 4799 1859 4853 7.
1935 4802 1955 4832 ³
1977 4800 2046 4853 llo

2132 4844 2134 4851 ,
2171 4817 2245 4864 Ix,
2267 4800 2383 4855 6-8.
2460 4803 2480 4831 ³
2519 4802 2647 4853 ibid.
2676 4802 2728 4867 ’5,
2757 4803 2811 4855 4.
2889 4804 2911 4835 ἰ
2933 4801 3066 4859 Gen.
3094 4763 3261 4869 itxxtt,
3290 4804 3378 4858 30.

1354 4865 1373 4896 ⁷
1396 4864 1593 4925 Genes.
1643 4864 1798 4937 avni,
1830 4870 1919 4927 IO.
1987 4871 2009 4903 ⁸
2038 4872 2191 4925 ιὶυιη.
2220 4887 2296 4937 ιν,
2330 4872 2417 4926 19.
2490 4873 2511 4903 ⁸
2542 4864 2821 4939 Ilondtx,
2868 4873 2918 4927 9.

431 4868 544 4919 xiv,
580 4855 634 4909 9.
710 4857 731 4887 ⁸
759 4859 914 4915 ltom.
948 4877 1023 4925 rx,
1066 4862 1101 4915 9
1132 4855 1251 4933 seq.

674 4976 956 5054 Qmittitur
1008 4992 1154 5054 rest
1200 5004 1218 5035 1
1265 4985 1317 5037 111
1347 4987 1534 5046 editis.
1591 4989 1794 5046 Deinde
1842 4993 2002 5046 iidem

427 5044 635 5167 Sicubi
671 5047 783 5102 Hoc
817 5060 998 5104 autem
1028 5050 1102 5122 (id
1125 5064 1208 5108 est
1241 5044 1648 5130 sapientiaVDei)
1680 5044 1841 5115 etiam
1866 5044 1995 5127 de,i

498 5184 614 5265 (59)
643 5186 809 5265 Editi,
851 5208 872 5241 1
902 5190 1190 5265 evidenter
1225 5197 1532 5251 ostenditur
1573 5210 1765 5255 natura
1814 5199 1995 5255 Triui-

431 5259 580 5338 latis,
614 5265 669 5309 et
702 5259 1005 5338 substantia
1036 5278 1165 5338 una,
1199 5280 1320 5338 qua:
1344 5269 1427 5319 est
1459 5282 1620 5338 super
1635 5271 1838 5326 omnia.
1873 5272 1990 5326 Non

425 5337 602 5398 autem
644 5329 783 5398 quod
820 5331 1081 5384 exciderit
1119 5329 1364 5398 verbum,
1402 5353 1420 5385 1
1454 5329 1564 5392 etc.

499 5397 612 5466 (60)
643 5397 855 5477 .Editi,‘¢
882 5401 974 5477 sed
1002 5404 1092 5469 qui
1124 5404 1216 5456 ﬁlii
1248 5397 1620 5477 promissionis
1649 5411 1988 5465 aestimantur

425 5468 479 5520 in
505 5468 749 5546 semine.
782 5468 1047 5533 Quoniam
1073 5468 1471 5546 supra-dixerat
1505 5492 1602 5545 pro
1632 5480 1980 5535 fratribus....

423 5539 516 5606 qui
556 5537 1085 5619 Israelitaeuoptare
1139 5537 1201 5597 se
1248 5537 1539 5600 anathema
1582 5550 1724 5613 ﬁeri,
1756 5565 1987 5619 quorum

422 5618 573 5661 esset
607 5607 824 5674 adoptio
856 5607 1107 5676 ﬁliumin,
1141 5632 1159 5663 1
1192 5623 1299 5668 etc.

508 5678 621 5747 (61)
645 5676 808 5740 Editi,
842 5697 859 5728 1
889 5696 1009 5746 qua:
1034 5698 1097 5734 ex
1128 5684 1228 5738 eis.
1264 5703 1283 5736 1

506 5747 618 5817 (62)
650 5747 814 5815 Editi,
852 5748 1020 5805 111ωο
1050 5753 1306 5810 discretio
1328 5754 1441 5827 jam
1477 5766 1621 5824 tunc,
1665 5776 1683 5810 1
1720 5767 1827 5816 etc.

2107 4665 2435 4735 deputentur
2469 4660 2521 4713 in
2561 4676 2768 4715 semen.
2801 4660 2956 4715 Sicut
2984 4663 3125 4715 enim
3163 4664 3234 4718 ibi
3268 4678 3333 4718 ex
3363 4664 3543 4717 multis
3570 4666 3694 4719 ﬁliis

3488 4806 3507 4837 ³
3528 4802 3685 4861 Joan.

2190 4992 2304 5063 (6'5)
2333 4993 2501 5063 Editi,
2534 5010 2552 5044 1
2583 5003 2640 5047 et
2676 4993 2807 5063 ipsis
2844 4995 3173 5049 hatreditatis
3201 4996 3475 5050 successio
3509 4995 3691 5050 decla-

2115 5062 2283 5117 ratur.
2334 5082 2353 5115 1
2392 5062 2492 5120 Ms.
2544 5062 2705 5129 unus,
2749 5083 2768 5114 1
2808 5067 3108 5119 collocatur
3153 5083 3172 5116 1
3219 5080 3319 5135 pro
3371 5083 3390 5116 1
3438 5066 3685 5120 declara-

2109 5144 2213 5186 tur.
2251 5153 2268 5184 1

2176 5203 2290 5275 (64)
2333 5204 2435 5260 Ms.
2472 5203 2677 5275 Regius
2703 5219 2853 5275 num.
2884 5203 3044 5267 1639,
3074 5222 3094 5255 1
3126 5207 3219 5259 sed
3245 5216 3301 5259 et
3325 5203 3584 5260 Rebeccae
3614 5220 3681 5260 ex

2103 5287 2210 5327 uno
2253 5273 2787 5329 concubitu'habens
2812 5273 2962 5328 Isaae
2991 5275 3129 5342 patri
3156 5286 3360 5328 nostro.
3400 5294 3420 5326 1

2170 5344 2284 5414 (65)
2322 5344 2488 5414 Editi,
2529 5363 2548 5396 1
2608 5342 2927 5397 deciderunt
2958 5355 3012 5397 et
3060 5343 3335 5399 fmstratae
3380 5353 3523 5399 sunt.
3565 5363 3585 5396 1
3615 5344 3682 5397 Et

2094 5413 2301 5481 postea,
2343 5432 2361 5465 1
2401 5413 2538 5468 facta
2569 5423 2653 5468 est
2678 5415 3041 5481 repromissio.
3083 5433 3103 5464 1

2168 5483 2281 5554 (66)
2322 5485 2484 5548 Editi,
2522 5502 2541 5535 1
2570 5497 2675 5537 non
2705 5483 2877 5554 solum
2901 5484 3196 5554 secundum
3227 5483 3487 5554 carnalis,
3526 5502 3543 5534 1
3570 5493 3681 5538 etc.

2170 5553 2284 5623 (67)
2328 5555 2490 5618 Editi,
2513 5571 2532 5604 1
2562 5561 2719 5622 partu
2743 5553 2897 5616 editi,
2945 5568 3116 5622 neque
3145 5553 3269 5606 ullis
3298 5556 3508 5607 actibus
3541 5567 3681 5623 pite-

2101 5640 2282 5678 rorum
2314 5624 2440 5678 boni
2465 5624 2659 5677 malive
2687 5626 2822 5676 inter
2864 5623 3113 5677 homines
3138 5623 3330 5678 habiti.
3369 5641 3388 5674 1

2191 5691 2287 5762 68)
2330 5693 2495 5756 Edili,
2537 5711 2567 5744 1
2595 5693 2833 5747 dilectio.
2876 5711 2907 5743 ι

2191 5695 2287 5762 68)
2330 5695 2495 5756 Edili,
2537 5711 2567 5744 1
2595 5695 2833 5747 dilectio.
2876 5711 2907 5743 ι

2174 5695 2288 5836 iiii!)
2332 5762 2542 5834 Editi,_t
2579 5763 2689 5820 Cur
2710 5770 2888 5817 autem
2917 5764 2986 5818 ita
3019 5764 3146 5828 sint,
3183 5764 3362 5818 docet.
3394 5780 3425 5813 1
