4146 6406
452 205 590 258 M45

447 318 628 374 carnis
667 316 819 372 Isaac
847 315 1067 382 eligitur
1093 331 1120 368 a
1153 315 1260 369 Deo
1296 315 1388 383 qui
1420 315 1705 384 adoptetur
1738 315 1790 369 in
1841 315 2009 369 ﬁlium
2044 324 2088 379 Α
2118 325 2174 369 et
2220 314 2326 369 erit
2366 313 2515 371 Sara)
2561 313 2732 380 ﬁlius;
2786 332 2806 368 ι
2849 312 2932 369 vel
2965 314 3032 368 de
3085 316 3186 370 hoc
3241 330 3256 366 :

448 409 540 463 Dei
575 408 712 480 (70),
744 408 818 460 ita
842 417 901 460 et
932 407 1020 460 hic
1043 422 1107 459 ex
1133 405 1339 460 duobus
1369 407 1547 461 minor
1580 405 1798 476 eligitur
1825 405 2012 470 Jacob,

447 501 540 568 qui
580 501 867 567 adaptetur
895 497 948 550 in
981 496 1144 549 lilium
1188 496 1282 551 Dei
1315 513 1331 562 ;
1365 507 1418 550 et
1452 497 1533 550 sic
1559 511 1745 550 verum
1786 495 1845 549 iit
1873 497 2014 564 quod

448 591 842 656 promissioues
865 589 957 643 Dei
982 604 1086 642 non
1117 588 1167 639 in
1194 588 1317 642 [iliis
1343 590 1548 653 carnis,
1573 591 1666 643 sed
1695 591 1746 643 in
1767 589 1859 644 Dei
1894 591 2018 646 [iliis

448 691 718 736 constent.
747 681 853 735 Sed
882 682 995 735 haec
1025 682 1204 734 omnia
1233 695 1300 734 eo
1327 690 1596 748 spectant,
1627 691 1684 734 ut
1725 681 1852 736 illud
1892 698 2018 751 pro-

447 774 542 828 bet
571 774 880 843 Apostolus,
910 775 1050 841 quod
1094 775 1137 826 si
1186 774 1266 828 vel
1298 773 1446 827 Isaac
1476 773 1559 827 vel
1599 771 1768 828 Jacob
1805 787 1902 842 pro
1930 774 2017 828 his

448 865 661 920 meritis
702 865 859 918 electi
913 863 1144 919 fuissent
1173 881 1202 917 a
1260 865 1368 918 Deo
1414 880 1532 933 quae
1563 866 1614 919 in
1660 879 1826 920 carne
1858 865 2016 934 positi

448 958 818 1028 acquisierant
844 958 980 1029 (Ἠ),
1001 969 1054 1012 et
1081 974 1176 1026 per
1198 972 1366 1026 opera
1393 957 1874 1025 carnisjustiﬂcari
1901 973 2016 1011 me—

447 1047 706 1114 ruissent,
739 1058 921 1117 posset
951 1049 1135 1115 utique
1177 1049 1354 1102 meriti
1395 1063 1580 1102 eorum
1610 1049 1782 1117 gratia
1822 1049 1888 1101 ad
1922 1062 2019 1117 po-

449 1139 751 1193 steritatem
796 1139 976 1192 carnis
1034 1153 1254 1207 quoque
1299 1147 1349 1192 et
1396 1139 1675 1205 sanguinis
1725 1139 2018 1208 pertinere.

449 1227 603 1284 Nunc
633 1243 762 1283 vero
796 1244 918 1282 cum
956 1230 1149 1284 eleCtio
1187 1244 1376 1282 eorum
1412 1244 1516 1282 non
1546 1245 1612 1284 ex
1651 1231 1907 1298 operibus
1937 1231 2020 1284 fa-

449 1329 536 1376 cta
569 1322 659 1385 sit,
687 1323 779 1376 sed
803 1337 869 1376 ex
894 1326 1168 1392 proposito
1187 1322 1304 1386 Dei,
1329 1331 1382 1376 et
1402 1338 1468 1376 ex
1497 1324 1745 1378 vocantis
1770 1324 2013 1389 arbitrio,

447 1411 872 1481 promissionum
913 1411 1084 1478 gratia
1139 1429 1242 1466 non
1279 1414 1332 1466 in
1377 1411 1501 1467 [iliis
1534 1413 1715 1467 carnis
1745 1414 2017 1483 impletur,

449 1502 545 1555 sed
569 1501 620 1556 in
642 1501 766 1557 llliis
785 1502 898 1567 Dei,
922 1502 1026 1557 hoc
1058 1514 1160 1568 est,
1183 1505 1272 1571 qui
1301 1504 1548 1558 similiter
1576 1515 1636 1557 ut
1675 1505 1775 1574 ipsi
1808 1521 1872 1559 ex
1907 1522 2022 1575 pro-

449 1592 626 1660 posito
649 1593 738 1646 Dei
765 1594 1052 1663 eliguntur,
1081 1605 1136 1649 et
1157 1596 1478 1664 adoptantur
1507 1596 1560 1650 in
1593 1595 1750 1651 ﬁlios.
1778 1596 2023 1666 Comple—

1889 199 2210 259 ORIGENIS

3551 209 3692 264 1144

3316 331 3337 366 α
3388 312 3558 371 .lacob
3606 323 3692 373 tli-

2119 406 2244 471 lexi,
2271 404 2411 460 Esau
2437 413 2613 459 autem
2641 405 2767 460 odio
2801 405 2962 459 habui
2988 404 3127 471 ¹²·¹³,
3159 423 3180 458 ι
3207 420 3330 460 cum
3359 406 3411 461 in
3440 412 3690 476 praesenti

2116 494 2350 564 capitulo
2377 495 2763 550 introduxisset
2799 494 3032 563 aliquam
3063 509 3354 564 personam
3382 497 3531 552 velut
3557 515 3692 554 con-

2117 587 2470 642 tradicentem
2511 586 2611 641 sibi
2649 595 2704 642 et
2731 590 3081 657 quaestionem
3113 597 3443 654 moventem,
3469 599 3523 644 et
3547 590 3694 644 dice-

2116 689 2201 734 ret
2231 695 2245 731 :
2271 698 2289 730 ι
2319 670 2566 748 Nunquid
2627 679 2883 747 iniquitas
2939 691 3022 735 est
3046 681 3184 750 apud
3210 680 3377 734 Deum
3396 678 3446 733 'h
3472 695 3695 748 respon-

2115 770 2409 838 dissetque,
2446 789 2465 821 ι
2491 770 2796 841 Absit(77),
2840 789 2860 822 ι
2903 771 2997 826 sed
3036 790 3055 824 ι
3093 785 3199 824 non
3245 769 3693 842 volentis,neque

2115 857 2280 928 6M.
2301 859 2598 925 currentis,
2627 859 2721 913 sed
2753 859 3062 914 miserentis
3099 858 3212 931 ('78)
3237 857 3332 914 Dei
3353 862 3444 928 gest
3469 876 3483 914 :
3517 877 3538 912 ι
3565 870 3622 914 et
3645 861 3693 917 si

2119 949 2454 1004 Pharaonem
2481 959 2760 1019 propterea
2783 950 3104 1021 elegit,utin
3127 952 3243 1020 ipso
3263 951 3557 1021 potentiam
3581 967 3695 1008 sua:

2118 1043 2338 1095 virtutis
2364 1043 2678 1097 ostenderet
2704 1059 2718 1094 :
2751 1052 2805 1096 et
2843 1044 2887 1097 si
2917 1043 3033 1112 ipse
3060 1044 3144 1098 cui
3169 1044 3284 1098 vult
3308 1043 3622 1110 miseretur,
3639 1053 3694 1098 et:

2120 1143 2278 1198 quem
2307 1129 2422 1184 vult
2467 1130 2686 1185 indurat.
2715 1149 2730 1187 :
2760 1134 2984 1200 ut-qutd
3014 1133 3080 1186 de
3115 1132 3449 1195 hominibus,
3493 1132 3690 1201 inquit,

2119 1222 2362 1291 queritur
2384 1221 2496 1292 (79)
2515 1222 2538 1275 ?
2555 1233 2607 1276 et
2625 1239 2719 1278 cur
2735 1224 2826 1294 qui
2849 1234 3033 1292 peccat
3049 1224 3314 1294 culpatur,
3339 1239 3461 1278 cum
3484 1224 3602 1278 talis
3626 1226 3693 1279 de

2120 1329 2443 1384 unoquoque
2466 1315 2633 1384 ipsius
2648 1315 2895 1371 voluntas
2923 1316 3185 1370 habeatur
3205 1316 3362 1370 .7ch
3376 1331 3506 1387 ergo
3531 1323 3584 1371 et
3607 1315 3693 1370 his

2121 1406 2317 1460 similia
2347 1407 2732 1470 commoventi,
2761 1417 2926 1476 atque
2966 1408 3018 1461 in
3048 1407 3208 1477 hujus
3237 1423 3294 1462 se
3322 1409 3564 1478 mysterii
3591 1423 3691 1463 cu-

2121 1497 2359 1552 biculum
2402 1498 2710 1567 protervius
2735 1507 2791 1552 et
2829 1497 3198 1568 importunius
3249 1499 3538 1569 ingerenti,
3567 1514 3691 1553 cum

2125 1588 2496 1656 increpatione
2538 1588 2870 1659 dignissima:
2905 1589 3317 1645 exclamationis
3343 1591 3602 1652 occurrit,
3637 1601 3695 1645 et

451 1694 540 1738 tur
565 1698 796 1754 namque
824 1661 985 1738 etiam
1017 1686 1066 1739 in
1089 1686 1175 1740 his
1203 1661 1328 1741 illud
1357 1688 1499 1755 quod
1519 1687 1628 1757 jam
1662 1704 1823 1756 supra
1865 1661 2026 1759 θέρου
2055 1661 2095 1716 Β
2123 1684 2256 1739 dicit
2295 1701 2311 1736 :
2347 1702 2366 1736 ι
2401 1685 2446 1740 0
2475 1685 2638 1740 homo
2664 1686 2678 1740 ξ
2715 1697 2769 1739 ιιι
2795 1687 2920 1754 quis
2941 1701 2999 1740 es
3036 1685 3126 1754 qui
3153 1695 3341 1739 contra
3368 1687 3694 1754 respondeas

448 1775 656 1830 animus
696 1775 820 1844 quia
853 1791 1016 1846 «quos
1038 1779 1332 1845 praescivit,
1351 1777 1470 1833 illos
1494 1790 1548 1833 et
1572 1781 1972 1849 prmdestinavit
2004 1798 2018 1834 :

449 1876 503 1920 et
525 1881 658 1935 quos
704 1869 1256 1935 prtedestinavit,illos
1283 1881 1338 1925 et
1358 1872 1677 1926 vocavitzet
1699 1887 1836 1940 quos
1867 1889 2024 1927 voca-

449 1957 546 2020 vit,
567 1957 683 2012 illos
711 1967 766 2012 et
791 1958 1105 2024 justiﬁeavit
1140 1978 1154 2014 :
1182 1973 1238 2016 et
1271 1977 1406 2032 quos
1442 1963 1781 2032 justiﬁeavit,
1809 1965 1926 2020 illos
1969 1976 2024 2022 et

450 2048 772 2116 gloriﬁcavit
793 2049 888 2104 ³⁸.)
914 2034 1257 2122 Quaecunque
1285 2065 1464 2110 autem
1493 2056 1659 2111 dehis
1685 2059 2023 2115 sermonibus

449 2151 610 2205 supra
645 2142 1028 2209 exposuimus,
1056 2145 1245 2198 eadem
1287 2147 1449 2200 etiam
1488 2147 1553 2200 ad
1591 2149 1871 2216 praesentis
1919 2149 2021 2205 loci

448 2231 878 2302 eXpIauationem
912 2238 1044 2292 satis
1095 2239 1417 2309 abundeque
1467 2238 1770 2304 sulliciunt,
1806 2255 1874 2295 ne
1923 2242 2022 2296 ite-

450 2327 621 2380 rando
645 2329 830 2381 eadem
876 2327 1150 2383 fastidium
1180 2330 1292 2401 (72)
1334 2332 1637 2403 legentibus
1678 2347 2018 2404 generemus.

520 2415 608 2470 16.
653 2433 672 2468 ι
705 2415 843 2483 Quid
867 2433 996 2487 ergo
1029 2420 1272 2475 dicemus
1312 2421 1336 2474 ‘P
1363 2421 1615 2494 Nunquid
1651 2425 1912 2494 iniquitas
1938 2436 2022 2481 est

449 2509 588 2575 apud
629 2508 851 2563 Deum?
891 2511 1069 2566 Absit.
1107 2511 1276 2582 Moysi
1315 2516 1460 2569 enim
1503 2517 1684 2572 dicit:
1725 2515 2022 2573 Miserebor

450 2599 602 2668 cujus
630 2599 912 2668 misereor,
937 2613 990 2655 et
1035 2605 1461 2662 misericordiam
1505 2609 1773 2677 prmstabo
1799 2611 1883 2664 cui
1914 2611 2018 2665 mi-

450 2689 694 2744 serebor.
740 2689 907 2758 Igitur
956 2705 1060 2744 non
1098 2693 1328 2749 volentis
1368 2710 1542 2766 neque
1583 2700 1892 2764 currentis,
1924 2702 2016 2754 sed

451 2781 759 2836 miserentis
785 2791 867 2836 est
910 2783 1025 2838 Dei.
1051 2785 1190 2838 Dicit
1213 2787 1358 2842 enim
1383 2789 1663 2860 Scriptura
1701 2790 1968 2846 Pharaoni
2001 2811 2014 2845 :

450 2870 583 2938 Quia
623 2873 688 2926 ad
725 2874 826 2927 hoc
864 2876 1036 2944 ipsum
1076 2887 1126 2932 te
1155 2881 1410 2934 suscitavi
1438 2923 1452 2946 ,
1495 2891 1555 2936 ut
1578 2885 1857 2938 ostendam
1882 2886 1935 2939 in
1967 2894 2018 2940 te

2122 1773 2279 1831 Deo?
2307 1795 2327 1828 ι
2357 1775 2525 1843 Quasi
2555 1776 2761 1830 diceret
2796 1791 2813 1831 :
2849 1774 2928 1829 Tn
2959 1777 3081 1845 quis
3114 1791 3173 1832 es
3201 1777 3294 1846 qui
3320 1786 3372 1832 te
3418 1777 3473 1832 in
3508 1777 3692 1832 aulam

2122 1870 2265 1940 regis
2292 1869 2592 1940 immergis,
2626 1879 2682 1924 et
2713 1869 2990 1923 interioris
3030 1868 3262 1924 cubiculi
3298 1883 3463 1922 ausus
3502 1883 3563 1924 es
3610 1883 3695 1924 se-

2125 1974 2273 2018 creta
2296 1963 2616 2032 penetrare?
2647 1961 2850 2016 Idcirco
2878 1961 3042 2030 igitur
3071 1971 3126 2015 et
3149 1976 3247 2016 nos
3273 1962 3324 2014 in
3353 1961 3550 2014 talibus
3577 1975 3697 2014 sus-

2122 2069 2290 2124 penso
2333 2056 2468 2122 pede
2522 2063 2774 2124 tanquam
2817 2053 2870 2106 in
2923 2054 3044 2107 aula
3093 2053 3240 2122 regia
3288 2051 3482 2120 positi,
3524 2065 3693 2119 pauca

2119 2159 2395 2208 sermone,
2423 2145 2577 2215 plura
2601 2145 2818 2199 silentio
2847 2139 3208 2210 transeamus,
3234 2143 3349 2212 ipso
3371 2143 3526 2198 nobis
3567 2156 3696 2213 apo-

2121 2238 2257 2294 stolo
2308 2237 2476 2293 Paulo
2517 2237 2774 2306 magistro
2815 2248 2871 2292 et
2910 2237 3045 2291 duce
3085 2234 3242 2302 hujus
3283 2233 3499 2289 itineris
3529 2232 3692 2289 facto.

2119 2327 2285 2400 Igitur
2309 2343 2377 2383 ex
2419 2343 2647 2398 persona
2695 2329 3115 2384 contradicentis
3147 2327 3250 2382 sibi
3289 2326 3421 2381 dicit
3457 2326 3694 2395 Aposto-

2119 2422 2203 2477 lus
2237 2440 2290 2476 τι
2315 2420 2567 2492 Nunquid
2588 2421 2846 2494 iniquitas
2869 2431 2954 2478 est
2989 2422 3129 2492 apud
3156 2421 3321 2476 Deum
3348 2421 3411 2474 ἵ»
3433 2431 3487 2476 et
3509 2422 3690 2476 statim

2117 2514 2174 2570 in
2203 2512 2370 2570 initiis
2395 2514 2688 2585 respondet
2715 2531 2730 2569 :
2769 2531 2790 2566 ι
2819 2514 2975 2571 Absit
3006 2534 3021 2582 ;
3054 2536 3074 2570 ι
3109 2525 3166 2570 ut
3193 2515 3261 2570 ad
3283 2515 3463 2570 omnia
3495 2525 3694 2571 caztera

2117 2621 2237 2676 qua
2258 2621 2325 2660 ex
2361 2621 2591 2676 persona
2625 2605 3056 2662 contradicentis
3094 2607 3400 2677 objicienda
3435 2615 3589 2669 sunt,
3621 2607 3691 2661 ab

2117 2697 2374 2767 Apostolo
2423 2711 2637 2765 semper
2690 2698 3005 2764 responderi
3056 2698 3323 2762 videatur,
3378 2713 3398 2749 ι
3451 2696 3628 2753 Absit.
3665 2716 3686 2749 ι

2117 2789 2222 2844 lste
2261 2803 2391 2858 ergo
2439 2787 2529 2862 qui
2573 2787 2921 2852 contradicit,
2971 2789 3145 2842 utitur
3175 2800 3230 2843 et
3275 2789 3446 2861 Moysi
3485 2793 3690 2856 verbis,

2117 2880 2313 2950 quibus
2357 2880 2488 2934 dicit
2532 2879 2598 2932 ad
2633 2892 2757 2932 eum
2811 2877 3111 2934 Deminus:
3147 2899 3166 2930 ι
3203 2879 3502 2936 Miserebor
3539 2884 3693 2951 cujus

447 2964 704 3017 virtutem
733 2977 1004 3031 meam,et
1028 2980 1089 3022 ut
1109 2973 1460 3027 annuntietur
1480 2974 1592 3044 (73)
1615 2990 1809 3030 nomen
1835 2991 2014 3031 meum
2044 3003 2086 3061 η
2121 2973 2398 3038 misereor,
2445 2983 2500 3027 et
2541 2972 2965 3027 misericordiam
3015 2975 3284 3040 prmstabo
3335 2975 3422 3028 cui
3465 2976 3694 3032 misere—

453 3059 502 3110 in
529 3058 782 3113 universa
810 3069 974 3114 terra.
1004 3060 1144 3130 Ergo
1171 3065 1258 3118 cui
1297 3067 1406 3119 vult
1436 3067 1747 3134 miseretur,
1775 3078 1830 3123 et
1856 3085 2014 3138 quem

449 3147 566 3202 vult
615 3149 849 3205 indurat.
887 3151 1032 3206 Dicis
1074 3153 1254 3223 itaque
1290 3156 1422 3210 mihi
1451 3175 1464 3210 :
1493 3155 1633 3224 Quid
1675 3172 1806 3228 ergo
1841 3159 2018 3214 adhuc

448 3238 730 3307 queritur?
758 3239 1028 3295 Voluntati
1051 3243 1194 3315 enim
1212 3243 1330 3312 ejus
1351 3245 1474 3314 quis
1511 3246 1719 3301 resistit
1745 3247 1786 3277 “
1814 3247 1964 3317 (74)?
1993 3267 2012 3300 ι

451 3327 736 3398 Legentem
767 3331 881 3386 haec
917 3333 1226 3389 meminisse
1269 3337 1526 3390 attentius
1555 3339 1807 3392 convenit
1833 3338 2020 3392 simili-

454 3421 657 3476 tudinis
702 3421 848 3477 illius
873 3464 887 3488 ,
918 3439 1077 3494 quam
1119 3427 1170 3479 in
1210 3429 1579 3496 superioribus
1607 3429 1762 3484 libris
1786 3432 1852 3486 de
1891 3447 2021 3502 apo-

453 3509 630 3564 stolici
659 3515 926 3569 sermonis
963 3515 1368 3585 dispensatione
1399 3519 1697 3586 posuimus,
1720 3521 1864 3589 quod
1900 3531 2022 3575 tan-

451 3615 613 3671 quam
642 3603 695 3657 in
725 3606 873 3673 regia
905 3609 1138 3682 quadam
1163 3609 1341 3674 domo,
1372 3624 1496 3678 quae
1535 3609 1926 3679 multiplicibus
1949 3615 2022 3668 sit

455 3693 789 3764 ingressibus
821 3700 1231 3769 egressibusque
1265 3701 1541 3769 distincta,
1570 3717 1636 3756 ex
1661 3719 1768 3757 uno
1796 3705 1848 3758 in
1876 3705 2021 3760 aliud

453 3786 712 3842 conclave
739 3789 812 3842 ita
852 3800 1179 3855 transeatur,
1204 3803 1262 3846 ιιι
1293 3794 1382 3846 vix
1424 3794 1778 3863 ingredientis
1799 3796 2018 3862 indicia,

455 3885 550 3932 aut
579 3879 908 3949 egredientis
930 3892 1224 3950 appareant
1251 3901 1265 3935 :
1302 3883 1374 3938 ita
1402 3886 1562 3939 etiam
1589 3884 1788 3940 Paulus
1813 3888 2023 3942 divino-

454 3985 576 4025 rum
631 3982 837 4026 secreta
884 3973 1156 4041 paululum
1200 3974 1418 4044 quidem
1454 3975 1805 4046 subaperiens
1832 3978 2022 4032 videa-

457 4072 571 4128 tur,
599 4078 704 4118 non
755 4073 934 4120 tamen
977 4065 1132 4134 plane
1163 4077 1452 4136 aperteque
1490 4070 1728 4136 pandens
1762 4068 1894 4139 (75).
1927 4069 2022 4123 De-

454 4153 620 4222 nique
638 4169 760 4209 cum
793 4170 892 4226 pro
915 4155 998 4210 his
1032 4171 1152 4226 quae
1181 4158 1429 4226 superius
1456 4159 1667 4213 dixerat
1690 4159 1758 4213 de
1786 4161 1938 4218 Isaac
1972 4174 2028 4219 et

452 4240 645 4308 Jacob,
672 4246 812 4314 quod
842 4261 939 4315 per
959 4247 1275 4302 electionem
1303 4258 1357 4302 et
1391 4264 1458 4302 ex
1487 4251 1764 4319 proposito
1789 4253 1901 4318 Dei,
1930 4270 2026 4308 an-

2118 3066 2217 3120 bor
2241 3065 2305 3123 ¹⁸.
2346 3084 2365 3117 ι
2400 3065 2552 3132 Quod
2586 3065 2631 3120 si
2657 3075 2760 3129 est,
2790 3065 2985 3134 inquit,
3019 3079 3124 3118 non
3160 3079 3289 3134 ergo
3327 3065 3562 3120 volentis
3589 3081 3688 3121 ne-

2119 3171 2223 3225 que
2248 3157 2512 3210 currentis
2537 3165 2621 3212 est
2645 3155 2810 3218 salus,
2829 3156 2922 3209 sed
2949 3155 3064 3223 ejus
3092 3156 3180 3210 cui
3209 3156 3498 3210 miseretur
3525 3156 3690 3214 Deus.

2119 3247 2250 3302 Nam
2283 3259 2339 3303 et
2385 3247 2651 3301 Pharaoni
2695 3246 2832 3316 (80),
2871 3247 3069 3316 inquit,
3110 3246 3335 3313 dicitur,
3373 3265 3392 3296 ι
3441 3249 3569 3316 quia
3618 3251 3689 3302 ad

2120 3340 2221 3394 hoc
2253 3340 2426 3409 ipsum
2455 3349 2508 3393 te
2531 3337 2808 3399 suscitavi,
2833 3347 2892 3390 ιιι
2931 3337 3210 3392 ostendam
3244 3337 3298 3390 in
3330 3347 3381 3392 te
3429 3339 3690 3393 virtutem

2121 3447 2315 3494 nteatn,
2343 3439 2398 3483 et
2426 3437 2485 3483 ut
2520 3427 2872 3483 annuntietur
2899 3443 3092 3481 nomen
3136 3443 3311 3481 meum
3350 3427 3403 3481 in
3435 3430 3693 3484 universa

2123 3533 2267 3577 terra
2297 3522 2384 3585 ¹⁵;
2423 3539 2442 3573 ι
2478 3530 2535 3573 ut
2567 3536 2630 3575 ex
2669 3521 2770 3575 hoc
2820 3519 3064 3573 videatur
3085 3520 3322 3582 ostendi,
3360 3521 3484 3587 quia
3529 3523 3577 3575 si
3624 3523 3692 3574 ad

2123 3611 2227 3664 hoc
2251 3610 2458 3664 electus
2491 3621 2571 3665 est
2594 3609 2825 3676 Pharao,
2861 3619 2920 3661 ιιι
2941 3624 3037 3678 per
3055 3624 3174 3663 eum
3201 3611 3371 3664 virtus
3399 3610 3490 3664 Dei
3521 3612 3695 3666 homi-

2123 3701 2279 3754 nibus
2302 3702 2624 3764 declaretur,
2651 3717 2756 3755 non
2783 3701 2881 3755 fuit
2900 3702 2956 3754 in
2982 3716 3077 3754 sua
3101 3709 3369 3770 potestate
3394 3704 3537 3772 quod
3570 3717 3695 3771 per-

2126 3793 2208 3846 iit.
2255 3793 2316 3848 Et
2366 3794 2517 3848 addit
2543 3793 2652 3863 (81)
2682 3801 2802 3863 post
2843 3793 3024 3847 omnia
3060 3809 3073 3846 :
3113 3811 3131 3844 ι
3175 3793 3314 3864 Ergo
3341 3795 3425 3848 cui
3459 3795 3572 3846 vult
3598 3794 3696 3849 mi-

2123 3897 2356 3953 seretur,
2405 3895 2457 3941 et
2495 3902 2655 3956 quem
2700 3886 2813 3941 vult
2863 3886 3101 3943 indurat.
3134 3904 3155 3939 ι
3193 3885 3306 3941 Hoc
3343 3897 3448 3951 est,
3494 3887 3691 3956 inquit,

2124 3979 2265 4050 quod
2283 3994 2559 4036 asseveras
2577 3990 2631 4033 tu
2662 3978 2753 4048 qui
2799 3976 3150 4042 contradicis,
3199 3979 3324 4048 quia
3372 3979 3489 4033 sine
3528 3993 3694 4034 causa

2125 4073 2474 4139 conqueritur
2501 4080 2556 4125 et
2597 4072 2786 4138 arguit
2817 4074 3063 4127 homines
3109 4072 3270 4125 Deus.
3309 4070 3367 4125 Si
3401 4072 3543 4124 enim
3582 4072 3697 4138 ipse

2127 4177 2286 4230 quem
2330 4162 2631 4232 vulteligit,
2663 4173 2715 4217 et
2746 4179 2907 4232 quem
2937 4163 3049 4218 vult
3092 4163 3299 4230 abjicit,
3331 4161 3598 4216 voluntati
3641 4162 3700 4215 il-

2131 4252 2234 4308 lius
2261 4255 2384 4322 quis
2429 4255 2635 4309 resistit
2660 4253 2772 4326 (82)
2813 4269 2911 4324 per
2941 4272 3101 4326 quem
3137 4257 3320 4312 omnia
3355 4255 3378 4308 ’ἒ
3413 4255 3546 4309 Illud
3576 4256 3696 4309 sine

460 4349 674 4408 tequam
698 4339 898 4407 aliquid
927 4339 1109 4406 operis
1139 4339 1267 4393 boni
1306 4339 1501 4392 malive
1534 4340 1852 4407 gessissent,
1887 4342 2026 4398 Deus
2058 4344 2100 4399 D
2131 4343 2294 4398 dubio
2339 4348 2694 4401 contradictio
2750 4350 2853 4402 ista
2903 4348 3141 4414 molitur,
3183 4349 3326 4418 quod
3377 4347 3428 4401 in
3477 4346 3697 4401 homine

459 4429 658 4484 dixerit
683 4429 792 4499 (76)
823 4429 908 4484 vel
955 4431 1022 4484 de
1063 4430 1190 4485 illo:
1221 4449 1240 4481 ι
1283 4431 1363 4484 Ad
1407 4432 1508 4486 hoc
1552 4442 1762 4502 tempus
1789 4434 2026 4501 veniam,

2141 4449 2247 4490 non
2269 4437 2340 4491 sit
2379 4437 2598 4492 libertas
2632 4439 2884 4506 arbitrii,
2922 4457 3019 4496 nec
3077 4441 3279 4495 habeat
3324 4439 3697 4507 unusquisque

530 4569 574 4601 "
605 4568 905 4642 Rom._v_ttt_,
922 4567 1013 4642 29,
1046 4568 1156 4642 ἔξοᾷ
1215 4567 1432 4621 “Rom.
1469 4585 1540 4632 Ix,
1570 4570 1649 4642 Mi?
1669 4585 1783 4639 seq.
1855 4567 2019 4642 ""fj

2121 4583 2195 4622 es.
2232 4585 2385 4634 xvrtt,
2420 4569 2514 4635 10;
2557 4570 2783 4625 Malach.
2815 4589 2852 4639 ι,
2893 4571 2949 4625 2.
3027 4573 3070 4604 ¹⁴
3114 4576 3285 4631 Exod.
3338 4592 3535 4642 χχχιιι,
3583 4577 3693 4642 19ς

457 4637 615 4694 Rom.
651 4654 726 4703 ιι,
767 4639 966 4704 15,16.
1043 4640 1085 4670 ³⁵
1117 4639 1286 4694 Exod.
1347 4655 1420 4705 ιχ,
1470 4644 1577 4705 to;
1621 4637 1778 4695 lloni.
1825 4656 1901 4704 ix,
1950 4639 2036 4691 Π.

529 4787 644 4858 (70)
677 4787 751 4841 lta
790 4786 1042 4858 Rabanns
1079 4785 1181 4858 hic
1208 4793 1261 4838 et
1287 4784 1598 4858 infra._.\lss.
1632 4801 1759 4837 vero
1788 4783 2030 4858 pleriqtte

455 4869 513 4914 et
541 4853 700 4919 editi,
734 4875 753 4907 ι
804 4859 858 4910 in
909 4857 1046 4911 lilios
1092 4855 1206 4909 Dei.
1247 4875 1264 4906 ι
1304 4855 1401 4907 Ms.
1451 4854 1648 4924 Regius
1691 4872 1837 4907 num.
1871 4853 2026 4916 1659,

460 4944 483 4982 ι
515 4928 568 4982 in
601 4927 712 4981 lilio
760 4928 872 4981 Dei.
907 4945 926 4978 ι

529 4996 644 5067 (71)
685 4997 846 5061 Editi,
886 5015 906 5048 ι
952 4996 1019 5049 ad
1048 5011 1109 5050 ea
1157 5009 1275 5063 qua:
1311 4993 1363 5046 in
1409 5010 1572 5048 carne
1611 4994 1765 5063 positi
1800 4991 2029 5061 quaesie-

488 5078 603 5121 altt.
641 5086 662 5120 ι

529 5135 641 5206 (72)
684 5135 848 5202 Editi,
881 5155 900 5187 c
949 5135 1518 5204 dispensationem.....
1544 5149 1610 5188 ne
1658 5134 1849 5188 iterato
1873 5129 2028 5185 fasti-

459 5207 628 5269 dium,
669 5227 688 5259 ι
720 5216 823 5259 etc.

531 5278 646 5346 (7'5)
689 5277 911 5346 Editi,},
947 5283 1004 5327 ut
1050 5277 1330 5328 ostendam
1363 5275 1416 5328 in
1458 5282 1508 5326 te
1553 5274 1827 5346 virtutem,
1856 5275 1910 5324 et
1942 5284 2033 5324 an-

460 5342 765 5402 nuntietur.
800 5365 819 5397 ι
863 5345 992 5398 Mss.
1026 5346 1266 5412 quidam,
1300 5361 1320 5393 ι
1355 5342 1690 5405 annuntiem,
1728 5361 1746 5394 ι
1779 5352 1884 5395 etc.

534 5417 647 5486 (74)
690 5417 852 5486 Editi,
890 5433 909 5486 ι
972 5409 1160 5468 Dicitis
1205 5417 1386 5486 itaque
1437 5414 1564 5486 mihi
1615 5412 1818 5486 :_Qnid
1855 5409 2029 5464 adhuc

461 5482 722 5555 quaeritur
755 5487 778 5538 ?
811 5485 1084 5539 Voluntati
1108 5486 1252 5538 enim
1276 5485 1392 5552 ejus
1418 5484 1541 5555 quis
1570 5482 1822 5555 resistet?
1853 5498 1872 5555 tv

533 5557 645 5625 ('75)
680 5555 842 5618 Editi,
875 5577 891 5604 ι
932 5566 989 5608 ut
1031 5564 1283 5622 tauquam
1308 5551 1459 5622 regia
1508 5551 1789 5619 cujusdam
1834 5551 2024 5625 domus

463 5622 582 5689 quae
607 5622 992 5692 multiplicibus
1017 5625 1442 5692 ingressibus....
1469 5636 1522 5677 et
1555 5639 1617 5676 cx
1656 5639 1760 5677 uno
1793 5625 1842 5674 in
1879 5622 2020 5675 aliud

2135 4781 2410 4844 conclave,
2440 4782 2508 4836 ita
2543 4792 2800 4837 transeat.
2841 4801 2859 4833 ι
2899 4783 3100 4838 Deinde
3133 4783 3292 4838 iidem
3319 4785 3451 4839 editi
3483 4795 3536 4838 et
3563 4801 3694 4844 mss,

2135 4851 2372 4918 quidam,
2393 4871 2412 4903 ‹
2433 4851 2507 4905 ita
2533 4853 2694 4924 etiam
2720 4851 2942 4906 Paulutu
2973 4855 3405 4924 subaperientem
3434 4858 3696 4912 videri....

2135 4931 2430 4990 aperteque
2459 4921 2796 4987 pandentem.
2834 4940 2854 4973 ›

2205 4989 2318 5128 ἱἹϐ)
2348 4989 2521 5055 Editi,
2565 5009 2583 5041 ι
2615 4991 2844 5046 dixerat.
2885 5009 2904 5043 ι

2229 5060 2317 5128 77)
2358 5060 2844 5128 Respondisselque,
2877 5062 2904 5112 Α

2229 5060 2317 5131 77)
2358 5060 2844 5130 Respondisselque,
2877 5060 3041 5114 Absit.
3076 5059 3198 5116 Haac
3231 5062 3610 5117 desiderantur
3645 5066 3695 5118 in

2135 5139 2293 5204 antea
2323 5131 2500 5204 editis,
2527 5141 2578 5183 et
2606 5132 2656 5183 in
2687 5148 2787 5204 ms.
2830 5132 2997 5202 Regio
3028 5147 3173 5186 num.
3207 5131 3364 5198 1659,
3394 5148 3484 5204 qui
3513 5151 3696 5203 postea

2140 5199 2321 5261 habet,
2363 5218 2381 5249 ι
2428 5201 2471 5253 si
2511 5216 2614 5253 non
2645 5202 2893 5260 volentis.
2916 5199 2956 5252 ἰ
2991 5212 3096 5256 etc.

2208 5269 2318 5338 (78)
2351 5270 2513 5332 Editi,
2549 5287 2568 5320 ι
2602 5272 2992 5332 misericordia.
3035 5291 3053 5323 ›
3082 5281 3137 5326 et
3171 5291 3190 5324 ι
3224 5272 3629 5329 misericordiae.
3671 5295 3692 5328 ι

2205 5340 2316 5404 (79)
2355 5339 2513 5402 Editi,
2552 5359 2570 5390 ‹
2614 5343 2892 5408 qumritur,
2920 5361 2936 5390 ι
2975 5343 3130 5394 male.

2203 5409 2314 5478 (80)
2357 5409 2516 5484 Editi,
2556 5431 2571 5460 ι
2615 5427 2785 5484 neque
2820 5414 3087 5484 currentis
3120 5414 3293 5480 salus,
3337 5415 3430 5469 sed
3462 5415 3579 5484 ejus
3608 5417 3695 5469 cui

2132 5480 2436 5532 miseretur.
2474 5481 2605 5534 Nam
2632 5481 2921 5544 Pharaoni,
2954 5501 2972 5531 ι
3005 5492 3111 5537 etc.

2200 5548 2312 5619 (81)
2355 5548 2516 5612 Editi,
2553 5570 2572 5601 ι
2617 5553 2666 5604 in
2695 5552 2809 5619 ejus
2839 5562 3194 5618 potestate....
3231 5555 3296 5609 Et
3326 5555 3549 5610 addidit.
3588 5571 3609 5606 ι

2199 5618 2310 5688 (82)
2353 5619 2511 5688 Editi,
2550 5642 2565 5672 ι
2605 5618 2835 5676 resiStct.
2872 5643 2890 5674 ›
