4146 6418
424 299 565 356 1145

1343 297 1706 355 COMMENT.
1745 296 1813 352 IN
1854 295 2075 353 EPIST.
2117 295 2209 348 AD
2247 294 2417 351 ROM.
2461 296 2590 350 LIB.
2626 296 2739 353 VII.

3547 298 3686 353 1146

424 419 480 475 in
527 434 626 476 sua
666 427 936 490 potestate
977 427 1038 474 ut
1067 428 1162 475 aut
1203 418 1443 475 salvetur
1481 417 1618 490 (85),
1659 428 1753 474 aut
1791 427 2002 488 pereat.
2034 421 2083 480 Α
2110 418 2426 485 sagacitate,
2476 417 2931 486 contemplabitur
2977 431 3210 487 quorum
3239 432 3305 472 ex
3360 410 3446 468 his
3471 418 3687 472 animus

424 509 499 563 De
527 510 724 579 quibus
765 511 976 578 plenius
1007 510 1226 580 quidem
1257 527 1288 565 a
1327 512 1483 566 nobis
1511 511 1566 565 in
1594 526 1660 566 eo
1701 511 1884 566 libello
1910 510 2000 566 ubi

423 600 491 654 de
519 600 729 654 arbitrii
761 601 1009 656 libertate
1035 601 1412 666 disseruimus,
1432 615 1529 670 pro
1558 601 1764 657 viribus
1788 600 2003 670 singula

421 706 651 761 quaeque
694 692 936 746 discussa
977 703 1103 747 sunt
1134 692 1279 764 (84),
1310 708 1428 763 quae
1470 696 1538 749 ad
1586 695 1998 750 instructionem

422 781 558 835 satis
592 773 863 851 superque
889 780 1181 836 sufficiant.
1209 783 1404 838 Paucis
1449 791 1628 838 tamen
1659 784 1823 839 etiam
1855 799 2001 839 nunc

421 873 488 927 de
520 873 606 929 bis
630 888 750 942 qua:
779 873 850 928 ibi
883 875 1025 928 dicta
1069 884 1214 940 sunt,
1257 875 1688 932 admonebimus.
1721 875 1878 942 Quod
1916 875 2000 929 di-

420 962 519 1028 xit,
559 981 579 1014 ι
626 960 741 1018 Νοιι
777 962 1042 1028 volentis,
1072 977 1248 1032 neque
1279 965 1572 1030 currentis,
1601 965 1697 1020 sed
1736 966 1996 1021 miseren-

419 1055 492 1109 tis
522 1063 605 1110 est
635 1055 752 1118 Dei,
783 1073 803 1108 ι
857 1055 930 1108 ita
965 1056 1264 1124 accipitur,
1303 1057 1442 1111 sicut
1465 1066 1520 1111 et
1564 1059 1732 1112 David
1782 1060 1915 1114 dicit
1941 1060 1995 1115 in

417 1146 634 1203 Psalmo
667 1148 710 1178 ³⁸
741 1165 755 1202 :
790 1165 812 1200 ι
852 1146 974 1202 Nisi
1006 1147 1264 1201 Dominus
1295 1149 1647 1204 aedificaverit
1675 1152 1915 1216 domum,
1941 1153 1994 1206 in

417 1254 613 1294 vanum
651 1238 1034 1292 laboraverunt
1058 1239 1150 1309 qui
1180 1239 1450 1294 aedificant
1483 1256 1626 1295 eam.
1667 1241 1779 1297 Nisi
1812 1243 1994 1297 Domi-

417 1347 518 1386 nus
546 1333 866 1387 custodierit
900 1333 1201 1396 civitatem,
1245 1333 1447 1388 frustra
1477 1336 1660 1404 vigilat
1689 1339 1780 1406 qui
1811 1347 1995 1394 custo-

415 1423 494 1477 dit
519 1438 661 1478 eam.
699 1442 719 1474 ι
750 1424 805 1477 ln
842 1439 950 1494 quo
981 1425 1224 1479 ostendit
1267 1443 1368 1481 non
1407 1427 1533 1496 quia
1575 1430 1620 1483 is
1655 1430 1746 1498 qui
1773 1430 1992 1484 domum

413 1515 662 1580 aedificat,
696 1517 828 1569 nihil
857 1525 1000 1587 agat,
1030 1525 1084 1571 et
1125 1518 1332 1572 otiosus
1375 1519 1465 1586 sit,
1491 1530 1546 1575 et
1572 1521 1643 1574 ita
1673 1535 1792 1574 eam
1826 1520 1994 1575 :edifi-

410 1616 501 1660 cet
533 1607 828 1671 Dominus;
869 1607 964 1662 sed
997 1607 1110 1676 ipse
1149 1607 1367 1678 quidem
1402 1617 1665 1678 quantum
1698 1620 1781 1664 est
1811 1610 1864 1664 in
1900 1613 1994 1666 ho-

413 1700 556 1753 mine
587 1699 967 1754 sollicitndinis
1007 1710 1062 1752 et
1104 1701 1304 1755 laboris
1333 1703 1636 1771 expendat;
1673 1703 1764 1757 Dei
1809 1714 1987 1758 autem

2104 517 2265 577 aptus
2295 508 2366 562 sit
2398 508 2464 561 ad
2501 524 2594 562 rus
2615 508 2929 574 colendum,
2957 524 3011 562 et
3033 509 3182 577 ipsos
3213 509 3325 562 ruri
3358 510 3637 578 deputabit
3662 510 3688 562 2

2101 602 2255 666 cujus
2282 614 2413 654 vero
2441 601 2507 652 ad
2535 601 2947 668 negotiandum,
2969 601 3122 670 cujus
3148 601 3312 655 etiam
3343 601 3411 653 ad
3439 601 3686 654 nutrien-

2101 691 2227 744 dum
2258 705 2422 760 pecus
2461 691 2594 759 (89).
2634 691 2790 756 cujus
2819 706 2947 744 vero
2989 692 3057 743 ad
3091 691 3484 755 ministerium,
3511 701 3564 744 et
3586 692 3684 744 ob—

2101 781 2352 835 servandi
2381 780 2543 852 615
2569 781 2799 834 cubiculi
2825 782 2908 834 sui
2934 792 3114 848 aptum
3137 781 3514 850 prohabit(90)
3541 783 3686 851 inge-

2100 872 2246 926 nium
2268 912 2284 938 ,
2317 881 2372 924 et
2409 873 2481 924 ita
2514 887 2952 940 unumquemque
2983 873 3417 939 competentibus
3455 871 3680 941 ofﬁciis,

2099 972 2287 1034 utpote
2332 963 2586 1033 sapiens,
2634 963 3004 1032 maneipabit?
3033 961 3226 1017 Verum
3276 965 3531 1032 quoniam
3573 981 3679 1020 non

2097 1057 2227 1112 latet
2261 1072 2407 1120 eum,
2435 1056 2550 1112 sive
2586 1054 3004 1126 paterfamilias,
3025 1056 3140 1110 sive
3167 1071 3264 1109 rex
3293 1057 3394 1110 iste
3422 1058 3512 1120 sit,
3535 1061 3678 1126 quod

2097 1159 2319 1200 necesse
2355 1153 2439 1200 est
2479 1146 2749 1200 interdum
2794 1145 3060 1200 rebellare
3099 1145 3393 1214 subjectos,
3425 1159 3477 1200 et
3508 1149 3676 1202 disci-

2095 1237 2256 1306 plinae
2294 1236 2414 1304 jura
2463 1252 2846 1305 corrumpere,
2896 1247 2948 1290 et
2977 1237 3046 1291 ob
3097 1239 3199 1292 hoc
3238 1240 3581 1308 correptione
3611 1256 3682 1294 ac

2094 1327 2415 1382 verberibus
2460 1327 2739 1396 indigere,
2769 1341 2990 1380 necesse
3022 1336 3105 1382 est
3139 1342 3268 1394 ergo
3301 1339 3360 1382 ut
3403 1330 3566 1398 eligat
3607 1347 3677 1385 ex

2093 1418 2344 1471 omnibus
2381 1427 2504 1485 apta
2541 1426 2598 1470 et
2629 1418 2697 1470 ad
2748 1419 2851 1470 hoc
2902 1417 3152 1486 ingenia,
3185 1418 3232 1472 si
3278 1435 3382 1489 qua
3426 1420 3515 1473 illa
3550 1431 3680 1475 sunt

2095 1508 2334 1562 atrocius
2367 1507 2621 1574 incitata,
2659 1524 2779 1577 qua:
2822 1510 2935 1564 suis
2971 1510 3188 1578 quidem
3227 1512 3462 1565 motibus
3499 1511 3680 1566 feran—

2097 1614 2200 1662 tur,
2217 1600 2646 1656 emendationem
2668 1611 2845 1653 tamen
2866 1601 3683 1669 delinquentibusnecessariam

2093 1695 2395 1748 conferant.
2433 1691 2705 1745 Ponamus
2738 1707 2872 1760 ergo
2897 1693 2980 1745 vel
3010 1692 3463 1760 patremfamilias
3492 1695 3675 1755 istum,

409 1789 501 1854 sit,
549 1799 608 1844 ut
651 1791 950 1845 obstaculis
979 1791 1230 1846 onmibus
1272 1794 1488 1855 amotis,
1522 1808 1659 1862 opus
1704 1796 1991 1863 perveniat
2021 1763 2063 1817 Β
2094 1783 2176 1834 νει
2205 1797 2384 1850 regem
2418 1783 2620 1836 Vidisse
2663 1791 2906 1850 ιθηψυει
2941 1797 3049 1850 quo
3085 1784 3364 1836 emendari
3395 1785 3588 1838 delle"!
3618 1781 3674 1838 hi

411 1882 479 1934 ad
513 1880 766 1934 etl'ectum
798 1880 934 1948 (85).
966 1881 1101 1935 Cum
1141 1896 1270 1951 ergo
1298 1897 1393 1950 per
1423 1883 1523 1936 hoc
1559 1883 1815 1937 doceatur
1842 1885 1990 1954 quod

412 1973 573 2028 homo
602 1973 819 2042 quidem
868 1971 1106 2027 laborem
1143 1973 1420 2042 impendat
1459 1982 1516 2028 et
1543 1974 1984 2044 sollicitudinem,

409 2061 553 2116 Deus
579 2073 762 2118 autem
798 2078 1107 2118 successum
1160 2065 1309 2132 Operi
1367 2065 1571 2120 tribuat
1615 2074 1670 2119 et
1709 2065 1985 2133 effectum,

407 2154 554 2224 pium
594 2157 779 2224 utique
805 2163 860 2208 et
884 2154 1195 2224 religiosum
1238 2164 1324 2209 est
1369 2155 1490 2209 ideo
1523 2164 1576 2210 et
1609 2157 1814 2212 homini
1842 2158 1986 2226 quod

407 2246 460 2298 in
495 2259 554 2299 se
578 2254 664 2300 est
684 2246 887 2315 operis,
914 2261 1182 2300 summam
1234 2247 1342 2300 Deo
1379 2246 1550 2315 magis
1581 2261 1746 2316 quam
1779 2248 1984 2304 homini

405 2338 670 2404 deputare
723 2336 858 2408 (86).
904 2336 995 2392 Sic
1051 2346 1105 2392 et
1155 2353 1277 2392 cum
1335 2337 1535 2392 Paulus
1587 2339 1884 2409 plantabat,
1932 2351 1988 2396 et

400 2425 592 2496 Apollo
615 2427 843 2496 rigabat,
871 2428 1007 2484 Deus
1028 2427 1158 2483 dare
1175 2430 1374 2485 dicitur
1399 2431 1791 2486 incrementum
1815 2432 1855 2463 ί⁷
1886 2449 1900 2484 :
1929 2443 1985 2489 et

401 2517 616 2572 additur
645 2535 658 2572 :
706 2537 724 2569 ι
761 2517 950 2589 Itaque
979 2534 1154 2588 neque
1184 2521 1275 2588 qui
1311 2520 1544 2590 plantat,
1578 2535 1751 2589 neque
1775 2522 1867 2590 qui
1904 2523 1981 2577 ri-

397 2615 490 2674 gat
518 2605 847 2676 estaliquid,
874 2607 968 2662 sed
1007 2607 1096 2675 qui
1123 2607 1520 2661 incrementum
1551 2607 1643 2660 dat
1677 2607 1816 2662 Deus
1851 2609 1914 2664 ¹⁸.
1956 2627 1976 2661 ι

398 2695 475 2749 Ita
507 2711 639 2766 ergo
668 2698 832 2751 etiam
877 2699 929 2750 in
965 2699 1216 2764 prmsenti
1264 2698 1385 2752 loco
1427 2714 1714 2769 possumus
1759 2700 1977 2766 dicere;

401 2787 583 2856 itaque
609 2801 784 2857 neque
811 2789 902 2858 qui
929 2791 1103 2844 currit
1131 2799 1216 2844 est
1243 2790 1468 2859 aliquid,
1498 2806 1673 2860 neque
1699 2793 1789 2861 qui
1826 2791 1937 2846 vult
1962 2810 1977 2858 ;

397 2879 492 2932 sed
530 2881 622 2947 qui
669 2879 921 2934 cllectunt
975 2884 1068 2936 dat
1116 2881 1275 2936 Deus.
1333 2882 1435 2948 Qui
1477 2883 1621 2936 enim
1659 2883 1790 2948 vult,
1810 2894 1860 2938 et
1885 2885 1977 2954 qui

394 2972 602 3036 currit,
649 2973 751 3026 hoc
780 2973 1030 3027 videntur
1060 2989 1184 3029 esse
1213 2975 1356 3043 quod
1386 2984 1468 3029 est
1499 2975 1589 3031 ille
1620 2977 1711 3045 qui
1745 2977 1975 3045 plantat,

392 3071 449 3116 et
481 3061 570 3116 ille
607 3063 698 3131 qui
746 3065 922 3133 rigat;
957 3066 1051 3119 sed
1091 3080 1212 3120 eum
1251 3065 1343 3134 qui
1392 3065 1600 3134 plantat
1638 3067 1746 3137 (87)
1778 3077 1832 3122 et
1852 3084 1974 3122 eum
2003 3103 2045 3159 ρ

391 3155 486 3223 qui
515 3154 654 3224 rigat
689 3155 822 3209 nihil
853 3157 982 3210 dicit
1005 3171 1124 3211 esse
1149 3157 1440 3225 Apostolus
1470 3174 1483 3209 :
1519 3174 1625 3213 non
1654 3160 1800 3228 quod
1841 3160 1974 3214 nihil

391 3252 594 3312 agant;
627 3245 720 3299 sed
745 3247 887 3314 quod
931 3247 997 3300 ad
1041 3247 1498 3316 comparationem
1534 3248 1625 3302 Dei
1671 3249 1766 3318 qui
1801 3249 1976 3304 incre-

393 3347 634 3391 mentum
665 3337 757 3392 dat
786 3339 958 3408 operi,
999 3339 1084 3394 vel
1131 3336 1405 3404 effectum,
1441 3339 1516 3394 illi
1560 3340 1693 3394 nihil
1738 3355 1860 3396 esse
1890 3343 1974 3397 di-

392 3438 607 3483 cantur.
655 3429 764 3484 Sed
817 3439 873 3485 et
907 3430 1008 3484 huc
1055 3433 1199 3499 quod
1247 3431 1446 3485 dicitur
1478 3432 1545 3486 ad
1599 3430 1971 3498 Pharaonem,

395 3538 416 3572 ι
447 3520 583 3586 Quia
613 3520 679 3574 ad
709 3521 810 3575 hoc
846 3521 1021 3591 ipsum
1057 3531 1109 3576 te
1153 3522 1436 3587 suscitavi,
1475 3531 1534 3576 ut
1586 3522 1868 3577 ostendam
1917 3524 1970 3578 in

392 3620 444 3664 te
473 3612 727 3665 virtutem
766 3627 940 3667 meam
965 3612 1030 3676 ¹⁹,
1073 3633 1093 3665 ι
1128 3614 1289 3682 quale
1321 3615 1393 3666 sit
1415 3613 1718 3669 videamus.
1747 3614 1968 3670 Certum

389 3710 472 3754 est
505 3702 670 3755 Deum
701 3718 806 3756 non
839 3703 1013 3756 solum
1057 3706 1198 3758 scire
1237 3704 1667 3775 uniuscujusque
1715 3707 1966 3774 proposi-

392 3803 503 3847 tum
528 3809 591 3847 ac
619 3793 975 3858 voluntatem,
1005 3795 1099 3849 sed
1125 3804 1179 3850 et
1217 3796 1494 3866 praescire.
1545 3794 1739 3851 Sciens
1785 3805 1966 3850 autem

389 3895 443 3939 et
504 3901 886 3954 pnenoscens,
952 3897 1205 3956 tanquam
1272 3888 1448 3942 bonus
1510 3889 1854 3957 dispensator
1913 3899 1968 3943 et

384 3973 589 4040 justus,
638 3975 1070 4046 uniuscujusque
1113 3978 1349 4031 motibus
1382 3989 1438 4032 et
1474 3977 1753 4048 proposito
1799 3981 1969 4032 utitur

388 4066 454 4118 ad
494 4081 557 4120 ea
589 4081 752 4134 opera
779 4067 1063 4121 efﬁcienda
1098 4067 1210 4137 (88)
1241 4083 1360 4137 qua:
1386 4070 1813 4138 uniuscujusque
1849 4073 1967 4125 ani-

387 4171 506 4210 mus
535 4171 599 4210 ac
639 4157 891 4212 voluntas
926 4159 1100 4228 eligit.
1141 4157 1296 4213 Velut
1317 4160 1386 4225 si,
1419 4162 1568 4216 verbi
1598 4177 1786 4227 causa,
1817 4162 1967 4218 dica-

385 4261 507 4302 mus
535 4264 550 4302 :
583 4247 981 4307 Paterfamilias
1006 4253 1049 4308 si
1073 4256 1197 4324 quis
1231 4254 1304 4310 sit
1334 4253 1579 4323 sapiens,
1601 4261 1656 4308 et
1687 4253 1890 4322 justus,
1913 4261 1969 4306 et

383 4341 590 4398 habens
629 4346 796 4402 multa
839 4347 1100 4412 servitia,
1136 4362 1344 4413 nonne,
1379 4360 1584 4418 quanta
1627 4347 1744 4401 lieri
1790 4355 1972 4416 potest

448 4509 491 4542 "
519 4509 660 4564 Psal.
685 4524 870 4574 cxxvr,
893 4508 943 4561 1.
1017 4508 1056 4538 ¹⁷
1094 4506 1111 4560 l
1144 4506 1266 4562 Cor.
1300 4524 1380 4572 ιιι,
1425 4507 1477 4562 6.
1555 4507 1597 4537 ’⁸
1630 4507 1757 4560 ibid.
1789 4507 1842 4562 7.

451 4669 562 4739 (85)
601 4670 768 4730 Alias.
803 4689 822 4722 ι
855 4686 954 4725 nec
988 4671 1186 4724 habeat
1212 4629 1587 4740 unusquisque
1613 4672 1696 4724 sui
1723 4681 1962 4741 potesta-
1992 4674 2038 4731 D

382 4747 489 4794 tem
532 4750 591 4792 ut
629 4741 886 4802 salvetur.
922 4759 940 4791 ι
971 4751 1076 4794 etc.

452 4809 563 4880 (84)
607 4809 739 4880 Yide
767 4808 859 4863 lib.
894 4826 952 4864 ιιι
983 4811 1123 4879 Περὶ
1155 4809 1378 4880 ἀρχῶν,
1404 4825 1526 4880 cap.
1555 4811 1607 4865 1.

473 4879 564 4960 85)
605 4879 772 4960 Epdi-ti,
803 4897 821 4929 ι
856 4879 1319 4960 quantum_eStin_
1342 4879 1581 4960 homine,
1616 4882 1724 4960 vim
1760 4882 1966 4960 sollici-

381 4947 585 5030 tudinis
606 4958 667 5030 eﬁt.
705 4947 1242 5030 laboris_expe_udat;
1275 4952 1418 5008 sicut
1452 4953 1750 5009 obstaculis
1777 4956 1962 5008 onmi-

378 5021 480 5077 bus
503 5020 816 5074 amotis.....
861 5019 927 5073 ad
957 5020 1278 5088 perfectum.
1318 5041 1337 5072 ι

449 5089 562 5160 (86)
603 5089 768 5160 Editi,
794 5107 813 5141 ι
849 5090 995 5158 pium
1024 5099 1078 5142 et
1126 5090 1438 5160 religiosum
1471 5101 1578 5157 est,
1613 5093 1735 5147 ideo
1769 5102 1822 5147 et
1864 5093 1962 5148 bo-

377 5158 507 5214 num
539 5158 686 5224 quod
719 5158 772 5212 in
798 5174 858 5214 se
893 5169 977 5212 est
1001 5159 1185 5224 operis
1209 5175 1512 5215 summa....
1551 5173 1762 5230 putare.
1800 5183 1819 5215 ι
1859 5162 1960 5217 Ms.

379 5243 522 5284 unus
543 5227 766 5286 Regius.
804 5246 824 5280 ι
875 5230 1021 5286 nium
1055 5230 1242 5286 utique
1271 5242 1325 5284 et
1355 5233 1662 5286 religiosum
1695 5245 1777 5286 est
1805 5236 1871 5286 de
1895 5249 1960 5286 eo

379 5243 522 5284 unus
545 5242 766 5299 tiegtus,
804 5246 824 5280 ι
874 5244 1021 5297 ptum
1055 5242 1242 5297 utique
1271 5242 1325 5284 et
1355 5242 1662 5302 religiosum
1695 5245 1777 5288 est
1805 5242 1871 5288 de
1895 5249 1962 5288 eo

373 5309 429 5354 et
461 5299 682 5379 homine
718 5301 859 5379 quod
905 5299 958 5352 in
1009 5314 1068 5379 se
1098 5303 1277 5379 agitur
1305 5315 1490 5379 Opere,
1538 5318 1808 5379 summam
1853 5305 1962 5379 Deo

377 5369 570 5438 magis,
610 5385 628 5419 ι
666 5367 774 5422 etc.
811 5368 912 5422 Ms.
944 5369 1113 5422 codex
1147 5367 1534 5438 Vallis-Clarae,
1564 5390 1582 5421 ι
1627 5375 1736 5426 Deo
1775 5384 1828 5426 et
1864 5374 1961 5427 bo-

379 5437 508 5510 mini
543 5439 767 5507 quodin
797 5453 856 5492 se
881 5451 965 5493 est
990 5439 1173 5510 operis
1202 5437 1566 5496 summam...
1609 5442 1898 5510 imputare.
1936 5463 1955 5496 ι

377 5503 482 5560 Sed
512 5503 694 5561 caeteri
735 5522 866 5561 mss.
912 5517 966 5562 et
1009 5503 1266 5564 Rabanus
1299 5519 1359 5563 ut
1397 5511 1449 5564 in
1489 5503 1886 5566 nostro'tcxtu.

447 5576 561 5644 (87)
604 5577 671 5651 Et
698 5578 903 5651 illequi
955 5579 1090 5646 rigat
1123 5595 1140 5642 ;
1170 5581 1262 5632 sed
1292 5597 1406 5634 eum
1455 5581 1545 5651 qui
1577 5583 1803 5651 plantat.
1835 5583 1960 5640 Haec

375 5644 570 5699 desunt
604 5648 655 5700 in
683 5647 862 5700 editis.

446 5713 562 5786 (88)
601 5716 765 5782 Editi,
804 5737 819 5767 ι
854 5718 1206 5785 perficienda.
1243 5737 1263 5770 ι

1924 4505 1968 4538 ¹⁹
2013 4505 2172 4560 Rom.
2210 4521 2290 4571 ιι,
2323 4507 2415 4574 l7;
2451 4506 2620 4562 Exod.
2650 4524 2727 4574 ιιι,
2764 4510 2849 4564 l6.

2091 1875 2180 1942 qui
2231 1885 2422 1928 contra
2473 1888 2653 1927 mores
2697 1881 2750 1927 et
2784 1872 3127 1940 disciplinam
3171 1872 3336 1927 multa
3385 1877 3678 1929 commisc-

2092 1966 2220 2029 rint,
2249 1974 2303 2019 et
2323 1963 2553 2033 elegisse
2582 1965 2914 2018 dirissimum
2941 1963 3050 2033 (9|)
3075 1965 3331 2032 aliquem,
3353 1975 3406 2018 et
3433 1965 3516 2018 his
3543 1967 3675 2034 ipsis
3731 1969 3734 1974 '

2090 2057 2180 2125 qui
2225 2054 2552 2124 corripiendi
2584 2065 2714 2108 sunt
2750 2055 2918 2108 multo
2961 2055 3222 2109 diriorem
3271 2055 3406 2126 (9'2),
3444 2056 3536 2124 qui
3573 2073 3674 2126 pro

2089 2147 2384 2202 sceleribus
2424 2147 2535 2201 suis
2561 2145 2674 2218 jam
2704 2163 2810 2201 non
2850 2147 2920 2201 sit
2943 2147 3134 2216 dignus
3159 2147 3673 2211 emendatione,sed

2089 2247 2282 2290 morte.
2310 2235 2510 2290 Volens
2535 2251 2666 2291 vero
2693 2236 2970 2290 interitum
3004 2237 3124 2306 ejus
3143 2236 3210 2289 ad
3234 2236 3668 2290 emendationem

2087 2330 2352 2397 prolicere
2381 2338 2726 2392 caeterorum,
2751 2327 2914 2406 mittit
2945 2342 3067 2380 eum
3102 2326 3168 2380 ad
3192 2326 3310 2380 illos
3337 2342 3474 2395 quos
3499 2338 3674 2380 morte

2086 2426 2201 2489 ejus
2226 2421 2426 2490 corrigi
2456 2421 2620 2489 cupit,
2662 2427 2720 2473 et
2747 2420 2877 2474 dicit
2912 2421 2961 2473 ei
2991 2437 3005 2474 :
3041 2437 3062 2471 ι
3098 2420 3233 2486 Quia
3264 2420 3330 2473 ad
3359 2421 3460 2474 hoc
3494 2421 3671 2491 ipsum

2085 2523 2137 2567 te
2171 2513 2465 2578 suscitavi,
2517 2522 2576 2566 ut
2628 2513 2910 2568 ostendam
2959 2513 3012 2565 in
3064 2522 3118 2566 te
3159 2513 3411 2566 virtutem
3467 2527 3670 2578 meam,

2085 2611 2140 2658 et
2208 2612 2266 2658 ut
2345 2603 2696 2658 annuntietur
2761 2617 2954 2657 nomen
3027 2617 3206 2656 meum
3282 2603 3335 2656 in
3420 2605 3672 2657 universa

2085 2705 2231 2749 terra
2283 2695 2352 2749 ὀ.
2401 2714 2420 2748 ι
2459 2693 2591 2751 Vide
2634 2696 2778 2750 enim
2807 2698 2932 2765 quia
2969 2711 3075 2752 non
3109 2698 3286 2752 dixit:
3322 2716 3340 2747 ι
3373 2697 3507 2764 Quia
3542 2717 3565 2750 ι
3602 2701 3673 2754 ad

2083 2787 2186 2842 hoc
2223 2788 2401 2856 ipsum
2441 2797 2493 2842 te
2516 2788 2618 2843 feci
2653 2809 2665 2843 :
2704 2789 2945 2858 alioquin
2991 2790 3056 2842 ad
3101 2791 3441 2844 conditorem
3475 2791 3670 2846 referri

2081 2879 2238 2947 culpa
2273 2880 2550 2934 videretur
2580 2902 2592 2936 :
2625 2881 2719 2936 sed
2751 2882 2827 2934 ait
2856 2899 2870 2934 :
2901 2899 2920 2932 ι
2957 2882 3036 2933 Ad
3065 2882 3168 2935 boc
3210 2882 3383 2950 ipsum
3412 2893 3465 2936 te
3493 2886 3669 2937 susci-

2084 2974 2190 3025 tavi
2227 2990 2239 3026 :
2283 2991 2303 3024 ι
2338 2973 2443 3026 hoc
2469 2983 2590 3036 est,
2641 2983 2699 3026 ut
2742 2989 2836 3041 per
2875 2973 3043 3027 animi
3083 2975 3160 3027 tui
3199 2973 3464 3027 malitiam
3503 2989 3668 3043 quam

2082 3063 2180 3118 tibi
2215 3063 2443 3119 infrenis
2475 3064 2586 3135 (95)
2610 3075 2664 3118 et
2695 3065 2814 3119 sine
2845 3065 2937 3118 Dei
2967 3065 3161 3120 timore
3201 3066 3432 3120 vivendo
3465 3066 3670 3136 quaesi-

2083 3155 2174 3220 sti,
2216 3156 2357 3210 etin
2388 3156 2526 3210 alios
2559 3157 2831 3227 irrogetur
2867 3155 3015 3210 utilis
3055 3168 3108 3211 et
3152 3157 3434 3212 fructuosa
3475 3171 3666 3212 corre-

2081 3248 2210 3310 ctio,
2246 3257 2302 3302 et
2333 3248 2384 3300 in
2409 3256 2461 3301 te
2481 3249 2656 3317 ipsum
2681 3249 2747 3302 ad
2776 3249 3113 3316 posteritatis
3141 3250 3448 3318 exemplum
3491 3247 3670 3302 famo-

2079 3339 2330 3393 sissimus
2367 3338 2684 3394 conferatur
2731 3339 3008 3394 interitus.
3059 3339 3214 3406 Quod
3256 3351 3435 3393 autem
3491 3340 3667 3403 dicit,

2084 3449 2103 3482 ι
2123 3430 2261 3497 Ergo
2276 3429 2486 3502 (94)(ιυί
2507 3431 2619 3484 vult
2637 3431 2948 3496 miseretur,
2967 3440 3023 3486 et
3040 3446 3202 3500 quem
3224 3430 3338 3484 vult
3363 3429 3602 3497 indurat,
3636 3450 3657 3484 ι

2078 3537 2144 3576 ex
2171 3521 2256 3573 his
2289 3536 2409 3590 quae
2441 3523 2492 3574 in
2519 3521 2705 3576 Exodo
2729 3521 2933 3590 scripta
2957 3529 3083 3576 sunt
3111 3523 3331 3576 videtur
3358 3536 3660 3576 assumere.

2078 3610 2152 3666 lbi
2181 3613 2328 3666 enim
2371 3613 2546 3667 dicit:
2585 3631 2604 3664 ι
2655 3611 2923 3666 lnduraho
2961 3627 3058 3666 cor
3083 3611 3421 3674 Pharaonis,
3465 3614 3542 3665 uti
3593 3627 3666 3664 ne

2078 3703 2315 3756 dimittat
2341 3704 2596 3773 populum
2645 3704 2709 3758 ²¹.
2752 3725 2771 3760 ι
2842 3703 3200 3757 lndurabatur
3223 3715 3400 3757 autem
3436 3702 3664 3775 (95)cor

2076 3794 2380 3850 Pharaonis
2423 3797 2524 3850 hoc
2565 3798 2749 3850 modo.
2790 3795 2972 3849 Noluit
3009 3795 3152 3850 Deus
3182 3796 3235 3848 in
3265 3810 3390 3848 eum
3421 3795 3661 3850 subitam

2075 3899 2129 3942 et
2155 3888 2368 3956 plenam
2391 3891 2520 3942 dare
2548 3888 2869 3941 vindictam.
2901 3885 3167 3954 Quamvis
3194 3885 3338 3941 enim
3356 3897 3504 3942 esset
3522 3902 3658 3941 con-

2075 3989 2359 4034 summata:
2423 3980 2678 4044 malitiae,
2735 3989 2910 4034 tamen
2963 3995 3060 4049 per
3118 3980 3440 4050 patientiam
3495 3997 3657 4037 suam

2075 4070 2217 4125 Deus
2248 4071 2360 4140 (96)
2394 4087 2493 4125 nec
2519 4071 2617 4140 ipsi
2644 4071 2960 4125 facultatem
2996 4071 3376 4126 conversionis
3407 4071 3663 4126 excluse-

2075 4173 2158 4217 rat
2187 4179 2202 4215 :
2227 4172 2278 4216 et
2308 4163 2429 4217 ideo
2465 4163 2641 4231 primo
2670 4163 2997 4229 leuioribus,
3045 4176 3161 4219 tum
3188 4163 3356 4218 etiam
3394 4161 3660 4232 paulatim

2075 4251 2584 4320 ingravescentibus
2609 4255 2662 4307 in
2686 4269 2808 4309 eum
2840 4257 3160 4310 verberibus
3195 4255 3366 4308 utitur
3397 4253 3530 4323 (97).
3552 4255 3663 4310 Sed

2074 4345 2217 4414 quod
2252 4343 2391 4398 Deus
2413 4345 2638 4414 gerebat
2667 4360 2764 4415 per
2791 4348 3136 4414 patientiam,
3163 4361 3231 4402 ex
3264 4347 3365 4400 hoc
3384 4346 3476 4401 ille
3504 4347 3663 4400 ιιιιΙιιι

2941 4512 2988 4544 ’θ
3019 4509 3149 4569 ibid.
3176 4513 3216 4544 "
3247 4509 3414 4565 Exod.
3443 4524 3515 4574 Iv,
3538 4509 3629 4562 ‘ll.

2141 4669 2254 4747 (89)
2294 4670 2432 4725 Editi
2465 4683 2522 4747 et
2565 4689 2696 4747 mss.
2742 4675 2944 4742 plures,
2973 4695 2992 4727 ι
3031 4677 3302 4730 nutriendi
3353 4679 3589 4747 pecoris.
3629 4697 3658 4731 ι

2076 4741 2355 4814 “abantis,
2387 4743 2516 4814 cad
2552 4741 2897 4797 nutriendum
2939 4762 3156 4814 pecora.
3195 4765 3215 4798 ι

2145 4809 2258 4885 (90)
2304 4811 2474 4885 Editi,
2533 4831 2552 4864 ι
2597 4815 2804 4878 cubilis
2860 4809 2953 4868 sui
2985 4828 3170 4884 aptum
3215 4816 3448 4885 probat,
3488 4835 3510 4870 ι
3557 4818 3653 4884 al.,

2081 4899 2100 4932 ι
2143 4882 2412 4950 probarit,
2451 4901 2471 4933 ι
2505 4892 2616 4936 etc.

2107 4950 2261 5034 0(91)
2301 4951 2480 5019 Alias,
2523 4970 2544 5004 ι
2593 4951 2998 5031 debuissent....
3034 4957 3516 5013 commiserunt....
3548 4957 3654 5011 du-

2074 5036 2374 5076 I'ISSImllm.
2410 5040 2429 5074 ι

2144 5091 2259 5167 (92)
2285 5092 2457 5167 Alias,
2496 5109 2515 5142 ι
2547 5090 2846 5148 duriorem.
2883 5113 2903 5145 ι
2935 5094 3228 5167 Etpostea,
3259 5116 3280 5149 ι
3310 5095 3505 5151 Volens
3526 5112 3657 5167 ergo

2070 5162 2354 5216 interitum
2382 5164 2520 5231 ejus,
2558 5180 2578 5213 ι
2611 5172 2719 5216 etc.

2143 5232 2258 5302 (93)
2287 5232 2454 5294 Editi,
2496 5251 2517 5284 ι
2552 5231 2844 5301 infrunite;
2890 5253 2911 5288 ι
2952 5237 3048 5292 sed
3071 5250 3266 5293 omnes
3305 5252 3435 5292 mss.
3463 5248 3519 5292 et
3547 5237 3658 5292 Ra-

2067 5302 2264 5364 banus,
2303 5320 2323 5352 ι
2354 5303 2607 5356 infrenis.
2651 5322 2672 5354 ι

2137 5371 2254 5513 (94)
2280 5371 2445 5442 Ergo.
2473 5371 2588 5426 Non
2619 5375 2894 5442 reperitur
2928 5377 2982 5429 in
3021 5387 3184 5434 antea
3210 5378 3396 5435 editis.

2161 5443 2251 5511 95)
2292 5444 2452 5497 Deest
2485 5461 2504 5493 ι
2545 5454 2726 5497 autem
2765 5465 2783 5496 ι
2814 5447 2866 5500 in
2897 5449 3079 5504 editis.

2161 5443 2251 5511 95)
2292 5444 2452 5497 Deest
2485 5461 2504 5493 ι
2545 5454 2726 5497 autem
2765 5465 2783 5496 ι
2814 5447 2866 5500 in
2897 5449 3079 5504 editis.

2135 5513 2249 5582 (96)
2286 5531 2305 5564 ι
2360 5513 2502 5568 Deus
2548 5534 2566 5564 ι
2605 5516 2876 5569 οιιιίῑιίιιιι·
2921 5518 2973 5570 in
3019 5517 3206 5576 editis.
3255 5519 3464 5574 Deinde
3510 5533 3646 5574 mss.

2063 5586 2310 5705 q_t|t)id:m,
2349 5594 2405 5637 et
2438 5585 2724 5650 liabanus,
2765 5604 2783 5636 ι
2840 5586 3174 5657 lenioribus,
3223 5607 3246 5646 ι
3279 5606 3382 5664 pro
3429 5607 3448 5643 ι
3485 5591 3653 5672 leviu-

2063 5668 2110 5705 rt
2153 5669 2182 5702 ιι
2224 5691 2237 5704 .
2274 5673 2292 5704 ι

2063 5664 2237 5707 ribus.
2274 5673 2292 5704 ι
3489 5664 3492 5672 “

2135 5721 2248 5793 (9Ἱ)
2288 5723 2456 5791 Alias,
2486 5741 2505 5775 ι
2543 5724 2818 5782 utebatur.
2857 5745 2878 5778 ι
