4146 6378
497 270 636 326 ΗΠ

1954 271 2280 327 ORIGENIS

3626 280 3766 336 1143

495 396 725 450 rabatur
759 392 826 446 ad
849 401 1250 462 contemptum,
1286 391 1552 462 majorem
1577 393 1682 448 sibi
1715 393 1853 446 iram
1884 408 2078 447 recon-
2111 395 2153 450 Α
2183 391 2435 446 omnibus
2463 391 2556 446 Dei
2587 392 3089 463 dispensationibus
3110 396 3280 472 616
3305 405 3360 450 et
3384 394 3607 466 judiciis
3628 401 3759 454 edo-

491 487 649 550 deus,
676 485 751 539 ita
778 495 835 539 ut
863 489 929 539 ad
957 486 1134 555 ipsum
1170 485 1281 540 dici
1300 487 1592 541 conveniat
1620 485 1748 539 illud
1771 487 1916 556 quod
1940 487 2078 541 scri-

493 579 572 632 hit
603 577 893 646 Apostolus
916 579 962 610 "
993 593 1009 632 :
1040 606 1058 630 ι
1086 579 1168 632 An
1188 578 1404 632 divitias
1421 577 1684 632 bonitatis
1705 579 1846 646 ejus,
1895 590 1948 636 et
1979 595 2077 652 pa-

409 689 425 700 -
487 666 843 736 tientize(98),
871 675 922 720 et
947 668 1376 738 longanimitatis
1419 670 1762 736 contemnis,
1813 671 2075 740 ignorans

490 758 750 826 quoniam
785 760 1050 828 patientia
1085 760 1181 814 Dei
1218 761 1286 814 ad
1319 761 1700 829 paenitentiam
1739 771 1790 814 te
1817 761 2080 816 adducit?

492 851 806 906 Secundmu
839 851 1097 906 duritiam
1121 864 1303 906 autem
1345 861 1491 906 tuam
1520 862 1575 907 et
1603 867 1701 908 cor
1723 852 2074 922 imprenitens

493 943 834 998 thesauriaas
869 944 964 998 tibi
1007 944 1111 1012 ipsi
1149 945 1290 998 iram
1339 945 1391 999 in
1441 945 1530 1000 die
1583 945 1698 1000 irae.
1741 963 1762 997 ι
1795 945 1910 1001 Non
1943 962 2074 1018 ergo

493 1053 655 1107 quem
683 1037 803 1091 vult
835 1035 980 1092 Deus
1014 1039 1251 1102 indurat,
1281 1038 1374 1092 sed
1404 1038 1495 1108 qui
1526 1039 1800 1109 patientia:
1831 1037 1944 1111 (99)
1976 1042 2074 1095 ob-

491 1137 799 1196 temperare
833 1127 1090 1192 noluerit,
1119 1128 1424 1183 induratur.
1459 1128 1807 1199 Supcrﬁuum
1829 1146 1958 1201 ergo
1985 1141 2072 1186 est

487 1218 634 1287 quod
658 1219 792 1273 dicis
813 1217 1092 1288 Apostolo,
1117 1233 1152 1273 o
1203 1229 1260 1273 tu
1295 1218 1387 1288 qui
1422 1219 1858 1290 adversaris(l):
1891 1239 1908 1271 ε
1933 1219 2070 1284 Quid

487 1327 617 1382 ergo
655 1315 830 1366 adhuc
849 1312 1132 1380 queritur?
1173 1313 1442 1367 Voluntati
1469 1313 1611 1366 enim
1637 1313 1755 1381 ejus
1777 1316 1898 1382 quis
1931 1315 2070 1369 resi-

484 1403 628 1456 stit?
653 1425 671 1456 ι
699 1401 981 1458 Voluntati
1009 1401 1228 1471 quidem
1255 1400 1348 1456 Dei
1377 1411 1586 1456 certum
1617 1413 1701 1457 est
1727 1404 1870 1472 quod
1890 1403 2069 1459 nullus

485 1495 752 1562 obsistat;
810 1497 904 1550 sed
954 1498 1288 1551 voluntatem
1339 1496 1456 1564 ejus
1499 1497 1700 1565 justam
1755 1505 2069 1564 reclamque

487 1601 610 1639 esse
647 1587 792 1640 s'cire
829 1601 927 1640 nos
970 1587 1228 1639 convenit
1255 1585 1355 1657 (2).
1389 1585 1456 1641 Ut
1489 1587 1614 1640 boni
1645 1587 1788 1640 enim
1823 1596 1916 1639 aut
1941 1585 2066 1638 mali

483 1677 658 1730 simus
687 1687 886 1731 nostrae
909 1677 1203 1732 voluntatis
1224 1689 1307 1732 est
1340 1695 1354 1731 :
1384 1677 1562 1732 malus
1593 1689 1772 1732 autem
1796 1677 1860 1730 ad
1879 1678 2062 1748 cujus-

2179 492 2330 537 ceret
2353 483 2420 536 “.
2451 483 2517 537 Et
2541 499 2638 538 nos
2678 500 2809 556 ergo
2829 485 2873 540 si
2905 487 3111 556 aliquid
3133 490 3198 542 de
3221 489 3448 544 secretis
3461 488 3556 544 Dei
3587 500 3645 544 et
3674 506 3762 545 re-

2179 573 2412 628 conditis
2449 573 2562 643 (l0)
2601 575 2979 632 desideramus
3011 592 3338 647 agnoscere,
3372 579 3417 632 si
3461 581 3761 635 desiderio-

2179 681 2298 719 rum
2325 675 2380 720 et
2409 681 2515 720 non
2545 668 2960 724 contentionum
2988 668 3102 741 (11)
3123 671 3222 724 viri
3251 686 3461 734 sumus,
3484 671 3757 727 occultius

2179 756 2231 810 in
2260 756 2457 812 divinis
2488 757 2688 812 litteris
2711 758 2914 813 inserta
2951 759 3043 813 Dei
3072 761 3272 830 judicia
3306 761 3539 817 ﬁdeliter
3573 773 3628 817 et
3657 764 3759 818 hu-

2177 847 2378 902 militer
2403 851 2764 916 requiramus.
2815 848 3109 920 Propterea
3140 866 3373 923 namque
3400 861 3458 907 et
3495 853 3758 910 Dominus

2175 939 2418 995 dicebat:
2443 958 2462 992 ι
2488 938 2822 996 Scrutamini
2849 941 3163 1011 Scripturas
3182 944 3250 1010 ",
3277 964 3296 996 ι
3315 945 3494 1000 sciens
3521 946 3636 1000 haec
3651 961 3754 1001 non

2174 1031 2243 1086 ab
2277 1030 2362 1087 his
2397 1033 2490 1102 qui
2531 1033 2582 1087 in
2621 1032 2742 1088 aliis
2772 1035 3003 1104 negotiis
3029 1037 3280 1106 occupati
3322 1037 3634 1093 transitorie
3669 1039 3756 1093 vcl

2173 1121 2401 1176 audiunt
2438 1123 2523 1176 vel
2553 1123 2762 1194 legunt,
2816 1126 2910 1180 sed
2961 1125 3048 1179 his
3091 1127 3184 1194 qui
3239 1139 3388 1180 recto
3427 1139 3482 1182 et
3520 1128 3754 1197 simplici

2173 1213 2357 1277 corde,
2383 1213 2499 1284 jugi
2527 1213 2734 1279 labore,
2765 1215 3154 1284 continuisque
3185 1215 3386 1285 vigiliis
3413 1216 3576 1271 altius
3602 1218 3754 1272 Scri-

2173 1312 2358 1372 pturas
2391 1305 2608 1361 divinas
2635 1317 2987 1373 scrutantur,
3021 1309 3224 1378 aperiri
3259 1327 3272 1362 :
3323 1323 3389 1364 ex
3427 1311 3624 1380 quibus
3665 1326 3755 1366 me

2173 1407 2277 1447 non
2303 1409 2426 1449 esse
2451 1411 2554 1466 ego
2585 1397 2726 1452 bene
2773 1399 2921 1452 novi.
2967 1399 3025 1453 Si
3073 1401 3198 1468 quis
3232 1411 3412 1456 tamen
3445 1403 3517 1455 sit
3545 1403 3636 1472 qui
3676 1403 3752 1457 ita

2170 1497 2400 1554 quaerat,
2429 1487 2686 1544 inveniet.
2732 1489 2930 1545 Verum
2983 1501 3038 1545 et
3077 1508 3174 1546 nos
3210 1507 3310 1560 pro
3347 1494 3558 1548 viribus
3585 1496 3652 1548 ad
3686 1511 3750 1550 ea

2169 1593 2290 1645 quae
2315 1579 2590 1634 habentur
2613 1582 2666 1636 in
2698 1585 2953 1638 manibus
2985 1593 3393 1640 convertamur.
3437 1605 3458 1637 ι
3498 1587 3751 1658 Nunquid

2167 1671 2298 1726 dicit
2353 1671 2690 1743 ﬁgmentum,
2751 1675 2958 1744 inquit,
3007 1679 3058 1732 ei
3122 1679 3214 1748 qui
3260 1679 3374 1751 (12)
3409 1695 3470 1735 se
3519 1681 3678 1736 ﬁnxit
3731 1701 3749 1738 :

486 1768 628 1821 modi
661 1767 912 1831 verbera,
943 1778 998 1822 et
1037 1771 1211 1824 bonus
1233 1771 1299 1825 ad
1322 1771 1627 1840 cujusmodi
1648 1769 1875 1841 gloriam
1901 1771 2066 1826 desti-
2098 1749 2139 1804 Β
2169 1762 2305 1828 QUid
2336 1779 2422 1820 me
2449 1766 2527 1819 Sic
2551 1765 2726 1821 feeisli
2752 1767 2776 1820 ?
2818 1767 3014 1822 Annon
3045 1769 3212 1825 habet
3242 1749 3568 1840 potestatem
3609 1774 3752 1841 liguc

482 1870 661 1925 netur,
692 1859 992 1916 voluntatis
1019 1871 1102 1916 est
1125 1861 1243 1917 Dei.

555 1951 642 2004 17.
687 1969 706 2001 ε
739 1952 783 2006 Ο
813 1953 1006 2019 homo,
1044 1963 1100 2006 tu
1143 1955 1267 2022 quis
1292 1970 1351 2009 es
1380 1955 1471 2025 qui
1499 1965 1690 2010 contra
1723 1955 1802 2028 (5)
1843 1971 2064 2027 respon-

482 2043 614 2096 deas
641 2041 788 2098 Dco?
816 2045 1066 2114 Nunquid
1091 2047 1222 2101 dicit
1249 2047 1564 2118 ﬁgmentum
1593 2049 1640 2102 ei
1666 2049 1758 2120 qui
1781 2065 1840 2103 se
1867 2051 2062 2106 ﬁnxit:

483 2134 624 2201 Quid
659 2149 743 2189 me
767 2135 945 2190 fecisti
974 2137 1094 2191 sic?
1137 2136 1330 2193 Annon
1366 2139 1534 2196 habet
1567 2151 1894 2209 potestatem
1928 2143 2065 2214 ﬁgu-

479 2223 566 2279 lus
595 2223 691 2279 luti
723 2240 788 2280 ex
813 2227 1004 2282 eadem
1033 2243 1212 2283 massa
1244 2228 1426 2285 facere
1462 2230 1607 2284 aliud
1647 2233 1864 2300 quidem
1895 2249 1988 2286 vas
2008 2233 2060 2287 in

484 2319 766 2383 honorem,
812 2318 956 2372 aliud
989 2336 1118 2374 vero
1147 2320 1200 2374 in
1222 2323 1612 2376 contumeliam
1643 2325 1689 2356 "
1710 2325 1734 2378 ?
1756 2344 1775 2376 ι
1807 2323 2062 2395 Legimus

475 2419 533 2462 et
567 2408 619 2462 in
663 2409 976 2480 Evangeliis
1001 2412 1070 2476 “,
1097 2427 1192 2468 eos
1223 2411 1299 2482 (4)
1328 2415 1417 2482 qui
1453 2425 1706 2485 proterve
1735 2425 1790 2470 et
1825 2416 2059 2470 inﬁdeli-

480 2513 566 2555 ter
595 2501 949 2570 inquirebant
976 2517 1004 2554 a
1045 2502 1276 2561 Domino
1307 2507 1360 2558 in
1394 2521 1499 2575 qua
1535 2517 1803 2574 potestate
1842 2508 1954 2564 haec
1979 2510 2061 2563 fa-

477 2602 627 2647 ceret
666 2609 788 2662 qua:
821 2593 1086 2660 faciebat,
1139 2607 1194 2649 et
1227 2597 1348 2666 quis
1383 2599 1432 2651 ei
1471 2597 1706 2652 dedisset
1737 2609 2057 2668 potestatem

379 2695 388 2708 ‘
477 2687 640 2751 hanc,
678 2703 747 2740 ne
779 2690 1137 2757 responsione
1162 2689 1380 2758 quidem
1415 2690 1608 2757 dignos
1641 2692 1877 2748 habitos.
1903 2693 2060 2747 Simi-

2166 1854 2252 1909 lus
2285 1854 2382 1910 luti
2409 1871 2473 1910 ex
2507 1857 2698 1912 eadem
2729 1873 2908 1914 massa
2941 1859 3123 1915 facere
3145 1860 3288 1915 aliud
3311 1860 3534 1931 quidem
3558 1877 3655 1916 vas
3681 1865 3749 1917 ad

2167 1945 2432 2002 honorem
2455 1987 2471 2013 ,
2506 1947 2653 2002 aliud
2697 1963 2830 2006 vero
2874 1952 2941 2004 ad
2987 1953 3420 2007 contumeliam?
3449 1972 3470 2005 ι
3505 1953 3570 2008 Ει
3605 1955 3750 2024 apud

2162 2037 2454 2094 Jeremiam
2487 2040 2808 2110 prophetam
2843 2044 2950 2098 tale
2971 2043 3180 2114 aliquid
3208 2045 3452 2111 legimus,
3476 2046 3567 2100 ubi
3590 2047 3754 2116 jube-

2165 2140 2252 2184 tur
2291 2145 2324 2185 a
2366 2131 2476 2186 Deo
2502 2131 2732 2188 introire
2763 2135 2816 2188 in
2848 2135 3068 2190 domum
3107 2136 3285 2207 ﬁguli,
3315 2146 3370 2193 et
3405 2137 3592 2194 videre
3621 2155 3746 2195 eum

2165 2219 2456 2290 ﬁngentem
2491 2241 2507 2278 :
2546 2225 2733 2294 utique
2779 2240 2873 2279 vas
2903 2225 3198 2295 collapsum
3246 2228 3312 2281 de
3351 2229 3603 2283 manibus
3631 2231 3748 2287 suis

2163 2314 2488 2385 recolligeus
2517 2331 2732 2371 rursum
2779 2317 2938 2370 ﬁnxit
2971 2317 3103 2370 illud
3147 2318 3442 2372 secundum
3490 2319 3746 2374 volunta-

2161 2415 2269 2463 tem
2297 2423 2471 2462 suam.
2511 2428 2532 2461 ι
2565 2409 2634 2463 Et
2694 2409 2876 2465 lactus
2917 2421 3020 2476 est,
3067 2413 3260 2480 inquit,
3309 2425 3490 2466 sermo
3531 2411 3744 2468 Domini

2159 2499 2227 2551 ad
2270 2514 2393 2552 eum
2440 2500 2630 2556 dicens
2662 2522 2678 2556 :
2709 2500 2963 2571 Nunquid
3008 2518 3110 2572 ego
3157 2518 3262 2556 non
3295 2519 3515 2572 possum
3562 2503 3746 2561 lacere

2158 2594 2377 2648 domum
2418 2595 2580 2650 Israel
2605 2597 2748 2652 sicut
2787 2597 2984 2666 ﬁgulus
3020 2599 3121 2653 iste
3164 2598 3250 2652 ’⁸2
3292 2617 3311 2649 ι
3352 2597 3419 2652 Ει
3459 2595 3742 2668 Sapientia

2156 2685 2290 2740 dicit
2316 2688 2362 2719 ”
2406 2708 2418 2742 :
2459 2705 2479 2738 ι
2518 2688 2657 2743 Vasa
2702 2688 2845 2754 ﬁguli
2892 2691 3088 2758 prohat
3126 2689 3352 2758 fornax,
3393 2702 3447 2746 et
3487 2695 3744 2750 homines

475 2779 600 2831 liter
619 2794 836 2848 quoque
860 2789 914 2833 et
944 2780 996 2833 in
1027 2782 1281 2849 praesenti
1324 2781 1444 2836 loco
1477 2795 1681 2836 motum
1725 2785 1944 2852 quidem
1977 2786 2056 2854 (5)
2151 2775 2329 2844 justos
2397 2778 2648 2831 tentatio.
2690 2798 2710 2830 ι
2743 2779 2916 2834 liabet
2950 2797 3079 2850 ergo
3117 2783 3286 2837 nostri
3331 2784 3474 2838 Deus
3501 2797 3742 2854 potesta-

477 2868 724 2924 vtdemus
753 2870 1072 2938 Apostolum
1101 2883 1156 2924 et
1179 2873 1466 2925 adversum
1486 2873 1786 2929 insolentes
1801 2879 2059 2945 quaastio-

475 2971 592 3017 nes,
629 2973 692 3010 ac
733 2973 831 3026 per
858 2973 920 3012 ea
949 2973 1072 3028 quae
1095 2961 1377 3030 respondit
1409 2964 1508 3033 (6),
1543 2967 1895 3032 proponentis
1918 2983 2054 3022 con-

2159 2880 2270 2924 tem
2294 2871 2436 2925 sicut
2462 2881 2517 2925 et
2558 2871 2757 2937 ﬁgulus
2792 2871 2919 2936 luti,
2948 2881 3006 2926 ut
3035 2872 3200 2928 l'aciat
3232 2889 3298 2930 ex
3333 2891 3508 2930 massa
3547 2879 3737 2933 eadem

2154 2977 2282 3016 vasa
2332 2963 2399 3016 ad
2442 2963 2746 3028 honorem,
2779 2971 2836 3018 et
2877 2979 3005 3018 vasa
3053 2965 3121 3019 ad
3170 2967 3580 3024 contumeliam.
3615 2967 3738 3026 'l‘ihi

475 3049 768 3102 tumaciam
802 3051 1135 3108 confutlisse.
1173 3053 1264 3106 Ait
1287 3053 1431 3106 enim
1462 3071 1477 3107 :
1519 3071 1537 3106 ι
1567 3055 1612 3110 0
1645 3056 1829 3123 homo,
1862 3063 2056 3128 tuquis
2082 3097 2124 3153 C
2157 3068 2288 3124 ergo
2312 3055 2404 3122 qui
2433 3054 2736 3108 insolenter
2762 3057 3060 3123 respondes
3079 3057 3209 3121 Deo,
3227 3059 3341 3115 haec
3361 3061 3580 3116 audisse
3603 3063 3746 3117 sulti-

473 3151 536 3191 es
562 3137 652 3206 qui
679 3148 867 3194 contra
899 3143 1228 3211 respondeas
1259 3143 1408 3199 Deo!
1436 3162 1454 3194 ι
1493 3143 1604 3199 Hoc
1622 3156 1706 3202 est
1732 3149 1876 3203 enim
1893 3149 2056 3206 homo

473 3232 616 3297 apud
648 3232 837 3298 Deum,
867 3236 1012 3302 quod
1037 3238 1177 3303 apud
1205 3236 1426 3307 ﬁgulum
1463 3238 1653 3295 lutum.
1686 3240 1749 3294 Et
1777 3241 1919 3296 sicut
1943 3259 2058 3297 scr-

470 3337 572 3376 vus
603 3337 857 3389 nequam,
891 3325 933 3378 si
969 3324 1108 3380 forte
1141 3327 1412 3381 videbitur
1437 3329 1657 3384 domino
1695 3331 1812 3384 ﬁeri
1853 3333 2054 3386 debere

471 3414 691 3483 aliquod
737 3430 874 3484 npus
914 3417 1059 3486 quod
1104 3427 1159 3472 et
1183 3418 1415 3474 rationis
1454 3430 1513 3475 et
1547 3421 1799 3476 utilitatis
1835 3423 2051 3494 plenum

469 3509 564 3574 sit,
599 3508 688 3560 ille
719 3519 899 3562 autent
933 3511 1146 3578 operari
1191 3511 1400 3578 nolens,
1439 3527 1502 3567 ea
1547 3529 1669 3582 quae
1697 3515 1949 3570 dominus
1961 3516 2052 3586 ju-

469 3599 562 3652 hct
619 3600 892 3654 discutere
941 3600 1202 3670 incipiat,
1267 3611 1320 3656 et
1382 3605 1660 3672 requirere
1707 3621 1738 3658 a
1801 3608 2048 3661 domino:

477 3691 679 3762 thuid
712 3693 813 3748 hoc
841 3708 980 3761 opus
1011 3693 1127 3748 ﬁeri
1155 3695 1355 3764 jubes?
1375 3695 1474 3750 Cui
1525 3699 1784 3768 prodest?
1809 3698 1906 3752 Cui
1954 3717 2053 3756 ne-

469 3787 776 3839 cessarium
824 3787 1263 3842 esticontutnaei
1306 3802 1466 3843 servo
1510 3805 1631 3860 quae
1675 3791 1780 3844 erit
1815 3790 1893 3864 (7)
1942 3801 2050 3847 tam

471 3879 635 3948 digna
679 3879 960 3948 responsio
983 3922 999 3945 ,
1031 3881 1135 3935 nisi
1175 3890 1235 3934 ut
1267 3881 1481 3936 dicatur
1504 3884 1554 3938 ei
1589 3901 1606 3938 :
1641 3901 1661 3934 ι
1701 3883 1779 3937 Tu
1807 3886 1930 3954 quis
1955 3901 2048 3950 es,

471 3972 565 4041 qui
600 3980 789 4026 contra
814 3974 1146 4041 respondeas
1178 3991 1197 4026 ›
1229 3973 1582 4029 άοιηίηοῖἱιθ
1613 3975 1822 4045 placet;
1865 3979 1938 4032 ita
1963 3980 2052 4032 do-

473 4061 620 4116 mino
647 4061 879 4118 videtur.
903 4062 1020 4117 Non
1051 4073 1180 4133 puto
1209 4074 1391 4118 autem
1419 4067 1566 4134 quod
1598 4069 1642 4120 si
1663 4066 1838 4122 ﬁdelis
1855 4083 2050 4122 servus

469 4137 527 4204 ct
555 4153 1150 4225 prudensinterroget,
1193 4155 1380 4209 volens
1423 4155 1728 4227 intelligere
1775 4168 1828 4211 et
1863 4160 2047 4212 mirari

468 4245 792 4313 Sapientiam
821 4246 1026 4301 domini
1065 4247 1164 4318 (8),
1199 4248 1343 4316 quod
1369 4249 1587 4302 dicatur
1609 4250 1658 4303 ei
1699 4266 1713 4303 :
1762 4267 1780 4299 ς
1813 4249 1892 4304 Tu
1927 4251 2050 4320 quis

465 4340 569 4393 es?
604 4359 624 4393 ι
691 4340 932 4410 Denique
981 4357 1103 4395 cum
1161 4340 1355 4395 Daniel
1405 4345 1664 4412 propheta
1718 4342 2048 4397 voluntatem

2159 3149 2288 3201 ciat.
2325 3147 2428 3212 Qui
2463 3162 2595 3202 vero
2615 3162 2778 3217 opera
2807 3149 3088 3219 sapientiae
3111 3150 3206 3206 Dei
3237 3152 3288 3206 in
3313 3151 3748 3222 dispensationi-

2158 3237 2258 3293 bus
2283 3238 2394 3310 (15)
2422 3239 2538 3306 ejus
2565 3240 2839 3294 desiderat
2861 3244 3136 3306 contueri,
3163 3245 3350 3298 audiat
3381 3245 3436 3300 in
3482 3246 3592 3302 alio
3620 3247 3740 3302 loco

2155 3330 2326 3384 dehis
2358 3330 2492 3399 ipsis
2523 3327 2745 3383 Paulum
2774 3331 3078 3386 divinorum
3101 3343 3434 3388 secretorum
3459 3338 3738 3392 conscium

2155 3422 2540 3488 disputantem.
2580 3441 2598 3473 ι
2635 3420 2691 3475 In
2726 3421 2888 3477 domo
2927 3433 3105 3478 autem
3164 3441 3359 3496 magna
3421 3443 3529 3482 non
3589 3440 3736 3497 sunt,

2155 3513 2350 3582 inquit,
2400 3515 2776 3568 tantummodo
2843 3531 2967 3570 vasa
3011 3533 3174 3571 aurea
3208 3529 3263 3571 et
3315 3528 3610 3587 argentea,
3641 3523 3736 3574 sed

2152 3613 2206 3656 et
2237 3603 2410 3672 lignea
2460 3613 2514 3657 et
2562 3603 2789 3669 ﬁctilia,
2823 3616 2876 3658 et
2923 3605 3027 3659 alia
3059 3607 3274 3675 quidem
3319 3608 3388 3661 ad
3435 3609 3739 3672 hon0rem,

2155 3695 2262 3749 alia
2293 3704 2474 3750 autem
2514 3696 2581 3750 ad
2612 3697 3028 3753 contumeliam.
3058 3697 3115 3752 Si
3155 3713 3286 3768 ergo
3312 3701 3435 3767 quis
3465 3701 3736 3754 emunda-

2153 3788 2294 3842 verit
2323 3789 2675 3858 semetipsum
2703 3789 2773 3842 ab
2801 3790 2906 3853 his,
2931 3791 3036 3844 erit
3065 3805 3159 3844 vas
3189 3792 3254 3844 ad
3295 3791 3558 3846 honorem
3601 3807 3736 3846 sau-

2152 3879 2472 3945 ctiﬁcatum,
2521 3889 2577 3934 et
2618 3880 2751 3936 utile
2785 3881 3035 3946 Domino,
3063 3882 3130 3935 ad
3164 3897 3328 3935 omne
3360 3897 3496 3950 opus
3528 3882 3733 3936 bonum

2153 3981 2398 4040 paratum
2432 3973 2498 4026 ³⁸.
2545 3991 2564 4025 ι
2611 3972 2780 4028 Audis
2813 3973 3012 4028 Paulus
3057 3978 3108 4028 in
3155 3973 3239 4028 his
3287 3975 3342 4028 in
3387 3974 3588 4044 quibus
3626 3992 3734 4030 non

2154 4066 2341 4118 habuit
2373 4072 2686 4133 protervum
2718 4065 3177 4120 contradictorem
3205 4104 3222 4129 ,
3262 4067 3535 4134 quomodo
3572 4081 3734 4122 vaso-

2153 4170 2270 4208 rum
2297 4156 2640 4210 diversitates
2673 4156 2930 4224 aperuit?
2959 4157 3093 4210 Nam
3135 4157 3207 4211 ibi
3245 4159 3334 4211 ubi
3372 4159 3589 4212 auditor
3626 4175 3733 4213 non

2150 4255 2274 4300 erat
2331 4245 2550 4316 dignus,
2597 4246 2692 4300 sed
2737 4247 3116 4300 contradictor
3167 4255 3327 4310 erat,
3377 4251 3492 4300 sola
3547 4247 3735 4301 ﬁctilia

2153 4353 2280 4392 vasa
2311 4347 2736 4404 commemorat;
2773 4340 2862 4394 hic
2904 4349 3086 4394 autem
3130 4350 3186 4393 et
3215 4355 3381 4393 aurea
3425 4339 3558 4394 dicit
3588 4355 3733 4403 esse,

472 4431 685 4484 Domini
711 4433 1075 4486 desiderasset
1091 4445 1413 4501 agnoscere,
1441 4433 1582 4485 unde
1604 4441 1659 4485 et
1692 4451 1710 4483 ‹
1739 4433 1820 4486 vir
1841 4432 2047 4487 deside-
2080 4443 2122 4498 D
2151 4441 2206 4486 et
2247 4445 2538 4502 argentea,
2573 4441 2630 4488 et
2660 4431 2862 4503 lignea,
2906 4439 2960 4488 et
3007 4431 3192 4486 ﬁctilia
3221 4450 3236 4487 :
3267 4442 3322 4487 et
3367 4431 3473 4486 alia
3515 4434 3734 4502 quidem

471 4523 681 4576 riorum
703 4521 748 4554 "
787 4542 807 4574 ι
847 4523 1154 4592 appellatus
1189 4533 1306 4589 est,
1343 4539 1446 4578 non
1476 4533 1560 4577 cst
1593 4522 1669 4596 (9)
1705 4525 1752 4578 ei
1787 4526 1991 4579 dictmn
2030 4543 2044 4578 :

473 4636 500 4668 ο
527 4615 606 4669 'l'u
639 4616 761 4684 quis
789 4617 892 4670 es?
921 4635 940 4668 ι
977 4616 1076 4671 scd
1108 4617 1302 4670 missus
1325 4627 1409 4671 est
1431 4617 1674 4685 angelus,
1705 4617 1796 4686 qui
1834 4632 1956 4672 eum
1982 4618 2052 4672 de

537 4738 584 4771 υ
614 4735 778 4790 Rom.
813 4752 870 4793 tt.
900 4734 954 4798 4,
991 4735 1043 4788 5.
1121 4735 1166 4766 "
1197 4735 1352 4789 lium.
1387 4751 1461 4799 Ix,
1491 4736 1584 4798 20,
1617 4735 1709 4789 21.

468 4812 516 4852 ⁸⁷
552 4807 712 4862 10m.
760 4823 812 4869 ν,
855 4805 946 4860 59.

542 4951 656 5018 (98)
689 4949 829 5004 Editi
863 4950 1285 5019 prartcrtnittunt
1309 4966 1328 4999 ‹
1349 4947 1474 5019 eius
1496 4961 1548 5002 et
1576 4947 1875 5019 patientiae.
1919 4965 1938 4997 ι

536 5017 650 5090 (99)
690 5017 910 5082 Ειιίιί,“‹
960 5021 1248 5088 patienter.
1289 5038 1308 5070 ι
1346 5017 1446 5072 Ms.
1491 5033 1632 5070 unus
1669 5027 1723 5090 et
1767 5017 2042 5080 Rabanus,

471 5111 490 5144 ι
529 5087 825 5161 patientim.
865 5110 884 5141 ›
922 5087 1124 5161 (Itetcri
1160 5103 1316 5161 mss.,
1356 5107 1374 5139 t
1419 5087 1776 5161 pmtiitentiae.
1811 5106 1830 5139 ι

554 5163 632 5230 (1)
668 5160 833 5223 Editi,
869 5180 888 5213 ‹
927 5160 1069 5230 quod
1098 5160 1264 5223 dicis,
1296 5169 1350 5211 ιιι
1376 5157 1467 5226 qui
1507 5157 1764 5230 Apostolo
1795 5157 2048 5230 adversa-

468 5227 625 5288 ris.i
674 5227 1002 5295 liabanusft
1039 5231 1182 5297 quod
1213 5230 1348 5282 dicit
1392 5227 1720 5296 Apostolus,
1768 5237 1822 5280 tu
1869 5227 1983 5296 qui,
2023 5245 2043 5278 ι

469 5315 579 5358 etc.
611 5303 716 5355 Sed
753 5303 938 5355 caeteri
981 5316 1112 5354 mss.
1148 5300 1284 5352 utin
1312 5307 1697 5352 nostrotextu.

542 5372 619 5443 (“2.)
642 5371 781 5443 Editi
809 5381 932 5440 post
967 5390 987 5422 ‹
1019 5369 1270 5423 convenit
1307 5387 1326 5420 ι
1356 5370 1580 5434 addunt,
1610 5387 1628 5418 ι
1661 5370 1897 5443 Attende
1920 5367 2046 5436 quid

473 5441 628 5497 dicit.
664 5461 685 5494 ι
727 5442 836 5495 Sed
873 5445 986 5495 hmc
1011 5443 1172 5493 verba
1200 5455 1465 5509 nusquam
1488 5449 1802 5509 comparent
1832 5441 1884 5493 in
1918 5455 2048 5492 mss.

471 5528 574 5568 nec
593 5513 731 5580 apud
769 5512 1070 5567 liabanum.

539 5584 616 5649 ('5)
645 5581 865 5636 Contra.
906 5582 1065 5634 Deest
1093 5582 1144 5633 ἱιι
1168 5580 1350 5634 editts.

549 5654 628 5721 (4)
659 5654 787 5705 Eos.
817 5651 1100 5706 Omittitur
1125 5656 1176 5705 in
1198 5652 1379 5706 editis.

549 5723 626 5794 (5)
654 5723 900 5789 Quidam.
933 5723 1278 5778 Desideralur
1309 5725 1358 5778 iu
1391 5733 1551 5780 antea
1581 5724 1762 5780 editis.

1805 4737 1853 4771 ’δ
1884 4734 2048 4790 Marc.
2090 4751 2168 4798 xu,
2197 4735 2288 4799 28;
2319 4735 2444 4787 an.
2469 4750 2564 4794 xx,
2595 4732 2649 4786 ‘2.
2727 4733 2772 4763 "
2805 4731 2935 4784 Dan.
2978 4748 3054 4799 ix,
3078 4732 3168 4784 95.

1027 4806 1073 4836 ⁸⁸
1099 4803 1300 4860 Jerem.
1329 4821 1481 4869 xvm,
1513 4807 1569 4872 5,
1596 4807 1649 4859 6.
1723 4805 1769 4836 ¹⁹
1799 4805 1967 4860 Eccli.
2000 4823 2059 4860 xx

2163 4850 2168 4867 ,
2204 4813 2258 4860 ti.
2333 4806 2378 4837 ³⁰
2413 4805 2449 4857 ll
2481 4804 2622 4860 Tim.
2661 4818 2716 4862 tt,
2743 4803 2835 4864 9.0,
2863 4802 2952 4858 21.

2157 4524 2288 4578 dicit
2313 4524 2423 4594 (M)
2458 4539 2576 4578 esse
2619 4525 2687 4578 ad
2726 4526 3006 4587 honorem,
3047 4524 3152 4577 alia
3191 4539 3320 4577 vero
3357 4525 3424 4576 ad
3454 4533 3736 4578 contume-

2160 4616 2284 4670 liam
2317 4616 2458 4672 lieri.
2491 4615 2759 4670 Similiter
2789 4625 2843 4668 et
2873 4615 2966 4669 ubi
2987 4617 3301 4670 memoravit
3324 4616 3438 4685 (l5)
3467 4616 3732 4669 rationem

3257 4735 3303 4764 "
3329 4734 3460 4788 ibid.
3514 4733 3576 4787 ει
3614 4748 3730 4804 seq.

2226 4945 2304 5013 ιϐ)
2335 4945 2502 5011 Editi,
2533 4963 2552 4996 ‹
2579 4958 2677 5014 per
2699 4960 2760 4997 ea
2785 4959 2903 5014 quae
2935 4943 3243 5014 respondet.
3277 4961 3294 4995 ι
3330 4942 3458 5000 Mss.
3484 4943 3730 5013 quidam,

2158 5036 2175 5065 ι
2217 5033 2311 5084 per
2339 5032 2435 5069 eas
2471 5031 2592 5084 qua:
2628 5015 3026 5084 responsiones,
3053 5032 3072 5064 i
3107 5023 3214 5067 etc.

2224 5087 2300 5156 (7)
2339 5087 2501 5152 Editi,
2535 5103 2553 5135 ‹
2595 5085 2938 5138 contumacis
2959 5099 3088 5156 ergo
3111 5099 3232 5156 quae
3253 5085 3374 5156 erit,
3421 5093 3585 5156 retc.

2221 5154 2296 5224 (‘8)
2330 5157 2495 5216 Editi,
2525 5174 2546 5205 ι
2579 5165 2636 5209 ct
2669 5157 2945 5208 admirans
2969 5155 3290 5223 sapientiam
3328 5154 3557 5209 domini.
3597 5173 3616 5209 I

2231 5228 2306 5294 (9)
2332 5224 2616 5280 Omittitur
2659 5245 2678 5277 ς
2709 5237 2791 5279 est
2831 5245 2850 5277 ι
2886 5226 2937 5278 in
2969 5225 3153 5278 editis.

2227 5295 2336 5367 (10)
2373 5297 2533 5358 Ιιὶόὶιί,
2557 5313 2577 5346 ι
2600 5296 2657 5350 Si
2704 5297 2908 5366 aliquid
2935 5296 3136 5348 secreti
3174 5295 3266 5350 Dei
3287 5306 3350 5367 ret
3381 5296 3668 5352 reconditi.
3703 5315 3728 5354 r

2224 5366 2337 5434 (11)
2368 5367 2529 5430 Editi,
2567 5385 2584 5417 ‹
2617 5367 3107 5436 contemptionum,
3139 5383 3158 5416 ι
3192 5366 3351 5422 male.

2223 5439 2336 5508 (l2)
2365 5438 2532 5508 Editi,
2566 5455 2584 5488 ι
2625 5438 2818 5502 ﬁgulus
2840 5438 2886 5489 ei
2919 5437 3098 5508 inquit
3123 5437 3241 5504 qui,
3282 5454 3303 5490 ι
3331 5447 3440 5496 etc.

2223 5507 2332 5580 (15)
2361 5507 2528 5572 Ειίὶιί,
2572 5527 2591 5558 ι
2638 5523 2800 5577 opera
2841 5507 2934 5561 Dei
2973 5508 3254 5575 sapienter
3281 5509 3335 5562 in
3371 5510 3732 5578 dispensatio-

2151 5582 2328 5638 nihus.
2372 5597 2389 5628 ι
2417 5590 2522 5633 etc.

2221 5653 2334 5718 (l4)
2369 5647 2526 5702 Dicit.
2558 5649 2720 5703 Deest
2752 5650 2803 5702 in
2836 5649 3015 5704 editis.

2221 5724 2332 5791 (l5)
2365 5719 2528 5788 Editi,
2569 5739 2588 5770 ε
2636 5721 2900 5774 Similiter
2931 5732 2984 5775 et
3019 5722 3106 5776 hic
3145 5723 3464 5776 memoravit
3489 5762 3506 5787 ,
3561 5740 3581 5773 ι
3613 5731 3725 5776 etc.
