4146 6404
418 311 556 366 1H9

1369 307 1724 365 COMMENT.
1768 307 1833 360 IN
1873 305 2087 362 EPIST.
2132 307 2222 360 AD
2262 309 2428 364 ROM.
2473 311 2600 365 LIB.
2644 310 2757 365 Vll.

3530 311 3672 366 H50

416 444 587 501 quare
612 429 714 482 alia
745 428 813 484 ad
850 429 1142 494 honorem,
1190 428 1294 481 alia
1337 443 1470 482 vero
1496 431 1562 482 ad
1604 429 1989 483 contumeliam
2024 432 2069 487 A
2096 428 2259 497 617
2293 431 2379 483 hic
2421 431 2554 483 nihil
2583 431 2689 483 tale
2726 429 2920 495 reddit,
2968 428 3061 483 sed
3102 428 3254 497 quasi
3310 442 3495 498 vagam
3535 445 3670 482 con-

420 522 588 573 liaut:
625 520 697 573 ibi
732 520 907 581 siluit,
939 519 1029 573 hic
1056 521 1289 585 aperuit.
1325 537 1344 569 ι
1390 518 1445 572 Si
1482 520 1625 573 enim
1652 520 1772 587 quis
1796 534 1991 572 emun-

417 610 627 664 daverit
682 610 1049 678 semetipsum,
1099 610 1293 678 inquit,
1356 611 1426 662 ab
1478 611 1581 674 his,
1619 629 1639 661 ι
1675 610 1790 663 sine
1831 609 1993 663 dubio

417 702 623 766 peccati
655 702 941 764 sordibus,
974 718 993 751 ι
1033 702 1138 754 erit
1166 703 1234 755 ad
1260 702 1523 756 honorem
1550 716 1647 755 vas
1682 701 1992 755 sanctiﬁca-

418 802 551 857 tum,
582 802 636 846 et
664 792 798 846 utile
837 792 1098 858 Domino,
1145 794 1212 847 ad
1239 808 1399 847 omne
1435 808 1572 863 Opus
1598 795 1797 847 bonum
1835 809 1994 863 para-

418 894 532 937 tum
567 882 634 936 ³¹.
672 900 694 933 ι
739 882 927 936 Restat
949 883 1112 952 igitur
1138 893 1197 936 ut
1226 883 1316 948 qui
1350 898 1411 937 se
1443 897 1550 935 non
1583 882 1989 943 emundaverit,

417 987 517 1027 nec
543 988 641 1037 per
673 974 1050 1041 panitentiam
1072 972 1284 1040 peccati
1327 972 1565 1025 maculas
1588 971 1822 1026 abluerit
1857 970 1989 1041 (l6),

414 1065 488 1118 sit
512 1078 609 1117 vas
646 1063 715 1116 ad
750 1061 1154 1116 contumeliam.
1200 1060 1353 1127 Quod
1391 1070 1446 1115 et
1492 1062 1539 1115 si
1588 1063 1799 1115 auxerit
1832 1062 1993 1116 mali-

417 1155 569 1216 tiam,
593 1163 647 1208 et
674 1153 916 1208 converti
954 1167 1051 1221 per
1068 1151 1325 1204 duritiam
1358 1152 1558 1206 mentis
1584 1164 1638 1205 et
1667 1168 1764 1206 cor
1800 1153 1992 1222 impae-

416 1244 592 1298 nitens
619 1246 838 1298 omnino
862 1242 1271 1310 contempserit,
1302 1241 1538 1310 eritjam
1566 1258 1671 1297 non
1694 1243 1866 1298 solum
1896 1259 1991 1297 vas

414 1335 778 1397 contumelia,
834 1335 931 1389 sed
977 1343 1034 1387 et
1085 1348 1182 1386 vas
1245 1335 1359 1388 ira.
1423 1332 1501 1387 lta
1549 1351 1679 1404 ergo
1726 1336 1988 1391 rationem

414 1442 576 1495 quam
599 1427 669 1480 ibi
700 1427 920 1494 indigne
951 1424 1302 1493 poscentibus
1340 1424 1564 1491 claudit,
1601 1428 1688 1481 hic
1712 1429 1873 1496 digne
1896 1429 1992 1480 de-

414 1519 779 1571 siderantibus
820 1517 1011 1586 pandit
1053 1535 1068 1571 :
1105 1535 1203 1588 per
1247 1533 1409 1588 quam
1450 1519 1624 1579 etiam
1676 1518 1805 1572 illud
1849 1518 1991 1587 quod

414 1611 572 1678 paulo
596 1619 721 1664 ante
750 1609 996 1666 deJacob
1017 1621 1071 1665 et
1105 1614 1245 1667 Esau
1282 1611 1565 1682 preposuit
1592 1611 1993 1682 (l7),apertius

413 1703 752 1770 explanatur.
802 1701 869 1757 Ut
912 1702 1056 1756 enim
1094 1701 1262 1758 Jacob
1301 1712 1450 1757 esset
1482 1716 1579 1755 vas
1624 1704 1689 1754 ad
1726 1703 1988 1756 honorem

2090 520 2426 589 junclionem
2458 523 2613 575 istam
2660 522 2910 589 reliquit;
2938 538 3056 591 qua
3092 522 3256 576 etiam
3294 521 3340 577 si
3378 536 3483 574 non
3514 536 3670 574 assu-

2096 622 2307 676 matur,
2355 614 2586 666 lucidior
2649 616 2852 681 absque
2903 628 2966 667 ea
3032 613 3252 666 dabitur
3306 611 3614 666 intellectus
3651 628 3667 661 :

2094 703 2242 755 verbi
2270 719 2456 766 causa,
2489 712 2546 756 ut
2581 704 2650 756 ita
2684 704 2925 772 legamus
2958 721 2969 754 :
3013 722 3031 752 ι
3076 703 3276 756 Volens
3308 701 3448 755 Deus
3479 711 3670 755 osten-

2094 791 2224 845 dere
2256 792 2415 855 iram,
2453 803 2507 846 et
2538 805 2721 846 notam
2756 794 2938 846 facere
2965 794 3257 861 potentiam
3288 807 3465 852 suam,
3500 793 3667 847 susti-

2095 885 2212 937 nuit.
2250 885 2301 936 in
2337 884 2500 936 multa
2529 886 2794 954 patientia
2829 901 2955 938 vasa
3002 888 3094 938 ira
3129 895 3252 953 apta
3296 886 3348 937 in
3401 885 3663 952 perditio-

2095 988 2240 1037 nem,
2278 982 2335 1026 ut
2378 985 2534 1028 notas
2582 976 2786 1029 faceret
2815 976 3036 1029 divitias
3083 976 3267 1044 gloria
3294 977 3488 1030 suain
3521 976 3670 1028 vasis

2094 1065 2500 1121 misericordia.
2539 1086 2559 1118 ι
2600 1067 2656 1120 lu
2700 1082 2810 1135 quo
2852 1069 2955 1121 hoc
2989 1068 3205 1120 videtur
3249 1068 3502 1136 intelligi,
3544 1068 3671 1134 quia

2093 1153 2220 1207 dum
2267 1155 2498 1208 sustinet
2535 1156 2677 1209 Deus
2724 1164 2781 1209 et
2821 1156 3093 1223 patienter
3136 1153 3243 1209 fert
3287 1155 3593 1209 incredulos
3618 1156 3673 1208 et

2094 1244 2364 1310 inﬁdeles,
2413 1255 2599 1300 notam
2646 1247 2783 1302 facit
2823 1247 3134 1303 hominibus
3165 1255 3220 1300 et
3263 1248 3580 1316 patientiam
3616 1257 3673 1301 ct

2094 1338 2388 1404 potentiam
2416 1352 2574 1392 suam
2611 1356 2625 1393 :
2659 1338 3008 1407 patientiam,
3047 1339 3175 1392 dum
3216 1339 3306 1392 diu
3344 1339 3593 1401 sustinet,
3625 1339 3670 1390 si

2093 1425 2233 1481 forte
2255 1426 2607 1495 resipiscant,
2633 1439 2690 1482 et
2710 1436 3102 1482 convertantur
3127 1443 3142 1493 ;
3184 1428 3510 1495 potentiam,
3538 1428 3668 1481 dum

2092 1518 2387 1587 aliquando
2417 1520 2594 1587 punit,
2618 1531 2673 1573 et
2702 1520 2905 1589 ﬂagitia
2936 1536 3044 1574 non
3082 1534 3469 1588 usquequaque
3502 1519 3667 1571 inulta

2093 1610 2445 1679 derelinquit.
2484 1612 2549 1664 Et
2581 1626 2798 1664 rursum
2836 1629 2855 1662 ι
2896 1612 2952 1664 in
3006 1611 3148 1663 vasis
3198 1611 3604 1675 misericordia,
3644 1629 3663 1661 ι

2095 1702 2198 1755 hoc
2249 1712 2353 1766 est,
2406 1703 2498 1772 qui
2545 1705 2866 1771 semetipsos
2916 1704 3349 1757 eutuudaveruut
3395 1704 3462 1755 ab
3516 1702 3669 1755 ouiui

412 1790 831 1855 sanctiﬁcatum,
867 1802 922 1846 et
953 1792 1084 1845 utile
1124 1791 1353 1846 Domino
1377 1832 1392 1856 ,
1430 1791 1498 1845 ad
1523 1805 1687 1845 omne
1714 1804 1853 1858 opus
1893 1792 1990 1844 bo-
2023 1778 2071 1839 Β
2095 1794 2254 1849 sorde
2288 1795 2519 1862 peccati,
2548 1811 2614 1849 ex
2647 1810 2751 1864 qua
2787 1814 2809 1847 ι
2850 1798 3080 1851 mundus
3107 1812 3211 1850 non
3243 1806 3327 1847 eSt
3355 1796 3667 1863 quisquam,

412 1898 538 1936 num
561 1892 828 1950 paratum,
848 1884 1028 1950 anima
1046 1883 1161 1950 ejus
1177 1884 1577 1938 emundaVerat
1599 1881 1986 1948 semetipsam:

410 1987 463 2028 et
494 1976 681 2029 videns
709 1975 851 2029 Deus
876 1976 1164 2038 puritatem
1194 1974 1409 2043 ejus,et
1429 1982 1752 2043 potestatem
1783 1973 1988 2027 habens

413 2082 480 2119 ex
516 2068 704 2120 eadem
737 2082 914 2120 massa
942 2066 1125 2121 facere
1150 2068 1296 2121 aliud
1324 2081 1418 2120 vas
1435 2068 1500 2120 ad
1532 2066 1818 2129 honorem,
1842 2065 1988 2120 aliud

413 2159 480 2210 ad
519 2158 934 2222 contumeliam,
987 2158 1153 2214 Jacob
1200 2159 1418 2229 quidem
1463 2159 1578 2227 qui,
1614 2168 1673 2213 ut
1729 2159 1985 2225 diximus,

410 2249 798 2303 emumlaverat
824 2250 934 2320 (18)
950 2250 1324 2318 semetipsum,
1346 2249 1477 2304 fecit
1496 2265 1591 2304 vas
1614 2251 1680 2304 ad
1705 2249 1987 2317 honorem;

415 2338 553 2391 Esau
586 2354 716 2392 vero
742 2340 897 2407 cujus
914 2341 1147 2393 animam
1173 2354 1277 2392 non
1309 2339 1383 2393 ita
1412 2354 1604 2409 puram
1633 2356 1733 2396 nec
1761 2340 1832 2394 ita
1858 2324 1990 2394 sim-

412 2429 605 2495 pliecm
644 2431 813 2494 vidit,
839 2447 905 2485 ex
946 2431 1135 2485 eadem
1174 2446 1357 2486 massa
1389 2432 1522 2486 fecit
1554 2448 1650 2486 vas
1694 2432 1760 2484 ad
1793 2441 1988 2487 contn-

413 2525 650 2578 meliam.
690 2524 757 2579 Ut
778 2534 956 2579 autem
980 2527 1126 2581 scias
1146 2527 1290 2594 quod
1315 2540 1414 2592 pro
1440 2526 1679 2594 puritate
1704 2534 1760 2579 et
1780 2525 1990 2593 simpli-

413 2618 578 2670 citate
621 2620 814 2672 anima
852 2617 1024 2672 Jacob
1056 2618 1233 2672 factus
1258 2618 1425 2673 fuerit
1464 2635 1561 2673 vas
1591 2620 1656 2673 ad
1705 2619 1988 2679 honorem,

412 2707 537 2761 amli
578 2708 735 2776 quale
773 2709 821 2761 ei
852 2708 1034 2761 divina
1087 2708 1370 2777 Scriptura
1415 2710 1787 2777 simplicitatis
1836 2710 1991 2763 tesri-

414 2798 651 2851 monium
711 2799 977 2866 perhibet.
1028 2818 1047 2851 ι
1078 2799 1144 2854 Et
1192 2810 1332 2865 erat,
1381 2802 1576 2870 inquit,
1630 2800 1797 2857 Jacoh
1826 2803 1990 2858 homo

412 2889 661 2957 simplex,
693 2890 943 2944 habitans
975 2891 1196 2946 domum
1226 2892 1294 2946 3'.
1340 2911 1359 2943 ι
1398 2893 1680 2961 ldeo.ergo
1702 2896 1990 2962 Apostolus

412 2980 545 3034 dicit
566 2980 631 3033 de
656 2980 757 3045 eis,
794 2980 919 3047 quia
944 2984 1261 3050 priusquam
1297 2993 1655 3036 nascerentur
1688 2985 1890 3037 dicitur
1922 2987 1988 3040 de

412 3084 492 3124 ets
519 3086 532 3121 :
571 3087 589 3120 ι
625 3067 789 3123 Iacob
813 3070 994 3135 dilexi,
1028 3071 1167 3125 Esau
1199 3080 1380 3126 autem
1407 3074 1534 3126 odio
1568 3074 1726 3127 habui
1752 3075 1874 3130 Ψ.»

482 3160 569 3215 18.
612 3179 630 3210 ι
675 3162 826 3226 Quod
857 3162 900 3215 si
928 3162 1115 3217 volens
1143 3162 1289 3218 Deus
1316 3164 1606 3218 ostendere
1633 3168 1789 3227 iram,
1818 3176 1870 3219 et
1885 3183 1986 3221 no-
2012 3148 2055 3204 Ο

415 3261 522 3305 tam
545 3251 724 3306 facere
757 3254 1049 3321 potentiam
1082 3270 1263 3318 suam,
1295 3255 1558 3309 sustinuit
1592 3257 1645 3311 in
1682 3259 1847 3311 intdta
1890 3274 1984 3328 pa-

414 3346 602 3400 tientia
638 3361 764 3399 vasa
801 3347 894 3400 ira
916 3356 1039 3415 apta
1074 3347 1125 3400 in
1155 3349 1535 3416 perditionem,
1569 3360 1626 3402 ut
1661 3360 1814 3405 notas
1842 3351 1988 3406 lace-

414 3448 497 3492 ret
516 3439 728 3493 divitias
758 3439 943 3508 gloria
974 3454 1088 3494 sua
1116 3440 1167 3493 in
1215 3441 1357 3494 vasis
1399 3440 1822 3507 misericordia,
1866 3460 1985 3513 qua

415 3531 738 3599 praparavit
775 3531 826 3583 in
870 3531 1094 3599 gloriam
1128 3544 1280 3585 suam
1318 3547 1332 3583 :
1370 3545 1507 3599 quos
1547 3541 1605 3587 et
1641 3535 1858 3589 vocavit
1888 3550 1986 3590 nos

413 3636 520 3674 non
547 3622 719 3674 solum
752 3622 863 3692 (l9)
899 3636 964 3675 ex
999 3619 1223 3686 Judais,
1275 3624 1366 3676 sed
1394 3624 1557 3676 etiam
1605 3639 1672 3677 ex
1714 3624 1983 3692 gentibus,

413 3713 618 3765 sicutin
637 3711 775 3767 Osee
792 3714 918 3766 dicit
938 3731 950 3767 :
973 3713 1185 3767 Vocaho
1206 3730 1314 3767 non
1332 3714 1541 3782 plebem
1561 3729 1758 3777 meam,
1775 3715 1984 3782 plebem

415 3816 618 3867 meam;
650 3812 705 3856 et
735 3819 838 3857 non
865 3804 1135 3868 dilectam,
1158 3803 1438 3869 dilectam;
1464 3815 1640 3859 etnon
1676 3807 1987 3860 misericor-

411 3892 556 3947 diam
575 3904 940 3960 consecutam,
958 3894 1379 3949 misericordiam
1399 3898 1982 3954 consecutam.Eterit:

412 3986 470 4039 ln
505 3984 646 4049 loco,
668 3986 761 4040 ubi
780 3985 982 4041 dictum
1007 3996 1091 4040 est
1118 3988 1197 4040 eis
1227 4004 1240 4039 :
1266 3984 1380 4039 Non
1407 3988 1559 4056 plebs
1586 4004 1708 4043 mea
1739 4004 1837 4045 vos
1862 4006 1877 4043 :
1912 3990 1985 4044 ibi

410 4080 751 4130 vocabuntur
780 4077 872 4130 lilii
895 4076 987 4129 Dei
1021 4076 1125 4130 vivi
1156 4077 1223 4132 ³³.
1260 4097 1278 4129 ι
1315 4078 1470 4147 Sape
1506 4081 1571 4132 de
1608 4080 1988 4150 incompositis

412 4169 808 4224 elocutionibus
831 4171 1076 4239 Apostoli
1099 4169 1511 4239 defectibusque
1529 4186 1716 4224 earum
1747 4187 1987 4228 commo-

413 4263 650 4333 nuimns,
681 4264 825 4331 quod
859 4272 915 4315 et
940 4265 991 4316 in
1022 4264 1272 4332 praseuti
1304 4262 1423 4317 loco
1455 4263 1808 4319 nihilominus
1830 4264 1987 4320 inve-

412 4356 575 4409 nitur.
641 4353 753 4405 Non
815 4356 957 4408 enim
1013 4356 1257 4410 redditur
1316 4355 1383 4409 ad
1439 4356 1643 4425 aliquid
1705 4359 1810 4411 hoc
1871 4358 1984 4429 (20)

411 4448 552 4514 quod
609 4446 684 4499 ait
728 4446 779 4499 in
828 4447 1095 4517 principio
1140 4447 1364 4516 capituli
1403 4465 1416 4501 :
1458 4466 1475 4499 ε
1510 4447 1662 4514 Quod
1707 4450 1751 4504 si
1798 4451 1987 4507 volens

416 4536 573 4595 Dens.
622 4559 640 4591 ι
693 4539 849 4594 Verbi
909 4557 1113 4606 causa,
1188 4551 1247 4594 ut
1315 4550 1371 4594 et
1436 4542 1490 4594 in
1548 4541 1671 4596 aliis
1734 4543 1845 4611 ipsc
1908 4547 1989 4601 di-

414 4629 598 4684 xit“:
632 4649 651 4681 ι
691 4631 842 4696 Quod
866 4633 911 4686 si
946 4632 1197 4701 primitia
1222 4643 1446 4697 sancta,
1465 4642 1520 4686 et
1552 4648 1729 4688 massa
1762 4633 1877 4706 (2|)
1907 4654 1920 4689 :
1960 4656 1980 4690 ι

486 4812 529 4844 ³⁸
563 4812 603 4866 ΙΙ
639 4810 778 4867 Tim.
811 4828 868 4873 tt.
919 4810 1005 4866 2|.

414 4882 458 4917 ³⁸
484 4883 583 4939 Job
611 4898 719 4947 xw,
751 4883 807 4949 4,
841 4882 894 4936 5.
999 4880 1044 4913 ³⁸
1073 4881 1216 4936 Psal.
1248 4897 1377 4947 xxx,
1416 4880 1509 4935 20.

512 5018 597 5081 16)
625 5019 788 5080 Editi,
818 5035 838 5069 ί
879 5018 1143 5071 maculam
1167 5017 1422 5073 ablueril.
1460 5038 1478 5070 ι

516 5090 602 5158 17)
636 5088 811 5153 Alias,
844 5107 863 5140 σ
896 5088 1167 5158 proponit.
1200 5106 1218 5138 ι

487 5157 601 5230 (18)
623 5159 789 5230 Alias,
813 5176 831 5209 ι
867 5157 1203 5230 einundavit.
1247 5175 1267 5210 ι

489 5227 851 5302 (l9)_Editi,¢
882 5228 1117 5283 sustinet
1152 5228 1203 5280 in
1243 5227 1411 5302 multa
1438 5229 1710 5302 patientia
1735 5245 1860 5282 vasa
1892 5232 1987 5286 ira

412 5310 538 5370 apta
571 5298 638 5353 ad
661 5301 964 5358 interitum,
991 5307 1049 5351 ut
1074 5298 1389 5370 ostenderet
1419 5299 1637 5370 divitias
1664 5300 1847 5369 gloria:
1876 5318 1987 5356 sua

415 5367 466 5423 in
494 5386 715 5424 vasa....
746 5384 866 5438 qua
888 5368 1212 5436 praparavit
1238 5370 1287 5421 iu
1310 5367 1561 5437 gloriam,
1590 5367 1728 5438 ques
1748 5382 1803 5424 et
1826 5387 1989 5425 voca-

416 5441 491 5495 vit
514 5456 619 5494 nou
650 5439 844 5503 solum,
890 5458 909 5490 )
937 5449 1042 5491 etc.

487 5510 599 5580 (20)
632 5510 722 5580 Sic
764 5502 892 5562 mss.
936 5502 1507 5580 plerique,__Rabanus
1531 5550 1544 5573 ,
1583 5517 1637 5563 et
1662 5509 1847 5580 editi.
1883 5508 1984 5562 Ms.

415 5574 544 5651 vero
575 5574 773 5651 llegius
798 5574 1123 5642 num.ili39,
1157 5596 1175 5627 «
1214 5574 1331 5630 Non
1354 5578 1496 5633 enim
1525 5578 1756 5634 reddidit
1783 5579 1986 5650 aliquid

416 5650 482 5704 ad
506 5650 626 5712 hoc,
658 5650 687 5699 »⁷
703 5658 810 5703 etc.
1872 5656 1875 5657 '

486 5718 598 5790 (2|)
622 5719 787 5785 Alias,
827 5737 846 5770 ι
883 5727 936 5772 et
960 5731 1171 5770 massa.
1206 5733 1225 5767 ι

2090 1886 2301 1941 etiamsi
2345 1888 2507 1941 unius
2551 1887 2657 1941 diei
2706 1887 2872 1942 fuerit
2916 1889 3021 1943 vita
3056 1888 3172 1955 ejus
3207 1888 3250 1918 ³⁵
3278 1885 3411 1958 (22),
3455 1906 3474 1937 ι
3514 1899 3672 1940 notas

2092 1976 2466 2033 laeitdivitias
2499 1979 2686 2045 gloria
2711 1995 2820 2034 sua
2847 1995 2862 2032 :
2890 1996 3010 2049 qua
3053 1996 3179 2033 vasa
3228 1995 3334 2033 non
3377 1979 3671 2032 irrationa-

2090 2063 2185 2117 bili
2218 2064 2418 2133 aliqua,
2447 2076 2541 2119 aut
2570 2066 2792 2122 fortuita
2835 2069 3034 2136 gratia,
3074 2070 3166 2123 sed
3196 2068 3452 2136 quoniam
3492 2068 3606 2135 ipsa
3637 2082 3670 2121 ι

2091 2158 2422 2226 supradictis
2452 2159 2568 2226 (25)
2615 2159 2870 2214 sordibus
2922 2175 2980 2214 se
3018 2170 3476 2230 expurgaverant,
3531 2174 3669 2226 pra-

2091 2250 2305 2318 paravit
2332 2250 2384 2303 in
2407 2250 2664 2320 gloriam.
2692 2250 2844 2316 Quod
2881 2262 3060 2305 autem
3095 2250 3418 2318 subjungit:
3463 2268 3482 2300 σ
3521 2249 3670 2316 Quos

2091 2351 2146 2394 et
2178 2342 2388 2395 vocavit
2418 2357 2516 2396 nos
2539 2342 2688 2412 (24);
2732 2362 2751 2394 ι
2785 2358 2882 2411 pro
2918 2358 2984 2396 eo
3013 2353 3070 2396 ut
3111 2344 3155 2396 si
3199 2343 3426 2396 dixisset
3463 2360 3477 2395 :
3515 2343 3670 2397 Sicut

2093 2448 2195 2487 nos
2229 2448 2364 2502 quos
2393 2434 2606 2487 vocavit
2631 2452 2650 2484 ‹
2699 2451 2804 2514 non
2837 2434 3006 2486 solum
3048 2449 3113 2486 ex
3145 2430 3364 2497 Judais,
3387 2434 3479 2485 sed
3502 2433 3665 2485 etiam

2092 2539 2159 2576 ex
2202 2526 2476 2591 gentibus.
2519 2544 2539 2577 ›
2582 2525 2876 2593 Superiora
2908 2528 3055 2578 enim
3095 2525 3248 2594 quasi
3293 2525 3357 2578 de
3382 2523 3670 2577 Pharaone

2092 2613 2183 2683 qui
2212 2612 2312 2666 luit
2339 2629 2431 2668 vas
2454 2614 2571 2679 ira,
2593 2614 2732 2668 etde
2761 2615 2888 2668 liliis
2926 2614 3086 2668 Israel
3110 2618 3199 2682 qui
3227 2626 3383 2667 erant
3408 2629 3533 2667 vasa
3578 2614 3672 2666 mi-

2093 2707 2426 2769 sericordia,
2486 2716 2808 2775 prosecutus
2881 2707 3117 2761 videtur.
3193 2707 3289 2760 llic
3342 2722 3473 2776 ergo
3524 2707 3669 2774 quod

2091 2796 2390 2865 subjungit,
2423 2815 2441 2845 ‹
2480 2795 2627 2861 Quos
2649 2806 2706 2851 et
2739 2798 2954 2850 vocavit
2983 2812 3099 2860 nos,
3129 2814 3236 2849 non
3272 2798 3445 2848 solum
3476 2812 3541 2850 ex
3566 2796 3664 2849 Ju-

2093 2888 2246 2951 dais,
2282 2890 2376 2942 sed
2406 2887 2570 2940 etiam
2613 2902 2683 2942 ex
2728 2891 3000 2959 gentibus,
3031 2908 3049 2940 ι
3071 2890 3478 2943 similitudinem
3515 2890 3670 2943 vide-

2094 2989 2183 3033 tur
2214 2994 2493 3034 assumere
2525 2997 2538 3034 :
2575 2979 2680 3033 hoc
2728 2990 2834 3043 est,
2881 2989 2939 3032 ut
2983 2981 3057 3032 ita
3105 2980 3309 3033 dictmu
3367 2981 3667 3035 videatur:

2093 3073 2321 3128 Sicutet
2354 3088 2452 3125 nos
2487 3085 2675 3125 sumus
2723 3086 2852 3129 vasa
2894 3070 3306 3136 misericordia,
3339 3088 3477 3141 quos
3505 3089 3669 3127 voca-

2093 3165 2169 3216 vit
2203 3177 2306 3217 nou
2337 3160 2513 3217 solum
2558 3176 2623 3214 ex
2657 3158 2879 3226 Judais,
2911 3161 3007 3214 sed
3054 3161 3220 3215 etiam
3270 3178 3345 3217 ex.
3391 3164 3668 3231 gentibus.

2094 3255 2243 3320 Haec,
2282 3264 2540 3323 quantum
2570 3254 2635 3307 ad
2668 3254 2841 3323 ipsius
2870 3254 3150 3322 apostolici
3199 3257 3472 3309 sermonis
3515 3255 3672 3308 nuli--

2094 3362 2214 3400 nem
2270 3345 2816 3413 explanatimtemque
2870 3345 3157 3398 verborum
3214 3347 3472 3412 pertinet,
3521 3346 3668 3399 dicta

2094 3439 2222 3492 siut.
2252 3436 2404 3490 Nunc
2435 3438 2672 3490 breviter
2708 3445 3037 3503 repetentes,
3073 3435 3256 3503 aliqua
3293 3435 3458 3488 etiam
3489 3435 3556 3488 de
3589 3437 3674 3487 in-

2098 3529 2315 3587 tellectu
2348 3529 2610 3582 interiore
2654 3528 3009 3595 requiramus.
3051 3527 3333 3590 Quomodo
3363 3540 3491 3593 ergo
3529 3523 3672 3580 Deus

2095 3620 2440 3676 ttotam'l'acit
2473 3619 2586 3691 (25)
2622 3619 2755 3671 iram
2786 3617 2982 3672 suam?
3016 3616 3118 3669 l’er
3151 3633 3303 3678 vasa,
3349 3616 3544 3684 inquit,
3577 3616 3673 3670 ira

2094 3722 2274 3780 aptata
2323 3710 2376 3765 in
2418 3711 2796 3781 perditionem.
2850 3708 3188 3776 Obstupesco
3234 3724 3334 3776 ego
3388 3710 3528 3776 apud
3561 3722 3674 3761 me-

2094 3808 2383 3875 mctipsum
2416 3803 2527 3875 (26)
2562 3804 2735 3858 sancti
2769 3802 3006 3871 Spiritus
3050 3800 3338 3855 consilium
3376 3801 3427 3853 in
3469 3800 3670 3852 divinis

2094 3898 2461 3955 voluminibus
2498 3906 2785 3951 contuens.
2816 3892 2949 3947 Nam
2980 3894 3116 3947 iram
3150 3892 3367 3962 quidem
3408 3891 3504 3944 Dci
3546 3906 3668 3960 qua

2094 4004 2174 4049 est
2203 4009 2232 4046 a
2262 4001 2455 4044 natura
2484 3988 2600 4055 ejus
2624 3996 2914 4049 extranea,
2957 3995 3139 4038 notam
3188 3986 3305 4037 lieri
3353 3983 3670 4038 hominibus

2095 4087 2247 4148 dicit,
2297 4084 2438 4137 sicut
2490 4094 2728 4149 prasens
2785 4079 2873 4132 hic
2922 4076 3171 4145 Apostoli
3222 4078 3428 4129 indicat
3473 4075 3669 4128 locus:

2095 4181 2395 4235 bonitatem
2425 4189 2553 4228 vero
2581 4173 2721 4242 ejus,
2765 4181 2820 4226 et
2856 4171 3224 4233 dulcedinem,
3272 4168 3414 4237 quod
3463 4178 3671 4221 natura:

2094 4273 2212 4341 ejus
2242 4280 2322 4322 est
2351 4267 2652 4336 proprium,
2687 4265 2944 4318 abscondi
2979 4275 3265 4325 memorat,
3293 4272 3346 4314 et
3376 4261 3666 4320 occultari.

2095 4366 2237 4419 sicut
2265 4361 2430 4414 David
2484 4359 2614 4412 dicit
2646 4375 2662 4410 :
2699 4376 2717 4408 ι
2758 4357 2928 4422 Quam
2979 4372 3174 4420 magna
3231 4354 3519 4407 multitudo
3548 4354 3666 4405 dul-

2095 4455 2305 4511 cedinis
2355 4462 2478 4513 tua,
2529 4451 2774 4513 Domine,
2813 4465 2976 4517 quam
3026 4447 3357 4501 abscondisti
3421 4448 3663 4500 timenti-

2095 4547 2198 4601 bus
2243 4556 2295 4598 te
2331 4540 2408 4594 ³⁸1
2455 4541 2631 4606 iQuid
2685 4555 2811 4608 ergo
2837 4554 3013 4592 causa
3066 4538 3309 4590 dicemus
3354 4536 3495 4604 quod
3535 4536 3673 4588 Dens

2094 4637 2230 4691 iram
2263 4632 2573 4689 manifestat
2603 4632 2934 4695 hominibus,
2983 4641 3039 4685 et
3087 4629 3429 4683 dulcedinem
3485 4624 3672 4679 celat?

1122 4809 1327 4891 aenae“,
1355 4825 1483 4891 xxv,
1502 4809 1593 4865 27.
1668 4812 1734 4846 ³³⁸
1766 4816 1989 4877 Malacb.

2107 4824 2162 4885 2;
2190 4823 2347 4878 Rom.
2387 4837 2463 4887 tx,
2511 4821 2600 4876 1'5.
2677 4818 2720 4851 ³³
2756 4819 2884 4875 ibid.
2908 4815 2978 4871 22
3008 4828 3124 4884 seq.
3201 4809 3247 4842 “
3268 4811 3423 4864 Rom.
3457 4824 3533 4872 xi,
3582 4807 3669 4864 16.

2169 5019 2280 5089 (22)
2310 5016 2459 5071 Emtt'
2483 5023 2604 5083 post
2640 5033 2659 5066 ι
2692 5015 2801 5089 vita
2846 5012 2963 5089 ejus
2997 5032 3016 5064 ι
3066 5012 3269 5089 addunt
3304 5029 3325 5063 ‹
3366 5026 3529 5080 super
3559 5022 3672 5089 ter-

2098 5083 2233 5149 ram,
2263 5083 2292 5140 ἰ
2322 5103 2437 5157 qua
2477 5089 2641 5140 verba
2674 5086 2866 5139 desunt
2911 5085 2961 5136 iu
2998 5083 3251 5136 omnibus
3303 5098 3435 5138 nitas.
3467 5084 3672 5138 nostris

2094 5171 2150 5213 et
2178 5161 2314 5225 apud
2342 5160 2645 5211 Rabanum.

2164 5221 2280 5301 (25)
2312 5228 2452 5282 Editi
2477 5267 2491 5290 ,
2533 5244 2550 5276 ι
2587 5225 2681 5301 sed
2714 5239 2835 5277 cum
2875 5237 2935 5275 ea
2969 5222 3316 5301 supradictis,
3359 5241 3378 5273 ι
3416 5232 3524 5301 εξιςξ
3560 5221 3661 5301 his.

2093 5292 2310 5362 unus,'¢
2357 5300 2450 5353 sed
2486 5295 2742 5366 quoniam
2793 5309 2855 5347 se
2904 5296 3249 5361 supradictis,
3282 5312 3310 5366 i
3340 5303 3448 5366 etc.
3481 5292 3665 5345 Raba-

2095 5386 2216 5434 nus,
2252 5387 2271 5420 ς
2306 5370 2398 5423 sed
2424 5364 2684 5435 quintium
2714 5379 2842 5417 ecce
2873 5380 2993 5431 qua
3028 5380 3056 5416 a
3094 5364 3444 5431 supradictis,
3486 5382 3506 5417 υ
3552 5373 3663 5418 etc.

2098 5440 2203 5496 Sed
2239 5455 2366 5492 mss.
2405 5445 2511 5491 duo
2549 5445 2695 5489 recte
2732 5447 2789 5486 ut
2821 5435 2872 5486 in
2919 5446 3105 5488 nostro
3139 5443 3307 5488 textu.

2166 5508 2279 5577 (24)
2310 5510 2471 5561 Deest
2503 5524 2521 5556 ε
2561 5521 2659 5557 nos
2701 5523 2715 5553 ι
2756 5506 2809 5577 in
2829 5504 3010 5577 editis.
3254 5508 3257 5511 “

2167 5572 2281 5649 (25)
2311 5578 2475 5649 Editi,
2512 5594 2531 5626 ι
2564 5586 2755 5649 notam
2793 5572 2970 5649 iaciet.
3005 5591 3023 5622 ι

2167 5646 2279 5720 (26)
2312 5647 2475 5716 Editi,
2513 5666 2531 5699 ί
2564 5646 2705 5700 intra
2738 5646 3135 5712 memetipsum.
3170 5657 3193 5692 ι
