  <div class='ocr_page' id='page_1' title='image "/cluster/home/n/w/nwhite01/storage/ocr_20150623/14:no.4/coo.31924054872928/587.png"; bbox 0 0 4146 6424; ppageno 0'>
   <div class='ocr_carea' id='block_1_1' title="bbox 507 304 3760 364">
    <p class='ocr_par' dir='ltr' id='par_1_1' title="bbox 507 304 3760 364">
     <span class='ocr_line' id='line_1_1' title="bbox 507 304 3760 364; baseline -0 -2"><span class='ocrx_word' id='word_1_1' title='bbox 507 307 633 364; x_wconf 66' lang='lat' dir='ltr'><strong>HE“</strong></span> <span class='ocrx_word' id='word_1_2' title='bbox 1975 304 2298 362; x_wconf 76' lang='lat' dir='ltr'><strong>ORIGENIS</strong></span> <span class='ocrx_word' id='word_1_3' title='bbox 3622 309 3760 361; x_wconf 78' lang='lat' dir='ltr'><strong>H32</strong></span> 
     </span>
    </p>
   </div>
   <div class='ocr_carea' id='block_1_2' title="bbox 498 415 3758 489">
    <p class='ocr_par' dir='ltr' id='par_1_2' title="bbox 498 415 3758 489">
     <span class='ocr_line' id='line_1_2' title="bbox 498 415 3758 489; baseline 0.001 -15"><span class='ocrx_word' id='word_1_4' title='bbox 498 424 613 475; x_wconf 76' lang='lat' dir='ltr'><strong>Scit</strong></span> <span class='ocrx_word' id='word_1_5' title='bbox 646 434 762 474; x_wconf 79' lang='lat' dir='ltr'><strong>sine</strong></span> <span class='ocrx_word' id='word_1_6' title='bbox 789 418 954 473; x_wconf 85' lang='lat' dir='ltr'><strong>dubio</strong></span> <span class='ocrx_word' id='word_1_7' title='bbox 985 417 1175 486; x_wconf 79' lang='lat' dir='ltr'><strong>fragile</strong></span> <span class='ocrx_word' id='word_1_8' title='bbox 1201 431 1324 472; x_wconf 89' lang='lat' dir='ltr'><strong>esse</strong></span> <span class='ocrx_word' id='word_1_9' title='bbox 1351 417 1634 472; x_wconf 85' lang='lat' dir='ltr'><strong>hominum</strong></span> <span class='ocrx_word' id='word_1_10' title='bbox 1680 433 1872 489; x_wconf 88' lang='lat' dir='ltr'><strong>genus,</strong></span> <span class='ocrx_word' id='word_1_11' title='bbox 1919 429 1975 474; x_wconf 91' lang='lat' dir='ltr'><strong>et</strong></span> <span class='ocrx_word' id='word_1_12' title='bbox 2004 420 2071 473; x_wconf 92' lang='lat' dir='ltr'><strong>ad</strong></span> <span class='ocrx_word' id='word_1_13' title='bbox 2102 433 2145 488; x_wconf 76' lang='grc' dir='ltr'><strong>Α</strong></span> <span class='ocrx_word' id='word_1_14' title='bbox 2179 417 2616 474; x_wconf 84' lang='lat' dir='ltr'><strong>misericordiam</strong></span> <span class='ocrx_word' id='word_1_15' title='bbox 2664 423 3034 471; x_wconf 90' lang='lat' dir='ltr'><strong>consecutam.</strong></span> <span class='ocrx_word' id='word_1_16' title='bbox 3083 415 3153 469; x_wconf 87' lang='lat' dir='ltr'><strong>Et</strong></span> <span class='ocrx_word' id='word_1_17' title='bbox 3183 417 3308 485; x_wconf 70' lang='lat' dir='ltr'><strong>{erit</strong></span> <span class='ocrx_word' id='word_1_18' title='bbox 3340 433 3355 472; x_wconf 89' lang='lat'><strong>:</strong></span> <span class='ocrx_word' id='word_1_19' title='bbox 3401 418 3459 472; x_wconf 88' lang='lat' dir='ltr'><strong>In</strong></span> <span class='ocrx_word' id='word_1_20' title='bbox 3508 421 3630 475; x_wconf 81' lang='lat' dir='ltr'><strong>loco</strong></span> <span class='ocrx_word' id='word_1_21' title='bbox 3664 425 3758 477; x_wconf 80' lang='lat' dir='ltr'><strong>ubi</strong></span> 
     </span>
    </p>
   </div>
   <div class='ocr_carea' id='block_1_3' title="bbox 500 505 3758 579">
    <p class='ocr_par' dir='ltr' id='par_1_3' title="bbox 500 505 3758 579">
     <span class='ocr_line' id='line_1_3' title="bbox 500 505 3758 579; baseline 0 -15"><span class='ocrx_word' id='word_1_22' title='bbox 500 512 705 579; x_wconf 81' lang='lat' dir='ltr'><strong>lapsum</strong></span> <span class='ocrx_word' id='word_1_23' title='bbox 736 508 973 576; x_wconf 83' lang='lat' dir='ltr'><strong>proclive</strong></span> <span class='ocrx_word' id='word_1_24' title='bbox 1009 520 1108 576; x_wconf 92' lang='lat' dir='ltr'><strong>per</strong></span> <span class='ocrx_word' id='word_1_25' title='bbox 1141 507 1551 577; x_wconf 71' lang='lat' dir='ltr'><strong>negligentiam,</strong></span> <span class='ocrx_word' id='word_1_26' title='bbox 1595 510 1791 575; x_wconf 87' lang='lat' dir='ltr'><strong>quibus</strong></span> <span class='ocrx_word' id='word_1_27' title='bbox 1828 511 2079 579; x_wconf 80' lang='lat' dir='ltr'><strong>expediat</strong></span> <span class='ocrx_word' id='word_1_28' title='bbox 2180 509 2384 564; x_wconf 92' lang='lat' dir='ltr'><strong>dictum</strong></span> <span class='ocrx_word' id='word_1_29' title='bbox 2412 517 2500 563; x_wconf 88' lang='lat' dir='ltr'><strong>est</strong></span> <span class='ocrx_word' id='word_1_30' title='bbox 2524 507 2606 562; x_wconf 91' lang='lat' dir='ltr'><strong>eis</strong></span> <span class='ocrx_word' id='word_1_31' title='bbox 2630 525 2645 562; x_wconf 90' lang='lat'><strong>:</strong></span> <span class='ocrx_word' id='word_1_32' title='bbox 2669 506 2786 561; x_wconf 85' lang='lat' dir='ltr'><strong>Non</strong></span> <span class='ocrx_word' id='word_1_33' title='bbox 2817 505 2971 576; x_wconf 82' lang='lat' dir='ltr'><strong>plebs</strong></span> <span class='ocrx_word' id='word_1_34' title='bbox 3005 520 3125 560; x_wconf 90' lang='lat' dir='ltr'><strong>mea</strong></span> <span class='ocrx_word' id='word_1_35' title='bbox 3151 522 3268 572; x_wconf 91' lang='lat' dir='ltr'><strong>vos,</strong></span> <span class='ocrx_word' id='word_1_36' title='bbox 3309 508 3382 562; x_wconf 87' lang='lat' dir='ltr'><strong>ibi</strong></span> <span class='ocrx_word' id='word_1_37' title='bbox 3415 510 3758 567; x_wconf 88' lang='lat' dir='ltr'><strong>vocabuntur</strong></span> 
     </span>
    </p>
   </div>
   <div class='ocr_carea' id='block_1_4' title="bbox 501 596 3758 669">
    <p class='ocr_par' dir='ltr' id='par_1_4' title="bbox 501 596 3758 669">
     <span class='ocr_line' id='line_1_4' title="bbox 501 596 3758 669; baseline 0.001 -17"><span class='ocrx_word' id='word_1_38' title='bbox 501 598 674 668; x_wconf 89' lang='lat' dir='ltr'><strong>magis</strong></span> <span class='ocrx_word' id='word_1_39' title='bbox 722 611 845 651; x_wconf 89' lang='lat' dir='ltr'><strong>esse</strong></span> <span class='ocrx_word' id='word_1_40' title='bbox 893 597 996 650; x_wconf 87' lang='lat' dir='ltr'><strong>sub</strong></span> <span class='ocrx_word' id='word_1_41' title='bbox 1045 606 1190 650; x_wconf 91' lang='lat' dir='ltr'><strong>metu</strong></span> <span class='ocrx_word' id='word_1_42' title='bbox 1225 596 1338 661; x_wconf 67' lang='lat' dir='ltr'><strong>irae,</strong></span> <span class='ocrx_word' id='word_1_43' title='bbox 1383 612 1545 664; x_wconf 88' lang='lat' dir='ltr'><strong>quam</strong></span> <span class='ocrx_word' id='word_1_44' title='bbox 1581 613 1677 666; x_wconf 85' lang='lat' dir='ltr'><strong>spe</strong></span> <span class='ocrx_word' id='word_1_45' title='bbox 1732 600 2078 668; x_wconf 85' lang='lat' dir='ltr'><strong>benignitatis</strong></span> <span class='ocrx_word' id='word_1_46' title='bbox 2182 600 2276 653; x_wconf 87' lang='lat' dir='ltr'><strong>ﬁlii</strong></span> <span class='ocrx_word' id='word_1_47' title='bbox 2303 599 2397 652; x_wconf 85' lang='lat' dir='ltr'><strong>Dei</strong></span> <span class='ocrx_word' id='word_1_48' title='bbox 2431 598 2538 652; x_wconf 83' lang='lat' dir='ltr'><strong>vivi</strong></span> <span class='ocrx_word' id='word_1_49' title='bbox 2569 597 2636 652; x_wconf 71' lang='lat'><strong>&quot;.</strong></span> <span class='ocrx_word' id='word_1_50' title='bbox 2684 616 2706 650; x_wconf 71' lang='grc' dir='ltr'><strong>ι</strong></span> <span class='ocrx_word' id='word_1_51' title='bbox 2744 597 3139 651; x_wconf 87' lang='lat' dir='ltr'><strong>Testimonium</strong></span> <span class='ocrx_word' id='word_1_52' title='bbox 3188 612 3321 653; x_wconf 87' lang='lat' dir='ltr'><strong>sane</strong></span> <span class='ocrx_word' id='word_1_53' title='bbox 3368 600 3472 653; x_wconf 92' lang='lat' dir='ltr'><strong>hoc</strong></span> <span class='ocrx_word' id='word_1_54' title='bbox 3517 602 3657 669; x_wconf 89' lang='lat' dir='ltr'><strong>quod</strong></span> <span class='ocrx_word' id='word_1_55' title='bbox 3692 605 3758 656; x_wconf 90' lang='lat' dir='ltr'><strong>de</strong></span> 
     </span>
    </p>
   </div>
   <div class='ocr_carea' id='block_1_5' title="bbox 500 687 3752 762">
    <p class='ocr_par' dir='ltr' id='par_1_5' title="bbox 500 687 3752 762">
     <span class='ocr_line' id='line_1_5' title="bbox 500 687 3752 762; baseline 0.001 -18"><span class='ocrx_word' id='word_1_56' title='bbox 500 690 593 744; x_wconf 87' lang='lat' dir='ltr'><strong>Dei</strong></span> <span class='ocrx_word' id='word_1_57' title='bbox 631 699 686 744; x_wconf 92' lang='lat' dir='ltr'><strong>et</strong></span> <span class='ocrx_word' id='word_1_58' title='bbox 718 687 1022 742; x_wconf 85' lang='lat' dir='ltr'><strong>dulcedinis</strong></span> <span class='ocrx_word' id='word_1_59' title='bbox 1068 687 1323 752; x_wconf 81' lang='lat' dir='ltr'><strong>relaxari,</strong></span> <span class='ocrx_word' id='word_1_60' title='bbox 1363 689 1508 742; x_wconf 89' lang='lat' dir='ltr'><strong>sicut</strong></span> <span class='ocrx_word' id='word_1_61' title='bbox 1559 699 1615 743; x_wconf 91' lang='lat' dir='ltr'><strong>et</strong></span> <span class='ocrx_word' id='word_1_62' title='bbox 1659 689 1938 758; x_wconf 88' lang='lat' dir='ltr'><strong>Sapientia</strong></span> <span class='ocrx_word' id='word_1_63' title='bbox 1983 692 2076 748; x_wconf 87' lang='lat' dir='ltr'><strong>Dei</strong></span> <span class='ocrx_word' id='word_1_64' title='bbox 2179 692 2317 748; x_wconf 90' lang='lat' dir='ltr'><strong>Osee</strong></span> <span class='ocrx_word' id='word_1_65' title='bbox 2346 691 2577 746; x_wconf 87' lang='lat' dir='ltr'><strong>assumit</strong></span> <span class='ocrx_word' id='word_1_66' title='bbox 2605 689 2916 759; x_wconf 82' lang='lat' dir='ltr'><strong>Apostolus,</strong></span> <span class='ocrx_word' id='word_1_67' title='bbox 2951 699 3214 756; x_wconf 88' lang='lat' dir='ltr'><strong>quantum</strong></span> <span class='ocrx_word' id='word_1_68' title='bbox 3243 690 3310 742; x_wconf 89' lang='lat' dir='ltr'><strong>ad</strong></span> <span class='ocrx_word' id='word_1_69' title='bbox 3351 689 3530 744; x_wconf 90' lang='lat' dir='ltr'><strong>locum</strong></span> <span class='ocrx_word' id='word_1_70' title='bbox 3576 692 3752 762; x_wconf 92' lang='lat' dir='ltr'><strong>ipsum</strong></span> 
     </span>
    </p>
   </div>
   <div class='ocr_carea' id='block_1_6' title="bbox 501 775 3754 852">
    <p class='ocr_par' dir='ltr' id='par_1_6' title="bbox 501 775 3754 852">
     <span class='ocr_line' id='line_1_6' title="bbox 501 775 3754 852; baseline 0.001 -19"><span class='ocrx_word' id='word_1_71' title='bbox 501 780 638 833; x_wconf 85' lang='lat' dir='ltr'><strong>dicit</strong></span> <span class='ocrx_word' id='word_1_72' title='bbox 679 778 723 809; x_wconf 87' lang='grc'><strong>³⁷</strong></span> <span class='ocrx_word' id='word_1_73' title='bbox 755 796 768 833; x_wconf 88' lang='lat'><strong>:</strong></span> <span class='ocrx_word' id='word_1_74' title='bbox 806 794 824 828; x_wconf 76' lang='grc' dir='ltr'><strong>ι</strong></span> <span class='ocrx_word' id='word_1_75' title='bbox 865 778 966 842; x_wconf 81' lang='lat' dir='ltr'><strong>Qui</strong></span> <span class='ocrx_word' id='word_1_76' title='bbox 1019 777 1193 844; x_wconf 84' lang='lat' dir='ltr'><strong>parcit</strong></span> <span class='ocrx_word' id='word_1_77' title='bbox 1232 775 1448 841; x_wconf 89' lang='lat' dir='ltr'><strong>baculo,</strong></span> <span class='ocrx_word' id='word_1_78' title='bbox 1498 777 1615 831; x_wconf 91' lang='lat' dir='ltr'><strong>odit</strong></span> <span class='ocrx_word' id='word_1_79' title='bbox 1663 777 1833 832; x_wconf 91' lang='lat' dir='ltr'><strong>ﬁlium</strong></span> <span class='ocrx_word' id='word_1_80' title='bbox 1893 795 2074 834; x_wconf 91' lang='lat' dir='ltr'><strong>suum.</strong></span> <span class='ocrx_word' id='word_1_81' title='bbox 2180 783 2462 852; x_wconf 75' lang='lat' dir='ltr'><strong>prophetae</strong></span> <span class='ocrx_word' id='word_1_82' title='bbox 2505 780 2617 850; x_wconf 82' lang='lat'><strong>(&#39;55)</strong></span> <span class='ocrx_word' id='word_1_83' title='bbox 2667 780 2920 849; x_wconf 88' lang='lat' dir='ltr'><strong>pertinet,</strong></span> <span class='ocrx_word' id='word_1_84' title='bbox 2950 794 3060 832; x_wconf 90' lang='lat' dir='ltr'><strong>nou</strong></span> <span class='ocrx_word' id='word_1_85' title='bbox 3108 780 3324 834; x_wconf 89' lang='lat' dir='ltr'><strong>videtur</strong></span> <span class='ocrx_word' id='word_1_86' title='bbox 3370 782 3438 835; x_wconf 89' lang='lat' dir='ltr'><strong>de</strong></span> <span class='ocrx_word' id='word_1_87' title='bbox 3478 785 3754 852; x_wconf 86' lang='lat' dir='ltr'><strong>gentibus,</strong></span> 
     </span>
    </p>
   </div>
   <div class='ocr_carea' id='block_1_7' title="bbox 502 867 3756 946">
    <p class='ocr_par' dir='ltr' id='par_1_7' title="bbox 502 867 3756 946">
     <span class='ocr_line' id='line_1_7' title="bbox 502 867 3756 946; baseline 0.001 -23"><span class='ocrx_word' id='word_1_88' title='bbox 502 871 560 923; x_wconf 87' lang='lat' dir='ltr'><strong>Si</strong></span> <span class='ocrx_word' id='word_1_89' title='bbox 589 869 732 923; x_wconf 90' lang='lat' dir='ltr'><strong>enim</strong></span> <span class='ocrx_word' id='word_1_90' title='bbox 785 867 1122 937; x_wconf 83' lang='lat' dir='ltr'><strong>percusseris</strong></span> <span class='ocrx_word' id='word_1_91' title='bbox 1176 883 1299 922; x_wconf 89' lang='lat' dir='ltr'><strong>cum</strong></span> <span class='ocrx_word' id='word_1_92' title='bbox 1358 868 1530 936; x_wconf 85' lang='lat' dir='ltr'><strong>virga,</strong></span> <span class='ocrx_word' id='word_1_93' title='bbox 1581 885 1690 923; x_wconf 88' lang='lat' dir='ltr'><strong>non</strong></span> <span class='ocrx_word' id='word_1_94' title='bbox 1751 871 2023 925; x_wconf 90' lang='lat' dir='ltr'><strong>morietur</strong></span> <span class='ocrx_word' id='word_1_95' title='bbox 2057 890 2072 925; x_wconf 90' lang='lat'><strong>:</strong></span> <span class='ocrx_word' id='word_1_96' title='bbox 2176 874 2346 946; x_wconf 73' lang='lat'><strong>618</strong></span> <span class='ocrx_word' id='word_1_97' title='bbox 2370 875 2466 928; x_wconf 88' lang='lat' dir='ltr'><strong>sed</strong></span> <span class='ocrx_word' id='word_1_98' title='bbox 2504 873 2571 926; x_wconf 89' lang='lat' dir='ltr'><strong>de</strong></span> <span class='ocrx_word' id='word_1_99' title='bbox 2594 874 2710 940; x_wconf 91' lang='lat' dir='ltr'><strong>ipso</strong></span> <span class='ocrx_word' id='word_1_100' title='bbox 2744 873 2940 940; x_wconf 88' lang='lat' dir='ltr'><strong>populo</strong></span> <span class='ocrx_word' id='word_1_101' title='bbox 2969 871 3134 926; x_wconf 82' lang='lat' dir='ltr'><strong>Israel</strong></span> <span class='ocrx_word' id='word_1_102' title='bbox 3167 871 3294 924; x_wconf 91' lang='lat' dir='ltr'><strong>dici.</strong></span> <span class='ocrx_word' id='word_1_103' title='bbox 3329 871 3456 937; x_wconf 85' lang='lat' dir='ltr'><strong>Sed,</strong></span> <span class='ocrx_word' id='word_1_104' title='bbox 3490 884 3549 926; x_wconf 92' lang='lat' dir='ltr'><strong>ut</strong></span> <span class='ocrx_word' id='word_1_105' title='bbox 3577 874 3628 926; x_wconf 92' lang='lat' dir='ltr'><strong>in</strong></span> <span class='ocrx_word' id='word_1_106' title='bbox 3663 891 3756 928; x_wconf 89' lang='lat' dir='ltr'><strong>su-</strong></span> 
     </span>
    </p>
   </div>
   <div class='ocr_carea' id='block_1_8' title="bbox 502 959 3755 1034">
    <p class='ocr_par' dir='ltr' id='par_1_8' title="bbox 502 959 3755 1034">
     <span class='ocr_line' id='line_1_8' title="bbox 502 959 3755 1034; baseline 0.001 -20"><span class='ocrx_word' id='word_1_107' title='bbox 502 962 737 1015; x_wconf 77' lang='lat' dir='ltr'><strong>animam</strong></span> <span class='ocrx_word' id='word_1_108' title='bbox 773 969 950 1014; x_wconf 88' lang='lat' dir='ltr'><strong>autem</strong></span> <span class='ocrx_word' id='word_1_109' title='bbox 981 960 1101 1026; x_wconf 88' lang='lat' dir='ltr'><strong>ejus</strong></span> <span class='ocrx_word' id='word_1_110' title='bbox 1128 959 1336 1014; x_wconf 89' lang='lat' dir='ltr'><strong>salvam</strong></span> <span class='ocrx_word' id='word_1_111' title='bbox 1377 961 1548 1017; x_wconf 80' lang='lat' dir='ltr'><strong>facies</strong></span> <span class='ocrx_word' id='word_1_112' title='bbox 1589 979 1619 1016; x_wconf 91' lang='lat' dir='ltr'><strong>a</strong></span> <span class='ocrx_word' id='word_1_113' title='bbox 1660 973 1858 1016; x_wconf 91' lang='lat' dir='ltr'><strong>morte.</strong></span> <span class='ocrx_word' id='word_1_114' title='bbox 1901 983 1920 1016; x_wconf 75' lang='grc' dir='ltr'><strong>ι</strong></span> <span class='ocrx_word' id='word_1_115' title='bbox 1964 963 2075 1017; x_wconf 85' lang='grc' dir='ltr'><strong>Νο-</strong></span> <span class='ocrx_word' id='word_1_116' title='bbox 2179 966 2486 1034; x_wconf 88' lang='lat' dir='ltr'><strong>perioribus</strong></span> <span class='ocrx_word' id='word_1_117' title='bbox 2519 965 2780 1029; x_wconf 78' lang='lat' dir='ltr'><strong>diximus,</strong></span> <span class='ocrx_word' id='word_1_118' title='bbox 2810 978 2872 1017; x_wconf 82' lang='lat' dir='ltr'><strong>ex</strong></span> <span class='ocrx_word' id='word_1_119' title='bbox 2905 963 3068 1018; x_wconf 87' lang='lat' dir='ltr'><strong>simili</strong></span> <span class='ocrx_word' id='word_1_120' title='bbox 3112 962 3310 1016; x_wconf 89' lang='lat' dir='ltr'><strong>Paulus</strong></span> <span class='ocrx_word' id='word_1_121' title='bbox 3352 965 3520 1019; x_wconf 87' lang='lat' dir='ltr'><strong>sumit</strong></span> <span class='ocrx_word' id='word_1_122' title='bbox 3565 980 3755 1020; x_wconf 80' lang='lat' dir='ltr'><strong>exem—</strong></span> 
     </span>
    </p>
   </div>
   <div class='ocr_carea' id='block_1_9' title="bbox 504 1051 3752 1125">
    <p class='ocr_par' dir='ltr' id='par_1_9' title="bbox 504 1051 3752 1125">
     <span class='ocr_line' id='line_1_9' title="bbox 504 1051 3752 1125; baseline 0.002 -21"><span class='ocrx_word' id='word_1_123' title='bbox 504 1063 613 1105; x_wconf 89' lang='lat' dir='ltr'><strong>tam</strong></span> <span class='ocrx_word' id='word_1_124' title='bbox 647 1051 910 1122; x_wconf 79' lang='lat' dir='ltr'><strong>faeit(27)</strong></span> <span class='ocrx_word' id='word_1_125' title='bbox 946 1066 1077 1121; x_wconf 91' lang='lat' dir='ltr'><strong>ergo</strong></span> <span class='ocrx_word' id='word_1_126' title='bbox 1113 1053 1411 1121; x_wconf 90' lang='lat' dir='ltr'><strong>potentiam</strong></span> <span class='ocrx_word' id='word_1_127' title='bbox 1447 1069 1601 1107; x_wconf 89' lang='lat' dir='ltr'><strong>suam</strong></span> <span class='ocrx_word' id='word_1_128' title='bbox 1636 1053 1800 1119; x_wconf 89' lang='lat' dir='ltr'><strong>Deus,</strong></span> <span class='ocrx_word' id='word_1_129' title='bbox 1825 1055 1950 1108; x_wconf 90' lang='lat' dir='ltr'><strong>dum</strong></span> <span class='ocrx_word' id='word_1_130' title='bbox 1983 1057 2078 1108; x_wconf 89' lang='lat' dir='ltr'><strong>im-</strong></span> <span class='ocrx_word' id='word_1_131' title='bbox 2178 1056 2344 1125; x_wconf 90' lang='lat' dir='ltr'><strong>plum,</strong></span> <span class='ocrx_word' id='word_1_132' title='bbox 2385 1066 2444 1110; x_wconf 94' lang='lat' dir='ltr'><strong>ut</strong></span> <span class='ocrx_word' id='word_1_133' title='bbox 2485 1055 2739 1110; x_wconf 88' lang='lat' dir='ltr'><strong>ostendat</strong></span> <span class='ocrx_word' id='word_1_134' title='bbox 2787 1055 2916 1124; x_wconf 91' lang='lat' dir='ltr'><strong>quia</strong></span> <span class='ocrx_word' id='word_1_135' title='bbox 2946 1055 3094 1109; x_wconf 83' lang='lat' dir='ltr'><strong>sicut</strong></span> <span class='ocrx_word' id='word_1_136' title='bbox 3153 1054 3258 1108; x_wconf 87' lang='lat' dir='ltr'><strong>illis</strong></span> <span class='ocrx_word' id='word_1_137' title='bbox 3305 1057 3575 1124; x_wconf 87' lang='lat' dir='ltr'><strong>quondam</strong></span> <span class='ocrx_word' id='word_1_138' title='bbox 3626 1073 3752 1111; x_wconf 92' lang='lat' dir='ltr'><strong>cum</strong></span> 
     </span>
    </p>
   </div>
   <div class='ocr_carea' id='block_1_10' title="bbox 500 1145 3748 1218">
    <p class='ocr_par' dir='ltr' id='par_1_10' title="bbox 500 1145 3748 1218">
     <span class='ocr_line' id='line_1_10' title="bbox 500 1145 3748 1218; baseline 0.002 -20"><span class='ocrx_word' id='word_1_139' title='bbox 500 1146 617 1211; x_wconf 88' lang='lat' dir='ltr'><strong>pios</strong></span> <span class='ocrx_word' id='word_1_140' title='bbox 653 1145 884 1212; x_wconf 83' lang='lat' dir='ltr'><strong>castigat</strong></span> <span class='ocrx_word' id='word_1_141' title='bbox 923 1155 978 1198; x_wconf 90' lang='lat' dir='ltr'><strong>et</strong></span> <span class='ocrx_word' id='word_1_142' title='bbox 1019 1147 1265 1211; x_wconf 85' lang='lat' dir='ltr'><strong>corripit.</strong></span> <span class='ocrx_word' id='word_1_143' title='bbox 1320 1156 1380 1200; x_wconf 91' lang='lat' dir='ltr'><strong>ut</strong></span> <span class='ocrx_word' id='word_1_144' title='bbox 1425 1150 1722 1201; x_wconf 90' lang='lat' dir='ltr'><strong>secundum</strong></span> <span class='ocrx_word' id='word_1_145' title='bbox 1775 1148 2075 1216; x_wconf 65' lang='lat' dir='ltr'><strong>Scripturte</strong></span> <span class='ocrx_word' id='word_1_146' title='bbox 2179 1147 2368 1215; x_wconf 90' lang='lat' dir='ltr'><strong>abjecti</strong></span> <span class='ocrx_word' id='word_1_147' title='bbox 2423 1157 2607 1203; x_wconf 84' lang='lat' dir='ltr'><strong>essent</strong></span> <span class='ocrx_word' id='word_1_148' title='bbox 2656 1157 2711 1202; x_wconf 91' lang='lat' dir='ltr'><strong>et</strong></span> <span class='ocrx_word' id='word_1_149' title='bbox 2768 1147 3059 1216; x_wconf 83' lang='lat' dir='ltr'><strong>desperati,</strong></span> <span class='ocrx_word' id='word_1_150' title='bbox 3115 1148 3320 1201; x_wconf 91' lang='lat' dir='ltr'><strong>dictum</strong></span> <span class='ocrx_word' id='word_1_151' title='bbox 3374 1158 3459 1203; x_wconf 90' lang='lat' dir='ltr'><strong>est</strong></span> <span class='ocrx_word' id='word_1_152' title='bbox 3505 1150 3684 1218; x_wconf 90' lang='lat' dir='ltr'><strong>primo</strong></span> <span class='ocrx_word' id='word_1_153' title='bbox 3735 1169 3748 1205; x_wconf 94' lang='lat'>:</span> 
     </span>
    </p>
   </div>
   <div class='ocr_carea' id='block_1_11' title="bbox 499 1236 3753 1310">
    <p class='ocr_par' dir='ltr' id='par_1_11' title="bbox 499 1236 3753 1310">
     <span class='ocr_line' id='line_1_11' title="bbox 499 1236 3753 1310; baseline 0.003 -24"><span class='ocrx_word' id='word_1_154' title='bbox 499 1237 822 1290; x_wconf 61' lang='lat' dir='ltr'><strong>sententiam</strong></span> <span class='ocrx_word' id='word_1_155' title='bbox 866 1255 885 1287; x_wconf 77' lang='grc' dir='ltr'><strong>ι</strong></span> <span class='ocrx_word' id='word_1_156' title='bbox 934 1239 1060 1288; x_wconf 90' lang='lat' dir='ltr'><strong>dum</strong></span> <span class='ocrx_word' id='word_1_157' title='bbox 1113 1236 1415 1304; x_wconf 83' lang='lat' dir='ltr'><strong>ﬂagellatur</strong></span> <span class='ocrx_word' id='word_1_158' title='bbox 1475 1238 1756 1304; x_wconf 84' lang='lat' dir='ltr'><strong>pestilens,</strong></span> <span class='ocrx_word' id='word_1_159' title='bbox 1814 1238 2076 1292; x_wconf 88' lang='lat' dir='ltr'><strong>innocens</strong></span> <span class='ocrx_word' id='word_1_160' title='bbox 2182 1259 2202 1292; x_wconf 74' lang='grc' dir='ltr'><strong>ι</strong></span> <span class='ocrx_word' id='word_1_161' title='bbox 2242 1241 2349 1293; x_wconf 83' lang='lat' dir='ltr'><strong>Vos</strong></span> <span class='ocrx_word' id='word_1_162' title='bbox 2371 1255 2478 1293; x_wconf 91' lang='lat' dir='ltr'><strong>non</strong></span> <span class='ocrx_word' id='word_1_163' title='bbox 2515 1240 2743 1310; x_wconf 90' lang='lat' dir='ltr'><strong>populus</strong></span> <span class='ocrx_word' id='word_1_164' title='bbox 2775 1254 2950 1304; x_wconf 91' lang='lat' dir='ltr'><strong>meus,</strong></span> <span class='ocrx_word' id='word_1_165' title='bbox 2994 1248 3049 1293; x_wconf 89' lang='lat' dir='ltr'><strong>et</strong></span> <span class='ocrx_word' id='word_1_166' title='bbox 3093 1253 3194 1309; x_wconf 83' lang='lat' dir='ltr'><strong>ego</strong></span> <span class='ocrx_word' id='word_1_167' title='bbox 3241 1254 3345 1292; x_wconf 90' lang='lat' dir='ltr'><strong>non</strong></span> <span class='ocrx_word' id='word_1_168' title='bbox 3399 1255 3517 1293; x_wconf 85' lang='lat' dir='ltr'><strong>sum</strong></span> <span class='ocrx_word' id='word_1_169' title='bbox 3571 1250 3753 1296; x_wconf 80' lang='lat' dir='ltr'><strong>vester</strong></span> 
     </span>
    </p>
   </div>
   <div class='ocr_carea' id='block_1_12' title="bbox 499 1327 3750 1401">
    <p class='ocr_par' dir='ltr' id='par_1_12' title="bbox 499 1327 3750 1401">
     <span class='ocr_line' id='line_1_12' title="bbox 499 1327 3750 1401; baseline 0.002 -21"><span class='ocrx_word' id='word_1_170' title='bbox 499 1329 734 1382; x_wconf 88' lang='lat' dir='ltr'><strong>astutior</strong></span> <span class='ocrx_word' id='word_1_171' title='bbox 768 1327 862 1381; x_wconf 88' lang='lat' dir='ltr'><strong>ﬁat</strong></span> <span class='ocrx_word' id='word_1_172' title='bbox 883 1327 952 1382; x_wconf 76' lang='lat'><strong>&quot;.</strong></span> <span class='ocrx_word' id='word_1_173' title='bbox 1002 1349 1022 1380; x_wconf 72' lang='grc' dir='ltr'><strong>ι</strong></span> <span class='ocrx_word' id='word_1_174' title='bbox 1056 1329 1224 1383; x_wconf 87' lang='lat' dir='ltr'><strong>Notas</strong></span> <span class='ocrx_word' id='word_1_175' title='bbox 1244 1339 1421 1382; x_wconf 90' lang='lat' dir='ltr'><strong>autem</strong></span> <span class='ocrx_word' id='word_1_176' title='bbox 1456 1330 1585 1384; x_wconf 79' lang='lat' dir='ltr'><strong>facit</strong></span> <span class='ocrx_word' id='word_1_177' title='bbox 1622 1330 1784 1383; x_wconf 88' lang='lat' dir='ltr'><strong>etiam</strong></span> <span class='ocrx_word' id='word_1_178' title='bbox 1811 1347 1828 1379; x_wconf 79' lang='grc' dir='ltr'><strong>ι</strong></span> <span class='ocrx_word' id='word_1_179' title='bbox 1861 1331 2075 1383; x_wconf 84' lang='lat' dir='ltr'><strong>divitias</strong></span> <span class='ocrx_word' id='word_1_180' title='bbox 2181 1331 2319 1383; x_wconf 82' lang='lat' dir='ltr'><strong>Deus</strong></span> <span class='ocrx_word' id='word_1_181' title='bbox 2345 1330 2418 1394; x_wconf 69' lang='grc'><strong>⁶⁸;</strong></span> <span class='ocrx_word' id='word_1_182' title='bbox 2459 1349 2478 1380; x_wconf 70' lang='grc' dir='ltr'><strong>ι</strong></span> <span class='ocrx_word' id='word_1_183' title='bbox 2521 1342 2577 1383; x_wconf 94' lang='lat' dir='ltr'><strong>et</strong></span> <span class='ocrx_word' id='word_1_184' title='bbox 2600 1330 2814 1383; x_wconf 88' lang='lat' dir='ltr'><strong>additur</strong></span> <span class='ocrx_word' id='word_1_185' title='bbox 2863 1339 2985 1396; x_wconf 88' lang='lat' dir='ltr'><strong>post</strong></span> <span class='ocrx_word' id='word_1_186' title='bbox 3026 1331 3140 1383; x_wconf 62' lang='lat' dir='ltr'><strong>haec</strong></span> <span class='ocrx_word' id='word_1_187' title='bbox 3171 1331 3328 1401; x_wconf 81' lang='lat'><strong>(&#39;56):</strong></span> <span class='ocrx_word' id='word_1_188' title='bbox 3363 1349 3380 1382; x_wconf 83' lang='lat' dir='ltr'>I</span> <span class='ocrx_word' id='word_1_189' title='bbox 3417 1331 3482 1385; x_wconf 88' lang='lat' dir='ltr'><strong>Et</strong></span> <span class='ocrx_word' id='word_1_190' title='bbox 3504 1334 3608 1386; x_wconf 90' lang='lat' dir='ltr'><strong>erit</strong></span> <span class='ocrx_word' id='word_1_191' title='bbox 3641 1351 3654 1387; x_wconf 94' lang='lat'>:</span> <span class='ocrx_word' id='word_1_192' title='bbox 3695 1334 3750 1387; x_wconf 91' lang='lat' dir='ltr'><strong>In</strong></span> 
     </span>
    </p>
   </div>
   <div class='ocr_carea' id='block_1_13' title="bbox 499 1415 3748 1492">
    <p class='ocr_par' dir='ltr' id='par_1_13' title="bbox 499 1415 3748 1492">
     <span class='ocr_line' id='line_1_13' title="bbox 499 1415 3748 1492; baseline 0.003 -26"><span class='ocrx_word' id='word_1_193' title='bbox 499 1415 685 1484; x_wconf 72' lang='lat' dir='ltr'><strong>gloriae</strong></span> <span class='ocrx_word' id='word_1_194' title='bbox 718 1432 829 1471; x_wconf 84' lang='lat' dir='ltr'><strong>suae</strong></span> <span class='ocrx_word' id='word_1_195' title='bbox 856 1419 910 1470; x_wconf 89' lang='lat' dir='ltr'><strong>in</strong></span> <span class='ocrx_word' id='word_1_196' title='bbox 948 1419 1091 1472; x_wconf 85' lang='lat' dir='ltr'><strong>vasis</strong></span> <span class='ocrx_word' id='word_1_197' title='bbox 1120 1418 1534 1483; x_wconf 55' lang='lat' dir='ltr'><strong>misericordia),</strong></span> <span class='ocrx_word' id='word_1_198' title='bbox 1580 1432 1702 1487; x_wconf 72' lang='lat' dir='ltr'><strong>quae</strong></span> <span class='ocrx_word' id='word_1_199' title='bbox 1747 1421 2075 1488; x_wconf 73' lang='lat' dir='ltr'><strong>praeparavit</strong></span> <span class='ocrx_word' id='word_1_200' title='bbox 2177 1421 2295 1476; x_wconf 91' lang='lat' dir='ltr'><strong>loco</strong></span> <span class='ocrx_word' id='word_1_201' title='bbox 2333 1423 2383 1474; x_wconf 93' lang='lat' dir='ltr'><strong>in</strong></span> <span class='ocrx_word' id='word_1_202' title='bbox 2437 1437 2544 1490; x_wconf 82' lang='lat' dir='ltr'><strong>quo</strong></span> <span class='ocrx_word' id='word_1_203' title='bbox 2587 1421 2790 1474; x_wconf 91' lang='lat' dir='ltr'><strong>dictum</strong></span> <span class='ocrx_word' id='word_1_204' title='bbox 2825 1430 2910 1476; x_wconf 93' lang='lat' dir='ltr'><strong>est</strong></span> <span class='ocrx_word' id='word_1_205' title='bbox 2948 1422 3029 1474; x_wconf 92' lang='lat' dir='ltr'><strong>eis</strong></span> <span class='ocrx_word' id='word_1_206' title='bbox 3069 1440 3082 1475; x_wconf 93' lang='lat'>:</span> <span class='ocrx_word' id='word_1_207' title='bbox 3116 1421 3230 1474; x_wconf 87' lang='lat' dir='ltr'><strong>Non</strong></span> <span class='ocrx_word' id='word_1_208' title='bbox 3273 1437 3389 1476; x_wconf 90' lang='lat' dir='ltr'><strong>mea</strong></span> <span class='ocrx_word' id='word_1_209' title='bbox 3418 1422 3569 1492; x_wconf 85' lang='lat' dir='ltr'><strong>plebs</strong></span> <span class='ocrx_word' id='word_1_210' title='bbox 3604 1439 3698 1478; x_wconf 91' lang='lat' dir='ltr'><strong>vos</strong></span> <span class='ocrx_word' id='word_1_211' title='bbox 3733 1441 3748 1476; x_wconf 92' lang='lat'><strong>:</strong></span> 
     </span>
    </p>
   </div>
   <div class='ocr_carea' id='block_1_14' title="bbox 501 1508 3753 1582">
    <p class='ocr_par' dir='ltr' id='par_1_14' title="bbox 501 1508 3753 1582">
     <span class='ocr_line' id='line_1_14' title="bbox 501 1508 3753 1582; baseline 0.002 -22"><span class='ocrx_word' id='word_1_212' title='bbox 501 1508 554 1560; x_wconf 91' lang='lat' dir='ltr'><strong>in</strong></span> <span class='ocrx_word' id='word_1_213' title='bbox 581 1508 828 1577; x_wconf 88' lang='lat' dir='ltr'><strong>gloriam.</strong></span> <span class='ocrx_word' id='word_1_214' title='bbox 863 1530 882 1562; x_wconf 89' lang='grc'><strong>›</strong></span> <span class='ocrx_word' id='word_1_215' title='bbox 913 1510 1265 1566; x_wconf 88' lang='lat' dir='ltr'><strong>lnnotescuut</strong></span> <span class='ocrx_word' id='word_1_216' title='bbox 1288 1513 1492 1566; x_wconf 62' lang='lat' dir='ltr'><strong>divitias</strong></span> <span class='ocrx_word' id='word_1_217' title='bbox 1517 1512 1633 1582; x_wconf 85' lang='lat'><strong>(28)</strong></span> <span class='ocrx_word' id='word_1_218' title='bbox 1664 1512 1760 1566; x_wconf 90' lang='lat' dir='ltr'><strong>Dei</strong></span> <span class='ocrx_word' id='word_1_219' title='bbox 1781 1526 1907 1566; x_wconf 89' lang='lat' dir='ltr'><strong>cum</strong></span> <span class='ocrx_word' id='word_1_220' title='bbox 1943 1527 2074 1582; x_wconf 85' lang='lat' dir='ltr'><strong>erga</strong></span> <span class='ocrx_word' id='word_1_221' title='bbox 2175 1512 2514 1567; x_wconf 82' lang='lat' dir='ltr'><strong>vocabuntur</strong></span> <span class='ocrx_word' id='word_1_222' title='bbox 2536 1522 2589 1566; x_wconf 92' lang='lat' dir='ltr'><strong>et</strong></span> <span class='ocrx_word' id='word_1_223' title='bbox 2621 1513 2720 1581; x_wconf 86' lang='lat' dir='ltr'><strong>ipsi</strong></span> <span class='ocrx_word' id='word_1_224' title='bbox 2749 1512 2841 1565; x_wconf 93' lang='lat' dir='ltr'><strong>ﬁlii</strong></span> <span class='ocrx_word' id='word_1_225' title='bbox 2870 1513 2963 1566; x_wconf 87' lang='lat' dir='ltr'><strong>Dei</strong></span> <span class='ocrx_word' id='word_1_226' title='bbox 2995 1513 3098 1566; x_wconf 90' lang='lat' dir='ltr'><strong>vivi</strong></span> <span class='ocrx_word' id='word_1_227' title='bbox 3137 1513 3213 1578; x_wconf 71' lang='lat' dir='ltr'><strong>Ml;</strong></span> <span class='ocrx_word' id='word_1_228' title='bbox 3255 1533 3272 1564; x_wconf 77' lang='grc' dir='ltr'><strong>ι</strong></span> <span class='ocrx_word' id='word_1_229' title='bbox 3319 1513 3416 1576; x_wconf 88' lang='lat' dir='ltr'><strong>ita,</strong></span> <span class='ocrx_word' id='word_1_230' title='bbox 3460 1514 3652 1582; x_wconf 90' lang='lat' dir='ltr'><strong>inquit,</strong></span> <span class='ocrx_word' id='word_1_231' title='bbox 3693 1522 3753 1569; x_wconf 87' lang='lat' dir='ltr'><strong>et</strong></span> 
     </span>
    </p>
   </div>
   <div class='ocr_carea' id='block_1_15' title="bbox 498 1602 3752 1674">
    <p class='ocr_par' dir='ltr' id='par_1_15' title="bbox 498 1602 3752 1674">
     <span class='ocr_line' id='line_1_15' title="bbox 498 1602 3752 1674; baseline 0.002 -22"><span class='ocrx_word' id='word_1_232' title='bbox 498 1615 594 1654; x_wconf 86' lang='lat' dir='ltr'><strong>eos</strong></span> <span class='ocrx_word' id='word_1_233' title='bbox 621 1602 713 1669; x_wconf 92' lang='lat' dir='ltr'><strong>qui</strong></span> <span class='ocrx_word' id='word_1_234' title='bbox 747 1602 886 1656; x_wconf 89' lang='lat' dir='ltr'><strong>inter</strong></span> <span class='ocrx_word' id='word_1_235' title='bbox 916 1603 1164 1658; x_wconf 87' lang='lat' dir='ltr'><strong>homines</strong></span> <span class='ocrx_word' id='word_1_236' title='bbox 1195 1615 1548 1674; x_wconf 77' lang='lat' dir='ltr'><strong>Spernuntur,</strong></span> <span class='ocrx_word' id='word_1_237' title='bbox 1579 1613 1633 1658; x_wconf 91' lang='lat' dir='ltr'><strong>et</strong></span> <span class='ocrx_word' id='word_1_238' title='bbox 1663 1604 1894 1658; x_wconf 81' lang='lat' dir='ltr'><strong>humiles</strong></span> <span class='ocrx_word' id='word_1_239' title='bbox 1917 1613 2070 1668; x_wconf 89' lang='lat' dir='ltr'><strong>sunt,</strong></span> <span class='ocrx_word' id='word_1_240' title='bbox 2182 1623 2200 1655; x_wconf 76' lang='grc' dir='ltr'><strong>ι</strong></span> <span class='ocrx_word' id='word_1_241' title='bbox 2246 1619 2346 1657; x_wconf 91' lang='lat' dir='ltr'><strong>nos</strong></span> <span class='ocrx_word' id='word_1_242' title='bbox 2396 1619 2534 1671; x_wconf 85' lang='lat' dir='ltr'><strong>quos</strong></span> <span class='ocrx_word' id='word_1_243' title='bbox 2597 1603 2814 1656; x_wconf 91' lang='lat' dir='ltr'><strong>vocavit</strong></span> <span class='ocrx_word' id='word_1_244' title='bbox 2878 1619 2985 1655; x_wconf 90' lang='lat' dir='ltr'><strong>non</strong></span> <span class='ocrx_word' id='word_1_245' title='bbox 3031 1603 3205 1658; x_wconf 90' lang='lat' dir='ltr'><strong>solum</strong></span> <span class='ocrx_word' id='word_1_246' title='bbox 3256 1620 3323 1658; x_wconf 81' lang='lat' dir='ltr'><strong>ex</strong></span> <span class='ocrx_word' id='word_1_247' title='bbox 3378 1604 3601 1669; x_wconf 68' lang='lat' dir='ltr'><strong>Judaeis,</strong></span> <span class='ocrx_word' id='word_1_248' title='bbox 3655 1608 3752 1660; x_wconf 88' lang='lat' dir='ltr'><strong>sed</strong></span> 
     </span>
    </p>
   </div>
   <div class='ocr_carea' id='block_1_16' title="bbox 498 1695 3754 1767">
    <p class='ocr_par' dir='ltr' id='par_1_16' title="bbox 498 1695 3754 1767">
     <span class='ocr_line' id='line_1_16' title="bbox 498 1695 3754 1767; baseline 0.002 -21"><span class='ocrx_word' id='word_1_249' title='bbox 498 1695 871 1749; x_wconf 87' lang='lat' dir='ltr'><strong>misericordia</strong></span> <span class='ocrx_word' id='word_1_250' title='bbox 916 1697 1032 1764; x_wconf 88' lang='lat' dir='ltr'><strong>ejus</strong></span> <span class='ocrx_word' id='word_1_251' title='bbox 1072 1697 1399 1762; x_wconf 86' lang='lat' dir='ltr'><strong>ostenditur,</strong></span> <span class='ocrx_word' id='word_1_252' title='bbox 1437 1699 1528 1767; x_wconf 92' lang='lat' dir='ltr'><strong>qui</strong></span> <span class='ocrx_word' id='word_1_253' title='bbox 1588 1713 1695 1752; x_wconf 92' lang='lat' dir='ltr'><strong>non</strong></span> <span class='ocrx_word' id='word_1_254' title='bbox 1753 1699 1810 1752; x_wconf 94' lang='lat' dir='ltr'><strong>in</strong></span> <span class='ocrx_word' id='word_1_255' title='bbox 1864 1700 2073 1754; x_wconf 89' lang='lat' dir='ltr'><strong>divitiis</strong></span> <span class='ocrx_word' id='word_1_256' title='bbox 2174 1697 2339 1750; x_wconf 91' lang='lat' dir='ltr'><strong>etiam</strong></span> <span class='ocrx_word' id='word_1_257' title='bbox 2390 1711 2456 1748; x_wconf 82' lang='lat' dir='ltr'><strong>ex</strong></span> <span class='ocrx_word' id='word_1_258' title='bbox 2490 1695 2765 1765; x_wconf 89' lang='lat' dir='ltr'><strong>gentibus,</strong></span> <span class='ocrx_word' id='word_1_259' title='bbox 2827 1713 2846 1747; x_wconf 72' lang='grc' dir='ltr'><strong>ι</strong></span> <span class='ocrx_word' id='word_1_260' title='bbox 2880 1697 2970 1764; x_wconf 91' lang='lat' dir='ltr'><strong>qui</strong></span> <span class='ocrx_word' id='word_1_261' title='bbox 3018 1705 3144 1750; x_wconf 85' lang='lat' dir='ltr'><strong>ante</strong></span> <span class='ocrx_word' id='word_1_262' title='bbox 3189 1712 3293 1748; x_wconf 91' lang='lat' dir='ltr'><strong>non</strong></span> <span class='ocrx_word' id='word_1_263' title='bbox 3340 1711 3560 1750; x_wconf 87' lang='lat' dir='ltr'><strong>eramus</strong></span> <span class='ocrx_word' id='word_1_264' title='bbox 3599 1697 3754 1766; x_wconf 88' lang='lat' dir='ltr'><strong>plebs</strong></span> 
     </span>
    </p>
   </div>
   <div class='ocr_carea' id='block_1_17' title="bbox 496 1778 3751 1861">
    <p class='ocr_par' dir='ltr' id='par_1_17' title="bbox 496 1778 3751 1861">
     <span class='ocr_line' id='line_1_17' title="bbox 496 1778 3751 1861; baseline 0.001 -23"><span class='ocrx_word' id='word_1_265' title='bbox 496 1785 631 1850; x_wconf 88' lang='lat' dir='ltr'><strong>suis,</strong></span> <span class='ocrx_word' id='word_1_266' title='bbox 662 1802 763 1841; x_wconf 90' lang='lat' dir='ltr'><strong>nec</strong></span> <span class='ocrx_word' id='word_1_267' title='bbox 793 1788 844 1841; x_wconf 93' lang='lat' dir='ltr'><strong>in</strong></span> <span class='ocrx_word' id='word_1_268' title='bbox 879 1790 1117 1857; x_wconf 88' lang='lat' dir='ltr'><strong>potentia</strong></span> <span class='ocrx_word' id='word_1_269' title='bbox 1161 1805 1280 1854; x_wconf 89' lang='lat' dir='ltr'><strong>sua,</strong></span> <span class='ocrx_word' id='word_1_270' title='bbox 1318 1790 1412 1844; x_wconf 87' lang='lat' dir='ltr'><strong>sed</strong></span> <span class='ocrx_word' id='word_1_271' title='bbox 1451 1793 1505 1845; x_wconf 93' lang='lat' dir='ltr'><strong>in</strong></span> <span class='ocrx_word' id='word_1_272' title='bbox 1539 1792 1770 1847; x_wconf 91' lang='lat' dir='ltr'><strong>Domino</strong></span> <span class='ocrx_word' id='word_1_273' title='bbox 1818 1801 2066 1861; x_wconf 88' lang='lat' dir='ltr'><strong>sperant.</strong></span> <span class='ocrx_word' id='word_1_274' title='bbox 2101 1778 2144 1832; x_wconf 84' lang='grc' dir='ltr'>Β</span> <span class='ocrx_word' id='word_1_275' title='bbox 2172 1787 2312 1854; x_wconf 82' lang='lat' dir='ltr'><strong>ejus,</strong></span> <span class='ocrx_word' id='word_1_276' title='bbox 2335 1803 2478 1841; x_wconf 91' lang='lat' dir='ltr'><strong>nunc</strong></span> <span class='ocrx_word' id='word_1_277' title='bbox 2507 1785 2718 1855; x_wconf 89' lang='lat' dir='ltr'><strong>plebem</strong></span> <span class='ocrx_word' id='word_1_278' title='bbox 2763 1801 2917 1839; x_wconf 86' lang='lat' dir='ltr'><strong>suam</strong></span> <span class='ocrx_word' id='word_1_279' title='bbox 2948 1803 3046 1840; x_wconf 93' lang='lat' dir='ltr'><strong>nos</strong></span> <span class='ocrx_word' id='word_1_280' title='bbox 3078 1787 3191 1857; x_wconf 83' lang='grc'>(57)</span> <span class='ocrx_word' id='word_1_281' title='bbox 3221 1788 3455 1852; x_wconf 84' lang='lat' dir='ltr'><strong>vocavit,</strong></span> <span class='ocrx_word' id='word_1_282' title='bbox 3491 1807 3509 1838; x_wconf 76' lang='grc' dir='ltr'><strong>ι</strong></span> <span class='ocrx_word' id='word_1_283' title='bbox 3543 1797 3600 1841; x_wconf 91' lang='lat' dir='ltr'><strong>et</strong></span> <span class='ocrx_word' id='word_1_284' title='bbox 3642 1804 3751 1841; x_wconf 91' lang='lat' dir='ltr'><strong>non</strong></span> 
     </span>
    </p>
   </div>
   <div class='ocr_carea' id='block_1_18' title="bbox 495 1876 3748 1953">
    <p class='ocr_par' dir='ltr' id='par_1_18' title="bbox 495 1876 3748 1953">
     <span class='ocr_line' id='line_1_18' title="bbox 495 1876 3748 1953; baseline 0.001 -24"><span class='ocrx_word' id='word_1_285' title='bbox 495 1876 648 1930; x_wconf 87' lang='lat' dir='ltr'><strong>Sicut</strong></span> <span class='ocrx_word' id='word_1_286' title='bbox 670 1885 724 1930; x_wconf 86' lang='lat' dir='ltr'><strong>et</strong></span> <span class='ocrx_word' id='word_1_287' title='bbox 753 1887 878 1933; x_wconf 89' lang='lat' dir='ltr'><strong>tunc</strong></span> <span class='ocrx_word' id='word_1_288' title='bbox 917 1878 1264 1934; x_wconf 59' lang='lat' dir='ltr'><strong>Hebraeorum</strong></span> <span class='ocrx_word' id='word_1_289' title='bbox 1305 1897 1438 1951; x_wconf 84' lang='lat' dir='ltr'><strong>gens</strong></span> <span class='ocrx_word' id='word_1_290' title='bbox 1471 1884 1755 1953; x_wconf 90' lang='lat' dir='ltr'><strong>desperata</strong></span> <span class='ocrx_word' id='word_1_291' title='bbox 1794 1883 1937 1937; x_wconf 91' lang='lat' dir='ltr'><strong>inter</strong></span> <span class='ocrx_word' id='word_1_292' title='bbox 1967 1883 2066 1936; x_wconf 88' lang='lat' dir='ltr'><strong>ho-</strong></span> <span class='ocrx_word' id='word_1_293' title='bbox 2170 1879 2463 1941; x_wconf 83' lang='lat' dir='ltr'><strong>dilectam,</strong></span> <span class='ocrx_word' id='word_1_294' title='bbox 2500 1878 2784 1942; x_wconf 86' lang='lat' dir='ltr'><strong>dilectam;</strong></span> <span class='ocrx_word' id='word_1_295' title='bbox 2836 1889 2892 1931; x_wconf 92' lang='lat' dir='ltr'><strong>et</strong></span> <span class='ocrx_word' id='word_1_296' title='bbox 2939 1877 2990 1931; x_wconf 90' lang='lat' dir='ltr'><strong>in</strong></span> <span class='ocrx_word' id='word_1_297' title='bbox 3038 1877 3161 1932; x_wconf 93' lang='lat' dir='ltr'><strong>loco</strong></span> <span class='ocrx_word' id='word_1_298' title='bbox 3217 1878 3307 1932; x_wconf 91' lang='lat' dir='ltr'><strong>ubi</strong></span> <span class='ocrx_word' id='word_1_299' title='bbox 3355 1879 3558 1932; x_wconf 89' lang='lat' dir='ltr'><strong>dictum</strong></span> <span class='ocrx_word' id='word_1_300' title='bbox 3603 1890 3687 1934; x_wconf 87' lang='lat' dir='ltr'><strong>est</strong></span> <span class='ocrx_word' id='word_1_301' title='bbox 3725 1898 3748 1932; x_wconf 70' lang='grc' dir='ltr'><strong>ι</strong></span> 
     </span>
    </p>
   </div>
   <div class='ocr_carea' id='block_1_19' title="bbox 494 1968 3752 2040">
    <p class='ocr_par' dir='ltr' id='par_1_19' title="bbox 494 1968 3752 2040">
     <span class='ocr_line' id='line_1_19' title="bbox 494 1968 3752 2040; baseline 0.001 -20"><span class='ocrx_word' id='word_1_302' title='bbox 494 1969 669 2023; x_wconf 89' lang='lat' dir='ltr'><strong>mines</strong></span> <span class='ocrx_word' id='word_1_303' title='bbox 711 1981 764 2024; x_wconf 89' lang='lat' dir='ltr'><strong>et</strong></span> <span class='ocrx_word' id='word_1_304' title='bbox 801 1969 1036 2040; x_wconf 88' lang='lat' dir='ltr'><strong>abjecta,</strong></span> <span class='ocrx_word' id='word_1_305' title='bbox 1070 1987 1100 2025; x_wconf 87' lang='lat' dir='ltr'><strong>a</strong></span> <span class='ocrx_word' id='word_1_306' title='bbox 1139 1971 1252 2026; x_wconf 91' lang='lat' dir='ltr'><strong>Deo</strong></span> <span class='ocrx_word' id='word_1_307' title='bbox 1292 1973 1726 2028; x_wconf 87' lang='lat' dir='ltr'><strong>misericordiam</strong></span> <span class='ocrx_word' id='word_1_308' title='bbox 1773 1984 2066 2028; x_wconf 74' lang='lat' dir='ltr'><strong>consecuta</strong></span> <span class='ocrx_word' id='word_1_309' title='bbox 2171 1970 2348 2032; x_wconf 86' lang='lat' dir='ltr'><strong>nobis,</strong></span> <span class='ocrx_word' id='word_1_310' title='bbox 2400 1988 2420 2020; x_wconf 74' lang='grc' dir='ltr'><strong>ι</strong></span> <span class='ocrx_word' id='word_1_311' title='bbox 2463 1968 2580 2022; x_wconf 84' lang='lat' dir='ltr'><strong>Non</strong></span> <span class='ocrx_word' id='word_1_312' title='bbox 2616 1969 2764 2037; x_wconf 86' lang='lat' dir='ltr'><strong>plebs</strong></span> <span class='ocrx_word' id='word_1_313' title='bbox 2807 1985 2922 2022; x_wconf 90' lang='lat' dir='ltr'><strong>mea</strong></span> <span class='ocrx_word' id='word_1_314' title='bbox 2962 1984 3089 2032; x_wconf 89' lang='lat' dir='ltr'><strong>vos;</strong></span> <span class='ocrx_word' id='word_1_315' title='bbox 3126 1969 3199 2023; x_wconf 90' lang='lat' dir='ltr'><strong>ibi</strong></span> <span class='ocrx_word' id='word_1_316' title='bbox 3227 1989 3244 2021; x_wconf 75' lang='grc' dir='ltr'><strong>ι</strong></span> <span class='ocrx_word' id='word_1_317' title='bbox 3280 1969 3597 2025; x_wconf 90' lang='lat' dir='ltr'><strong>vocabimur</strong></span> <span class='ocrx_word' id='word_1_318' title='bbox 3625 1969 3752 2025; x_wconf 72' lang='lat' dir='ltr'><strong>«ﬁlii</strong></span> 
     </span>
    </p>
   </div>
   <div class='ocr_carea' id='block_1_20' title="bbox 491 2057 3752 2138">
    <p class='ocr_par' dir='ltr' id='par_1_20' title="bbox 491 2057 3752 2138">
     <span class='ocr_line' id='line_1_20' title="bbox 491 2057 3752 2138; baseline 0.001 -26"><span class='ocrx_word' id='word_1_319' title='bbox 491 2071 608 2125; x_wconf 87' lang='lat' dir='ltr'><strong>est;</strong></span> <span class='ocrx_word' id='word_1_320' title='bbox 642 2061 714 2114; x_wconf 90' lang='lat' dir='ltr'><strong>ita</strong></span> <span class='ocrx_word' id='word_1_321' title='bbox 749 2076 880 2131; x_wconf 83' lang='lat' dir='ltr'><strong>ergo</strong></span> <span class='ocrx_word' id='word_1_322' title='bbox 925 2062 1038 2134; x_wconf 87' lang='lat'><strong>(29)</strong></span> <span class='ocrx_word' id='word_1_323' title='bbox 1091 2072 1148 2118; x_wconf 91' lang='lat' dir='ltr'><strong>et</strong></span> <span class='ocrx_word' id='word_1_324' title='bbox 1197 2081 1346 2121; x_wconf 87' lang='lat' dir='ltr'><strong>nunc</strong></span> <span class='ocrx_word' id='word_1_325' title='bbox 1400 2065 1634 2138; x_wconf 91' lang='lat' dir='ltr'><strong>populus</strong></span> <span class='ocrx_word' id='word_1_326' title='bbox 1683 2066 1927 2134; x_wconf 86' lang='lat' dir='ltr'><strong>gentium</strong></span> <span class='ocrx_word' id='word_1_327' title='bbox 1976 2066 2069 2134; x_wconf 90' lang='lat' dir='ltr'><strong>qui</strong></span> <span class='ocrx_word' id='word_1_328' title='bbox 2173 2060 2265 2113; x_wconf 90' lang='lat' dir='ltr'><strong>Dei</strong></span> <span class='ocrx_word' id='word_1_329' title='bbox 2329 2058 2456 2112; x_wconf 87' lang='lat' dir='ltr'><strong>vivi.</strong></span> <span class='ocrx_word' id='word_1_330' title='bbox 2515 2076 2535 2110; x_wconf 73' lang='grc' dir='ltr'><strong>ι</strong></span> <span class='ocrx_word' id='word_1_331' title='bbox 2609 2057 2713 2112; x_wconf 88' lang='lat' dir='ltr'><strong>Sed</strong></span> <span class='ocrx_word' id='word_1_332' title='bbox 2759 2058 3012 2114; x_wconf 78' lang='lat' dir='ltr'><strong>fortassis</strong></span> <span class='ocrx_word' id='word_1_333' title='bbox 3083 2061 3364 2128; x_wconf 82' lang='lat' dir='ltr'><strong>requirant</strong></span> <span class='ocrx_word' id='word_1_334' title='bbox 3410 2074 3441 2112; x_wconf 90' lang='lat' dir='ltr'><strong>a</strong></span> <span class='ocrx_word' id='word_1_335' title='bbox 3487 2061 3642 2114; x_wconf 88' lang='lat' dir='ltr'><strong>nobis</strong></span> <span class='ocrx_word' id='word_1_336' title='bbox 3695 2060 3752 2114; x_wconf 88' lang='lat' dir='ltr'><strong>hi</strong></span> 
     </span>
    </p>
   </div>
   <div class='ocr_carea' id='block_1_21' title="bbox 491 2147 3750 2227">
    <p class='ocr_par' dir='ltr' id='par_1_21' title="bbox 491 2147 3750 2227">
     <span class='ocr_line' id='line_1_21' title="bbox 491 2147 3750 2227; baseline -0.001 -25"><span class='ocrx_word' id='word_1_337' title='bbox 491 2154 872 2219; x_wconf 86' lang='lat' dir='ltr'><strong>spernebatur,</strong></span> <span class='ocrx_word' id='word_1_338' title='bbox 920 2165 977 2207; x_wconf 84' lang='lat' dir='ltr'><strong>et</strong></span> <span class='ocrx_word' id='word_1_339' title='bbox 1025 2155 1418 2223; x_wconf 58' lang='lat' dir='ltr'><strong>desperabat“</strong></span> <span class='ocrx_word' id='word_1_340' title='bbox 1461 2159 1530 2210; x_wconf 76' lang='lat' dir='ltr'><strong>ab</strong></span> <span class='ocrx_word' id='word_1_341' title='bbox 1590 2158 1676 2212; x_wconf 82' lang='lat' dir='ltr'><strong>his</strong></span> <span class='ocrx_word' id='word_1_342' title='bbox 1723 2157 1813 2227; x_wconf 80' lang='lat' dir='ltr'><strong>qui</strong></span> <span class='ocrx_word' id='word_1_343' title='bbox 1861 2157 1917 2210; x_wconf 81' lang='lat' dir='ltr'><strong>in</strong></span> <span class='ocrx_word' id='word_1_344' title='bbox 1963 2159 2070 2212; x_wconf 72' lang='lat' dir='ltr'><strong>cir.</strong></span> <span class='ocrx_word' id='word_1_345' title='bbox 2169 2151 2261 2218; x_wconf 93' lang='lat' dir='ltr'><strong>qui</strong></span> <span class='ocrx_word' id='word_1_346' title='bbox 2313 2165 2381 2202; x_wconf 77' lang='lat' dir='ltr'><strong>ex</strong></span> <span class='ocrx_word' id='word_1_347' title='bbox 2437 2149 2852 2203; x_wconf 88' lang='lat' dir='ltr'><strong>circumcisione</strong></span> <span class='ocrx_word' id='word_1_348' title='bbox 2893 2160 3041 2212; x_wconf 92' lang='lat' dir='ltr'><strong>sunt,</strong></span> <span class='ocrx_word' id='word_1_349' title='bbox 3093 2159 3149 2202; x_wconf 90' lang='lat' dir='ltr'><strong>et</strong></span> <span class='ocrx_word' id='word_1_350' title='bbox 3199 2149 3421 2202; x_wconf 86' lang='lat' dir='ltr'><strong>dicant:</strong></span> <span class='ocrx_word' id='word_1_351' title='bbox 3453 2147 3553 2202; x_wconf 88' lang='lat' dir='ltr'><strong>Ubi</strong></span> <span class='ocrx_word' id='word_1_352' title='bbox 3601 2148 3750 2201; x_wconf 87' lang='lat' dir='ltr'><strong>enim</strong></span> 
     </span>
    </p>
   </div>
   <div class='ocr_carea' id='block_1_22' title="bbox 489 2241 2126 2314">
    <p class='ocr_par' dir='ltr' id='par_1_22' title="bbox 489 2244 2053 2314">
     <span class='ocr_line' id='line_1_22' title="bbox 489 2244 2053 2314; baseline 0.004 -17"><span class='ocrx_word' id='word_1_353' title='bbox 489 2244 824 2300; x_wconf 86' lang='lat' dir='ltr'><strong>cumcisione</strong></span> <span class='ocrx_word' id='word_1_354' title='bbox 869 2245 1197 2314; x_wconf 87' lang='lat' dir='ltr'><strong>gloriantur,</strong></span> <span class='ocrx_word' id='word_1_355' title='bbox 1244 2249 1678 2302; x_wconf 87' lang='lat' dir='ltr'><strong>misericordiam</strong></span> <span class='ocrx_word' id='word_1_356' title='bbox 1722 2260 2053 2304; x_wconf 74' lang='lat' dir='ltr'><strong>consecutus</strong></span> 
     </span>
    </p>
   </div>
   <div class='ocr_carea' id='block_1_23' title="bbox 2115 2241 3752 2314">
    <p class='ocr_par' dir='ltr' id='par_1_23' title="bbox 2170 2241 3752 2310">
     <span class='ocr_line' id='line_1_23' title="bbox 2170 2241 3752 2310; baseline 0 -16"><span class='ocrx_word' id='word_1_357' title='bbox 2170 2244 2238 2296; x_wconf 90' lang='lat' dir='ltr'><strong>ad</strong></span> <span class='ocrx_word' id='word_1_358' title='bbox 2268 2257 2360 2296; x_wconf 88' lang='lat' dir='ltr'><strong>vos</strong></span> <span class='ocrx_word' id='word_1_359' title='bbox 2388 2243 2588 2296; x_wconf 88' lang='lat' dir='ltr'><strong>dictum</strong></span> <span class='ocrx_word' id='word_1_360' title='bbox 2619 2251 2726 2302; x_wconf 88' lang='lat' dir='ltr'><strong>est.</strong></span> <span class='ocrx_word' id='word_1_361' title='bbox 2757 2243 2887 2310; x_wconf 85' lang='lat' dir='ltr'><strong>quia</strong></span> <span class='ocrx_word' id='word_1_362' title='bbox 2915 2258 3020 2294; x_wconf 91' lang='lat' dir='ltr'><strong>non</strong></span> <span class='ocrx_word' id='word_1_363' title='bbox 3065 2242 3186 2296; x_wconf 89' lang='lat' dir='ltr'><strong>sitis</strong></span> <span class='ocrx_word' id='word_1_364' title='bbox 3215 2242 3367 2310; x_wconf 87' lang='lat' dir='ltr'><strong>plebs</strong></span> <span class='ocrx_word' id='word_1_365' title='bbox 3402 2241 3497 2295; x_wconf 90' lang='lat' dir='ltr'><strong>Dei</strong></span> <span class='ocrx_word' id='word_1_366' title='bbox 3532 2255 3648 2306; x_wconf 92' lang='lat' dir='ltr'><strong>vos,</strong></span> <span class='ocrx_word' id='word_1_367' title='bbox 3692 2250 3752 2295; x_wconf 87' lang='lat' dir='ltr'><strong>ut</strong></span> 
     </span>
    </p>
   </div>
   <div class='ocr_carea' id='block_1_24' title="bbox 491 2333 3752 2404">
    <p class='ocr_par' dir='ltr' id='par_1_24' title="bbox 491 2333 3752 2404">
     <span class='ocr_line' id='line_1_24' title="bbox 491 2333 3752 2404; baseline 0.001 -20"><span class='ocrx_word' id='word_1_368' title='bbox 491 2343 596 2386; x_wconf 88' lang='lat' dir='ltr'><strong>est.</strong></span> <span class='ocrx_word' id='word_1_369' title='bbox 631 2334 738 2388; x_wconf 86' lang='lat' dir='ltr'><strong>Sed</strong></span> <span class='ocrx_word' id='word_1_370' title='bbox 778 2335 910 2389; x_wconf 90' lang='lat' dir='ltr'><strong>illud</strong></span> <span class='ocrx_word' id='word_1_371' title='bbox 949 2337 1203 2404; x_wconf 89' lang='lat' dir='ltr'><strong>estquod</strong></span> <span class='ocrx_word' id='word_1_372' title='bbox 1231 2339 1416 2392; x_wconf 89' lang='lat' dir='ltr'><strong>acrius</strong></span> <span class='ocrx_word' id='word_1_373' title='bbox 1453 2339 1716 2392; x_wconf 89' lang='lat' dir='ltr'><strong>debemus</strong></span> <span class='ocrx_word' id='word_1_374' title='bbox 1757 2339 2066 2399; x_wconf 89' lang='lat' dir='ltr'><strong>intendere,</strong></span> <span class='ocrx_word' id='word_1_375' title='bbox 2173 2336 2243 2389; x_wconf 90' lang='lat' dir='ltr'><strong>ibi</strong></span> <span class='ocrx_word' id='word_1_376' title='bbox 2283 2334 2554 2388; x_wconf 89' lang='lat' dir='ltr'><strong>voccmini</strong></span> <span class='ocrx_word' id='word_1_377' title='bbox 2603 2334 2696 2386; x_wconf 82' lang='lat' dir='ltr'><strong>lilii</strong></span> <span class='ocrx_word' id='word_1_378' title='bbox 2743 2333 2832 2386; x_wconf 85' lang='lat' dir='ltr'><strong>Dei</strong></span> <span class='ocrx_word' id='word_1_379' title='bbox 2895 2334 3035 2387; x_wconf 86' lang='lat' dir='ltr'><strong>vivi?</strong></span> <span class='ocrx_word' id='word_1_380' title='bbox 3097 2334 3361 2388; x_wconf 84' lang='lat' dir='ltr'><strong>Asserent</strong></span> <span class='ocrx_word' id='word_1_381' title='bbox 3412 2334 3557 2387; x_wconf 90' lang='lat' dir='ltr'><strong>enim</strong></span> <span class='ocrx_word' id='word_1_382' title='bbox 3607 2335 3752 2403; x_wconf 91' lang='lat' dir='ltr'><strong>quod</strong></span> 
     </span>
    </p>
   </div>
   <div class='ocr_carea' id='block_1_25' title="bbox 491 2423 3754 2497">
    <p class='ocr_par' dir='ltr' id='par_1_25' title="bbox 491 2423 3754 2497">
     <span class='ocr_line' id='line_1_25' title="bbox 491 2423 3754 2497; baseline -0 -20"><span class='ocrx_word' id='word_1_383' title='bbox 491 2425 620 2486; x_wconf 79' lang='lat' dir='ltr'><strong>quia</strong></span> <span class='ocrx_word' id='word_1_384' title='bbox 643 2436 699 2479; x_wconf 91' lang='lat' dir='ltr'><strong>et</strong></span> <span class='ocrx_word' id='word_1_385' title='bbox 727 2426 800 2480; x_wconf 90' lang='lat' dir='ltr'><strong>illi</strong></span> <span class='ocrx_word' id='word_1_386' title='bbox 839 2429 1114 2482; x_wconf 90' lang='lat' dir='ltr'><strong>consecuti</strong></span> <span class='ocrx_word' id='word_1_387' title='bbox 1153 2439 1280 2483; x_wconf 88' lang='lat' dir='ltr'><strong>sunt</strong></span> <span class='ocrx_word' id='word_1_388' title='bbox 1321 2430 1778 2494; x_wconf 88' lang='lat' dir='ltr'><strong>misericordiam,</strong></span> <span class='ocrx_word' id='word_1_389' title='bbox 1823 2441 1877 2484; x_wconf 92' lang='lat' dir='ltr'><strong>et</strong></span> <span class='ocrx_word' id='word_1_390' title='bbox 1917 2429 2069 2497; x_wconf 87' lang='lat' dir='ltr'><strong>plebs</strong></span> <span class='ocrx_word' id='word_1_391' title='bbox 2173 2425 2314 2479; x_wconf 91' lang='lat' dir='ltr'><strong>Deus</strong></span> <span class='ocrx_word' id='word_1_392' title='bbox 2346 2426 2460 2478; x_wconf 76' lang='lat' dir='ltr'><strong>lucc</strong></span> <span class='ocrx_word' id='word_1_393' title='bbox 2484 2425 2537 2477; x_wconf 91' lang='lat' dir='ltr'><strong>in</strong></span> <span class='ocrx_word' id='word_1_394' title='bbox 2563 2423 2750 2477; x_wconf 85' lang='lat' dir='ltr'><strong>.ludaea</strong></span> <span class='ocrx_word' id='word_1_395' title='bbox 2797 2426 3010 2478; x_wconf 84' lang='lat' dir='ltr'><strong>locutus</strong></span> <span class='ocrx_word' id='word_1_396' title='bbox 3041 2434 3122 2478; x_wconf 88' lang='lat' dir='ltr'><strong>est</strong></span> <span class='ocrx_word' id='word_1_397' title='bbox 3151 2425 3228 2493; x_wconf 89' lang='lat' dir='ltr'><strong>(in</strong></span> <span class='ocrx_word' id='word_1_398' title='bbox 3264 2425 3380 2492; x_wconf 86' lang='lat' dir='ltr'><strong>ipsa</strong></span> <span class='ocrx_word' id='word_1_399' title='bbox 3430 2423 3577 2478; x_wconf 91' lang='lat' dir='ltr'><strong>enim</strong></span> <span class='ocrx_word' id='word_1_400' title='bbox 3633 2433 3754 2477; x_wconf 87' lang='lat' dir='ltr'><strong>tan-</strong></span> 
     </span>
    </p>
   </div>
   <div class='ocr_carea' id='block_1_26' title="bbox 494 2515 3753 2588">
    <p class='ocr_par' dir='ltr' id='par_1_26' title="bbox 494 2515 3753 2588">
     <span class='ocr_line' id='line_1_26' title="bbox 494 2515 3753 2588; baseline 0.001 -20"><span class='ocrx_word' id='word_1_401' title='bbox 494 2515 586 2568; x_wconf 86' lang='lat' dir='ltr'><strong>Dei</strong></span> <span class='ocrx_word' id='word_1_402' title='bbox 619 2517 868 2585; x_wconf 89' lang='lat' dir='ltr'><strong>appellati</strong></span> <span class='ocrx_word' id='word_1_403' title='bbox 896 2528 1044 2583; x_wconf 92' lang='lat' dir='ltr'><strong>sunt,</strong></span> <span class='ocrx_word' id='word_1_404' title='bbox 1086 2531 1141 2573; x_wconf 87' lang='lat' dir='ltr'><strong>et</strong></span> <span class='ocrx_word' id='word_1_405' title='bbox 1167 2519 1352 2574; x_wconf 90' lang='lat' dir='ltr'><strong>dilecti</strong></span> <span class='ocrx_word' id='word_1_406' title='bbox 1384 2520 1477 2574; x_wconf 89' lang='lat' dir='ltr'><strong>Dei</strong></span> <span class='ocrx_word' id='word_1_407' title='bbox 1513 2520 1763 2584; x_wconf 78' lang='lat' dir='ltr'><strong>luerunt;</strong></span> <span class='ocrx_word' id='word_1_408' title='bbox 1799 2521 1894 2574; x_wconf 90' lang='lat' dir='ltr'><strong>sed</strong></span> <span class='ocrx_word' id='word_1_409' title='bbox 1929 2535 2068 2588; x_wconf 89' lang='lat' dir='ltr'><strong>quo-</strong></span> <span class='ocrx_word' id='word_1_410' title='bbox 2172 2519 2452 2572; x_wconf 91' lang='lat' dir='ltr'><strong>tummodo</strong></span> <span class='ocrx_word' id='word_1_411' title='bbox 2484 2527 2648 2572; x_wconf 89' lang='lat' dir='ltr'><strong>notus</strong></span> <span class='ocrx_word' id='word_1_412' title='bbox 2675 2525 2760 2571; x_wconf 90' lang='lat' dir='ltr'><strong>est</strong></span> <span class='ocrx_word' id='word_1_413' title='bbox 2789 2517 2928 2572; x_wconf 89' lang='lat' dir='ltr'><strong>Deus</strong></span> <span class='ocrx_word' id='word_1_414' title='bbox 2959 2517 3060 2588; x_wconf 74' lang='lat'><strong>“),</strong></span> <span class='ocrx_word' id='word_1_415' title='bbox 3105 2526 3161 2571; x_wconf 89' lang='lat' dir='ltr'><strong>et</strong></span> <span class='ocrx_word' id='word_1_416' title='bbox 3205 2517 3344 2571; x_wconf 87' lang='lat' dir='ltr'><strong>nihil</strong></span> <span class='ocrx_word' id='word_1_417' title='bbox 3391 2517 3506 2570; x_wconf 66' lang='lat' dir='ltr'><strong>hare</strong></span> <span class='ocrx_word' id='word_1_418' title='bbox 3537 2517 3604 2570; x_wconf 87' lang='lat' dir='ltr'><strong>ad</strong></span> <span class='ocrx_word' id='word_1_419' title='bbox 3651 2531 3753 2572; x_wconf 86' lang='lat' dir='ltr'><strong>nos</strong></span> 
     </span>
    </p>
   </div>
   <div class='ocr_carea' id='block_1_27' title="bbox 495 2608 3741 2684">
    <p class='ocr_par' dir='ltr' id='par_1_27' title="bbox 495 2608 3741 2684">
     <span class='ocr_line' id='line_1_27' title="bbox 495 2608 3741 2684; baseline 0.002 -24"><span class='ocrx_word' id='word_1_420' title='bbox 495 2608 640 2660; x_wconf 86' lang='lat' dir='ltr'><strong>niam</strong></span> <span class='ocrx_word' id='word_1_421' title='bbox 688 2624 906 2664; x_wconf 89' lang='lat' dir='ltr'><strong>servare</strong></span> <span class='ocrx_word' id='word_1_422' title='bbox 945 2609 1057 2682; x_wconf 83' lang='grc'>(50)</span> <span class='ocrx_word' id='word_1_423' title='bbox 1104 2623 1386 2681; x_wconf 86' lang='lat' dir='ltr'><strong>acceptam</strong></span> <span class='ocrx_word' id='word_1_424' title='bbox 1437 2613 1671 2682; x_wconf 87' lang='lat' dir='ltr'><strong>gratiam</strong></span> <span class='ocrx_word' id='word_1_425' title='bbox 1725 2613 2067 2674; x_wconf 81' lang='lat' dir='ltr'><strong>nescierunt,</strong></span> <span class='ocrx_word' id='word_1_426' title='bbox 2173 2623 2446 2683; x_wconf 87' lang='lat' dir='ltr'><strong>spectant,</strong></span> <span class='ocrx_word' id='word_1_427' title='bbox 2482 2614 2608 2682; x_wconf 92' lang='lat' dir='ltr'><strong>quia</strong></span> <span class='ocrx_word' id='word_1_428' title='bbox 2637 2631 2656 2664; x_wconf 72' lang='grc' dir='ltr'><strong>ε</strong></span> <span class='ocrx_word' id='word_1_429' title='bbox 2692 2613 2777 2667; x_wconf 81' lang='lat' dir='ltr'><strong>lex</strong></span> <span class='ocrx_word' id='word_1_430' title='bbox 2812 2613 2876 2666; x_wconf 86' lang='lat' dir='ltr'><strong>ad</strong></span> <span class='ocrx_word' id='word_1_431' title='bbox 2915 2627 3008 2666; x_wconf 89' lang='lat' dir='ltr'><strong>eos</strong></span> <span class='ocrx_word' id='word_1_432' title='bbox 3039 2614 3133 2684; x_wconf 90' lang='lat' dir='ltr'><strong>qui</strong></span> <span class='ocrx_word' id='word_1_433' title='bbox 3176 2613 3228 2667; x_wconf 90' lang='lat' dir='ltr'><strong>in</strong></span> <span class='ocrx_word' id='word_1_434' title='bbox 3253 2612 3371 2682; x_wconf 88' lang='lat' dir='ltr'><strong>lege</strong></span> <span class='ocrx_word' id='word_1_435' title='bbox 3403 2622 3532 2666; x_wconf 90' lang='lat' dir='ltr'><strong>sunt</strong></span> <span class='ocrx_word' id='word_1_436' title='bbox 3561 2612 3741 2681; x_wconf 88' lang='lat' dir='ltr'><strong>loqui-</strong></span> 
     </span>
    </p>
   </div>
   <div class='ocr_carea' id='block_1_28' title="bbox 495 2698 3750 2774">
    <p class='ocr_par' dir='ltr' id='par_1_28' title="bbox 495 2698 3750 2774">
     <span class='ocr_line' id='line_1_28' title="bbox 495 2698 3750 2774; baseline 0.002 -24"><span class='ocrx_word' id='word_1_437' title='bbox 495 2698 693 2752; x_wconf 90' lang='lat' dir='ltr'><strong>dicitur</strong></span> <span class='ocrx_word' id='word_1_438' title='bbox 726 2701 792 2754; x_wconf 92' lang='lat' dir='ltr'><strong>ad</strong></span> <span class='ocrx_word' id='word_1_439' title='bbox 837 2714 931 2754; x_wconf 89' lang='lat' dir='ltr'><strong>eos</strong></span> <span class='ocrx_word' id='word_1_440' title='bbox 964 2719 978 2754; x_wconf 85' lang='lat'><strong>;</strong></span> <span class='ocrx_word' id='word_1_441' title='bbox 1019 2719 1037 2754; x_wconf 86' lang='grc'><strong>‹</strong></span> <span class='ocrx_word' id='word_1_442' title='bbox 1076 2700 1134 2754; x_wconf 88' lang='lat' dir='ltr'><strong>In</strong></span> <span class='ocrx_word' id='word_1_443' title='bbox 1172 2702 1368 2770; x_wconf 90' lang='lat' dir='ltr'><strong>quibus</strong></span> <span class='ocrx_word' id='word_1_444' title='bbox 1408 2702 1785 2757; x_wconf 77' lang='lat' dir='ltr'><strong>tumchabatur</strong></span> <span class='ocrx_word' id='word_1_445' title='bbox 1824 2717 2070 2756; x_wconf 79' lang='lat' dir='ltr'><strong>commo-</strong></span> <span class='ocrx_word' id='word_1_446' title='bbox 2175 2715 2260 2759; x_wconf 85' lang='lat' dir='ltr'><strong>tur</strong></span> <span class='ocrx_word' id='word_1_447' title='bbox 2285 2706 2347 2759; x_wconf 62' lang='lat'><strong>‘7.</strong></span> <span class='ocrx_word' id='word_1_448' title='bbox 2389 2727 2408 2758; x_wconf 76' lang='grc' dir='ltr'><strong>ι</strong></span> <span class='ocrx_word' id='word_1_449' title='bbox 2442 2707 2552 2759; x_wconf 90' lang='lat' dir='ltr'><strong>lmo</strong></span> <span class='ocrx_word' id='word_1_450' title='bbox 2574 2720 2675 2774; x_wconf 83' lang='lat' dir='ltr'><strong>ego</strong></span> <span class='ocrx_word' id='word_1_451' title='bbox 2700 2705 2983 2760; x_wconf 88' lang='lat' dir='ltr'><strong>ostendam</strong></span> <span class='ocrx_word' id='word_1_452' title='bbox 3017 2704 3193 2759; x_wconf 93' lang='lat' dir='ltr'><strong>locum</strong></span> <span class='ocrx_word' id='word_1_453' title='bbox 3224 2706 3393 2758; x_wconf 87' lang='lat' dir='ltr'><strong>nmlto</strong></span> <span class='ocrx_word' id='word_1_454' title='bbox 3418 2704 3750 2774; x_wconf 86' lang='lat' dir='ltr'><strong>digniorem,</strong></span> 
     </span>
    </p>
   </div>
   <div class='ocr_carea' id='block_1_29' title="bbox 497 2791 3758 2865">
    <p class='ocr_par' dir='ltr' id='par_1_29' title="bbox 497 2791 3758 2865">
     <span class='ocr_line' id='line_1_29' title="bbox 497 2791 3758 2865; baseline 0.002 -22"><span class='ocrx_word' id='word_1_455' title='bbox 497 2793 636 2845; x_wconf 87' lang='lat' dir='ltr'><strong>ratio</strong></span> <span class='ocrx_word' id='word_1_456' title='bbox 665 2792 829 2847; x_wconf 88' lang='lat' dir='ltr'><strong>Israel</strong></span> <span class='ocrx_word' id='word_1_457' title='bbox 876 2791 1014 2864; x_wconf 86' lang='grc'>(51),</span> <span class='ocrx_word' id='word_1_458' title='bbox 1066 2793 1244 2846; x_wconf 87' lang='lat' dir='ltr'><strong>dimisi</strong></span> <span class='ocrx_word' id='word_1_459' title='bbox 1288 2808 1431 2860; x_wconf 88' lang='lat' dir='ltr'><strong>eam,</strong></span> <span class='ocrx_word' id='word_1_460' title='bbox 1475 2804 1531 2850; x_wconf 90' lang='lat' dir='ltr'><strong>et</strong></span> <span class='ocrx_word' id='word_1_461' title='bbox 1569 2794 1688 2848; x_wconf 89' lang='lat' dir='ltr'><strong>dedi</strong></span> <span class='ocrx_word' id='word_1_462' title='bbox 1731 2795 1780 2846; x_wconf 87' lang='lat' dir='ltr'><strong>ei</strong></span> <span class='ocrx_word' id='word_1_463' title='bbox 1829 2793 2068 2848; x_wconf 87' lang='lat' dir='ltr'><strong>libellum</strong></span> <span class='ocrx_word' id='word_1_464' title='bbox 2174 2797 2262 2852; x_wconf 90' lang='lat' dir='ltr'><strong>ubi</strong></span> <span class='ocrx_word' id='word_1_465' title='bbox 2305 2799 2471 2852; x_wconf 92' lang='lat' dir='ltr'><strong>Deum</strong></span> <span class='ocrx_word' id='word_1_466' title='bbox 2511 2797 2658 2865; x_wconf 89' lang='lat' dir='ltr'><strong>loqui</strong></span> <span class='ocrx_word' id='word_1_467' title='bbox 2691 2806 2749 2850; x_wconf 92' lang='lat' dir='ltr'><strong>et</strong></span> <span class='ocrx_word' id='word_1_468' title='bbox 2779 2797 2960 2851; x_wconf 89' lang='lat' dir='ltr'><strong>decuit</strong></span> <span class='ocrx_word' id='word_1_469' title='bbox 2997 2806 3053 2852; x_wconf 89' lang='lat' dir='ltr'><strong>et</strong></span> <span class='ocrx_word' id='word_1_470' title='bbox 3093 2796 3348 2865; x_wconf 86' lang='lat' dir='ltr'><strong>possibile</strong></span> <span class='ocrx_word' id='word_1_471' title='bbox 3406 2795 3530 2850; x_wconf 78' lang='lat' dir='ltr'><strong>fuit.</strong></span> <span class='ocrx_word' id='word_1_472' title='bbox 3572 2795 3758 2863; x_wconf 79' lang='lat' dir='ltr'><strong>Neque</strong></span> 
     </span>
    </p>
   </div>
   <div class='ocr_carea' id='block_1_30' title="bbox 496 2877 3754 2958">
    <p class='ocr_par' dir='ltr' id='par_1_30' title="bbox 496 2877 3754 2958">
     <span class='ocr_line' id='line_1_30' title="bbox 496 2877 3754 2958; baseline 0.002 -23"><span class='ocrx_word' id='word_1_473' title='bbox 496 2883 702 2949; x_wconf 81' lang='lat' dir='ltr'><strong>repudii</strong></span> <span class='ocrx_word' id='word_1_474' title='bbox 736 2884 787 2936; x_wconf 90' lang='lat' dir='ltr'><strong>in</strong></span> <span class='ocrx_word' id='word_1_475' title='bbox 821 2899 1013 2937; x_wconf 90' lang='lat' dir='ltr'><strong>manus</strong></span> <span class='ocrx_word' id='word_1_476' title='bbox 1039 2900 1168 2939; x_wconf 84' lang='lat' dir='ltr'><strong>suas</strong></span> <span class='ocrx_word' id='word_1_477' title='bbox 1201 2885 1281 2951; x_wconf 63' lang='lat'><strong>‘9;</strong></span> <span class='ocrx_word' id='word_1_478' title='bbox 1317 2901 1335 2935; x_wconf 72' lang='grc' dir='ltr'>δ</span> <span class='ocrx_word' id='word_1_479' title='bbox 1380 2895 1436 2939; x_wconf 90' lang='lat' dir='ltr'><strong>et</strong></span> <span class='ocrx_word' id='word_1_480' title='bbox 1471 2886 1598 2939; x_wconf 85' lang='lat' dir='ltr'><strong>item</strong></span> <span class='ocrx_word' id='word_1_481' title='bbox 1646 2885 1772 2938; x_wconf 84' lang='lat' dir='ltr'><strong>alibi</strong></span> <span class='ocrx_word' id='word_1_482' title='bbox 1807 2903 1820 2937; x_wconf 90' lang='lat'>:</span> <span class='ocrx_word' id='word_1_483' title='bbox 1859 2902 1878 2935; x_wconf 75' lang='grc' dir='ltr'><strong>ι</strong></span> <span class='ocrx_word' id='word_1_484' title='bbox 1919 2883 2069 2939; x_wconf 76' lang='lat' dir='ltr'><strong>Facti</strong></span> <span class='ocrx_word' id='word_1_485' title='bbox 2173 2891 2318 2944; x_wconf 90' lang='lat' dir='ltr'><strong>enim</strong></span> <span class='ocrx_word' id='word_1_486' title='bbox 2342 2877 2916 2958; x_wconf 48' lang='lat' dir='ltr'><strong>consequenter&#39;Deus</strong></span> <span class='ocrx_word' id='word_1_487' title='bbox 2945 2887 3088 2956; x_wconf 91' lang='lat' dir='ltr'><strong>loqui</strong></span> <span class='ocrx_word' id='word_1_488' title='bbox 3137 2888 3191 2940; x_wconf 89' lang='lat' dir='ltr'><strong>in</strong></span> <span class='ocrx_word' id='word_1_489' title='bbox 3226 2887 3524 2952; x_wconf 88' lang='lat' dir='ltr'><strong>montibus,</strong></span> <span class='ocrx_word' id='word_1_490' title='bbox 3575 2897 3631 2941; x_wconf 90' lang='lat' dir='ltr'><strong>et</strong></span> <span class='ocrx_word' id='word_1_491' title='bbox 3662 2905 3754 2940; x_wconf 85' lang='lat' dir='ltr'><strong>ru-</strong></span> 
     </span>
    </p>
   </div>
   <div class='ocr_carea' id='block_1_31' title="bbox 494 2973 3752 3051">
    <p class='ocr_par' dir='ltr' id='par_1_31' title="bbox 494 2973 3752 3051">
     <span class='ocr_line' id='line_1_31' title="bbox 494 2973 3752 3051; baseline 0.002 -25"><span class='ocrx_word' id='word_1_492' title='bbox 494 2973 630 3026; x_wconf 84' lang='lat' dir='ltr'><strong>estis</strong></span> <span class='ocrx_word' id='word_1_493' title='bbox 675 2974 806 3027; x_wconf 90' lang='lat' dir='ltr'><strong>mibi</strong></span> <span class='ocrx_word' id='word_1_494' title='bbox 857 2975 911 3028; x_wconf 90' lang='lat' dir='ltr'><strong>in</strong></span> <span class='ocrx_word' id='word_1_495' title='bbox 957 2976 1264 3029; x_wconf 88' lang='lat' dir='ltr'><strong>satietatem</strong></span> <span class='ocrx_word' id='word_1_496' title='bbox 1312 2976 1445 3048; x_wconf 75' lang='lat'><strong>(32),</strong></span> <span class='ocrx_word' id='word_1_497' title='bbox 1485 2976 1600 3046; x_wconf 91' lang='lat' dir='ltr'><strong>jam</strong></span> <span class='ocrx_word' id='word_1_498' title='bbox 1651 2991 1757 3030; x_wconf 91' lang='lat' dir='ltr'><strong>non</strong></span> <span class='ocrx_word' id='word_1_499' title='bbox 1803 2977 2068 3031; x_wconf 88' lang='lat' dir='ltr'><strong>dimittam</strong></span> <span class='ocrx_word' id='word_1_500' title='bbox 2173 2983 2353 3051; x_wconf 84' lang='lat' dir='ltr'><strong>pibus,</strong></span> <span class='ocrx_word' id='word_1_501' title='bbox 2382 2990 2435 3036; x_wconf 84' lang='lat' dir='ltr'><strong>et</strong></span> <span class='ocrx_word' id='word_1_502' title='bbox 2466 2979 2880 3049; x_wconf 85' lang='lat' dir='ltr'><strong>quibuscunque</strong></span> <span class='ocrx_word' id='word_1_503' title='bbox 2912 2979 3141 3033; x_wconf 88' lang='lat' dir='ltr'><strong>terrenis</strong></span> <span class='ocrx_word' id='word_1_504' title='bbox 3185 2978 3320 3033; x_wconf 89' lang='lat' dir='ltr'><strong>locis</strong></span> <span class='ocrx_word' id='word_1_505' title='bbox 3359 2979 3570 3033; x_wconf 90' lang='lat' dir='ltr'><strong>dicetur</strong></span> <span class='ocrx_word' id='word_1_506' title='bbox 3592 2979 3752 3049; x_wconf 76' lang='lat'><strong>(38):</strong></span> 
     </span>
    </p>
   </div>
   <div class='ocr_carea' id='block_1_32' title="bbox 495 3069 3756 3167">
    <p class='ocr_par' dir='ltr' id='par_1_32' title="bbox 495 3069 3756 3167">
     <span class='ocr_line' id='line_1_32' title="bbox 495 3069 3756 3167; baseline 0.001 -46"><span class='ocrx_word' id='word_1_507' title='bbox 495 3080 718 3136; x_wconf 85' lang='lat' dir='ltr'><strong>peccata</strong></span> <span class='ocrx_word' id='word_1_508' title='bbox 746 3082 944 3126; x_wconf 87' lang='lat' dir='ltr'><strong>vestra.</strong></span> <span class='ocrx_word' id='word_1_509' title='bbox 986 3091 1005 3124; x_wconf 72' lang='grc' dir='ltr'><strong>ι</strong></span> <span class='ocrx_word' id='word_1_510' title='bbox 1042 3074 1107 3127; x_wconf 88' lang='lat' dir='ltr'><strong>Et</strong></span> <span class='ocrx_word' id='word_1_511' title='bbox 1139 3088 1236 3142; x_wconf 89' lang='lat' dir='ltr'><strong>per</strong></span> <span class='ocrx_word' id='word_1_512' title='bbox 1253 3071 1544 3128; x_wconf 86' lang='lat' dir='ltr'><strong>Jeremiam</strong></span> <span class='ocrx_word' id='word_1_513' title='bbox 1582 3074 1842 3129; x_wconf 90' lang='lat' dir='ltr'><strong>Dominus</strong></span> <span class='ocrx_word' id='word_1_514' title='bbox 1887 3073 2018 3128; x_wconf 88' lang='lat' dir='ltr'><strong>dicit</strong></span> <span class='ocrx_word' id='word_1_515' title='bbox 2051 3090 2063 3126; x_wconf 92' lang='lat'><strong>:</strong></span> <span class='ocrx_word' id='word_1_516' title='bbox 2099 3112 2140 3167; x_wconf 63' lang='grc' dir='ltr'>Ο</span> <span class='ocrx_word' id='word_1_517' title='bbox 2174 3072 2270 3127; x_wconf 89' lang='lat' dir='ltr'><strong>sed</strong></span> <span class='ocrx_word' id='word_1_518' title='bbox 2308 3073 2362 3125; x_wconf 91' lang='lat' dir='ltr'><strong>in</strong></span> <span class='ocrx_word' id='word_1_519' title='bbox 2388 3079 2569 3125; x_wconf 90' lang='lat' dir='ltr'><strong>mente</strong></span> <span class='ocrx_word' id='word_1_520' title='bbox 2611 3070 2846 3124; x_wconf 90' lang='lat' dir='ltr'><strong>hominis</strong></span> <span class='ocrx_word' id='word_1_521' title='bbox 2877 3070 3116 3139; x_wconf 88' lang='lat' dir='ltr'><strong>loquitur</strong></span> <span class='ocrx_word' id='word_1_522' title='bbox 3164 3069 3329 3132; x_wconf 86' lang='lat' dir='ltr'><strong>Deus.</strong></span> <span class='ocrx_word' id='word_1_523' title='bbox 3362 3071 3414 3124; x_wconf 93' lang='lat' dir='ltr'><strong>in</strong></span> <span class='ocrx_word' id='word_1_524' title='bbox 3450 3086 3612 3126; x_wconf 91' lang='lat' dir='ltr'><strong>sensu</strong></span> <span class='ocrx_word' id='word_1_525' title='bbox 3666 3087 3756 3125; x_wconf 89' lang='lat' dir='ltr'><strong>ra-</strong></span> 
     </span>
    </p>
   </div>
   <div class='ocr_carea' id='block_1_33' title="bbox 499 3161 3758 3236">
    <p class='ocr_par' dir='ltr' id='par_1_33' title="bbox 499 3161 3758 3236">
     <span class='ocr_line' id='line_1_33' title="bbox 499 3161 3758 3236; baseline 0.002 -24"><span class='ocrx_word' id='word_1_526' title='bbox 499 3181 519 3212; x_wconf 70' lang='grc' dir='ltr'><strong>ι</strong></span> <span class='ocrx_word' id='word_1_527' title='bbox 568 3162 720 3217; x_wconf 89' lang='lat' dir='ltr'><strong>Sicut</strong></span> <span class='ocrx_word' id='word_1_528' title='bbox 751 3164 1008 3232; x_wconf 87' lang='lat' dir='ltr'><strong>spelunca</strong></span> <span class='ocrx_word' id='word_1_529' title='bbox 1048 3167 1251 3236; x_wconf 64' lang='lat' dir='ltr'><strong>hyaenae</strong></span> <span class='ocrx_word' id='word_1_530' title='bbox 1293 3165 1436 3220; x_wconf 79' lang='lat' dir='ltr'><strong>facta</strong></span> <span class='ocrx_word' id='word_1_531' title='bbox 1477 3177 1561 3221; x_wconf 90' lang='lat' dir='ltr'><strong>est</strong></span> <span class='ocrx_word' id='word_1_532' title='bbox 1598 3167 1730 3220; x_wconf 91' lang='lat' dir='ltr'><strong>mihi</strong></span> <span class='ocrx_word' id='word_1_533' title='bbox 1786 3166 2072 3220; x_wconf 74' lang='lat' dir='ltr'><strong>haereditas</strong></span> <span class='ocrx_word' id='word_1_534' title='bbox 2106 3161 2140 3167; x_wconf 58' lang='grc'>⁷</span> <span class='ocrx_word' id='word_1_535' title='bbox 2177 3162 2444 3228; x_wconf 88' lang='lat' dir='ltr'><strong>tionabili,</strong></span> <span class='ocrx_word' id='word_1_536' title='bbox 2483 3175 2539 3215; x_wconf 86' lang='lat' dir='ltr'><strong>et</strong></span> <span class='ocrx_word' id='word_1_537' title='bbox 2575 3162 2626 3215; x_wconf 94' lang='lat' dir='ltr'><strong>in</strong></span> <span class='ocrx_word' id='word_1_538' title='bbox 2673 3161 2962 3230; x_wconf 87' lang='lat' dir='ltr'><strong>principali</strong></span> <span class='ocrx_word' id='word_1_539' title='bbox 3013 3161 3228 3227; x_wconf 90' lang='lat' dir='ltr'><strong>cordis,</strong></span> <span class='ocrx_word' id='word_1_540' title='bbox 3287 3172 3342 3216; x_wconf 87' lang='lat' dir='ltr'><strong>et</strong></span> <span class='ocrx_word' id='word_1_541' title='bbox 3391 3163 3466 3217; x_wconf 90' lang='lat' dir='ltr'><strong>ibi</strong></span> <span class='ocrx_word' id='word_1_542' title='bbox 3520 3179 3643 3218; x_wconf 90' lang='lat' dir='ltr'><strong>cum</strong></span> <span class='ocrx_word' id='word_1_543' title='bbox 3672 3165 3758 3218; x_wconf 87' lang='lat' dir='ltr'><strong>in-</strong></span> 
     </span>
    </p>
   </div>
   <div class='ocr_carea' id='block_1_34' title="bbox 496 3253 3757 3327">
    <p class='ocr_par' dir='ltr' id='par_1_34' title="bbox 496 3253 3757 3327">
     <span class='ocr_line' id='line_1_34' title="bbox 496 3253 3757 3327; baseline 0.001 -21"><span class='ocrx_word' id='word_1_544' title='bbox 496 3269 615 3307; x_wconf 89' lang='lat' dir='ltr'><strong>mca</strong></span> <span class='ocrx_word' id='word_1_545' title='bbox 671 3254 737 3309; x_wconf 77' lang='grc'><strong>⁴⁰.</strong></span> <span class='ocrx_word' id='word_1_546' title='bbox 795 3273 815 3307; x_wconf 73' lang='grc' dir='ltr'><strong>ι</strong></span> <span class='ocrx_word' id='word_1_547' title='bbox 871 3253 948 3310; x_wconf 87' lang='lat' dir='ltr'><strong>Ne</strong></span> <span class='ocrx_word' id='word_1_548' title='bbox 992 3256 1135 3310; x_wconf 84' lang='lat' dir='ltr'><strong>forte</strong></span> <span class='ocrx_word' id='word_1_549' title='bbox 1183 3259 1344 3312; x_wconf 90' lang='lat' dir='ltr'><strong>etiam</strong></span> <span class='ocrx_word' id='word_1_550' title='bbox 1395 3273 1495 3314; x_wconf 90' lang='lat' dir='ltr'><strong>nos</strong></span> <span class='ocrx_word' id='word_1_551' title='bbox 1546 3259 1639 3327; x_wconf 93' lang='lat' dir='ltr'><strong>qui</strong></span> <span class='ocrx_word' id='word_1_552' title='bbox 1705 3273 1813 3312; x_wconf 92' lang='lat' dir='ltr'><strong>non</strong></span> <span class='ocrx_word' id='word_1_553' title='bbox 1868 3258 2074 3312; x_wconf 80' lang='lat' dir='ltr'><strong>fuimus</strong></span> <span class='ocrx_word' id='word_1_554' title='bbox 2175 3255 2321 3324; x_wconf 86' lang='lat' dir='ltr'><strong>digni</strong></span> <span class='ocrx_word' id='word_1_555' title='bbox 2353 3254 2600 3308; x_wconf 90' lang='lat' dir='ltr'><strong>etalieni</strong></span> <span class='ocrx_word' id='word_1_556' title='bbox 2631 3270 2660 3308; x_wconf 90' lang='lat' dir='ltr'><strong>a</strong></span> <span class='ocrx_word' id='word_1_557' title='bbox 2691 3254 2804 3307; x_wconf 87' lang='lat' dir='ltr'><strong>Deo</strong></span> <span class='ocrx_word' id='word_1_558' title='bbox 2829 3264 2985 3308; x_wconf 89' lang='lat' dir='ltr'><strong>actus</strong></span> <span class='ocrx_word' id='word_1_559' title='bbox 3013 3255 3355 3308; x_wconf 88' lang='lat' dir='ltr'><strong>conscientia</strong></span> <span class='ocrx_word' id='word_1_560' title='bbox 3396 3256 3757 3324; x_wconf 87' lang='lat' dir='ltr'><strong>redarguente</strong></span> 
     </span>
    </p>
   </div>
   <div class='ocr_carea' id='block_1_35' title="bbox 494 3346 3758 3426">
    <p class='ocr_par' dir='ltr' id='par_1_35' title="bbox 494 3346 3758 3426">
     <span class='ocr_line' id='line_1_35' title="bbox 494 3346 3758 3426; baseline 0 -25"><span class='ocrx_word' id='word_1_561' title='bbox 494 3351 644 3422; x_wconf 82' lang='lat' dir='ltr'><strong>plebs</strong></span> <span class='ocrx_word' id='word_1_562' title='bbox 682 3352 794 3422; x_wconf 76' lang='lat'><strong>(55)</strong></span> <span class='ocrx_word' id='word_1_563' title='bbox 831 3355 946 3420; x_wconf 80' lang='lat' dir='ltr'><strong>Dei,</strong></span> <span class='ocrx_word' id='word_1_564' title='bbox 988 3355 1081 3409; x_wconf 79' lang='lat' dir='ltr'><strong>sed</strong></span> <span class='ocrx_word' id='word_1_565' title='bbox 1124 3372 1219 3425; x_wconf 71' lang='lat' dir='ltr'><strong>per</strong></span> <span class='ocrx_word' id='word_1_566' title='bbox 1265 3357 1487 3411; x_wconf 64' lang='lat' dir='ltr'><strong>divitias</strong></span> <span class='ocrx_word' id='word_1_567' title='bbox 1530 3357 1712 3426; x_wconf 58' lang='lat' dir='ltr'><strong>gloriae.</strong></span> <span class='ocrx_word' id='word_1_568' title='bbox 1763 3371 1874 3410; x_wconf 57' lang='lat' dir='ltr'><strong>sua;</strong></span> <span class='ocrx_word' id='word_1_569' title='bbox 1911 3371 2074 3410; x_wconf 72' lang='lat' dir='ltr'><strong>voca-</strong></span> <span class='ocrx_word' id='word_1_570' title='bbox 2175 3346 2485 3417; x_wconf 88' lang='lat' dir='ltr'><strong>culpantur,</strong></span> <span class='ocrx_word' id='word_1_571' title='bbox 2526 3348 2621 3413; x_wconf 91' lang='lat' dir='ltr'><strong>ibi,</strong></span> <span class='ocrx_word' id='word_1_572' title='bbox 2662 3347 2914 3416; x_wconf 89' lang='lat' dir='ltr'><strong>inquam,</strong></span> <span class='ocrx_word' id='word_1_573' title='bbox 2962 3347 3377 3415; x_wconf 88' lang='lat' dir='ltr'><strong>pronuntiatur,</strong></span> <span class='ocrx_word' id='word_1_574' title='bbox 3428 3348 3501 3401; x_wconf 89' lang='lat' dir='ltr'><strong>ibi</strong></span> <span class='ocrx_word' id='word_1_575' title='bbox 3554 3348 3758 3403; x_wconf 89' lang='lat' dir='ltr'><strong>dicitur</strong></span> 
     </span>
    </p>
   </div>
   <div class='ocr_carea' id='block_1_36' title="bbox 494 3438 3751 3518">
    <p class='ocr_par' dir='ltr' id='par_1_36' title="bbox 494 3438 3751 3518">
     <span class='ocr_line' id='line_1_36' title="bbox 494 3438 3751 3518; baseline 0.001 -22"><span class='ocrx_word' id='word_1_576' title='bbox 494 3443 572 3497; x_wconf 86' lang='lat' dir='ltr'><strong>vit</strong></span> <span class='ocrx_word' id='word_1_577' title='bbox 603 3460 701 3498; x_wconf 91' lang='lat' dir='ltr'><strong>nos</strong></span> <span class='ocrx_word' id='word_1_578' title='bbox 727 3446 935 3513; x_wconf 81' lang='lat' dir='ltr'><strong>plebem</strong></span> <span class='ocrx_word' id='word_1_579' title='bbox 972 3461 1150 3509; x_wconf 90' lang='lat' dir='ltr'><strong>suam,</strong></span> <span class='ocrx_word' id='word_1_580' title='bbox 1183 3457 1238 3502; x_wconf 88' lang='lat' dir='ltr'><strong>et</strong></span> <span class='ocrx_word' id='word_1_581' title='bbox 1290 3448 1407 3518; x_wconf 73' lang='lat' dir='ltr'><strong>qui“</strong></span> <span class='ocrx_word' id='word_1_582' title='bbox 1435 3463 1542 3503; x_wconf 91' lang='lat' dir='ltr'><strong>non</strong></span> <span class='ocrx_word' id='word_1_583' title='bbox 1603 3447 1807 3500; x_wconf 86' lang='lat' dir='ltr'><strong>ruimus</strong></span> <span class='ocrx_word' id='word_1_584' title='bbox 1858 3447 2070 3512; x_wconf 84' lang='lat' dir='ltr'><strong>dilecti,</strong></span> <span class='ocrx_word' id='word_1_585' title='bbox 2175 3441 2241 3492; x_wconf 80' lang='lat' dir='ltr'><strong>ad</strong></span> <span class='ocrx_word' id='word_1_586' title='bbox 2281 3440 2520 3510; x_wconf 78' lang='lat' dir='ltr'><strong>singulos</strong></span> <span class='ocrx_word' id='word_1_587' title='bbox 2544 3454 2814 3510; x_wconf 87' lang='lat' dir='ltr'><strong>quosque.</strong></span> <span class='ocrx_word' id='word_1_588' title='bbox 2845 3441 2970 3509; x_wconf 86' lang='lat' dir='ltr'><strong>quia</strong></span> <span class='ocrx_word' id='word_1_589' title='bbox 3003 3458 3023 3490; x_wconf 73' lang='grc' dir='ltr'><strong>ι</strong></span> <span class='ocrx_word' id='word_1_590' title='bbox 3052 3455 3157 3493; x_wconf 86' lang='lat' dir='ltr'><strong>non</strong></span> <span class='ocrx_word' id='word_1_591' title='bbox 3188 3438 3340 3507; x_wconf 83' lang='lat' dir='ltr'><strong>plebs</strong></span> <span class='ocrx_word' id='word_1_592' title='bbox 3369 3455 3487 3494; x_wconf 83' lang='lat' dir='ltr'><strong>mea</strong></span> <span class='ocrx_word' id='word_1_593' title='bbox 3517 3457 3614 3496; x_wconf 90' lang='lat' dir='ltr'><strong>vos</strong></span> <span class='ocrx_word' id='word_1_594' title='bbox 3633 3442 3696 3494; x_wconf 67' lang='grc'><strong>⁸⁸.</strong></span> <span class='ocrx_word' id='word_1_595' title='bbox 3730 3461 3751 3494; x_wconf 75' lang='grc' dir='ltr'><strong>ι</strong></span> 
     </span>
    </p>
   </div>
   <div class='ocr_carea' id='block_1_37' title="bbox 494 3532 3757 3605">
    <p class='ocr_par' dir='ltr' id='par_1_37' title="bbox 494 3532 3757 3605">
     <span class='ocr_line' id='line_1_37' title="bbox 494 3532 3757 3605; baseline -0.001 -15"><span class='ocrx_word' id='word_1_596' title='bbox 494 3537 587 3590; x_wconf 89' lang='lat' dir='ltr'><strong>sed</strong></span> <span class='ocrx_word' id='word_1_597' title='bbox 633 3538 759 3592; x_wconf 79' lang='lat' dir='ltr'><strong>facti</strong></span> <span class='ocrx_word' id='word_1_598' title='bbox 801 3555 990 3594; x_wconf 88' lang='lat' dir='ltr'><strong>sumus</strong></span> <span class='ocrx_word' id='word_1_599' title='bbox 1045 3540 1246 3605; x_wconf 91' lang='lat' dir='ltr'><strong>dilecti,</strong></span> <span class='ocrx_word' id='word_1_600' title='bbox 1295 3549 1349 3595; x_wconf 91' lang='lat' dir='ltr'><strong>et</strong></span> <span class='ocrx_word' id='word_1_601' title='bbox 1401 3541 1494 3595; x_wconf 92' lang='lat' dir='ltr'><strong>ﬁlii</strong></span> <span class='ocrx_word' id='word_1_602' title='bbox 1545 3541 1636 3596; x_wconf 86' lang='lat' dir='ltr'><strong>Dei</strong></span> <span class='ocrx_word' id='word_1_603' title='bbox 1692 3541 1822 3604; x_wconf 89' lang='lat' dir='ltr'><strong>vivi,</strong></span> <span class='ocrx_word' id='word_1_604' title='bbox 1872 3541 1915 3594; x_wconf 93' lang='lat' dir='ltr'><strong>si</strong></span> <span class='ocrx_word' id='word_1_605' title='bbox 1963 3557 2070 3595; x_wconf 85' lang='lat' dir='ltr'><strong>non</strong></span> <span class='ocrx_word' id='word_1_606' title='bbox 2179 3532 2239 3587; x_wconf 86' lang='lat' dir='ltr'><strong>Si</strong></span> <span class='ocrx_word' id='word_1_607' title='bbox 2264 3548 2395 3588; x_wconf 90' lang='lat' dir='ltr'><strong>vero</strong></span> <span class='ocrx_word' id='word_1_608' title='bbox 2437 3534 2696 3588; x_wconf 88' lang='lat' dir='ltr'><strong>emundet</strong></span> <span class='ocrx_word' id='word_1_609' title='bbox 2754 3547 2814 3586; x_wconf 90' lang='lat' dir='ltr'><strong>se</strong></span> <span class='ocrx_word' id='word_1_610' title='bbox 2868 3532 2992 3602; x_wconf 91' lang='lat' dir='ltr'><strong>quis</strong></span> <span class='ocrx_word' id='word_1_611' title='bbox 3043 3533 3113 3587; x_wconf 88' lang='lat' dir='ltr'><strong>ab</strong></span> <span class='ocrx_word' id='word_1_612' title='bbox 3168 3534 3254 3587; x_wconf 86' lang='lat' dir='ltr'><strong>bis</strong></span> <span class='ocrx_word' id='word_1_613' title='bbox 3297 3540 3352 3588; x_wconf 90' lang='lat' dir='ltr'><strong>et</strong></span> <span class='ocrx_word' id='word_1_614' title='bbox 3405 3535 3757 3602; x_wconf 89' lang='lat' dir='ltr'><strong>puriﬁcet,et</strong></span> 
     </span>
    </p>
   </div>
   <div class='ocr_carea' id='block_1_38' title="bbox 495 3623 3762 3694">
    <p class='ocr_par' dir='ltr' id='par_1_38' title="bbox 495 3623 3762 3694">
     <span class='ocr_line' id='line_1_38' title="bbox 495 3623 3762 3694; baseline -0 -17"><span class='ocrx_word' id='word_1_615' title='bbox 495 3637 556 3680; x_wconf 91' lang='lat' dir='ltr'><strong>ut</strong></span> <span class='ocrx_word' id='word_1_616' title='bbox 606 3628 697 3681; x_wconf 83' lang='lat' dir='ltr'><strong>lilii</strong></span> <span class='ocrx_word' id='word_1_617' title='bbox 751 3628 888 3684; x_wconf 88' lang='lat' dir='ltr'><strong>lucis</strong></span> <span class='ocrx_word' id='word_1_618' title='bbox 933 3640 989 3685; x_wconf 89' lang='lat' dir='ltr'><strong>et</strong></span> <span class='ocrx_word' id='word_1_619' title='bbox 1046 3630 1140 3685; x_wconf 89' lang='lat' dir='ltr'><strong>ﬁlii</strong></span> <span class='ocrx_word' id='word_1_620' title='bbox 1211 3630 1301 3686; x_wconf 88' lang='lat' dir='ltr'><strong>Dei</strong></span> <span class='ocrx_word' id='word_1_621' title='bbox 1356 3630 1719 3694; x_wconf 90' lang='lat' dir='ltr'><strong>ambulemus,</strong></span> <span class='ocrx_word' id='word_1_622' title='bbox 1770 3631 1816 3684; x_wconf 91' lang='lat' dir='ltr'><strong>si</strong></span> <span class='ocrx_word' id='word_1_623' title='bbox 1861 3645 1965 3684; x_wconf 93' lang='lat' dir='ltr'><strong>non</strong></span> <span class='ocrx_word' id='word_1_624' title='bbox 2016 3641 2074 3683; x_wconf 92' lang='lat' dir='ltr'><strong>ut</strong></span> <span class='ocrx_word' id='word_1_625' title='bbox 2183 3643 2203 3675; x_wconf 77' lang='grc' dir='ltr'><strong>ι</strong></span> <span class='ocrx_word' id='word_1_626' title='bbox 2233 3638 2337 3692; x_wconf 79' lang='lat' dir='ltr'><strong>pax</strong></span> <span class='ocrx_word' id='word_1_627' title='bbox 2368 3623 2631 3691; x_wconf 84' lang='lat' dir='ltr'><strong>Dei,quae</strong></span> <span class='ocrx_word' id='word_1_628' title='bbox 2654 3631 2948 3690; x_wconf 79' lang='lat' dir='ltr'><strong>exsuperat</strong></span> <span class='ocrx_word' id='word_1_629' title='bbox 2982 3637 3198 3677; x_wconf 90' lang='lat' dir='ltr'><strong>omnem</strong></span> <span class='ocrx_word' id='word_1_630' title='bbox 3246 3632 3484 3678; x_wconf 88' lang='lat' dir='ltr'><strong>mentem</strong></span> <span class='ocrx_word' id='word_1_631' title='bbox 3509 3624 3574 3689; x_wconf 72' lang='grc'><strong>⁵⁸,</strong></span> <span class='ocrx_word' id='word_1_632' title='bbox 3613 3643 3633 3676; x_wconf 71' lang='grc' dir='ltr'><strong>ι</strong></span> <span class='ocrx_word' id='word_1_633' title='bbox 3664 3639 3762 3679; x_wconf 82' lang='lat' dir='ltr'><strong>cor</strong></span> 
     </span>
    </p>
   </div>
   <div class='ocr_carea' id='block_1_39' title="bbox 494 3713 3762 3790">
    <p class='ocr_par' dir='ltr' id='par_1_39' title="bbox 494 3713 3762 3790">
     <span class='ocr_line' id='line_1_39' title="bbox 494 3713 3762 3790; baseline -0.001 -18"><span class='ocrx_word' id='word_1_634' title='bbox 494 3717 647 3788; x_wconf 86' lang='lat' dir='ltr'><strong>plebs</strong></span> <span class='ocrx_word' id='word_1_635' title='bbox 731 3719 825 3773; x_wconf 92' lang='lat' dir='ltr'><strong>Dei</strong></span> <span class='ocrx_word' id='word_1_636' title='bbox 907 3719 982 3774; x_wconf 87' lang='lat' dir='ltr'><strong>ita</strong></span> <span class='ocrx_word' id='word_1_637' title='bbox 1057 3736 1316 3790; x_wconf 79' lang='lat' dir='ltr'><strong>agamus,</strong></span> <span class='ocrx_word' id='word_1_638' title='bbox 1374 3740 1393 3772; x_wconf 73' lang='grc' dir='ltr'><strong>ι</strong></span> <span class='ocrx_word' id='word_1_639' title='bbox 1443 3731 1502 3774; x_wconf 86' lang='lat' dir='ltr'><strong>ut</strong></span> <span class='ocrx_word' id='word_1_640' title='bbox 1565 3721 1807 3776; x_wconf 80' lang='lat' dir='ltr'><strong>videntes</strong></span> <span class='ocrx_word' id='word_1_641' title='bbox 1892 3722 2073 3776; x_wconf 81' lang='lat' dir='ltr'><strong>homi-</strong></span> <span class='ocrx_word' id='word_1_642' title='bbox 2180 3715 2298 3785; x_wconf 84' lang='lat' dir='ltr'><strong>ejus</strong></span> <span class='ocrx_word' id='word_1_643' title='bbox 2335 3715 2558 3782; x_wconf 87' lang='lat' dir='ltr'><strong>incipiat</strong></span> <span class='ocrx_word' id='word_1_644' title='bbox 2587 3714 2881 3777; x_wconf 90' lang='lat' dir='ltr'><strong>custodire,</strong></span> <span class='ocrx_word' id='word_1_645' title='bbox 2925 3713 3020 3781; x_wconf 92' lang='lat' dir='ltr'><strong>ibi,</strong></span> <span class='ocrx_word' id='word_1_646' title='bbox 3065 3713 3168 3767; x_wconf 89' lang='lat' dir='ltr'><strong>hoc</strong></span> <span class='ocrx_word' id='word_1_647' title='bbox 3201 3724 3305 3780; x_wconf 83' lang='lat' dir='ltr'><strong>est,</strong></span> <span class='ocrx_word' id='word_1_648' title='bbox 3343 3715 3397 3767; x_wconf 85' lang='lat' dir='ltr'><strong>in</strong></span> <span class='ocrx_word' id='word_1_649' title='bbox 3445 3715 3627 3769; x_wconf 91' lang='lat' dir='ltr'><strong>cordis</strong></span> <span class='ocrx_word' id='word_1_650' title='bbox 3672 3730 3762 3770; x_wconf 88' lang='lat' dir='ltr'><strong>sc-</strong></span> 
     </span>
    </p>
   </div>
   <div class='ocr_carea' id='block_1_40' title="bbox 496 3803 3754 3883">
    <p class='ocr_par' dir='ltr' id='par_1_40' title="bbox 496 3803 3754 3883">
     <span class='ocr_line' id='line_1_40' title="bbox 496 3803 3754 3883; baseline -0.001 -20"><span class='ocrx_word' id='word_1_651' title='bbox 496 3824 595 3864; x_wconf 85' lang='lat' dir='ltr'><strong>nes</strong></span> <span class='ocrx_word' id='word_1_652' title='bbox 642 3825 807 3880; x_wconf 85' lang='lat' dir='ltr'><strong>opera</strong></span> <span class='ocrx_word' id='word_1_653' title='bbox 855 3823 1041 3866; x_wconf 82' lang='lat' dir='ltr'><strong>nostra</strong></span> <span class='ocrx_word' id='word_1_654' title='bbox 1092 3812 1254 3877; x_wconf 86' lang='lat' dir='ltr'><strong>bona,</strong></span> <span class='ocrx_word' id='word_1_655' title='bbox 1305 3813 1652 3883; x_wconf 82' lang='lat' dir='ltr'><strong>magniﬁcent</strong></span> <span class='ocrx_word' id='word_1_656' title='bbox 1697 3813 1912 3868; x_wconf 79' lang='lat' dir='ltr'><strong>Patrem</strong></span> <span class='ocrx_word' id='word_1_657' title='bbox 1971 3828 2073 3867; x_wconf 83' lang='lat' dir='ltr'><strong>no-</strong></span> <span class='ocrx_word' id='word_1_658' title='bbox 2181 3817 2352 3868; x_wconf 91' lang='lat' dir='ltr'><strong>creto,</strong></span> <span class='ocrx_word' id='word_1_659' title='bbox 2422 3803 2683 3874; x_wconf 87' lang='lat' dir='ltr'><strong>paciﬁcus</strong></span> <span class='ocrx_word' id='word_1_660' title='bbox 2732 3806 2982 3870; x_wconf 84' lang='lat' dir='ltr'><strong>ell&#39;ectus,</strong></span> <span class='ocrx_word' id='word_1_661' title='bbox 3045 3803 3192 3861; x_wconf 84' lang='lat' dir='ltr'><strong>ﬁlius</strong></span> <span class='ocrx_word' id='word_1_662' title='bbox 3264 3805 3360 3860; x_wconf 85' lang='lat' dir='ltr'><strong>Dei</strong></span> <span class='ocrx_word' id='word_1_663' title='bbox 3413 3807 3754 3861; x_wconf 81' lang='lat' dir='ltr'><strong>conscientia</strong></span> 
     </span>
    </p>
   </div>
   <div class='ocr_carea' id='block_1_41' title="bbox 493 3896 2834 3970">
    <p class='ocr_par' dir='ltr' id='par_1_41' title="bbox 493 3896 2834 3970">
     <span class='ocr_line' id='line_1_41' title="bbox 493 3896 2834 3970; baseline 0.002 -14"><span class='ocrx_word' id='word_1_664' title='bbox 493 3911 664 3956; x_wconf 78' lang='lat' dir='ltr'><strong>strum</strong></span> <span class='ocrx_word' id='word_1_665' title='bbox 728 3903 818 3970; x_wconf 88' lang='lat' dir='ltr'><strong>qui</strong></span> <span class='ocrx_word' id='word_1_666' title='bbox 872 3904 923 3956; x_wconf 93' lang='lat' dir='ltr'><strong>in</strong></span> <span class='ocrx_word' id='word_1_667' title='bbox 977 3903 1131 3958; x_wconf 65' lang='lat' dir='ltr'><strong>caelis</strong></span> <span class='ocrx_word' id='word_1_668' title='bbox 1198 3915 1283 3958; x_wconf 86' lang='lat' dir='ltr'><strong>est</strong></span> <span class='ocrx_word' id='word_1_669' title='bbox 1327 3903 1394 3970; x_wconf 66' lang='grc' dir='ltr'><strong>υ,</strong></span> <span class='ocrx_word' id='word_1_670' title='bbox 1454 3923 1472 3956; x_wconf 71' lang='grc' dir='ltr'><strong>ι</strong></span> <span class='ocrx_word' id='word_1_671' title='bbox 1520 3907 1809 3960; x_wconf 85' lang='lat' dir='ltr'><strong>verendum</strong></span> <span class='ocrx_word' id='word_1_672' title='bbox 1860 3916 1944 3960; x_wconf 86' lang='lat' dir='ltr'><strong>est</strong></span> <span class='ocrx_word' id='word_1_673' title='bbox 2008 3922 2077 3961; x_wconf 87' lang='lat' dir='ltr'><strong>ne</strong></span> <span class='ocrx_word' id='word_1_674' title='bbox 2181 3896 2834 3965; x_wconf 64' lang='grc' dir='ltr'><strong>εειίρυιεηιθνοοίιὺίιιιτο</strong></span> 
     </span>
    </p>
   </div>
   <div class='ocr_carea' id='block_1_42' title="bbox 495 3986 3762 4067">
    <p class='ocr_par' dir='ltr' id='par_1_42' title="bbox 495 3986 3762 4067">
     <span class='ocr_line' id='line_1_42' title="bbox 495 3986 3762 4067; baseline -0.004 -12"><span class='ocrx_word' id='word_1_675' title='bbox 495 3996 644 4050; x_wconf 74' lang='lat' dir='ltr'><strong>illum</strong></span> <span class='ocrx_word' id='word_1_676' title='bbox 702 4011 1005 4051; x_wconf 84' lang='lat' dir='ltr'><strong>sermonem</strong></span> <span class='ocrx_word' id='word_1_677' title='bbox 1063 3997 1404 4052; x_wconf 86' lang='lat' dir='ltr'><strong>iucurramus</strong></span> <span class='ocrx_word' id='word_1_678' title='bbox 1453 3999 1722 4067; x_wconf 83' lang='lat' dir='ltr'><strong>Apostoli,</strong></span> <span class='ocrx_word' id='word_1_679' title='bbox 1779 4013 1886 4067; x_wconf 93' lang='lat' dir='ltr'><strong>quo</strong></span> <span class='ocrx_word' id='word_1_680' title='bbox 1929 3999 2005 4051; x_wconf 84' lang='lat' dir='ltr'><strong>ait</strong></span> <span class='ocrx_word' id='word_1_681' title='bbox 2053 4014 2066 4051; x_wconf 90' lang='lat'><strong>:</strong></span> <span class='ocrx_word' id='word_1_682' title='bbox 2255 3989 2344 4044; x_wconf 89' lang='grc'><strong>19.</strong></span> <span class='ocrx_word' id='word_1_683' title='bbox 2385 4009 2404 4042; x_wconf 75' lang='grc' dir='ltr'><strong>ι</strong></span> <span class='ocrx_word' id='word_1_684' title='bbox 2445 3989 2614 4043; x_wconf 88' lang='lat' dir='ltr'><strong>lsaias</strong></span> <span class='ocrx_word' id='word_1_685' title='bbox 2653 4001 2832 4042; x_wconf 89' lang='lat' dir='ltr'><strong>autem</strong></span> <span class='ocrx_word' id='word_1_686' title='bbox 2877 3987 3079 4042; x_wconf 89' lang='lat' dir='ltr'><strong>clamat</strong></span> <span class='ocrx_word' id='word_1_687' title='bbox 3108 4001 3208 4057; x_wconf 90' lang='lat' dir='ltr'><strong>pro</strong></span> <span class='ocrx_word' id='word_1_688' title='bbox 3251 3986 3457 4042; x_wconf 87' lang='lat' dir='ltr'><strong>Israel:</strong></span> <span class='ocrx_word' id='word_1_689' title='bbox 3501 3987 3558 4041; x_wconf 89' lang='lat' dir='ltr'><strong>Si</strong></span> <span class='ocrx_word' id='word_1_690' title='bbox 3596 3987 3762 4042; x_wconf 81' lang='lat' dir='ltr'><strong>fuerit</strong></span> 
     </span>
    </p>
   </div>
   <div class='ocr_carea' id='block_1_43' title="bbox 499 4077 3761 4158">
    <p class='ocr_par' dir='ltr' id='par_1_43' title="bbox 499 4077 3761 4158">
     <span class='ocr_line' id='line_1_43' title="bbox 499 4077 3761 4158; baseline -0.003 -17"><span class='ocrx_word' id='word_1_691' title='bbox 499 4105 520 4138; x_wconf 73' lang='grc' dir='ltr'><strong>ι</strong></span> <span class='ocrx_word' id='word_1_692' title='bbox 556 4086 613 4140; x_wconf 89' lang='lat' dir='ltr'><strong>Si</strong></span> <span class='ocrx_word' id='word_1_693' title='bbox 643 4087 788 4140; x_wconf 88' lang='lat' dir='ltr'><strong>enim</strong></span> <span class='ocrx_word' id='word_1_694' title='bbox 839 4085 982 4141; x_wconf 92' lang='lat' dir='ltr'><strong>Deus</strong></span> <span class='ocrx_word' id='word_1_695' title='bbox 1021 4087 1360 4142; x_wconf 88' lang='lat' dir='ltr'><strong>naturalibus</strong></span> <span class='ocrx_word' id='word_1_696' title='bbox 1409 4090 1577 4143; x_wconf 88' lang='lat' dir='ltr'><strong>ramis</strong></span> <span class='ocrx_word' id='word_1_697' title='bbox 1639 4104 1744 4143; x_wconf 90' lang='lat' dir='ltr'><strong>non</strong></span> <span class='ocrx_word' id='word_1_698' title='bbox 1799 4088 2068 4158; x_wconf 89' lang='lat' dir='ltr'><strong>pepercit,</strong></span> <span class='ocrx_word' id='word_1_699' title='bbox 2179 4095 2443 4136; x_wconf 86' lang='lat' dir='ltr'><strong>numerus</strong></span> <span class='ocrx_word' id='word_1_700' title='bbox 2473 4079 2707 4133; x_wconf 90' lang='lat' dir='ltr'><strong>ﬁliorum</strong></span> <span class='ocrx_word' id='word_1_701' title='bbox 2749 4077 2913 4132; x_wconf 90' lang='lat' dir='ltr'><strong>Israel</strong></span> <span class='ocrx_word' id='word_1_702' title='bbox 2947 4087 3207 4146; x_wconf 91' lang='lat' dir='ltr'><strong>tanquam</strong></span> <span class='ocrx_word' id='word_1_703' title='bbox 3245 4092 3413 4132; x_wconf 88' lang='lat' dir='ltr'><strong>arena</strong></span> <span class='ocrx_word' id='word_1_704' title='bbox 3459 4081 3646 4142; x_wconf 89' lang='lat' dir='ltr'><strong>maris,</strong></span> <span class='ocrx_word' id='word_1_705' title='bbox 3679 4093 3761 4132; x_wconf 79' lang='lat' dir='ltr'><strong>re-</strong></span> 
     </span>
    </p>
   </div>
   <div class='ocr_carea' id='block_1_44' title="bbox 497 4171 3758 4248">
    <p class='ocr_par' dir='ltr' id='par_1_44' title="bbox 497 4171 3758 4248">
     <span class='ocr_line' id='line_1_44' title="bbox 497 4171 3758 4248; baseline -0.002 -15"><span class='ocrx_word' id='word_1_706' title='bbox 497 4194 596 4234; x_wconf 89' lang='lat' dir='ltr'><strong>nec</strong></span> <span class='ocrx_word' id='word_1_707' title='bbox 627 4179 722 4234; x_wconf 89' lang='lat' dir='ltr'><strong>tibi</strong></span> <span class='ocrx_word' id='word_1_708' title='bbox 748 4190 931 4248; x_wconf 90' lang='lat' dir='ltr'><strong>parcet</strong></span> <span class='ocrx_word' id='word_1_709' title='bbox 957 4180 1022 4234; x_wconf 69' lang='grc' dir='ltr'><strong>δ’.</strong></span> <span class='ocrx_word' id='word_1_710' title='bbox 1062 4179 1293 4235; x_wconf 86' lang='lat' dir='ltr'><strong>Sicutin</strong></span> <span class='ocrx_word' id='word_1_711' title='bbox 1322 4182 1461 4236; x_wconf 84' lang='lat' dir='ltr'><strong>Osee</strong></span> <span class='ocrx_word' id='word_1_712' title='bbox 1489 4182 1623 4235; x_wconf 81' lang='lat' dir='ltr'><strong>dicit</strong></span> <span class='ocrx_word' id='word_1_713' title='bbox 1651 4182 1764 4248; x_wconf 71' lang='grc'>(54)</span> <span class='ocrx_word' id='word_1_714' title='bbox 1804 4200 1816 4234; x_wconf 75' lang='grc' dir='ltr'>ε</span> <span class='ocrx_word' id='word_1_715' title='bbox 1851 4181 2068 4236; x_wconf 79' lang='lat' dir='ltr'><strong>vocabo</strong></span> <span class='ocrx_word' id='word_1_716' title='bbox 2180 4175 2362 4244; x_wconf 77' lang='lat' dir='ltr'><strong>liquia:</strong></span> <span class='ocrx_word' id='word_1_717' title='bbox 2385 4174 2549 4228; x_wconf 70' lang='lat' dir='ltr'><strong>salvae</strong></span> <span class='ocrx_word' id='word_1_718' title='bbox 2593 4173 2743 4226; x_wconf 87' lang='lat' dir='ltr'><strong>ﬁent.</strong></span> <span class='ocrx_word' id='word_1_719' title='bbox 2791 4171 3028 4225; x_wconf 77' lang='lat' dir='ltr'><strong>Verbum</strong></span> <span class='ocrx_word' id='word_1_720' title='bbox 3072 4171 3218 4224; x_wconf 92' lang='lat' dir='ltr'><strong>enim</strong></span> <span class='ocrx_word' id='word_1_721' title='bbox 3277 4185 3669 4226; x_wconf 75' lang='lat' dir='ltr'><strong>consummatis</strong></span> <span class='ocrx_word' id='word_1_722' title='bbox 3701 4183 3758 4226; x_wconf 91' lang='lat' dir='ltr'><strong>et</strong></span> 
     </span>
    </p>
   </div>
   <div class='ocr_carea' id='block_1_45' title="bbox 495 4263 3758 4341">
    <p class='ocr_par' dir='ltr' id='par_1_45' title="bbox 495 4263 3758 4341">
     <span class='ocr_line' id='line_1_45' title="bbox 495 4263 3758 4341; baseline -0.002 -19"><span class='ocrx_word' id='word_1_723' title='bbox 495 4283 602 4324; x_wconf 87' lang='lat' dir='ltr'><strong>non</strong></span> <span class='ocrx_word' id='word_1_724' title='bbox 664 4270 876 4337; x_wconf 89' lang='lat' dir='ltr'><strong>plebem</strong></span> <span class='ocrx_word' id='word_1_725' title='bbox 938 4286 1136 4338; x_wconf 91' lang='lat' dir='ltr'><strong>meam,</strong></span> <span class='ocrx_word' id='word_1_726' title='bbox 1180 4271 1390 4341; x_wconf 89' lang='lat' dir='ltr'><strong>plebem</strong></span> <span class='ocrx_word' id='word_1_727' title='bbox 1443 4286 1652 4336; x_wconf 90' lang='lat' dir='ltr'><strong>meam;</strong></span> <span class='ocrx_word' id='word_1_728' title='bbox 1695 4280 1749 4325; x_wconf 90' lang='lat' dir='ltr'><strong>et</strong></span> <span class='ocrx_word' id='word_1_729' title='bbox 1793 4288 1896 4324; x_wconf 91' lang='lat' dir='ltr'><strong>non</strong></span> <span class='ocrx_word' id='word_1_730' title='bbox 1939 4271 2072 4325; x_wconf 80' lang='lat' dir='ltr'><strong>dile-</strong></span> <span class='ocrx_word' id='word_1_731' title='bbox 2177 4267 2431 4322; x_wconf 80' lang='lat' dir='ltr'><strong>breviatis</strong></span> <span class='ocrx_word' id='word_1_732' title='bbox 2471 4266 2524 4318; x_wconf 92' lang='lat' dir='ltr'><strong>in</strong></span> <span class='ocrx_word' id='word_1_733' title='bbox 2554 4265 2855 4334; x_wconf 63' lang='lat' dir='ltr'><strong>aequitate:</strong></span> <span class='ocrx_word' id='word_1_734' title='bbox 2894 4266 3019 4334; x_wconf 88' lang='lat' dir='ltr'><strong>quia</strong></span> <span class='ocrx_word' id='word_1_735' title='bbox 3054 4264 3278 4317; x_wconf 90' lang='lat' dir='ltr'><strong>verbum</strong></span> <span class='ocrx_word' id='word_1_736' title='bbox 3334 4263 3639 4317; x_wconf 86' lang='lat' dir='ltr'><strong>breviatum</strong></span> <span class='ocrx_word' id='word_1_737' title='bbox 3680 4264 3758 4317; x_wconf 80' lang='lat' dir='ltr'><strong>la-</strong></span> 
     </span>
    </p>
   </div>
   <div class='ocr_carea' id='block_1_46' title="bbox 495 4357 3760 4430">
    <p class='ocr_par' dir='ltr' id='par_1_46' title="bbox 495 4357 3760 4430">
     <span class='ocr_line' id='line_1_46' title="bbox 495 4357 3760 4430; baseline -0.001 -16"><span class='ocrx_word' id='word_1_738' title='bbox 495 4371 662 4426; x_wconf 89' lang='lat' dir='ltr'><strong>ctam,</strong></span> <span class='ocrx_word' id='word_1_739' title='bbox 685 4361 970 4430; x_wconf 90' lang='lat' dir='ltr'><strong>dilectam;</strong></span> <span class='ocrx_word' id='word_1_740' title='bbox 1007 4374 1062 4418; x_wconf 91' lang='lat' dir='ltr'><strong>et</strong></span> <span class='ocrx_word' id='word_1_741' title='bbox 1100 4379 1204 4418; x_wconf 91' lang='lat' dir='ltr'><strong>non</strong></span> <span class='ocrx_word' id='word_1_742' title='bbox 1230 4363 1659 4418; x_wconf 90' lang='lat' dir='ltr'><strong>misericordiam</strong></span> <span class='ocrx_word' id='word_1_743' title='bbox 1695 4374 2070 4430; x_wconf 88' lang='lat' dir='ltr'><strong>consecutam,</strong></span> <span class='ocrx_word' id='word_1_744' title='bbox 2179 4359 2288 4415; x_wconf 90' lang='lat' dir='ltr'><strong>ciet</strong></span> <span class='ocrx_word' id='word_1_745' title='bbox 2341 4359 2603 4414; x_wconf 90' lang='lat' dir='ltr'><strong>Dominus</strong></span> <span class='ocrx_word' id='word_1_746' title='bbox 2662 4372 2826 4428; x_wconf 90' lang='lat' dir='ltr'><strong>super</strong></span> <span class='ocrx_word' id='word_1_747' title='bbox 2883 4368 3083 4410; x_wconf 80' lang='lat' dir='ltr'><strong>terram</strong></span> <span class='ocrx_word' id='word_1_748' title='bbox 3132 4375 3146 4410; x_wconf 90' lang='lat'><strong>:</strong></span> <span class='ocrx_word' id='word_1_749' title='bbox 3193 4364 3247 4411; x_wconf 91' lang='lat' dir='ltr'><strong>et</strong></span> <span class='ocrx_word' id='word_1_750' title='bbox 3297 4357 3440 4410; x_wconf 92' lang='lat' dir='ltr'><strong>sicut</strong></span> <span class='ocrx_word' id='word_1_751' title='bbox 3508 4357 3760 4426; x_wconf 68' lang='lat' dir='ltr'><strong>praedixit</strong></span> 
     </span>
    </p>
   </div>
   <div class='ocr_carea' id='block_1_47' title="bbox 431 4495 3760 4565">
    <p class='ocr_par' dir='ltr' id='par_1_47' title="bbox 431 4495 3760 4565">
     <span class='ocr_line' id='line_1_47' title="bbox 431 4495 3760 4565; baseline -0.002 -11"><span class='ocrx_word' id='word_1_752' title='bbox 431 4536 434 4538; x_wconf 96' lang='lat'><em>-</em></span> <span class='ocrx_word' id='word_1_753' title='bbox 557 4500 604 4534; x_wconf 86' lang='grc'><strong>³⁷</strong></span> <span class='ocrx_word' id='word_1_754' title='bbox 631 4497 793 4554; x_wconf 89' lang='lat' dir='ltr'><strong>Prov.</strong></span> <span class='ocrx_word' id='word_1_755' title='bbox 831 4514 950 4561; x_wconf 83' lang='lat' dir='ltr'><strong>xm,</strong></span> <span class='ocrx_word' id='word_1_756' title='bbox 979 4498 1267 4562; x_wconf 65' lang='lat'><strong>24:30.1&quot;,</strong></span> <span class='ocrx_word' id='word_1_757' title='bbox 1303 4499 1392 4562; x_wconf 87' lang='grc'><strong>15,</strong></span> <span class='ocrx_word' id='word_1_758' title='bbox 1428 4500 1516 4554; x_wconf 69' lang='grc'><strong>11.</strong></span> <span class='ocrx_word' id='word_1_759' title='bbox 1593 4500 1637 4533; x_wconf 79' lang='grc'><strong>³³</strong></span> <span class='ocrx_word' id='word_1_760' title='bbox 1676 4500 1840 4555; x_wconf 86' lang='lat' dir='ltr'><strong>Prov.</strong></span> <span class='ocrx_word' id='word_1_761' title='bbox 1878 4515 1996 4561; x_wconf 75' lang='lat' dir='ltr'><strong>xu,</strong></span> <span class='ocrx_word' id='word_1_762' title='bbox 2031 4498 2124 4554; x_wconf 77' lang='lat'><strong>25.</strong></span> <span class='ocrx_word' id='word_1_763' title='bbox 2201 4499 2244 4530; x_wconf 70' lang='grc'>³³</span> <span class='ocrx_word' id='word_1_764' title='bbox 2290 4498 2492 4554; x_wconf 87' lang='lat' dir='ltr'><strong>Jerem.</strong></span> <span class='ocrx_word' id='word_1_765' title='bbox 2543 4514 2626 4562; x_wconf 89' lang='lat' dir='ltr'><strong>Ill,</strong></span> <span class='ocrx_word' id='word_1_766' title='bbox 2660 4500 2714 4554; x_wconf 93' lang='lat'><strong>8.</strong></span> <span class='ocrx_word' id='word_1_767' title='bbox 2792 4498 2838 4529; x_wconf 73' lang='grc' dir='ltr'><strong>⁸ο</strong></span> <span class='ocrx_word' id='word_1_768' title='bbox 2867 4496 3068 4551; x_wconf 85' lang='lat' dir='ltr'><strong>Jerem.</strong></span> <span class='ocrx_word' id='word_1_769' title='bbox 3101 4512 3198 4559; x_wconf 85' lang='lat' dir='ltr'><strong>xu,</strong></span> <span class='ocrx_word' id='word_1_770' title='bbox 3232 4495 3286 4551; x_wconf 89' lang='lat'><strong>9.</strong></span> <span class='ocrx_word' id='word_1_771' title='bbox 3389 4497 3433 4527; x_wconf 79' lang='lat'>“</span> <span class='ocrx_word' id='word_1_772' title='bbox 3487 4495 3676 4550; x_wconf 86' lang='lat' dir='ltr'><strong>Matth.</strong></span> <span class='ocrx_word' id='word_1_773' title='bbox 3705 4511 3760 4565; x_wconf 89' lang='lat' dir='ltr'><strong>v,</strong></span> 
     </span>
    </p>
   </div>
   <div class='ocr_carea' id='block_1_48' title="bbox 498 4566 2135 4636">
    <p class='ocr_par' dir='ltr' id='par_1_48' title="bbox 498 4569 2118 4636">
     <span class='ocr_line' id='line_1_48' title="bbox 498 4569 2118 4636; baseline 0.001 -14"><span class='ocrx_word' id='word_1_774' title='bbox 498 4569 585 4625; x_wconf 86' lang='grc'><strong>16.</strong></span> <span class='ocrx_word' id='word_1_775' title='bbox 663 4571 708 4602; x_wconf 67' lang='grc'><strong>⁸³</strong></span> <span class='ocrx_word' id='word_1_776' title='bbox 740 4570 898 4624; x_wconf 80' lang='lat' dir='ltr'><strong>Rom.</strong></span> <span class='ocrx_word' id='word_1_777' title='bbox 928 4586 1002 4634; x_wconf 78' lang='grc' dir='ltr'><strong>χι,</strong></span> <span class='ocrx_word' id='word_1_778' title='bbox 1033 4569 1124 4622; x_wconf 86' lang='lat'><strong>2|.</strong></span> <span class='ocrx_word' id='word_1_779' title='bbox 1225 4570 1273 4600; x_wconf 64' lang='grc'><strong>⁵⁸</strong></span> <span class='ocrx_word' id='word_1_780' title='bbox 1307 4570 1460 4624; x_wconf 83' lang='lat' dir='ltr'><strong>Rom.</strong></span> <span class='ocrx_word' id='word_1_781' title='bbox 1521 4586 1595 4634; x_wconf 76' lang='grc' dir='ltr'>ιι,</span> <span class='ocrx_word' id='word_1_782' title='bbox 1646 4570 1737 4625; x_wconf 82' lang='lat'><strong>25.</strong></span> <span class='ocrx_word' id='word_1_783' title='bbox 1836 4571 1884 4602; x_wconf 78' lang='lat'><strong>“</strong></span> <span class='ocrx_word' id='word_1_784' title='bbox 1912 4569 2040 4626; x_wconf 86' lang='lat' dir='ltr'><strong>Ose.</strong></span> <span class='ocrx_word' id='word_1_785' title='bbox 2079 4586 2118 4636; x_wconf 84' lang='grc' dir='ltr'>ι,</span> 
     </span>
    </p>
   </div>
   <div class='ocr_carea' id='block_1_49' title="bbox 2124 4566 3761 4636">
    <p class='ocr_par' dir='ltr' id='par_1_49' title="bbox 2162 4566 3761 4632">
     <span class='ocr_line' id='line_1_49' title="bbox 2162 4566 3761 4632; baseline -0.001 -8"><span class='ocrx_word' id='word_1_786' title='bbox 2162 4570 2216 4624; x_wconf 89' lang='lat'><strong>9.</strong></span> <span class='ocrx_word' id='word_1_787' title='bbox 2317 4569 2363 4600; x_wconf 78' lang='grc'><strong>⁸⁵</strong></span> <span class='ocrx_word' id='word_1_788' title='bbox 2385 4570 2519 4623; x_wconf 91' lang='lat' dir='ltr'><strong>ibid.</strong></span> <span class='ocrx_word' id='word_1_789' title='bbox 2558 4569 2641 4623; x_wconf 88' lang='grc'><strong>10.</strong></span> <span class='ocrx_word' id='word_1_790' title='bbox 2718 4568 2763 4600; x_wconf 72' lang='grc'><strong>⁸⁸</strong></span> <span class='ocrx_word' id='word_1_791' title='bbox 2794 4567 2937 4622; x_wconf 90' lang='lat' dir='ltr'><strong>Psal.</strong></span> <span class='ocrx_word' id='word_1_792' title='bbox 2971 4583 3136 4631; x_wconf 79' lang='lat' dir='ltr'><strong>Lxxv,</strong></span> <span class='ocrx_word' id='word_1_793' title='bbox 3163 4566 3219 4620; x_wconf 90' lang='lat'><strong>2.</strong></span> <span class='ocrx_word' id='word_1_794' title='bbox 3296 4567 3341 4598; x_wconf 78' lang='lat'><strong>&quot;</strong></span> <span class='ocrx_word' id='word_1_795' title='bbox 3367 4566 3525 4622; x_wconf 79' lang='lat' dir='ltr'><strong>Rom.</strong></span> <span class='ocrx_word' id='word_1_796' title='bbox 3557 4582 3638 4632; x_wconf 87' lang='lat' dir='ltr'><strong>tn,</strong></span> <span class='ocrx_word' id='word_1_797' title='bbox 3669 4566 3761 4623; x_wconf 84' lang='grc'><strong>19.</strong></span> 
     </span>
    </p>
   </div>
   <div class='ocr_carea' id='block_1_50' title="bbox 495 4639 1510 4709">
    <p class='ocr_par' dir='ltr' id='par_1_50' title="bbox 495 4639 1510 4709">
     <span class='ocr_line' id='line_1_50' title="bbox 495 4639 1510 4709; baseline -0.003 -12"><span class='ocrx_word' id='word_1_798' title='bbox 495 4641 543 4674; x_wconf 73' lang='grc'><strong>⁸³</strong></span> <span class='ocrx_word' id='word_1_799' title='bbox 565 4641 723 4697; x_wconf 82' lang='lat' dir='ltr'><strong>Rom.</strong></span> <span class='ocrx_word' id='word_1_800' title='bbox 753 4657 830 4706; x_wconf 78' lang='lat' dir='ltr'><strong>Ix,</strong></span> <span class='ocrx_word' id='word_1_801' title='bbox 861 4639 950 4693; x_wconf 87' lang='lat'><strong>26.</strong></span> <span class='ocrx_word' id='word_1_802' title='bbox 1045 4639 1091 4670; x_wconf 69' lang='grc' dir='ltr'><strong>δ’</strong></span> <span class='ocrx_word' id='word_1_803' title='bbox 1129 4639 1322 4709; x_wconf 88' lang='lat' dir='ltr'><strong>Philip.</strong></span> <span class='ocrx_word' id='word_1_804' title='bbox 1353 4657 1426 4706; x_wconf 89' lang='lat' dir='ltr'><strong>tv,</strong></span> <span class='ocrx_word' id='word_1_805' title='bbox 1457 4640 1510 4694; x_wconf 91' lang='lat'><strong>7.</strong></span> 
     </span>
    </p>
   </div>
   <div class='ocr_carea' id='block_1_51' title="bbox 578 4746 3762 4842">
    <p class='ocr_par' dir='ltr' id='par_1_51' title="bbox 578 4746 3762 4842">
     <span class='ocr_line' id='line_1_51' title="bbox 578 4746 3762 4842; baseline 0 0"><span class='ocrx_word' id='word_1_806' title='bbox 578 4757 694 4842; x_wconf 57' lang='lat'><strong>(97&gt;</strong></span> <span class='ocrx_word' id='word_1_807' title='bbox 731 4757 822 4812; x_wconf 74' lang='grc' dir='ltr'><strong>δίε</strong></span> <span class='ocrx_word' id='word_1_808' title='bbox 865 4773 965 4813; x_wconf 75' lang='grc' dir='ltr'>ιιιε-</span> <span class='ocrx_word' id='word_1_809' title='bbox 997 4768 1228 4842; x_wconf 75' lang='grc' dir='ltr'>υιηιε.,ει</span> <span class='ocrx_word' id='word_1_810' title='bbox 1256 4756 1712 4842; x_wconf 60' lang='grc' dir='ltr'><strong>Βέ.¹)εξ“υεο,Εε1ῖεί</strong></span> <span class='ocrx_word' id='word_1_811' title='bbox 1747 4773 1877 4812; x_wconf 59' lang='lat' dir='ltr'><strong>ver&quot;</strong></span> <span class='ocrx_word' id='word_1_812' title='bbox 1905 4765 1962 4811; x_wconf 76' lang='grc' dir='ltr'><strong>ει</strong></span> <span class='ocrx_word' id='word_1_813' title='bbox 1986 4772 2090 4811; x_wconf 63' lang='grc' dir='ltr'><strong>οω-</strong></span> <span class='ocrx_word' id='word_1_814' title='bbox 2121 4757 2166 4812; x_wconf 78' lang='lat' dir='ltr'><strong>D</strong></span> <span class='ocrx_word' id='word_1_815' title='bbox 2200 4767 2373 4842; x_wconf 65' lang='lat' dir='ltr'><strong>PiHE&#39;P</strong></span> <span class='ocrx_word' id='word_1_816' title='bbox 2405 4750 2510 4842; x_wconf 54' lang='lat'><strong>1“:</strong></span> <span class='ocrx_word' id='word_1_817' title='bbox 2535 4771 2584 4842; x_wconf 56' lang='grc' dir='ltr'><strong>τε,</strong></span> <span class='ocrx_word' id='word_1_818' title='bbox 2617 4746 3336 4842; x_wconf 59' lang='lat' dir='ltr'><strong>il&quot;.-&quot;°_°?.‘f‘_’.&#39;.&#39;.“’1.&#39;.&quot;_&#39;.‘_‘.3F?</strong></span> <span class='ocrx_word' id='word_1_819' title='bbox 3371 4748 3762 4842; x_wconf 38' lang='lat'><strong>3251:1239}?</strong></span> 
     </span>
    </p>
   </div>
   <div class='ocr_carea' id='block_1_52' title="bbox 495 4821 3762 4896">
    <p class='ocr_par' dir='ltr' id='par_1_52' title="bbox 495 4821 3762 4896">
     <span class='ocr_line' id='line_1_52' title="bbox 495 4821 3762 4896; baseline -0.003 -12"><span class='ocrx_word' id='word_1_820' title='bbox 495 4821 600 4884; x_wconf 86' lang='lat' dir='ltr'><strong>teri</strong></span> <span class='ocrx_word' id='word_1_821' title='bbox 631 4821 762 4882; x_wconf 82' lang='lat' dir='ltr'><strong>mss.</strong></span> <span class='ocrx_word' id='word_1_822' title='bbox 801 4847 819 4876; x_wconf 78' lang='grc' dir='ltr'><strong>ι</strong></span> <span class='ocrx_word' id='word_1_823' title='bbox 853 4831 1276 4896; x_wconf 85' lang='lat' dir='ltr'><strong>percusserit....</strong></span> <span class='ocrx_word' id='word_1_824' title='bbox 1305 4826 1497 4881; x_wconf 86' lang='lat' dir='ltr'><strong>Notam</strong></span> <span class='ocrx_word' id='word_1_825' title='bbox 1526 4829 1716 4886; x_wconf 82' lang='lat' dir='ltr'><strong>faciet.</strong></span> <span class='ocrx_word' id='word_1_826' title='bbox 1759 4847 1779 4879; x_wconf 71' lang='grc' dir='ltr'><strong>ι</strong></span> <span class='ocrx_word' id='word_1_827' title='bbox 2193 4825 2373 4883; x_wconf 88' lang='lat' dir='ltr'><strong>editis,</strong></span> <span class='ocrx_word' id='word_1_828' title='bbox 2394 4835 2504 4896; x_wconf 55' lang='lat' dir='ltr'><strong>nec</strong></span> <span class='ocrx_word' id='word_1_829' title='bbox 2535 4822 2587 4874; x_wconf 93' lang='lat' dir='ltr'><strong>in</strong></span> <span class='ocrx_word' id='word_1_830' title='bbox 2621 4835 2755 4896; x_wconf 39' lang='lat' dir='ltr'><strong>ms‘s.</strong></span> <span class='ocrx_word' id='word_1_831' title='bbox 2786 4821 2988 4896; x_wconf 79' lang='lat' dir='ltr'><strong>nostris</strong></span> <span class='ocrx_word' id='word_1_832' title='bbox 3024 4830 3332 4896; x_wconf 82' lang='lat' dir='ltr'><strong>comparet;</strong></span> <span class='ocrx_word' id='word_1_833' title='bbox 3377 4821 3472 4874; x_wconf 81' lang='lat' dir='ltr'><strong>sed</strong></span> <span class='ocrx_word' id='word_1_834' title='bbox 3518 4821 3762 4874; x_wconf 89' lang='lat' dir='ltr'><strong>restitui-</strong></span> 
     </span>
    </p>
   </div>
   <div class='ocr_carea' id='block_1_53' title="bbox 567 4889 3764 4969">
    <p class='ocr_par' dir='ltr' id='par_1_53' title="bbox 567 4889 3764 4969">
     <span class='ocr_line' id='line_1_53' title="bbox 567 4889 3764 4969; baseline -0.003 -16"><span class='ocrx_word' id='word_1_835' title='bbox 567 4899 680 4969; x_wconf 90' lang='lat'><strong>(28)</strong></span> <span class='ocrx_word' id='word_1_836' title='bbox 714 4897 809 4954; x_wconf 82' lang='lat' dir='ltr'><strong>Ms.</strong></span> <span class='ocrx_word' id='word_1_837' title='bbox 850 4889 1049 4968; x_wconf 73' lang='lat' dir='ltr'><strong>Regius</strong></span> <span class='ocrx_word' id='word_1_838' title='bbox 1082 4914 1233 4952; x_wconf 92' lang='lat' dir='ltr'><strong>num.</strong></span> <span class='ocrx_word' id='word_1_839' title='bbox 1271 4898 1432 4964; x_wconf 85' lang='grc'><strong>1659,</strong></span> <span class='ocrx_word' id='word_1_840' title='bbox 1481 4917 1501 4949; x_wconf 74' lang='grc' dir='ltr'><strong>ι</strong></span> <span class='ocrx_word' id='word_1_841' title='bbox 1536 4909 1595 4952; x_wconf 83' lang='grc' dir='ltr'><strong>ιιι</strong></span> <span class='ocrx_word' id='word_1_842' title='bbox 1624 4899 1964 4953; x_wconf 86' lang='lat' dir='ltr'><strong>innotescant</strong></span> <span class='ocrx_word' id='word_1_843' title='bbox 1990 4897 2076 4951; x_wconf 93' lang='lat' dir='ltr'><strong>di-</strong></span> <span class='ocrx_word' id='word_1_844' title='bbox 2189 4903 2276 4969; x_wconf 91' lang='lat' dir='ltr'><strong>t_ur</strong></span> <span class='ocrx_word' id='word_1_845' title='bbox 2303 4909 2366 4947; x_wconf 84' lang='lat' dir='ltr'><strong>ex</strong></span> <span class='ocrx_word' id='word_1_846' title='bbox 2393 4891 2640 4969; x_wconf 63' lang='lat' dir='ltr'><strong>Babano.</strong></span> <span class='ocrx_word' id='word_1_847' title='bbox 2678 4889 2744 4969; x_wconf 84' lang='lat' dir='ltr'><strong>Et</strong></span> <span class='ocrx_word' id='word_1_848' title='bbox 2772 4889 3170 4969; x_wconf 60' lang='lat' dir='ltr'><strong>restituendum</strong></span> <span class='ocrx_word' id='word_1_849' title='bbox 3197 4905 3320 4943; x_wconf 88' lang='lat' dir='ltr'><strong>eum</strong></span> <span class='ocrx_word' id='word_1_850' title='bbox 3365 4905 3496 4969; x_wconf 75' lang='lat' dir='ltr'><strong>esse</strong></span> <span class='ocrx_word' id='word_1_851' title='bbox 3526 4905 3764 4969; x_wconf 44' lang='lat' dir='ltr'><strong>seque&quot;:</strong></span> 
     </span>
    </p>
   </div>
   <div class='ocr_carea' id='block_1_54' title="bbox 493 4956 3766 5032">
    <p class='ocr_par' dir='ltr' id='par_1_54' title="bbox 493 4956 3766 5032">
     <span class='ocr_line' id='line_1_54' title="bbox 493 4956 3766 5032; baseline 0.001 -21"><span class='ocrx_word' id='word_1_852' title='bbox 493 4956 675 5032; x_wconf 45' lang='lat' dir='ltr'><strong>(irim;</strong></span> <span class='ocrx_word' id='word_1_853' title='bbox 699 4989 717 5020; x_wconf 72' lang='grc' dir='ltr'><strong>ι</strong></span> <span class='ocrx_word' id='word_1_854' title='bbox 756 4980 862 5023; x_wconf 68' lang='grc' dir='ltr'><strong>εις,</strong></span> <span class='ocrx_word' id='word_1_855' title='bbox 929 4956 958 4968; x_wconf 77' lang='grc'><em>⁹</em></span> <span class='ocrx_word' id='word_1_856' title='bbox 1419 4956 1430 4964; x_wconf 86' lang='grc'><em>’</em></span> <span class='ocrx_word' id='word_1_857' title='bbox 2041 4984 2048 4989; x_wconf 88' lang='grc'>·</span> <span class='ocrx_word' id='word_1_858' title='bbox 2188 4964 2258 5016; x_wconf 90' lang='lat' dir='ltr'><strong>tia</strong></span> <span class='ocrx_word' id='word_1_859' title='bbox 2291 4963 2458 5016; x_wconf 88' lang='lat' dir='ltr'><strong>verba</strong></span> <span class='ocrx_word' id='word_1_860' title='bbox 2509 4961 2770 5032; x_wconf 81' lang='lat' dir='ltr'><strong>indicant.</strong></span> <span class='ocrx_word' id='word_1_861' title='bbox 2812 4977 2829 5008; x_wconf 78' lang='grc' dir='ltr'><strong>ι</strong></span> <span class='ocrx_word' id='word_1_862' title='bbox 2871 4956 3268 5032; x_wconf 83' lang='lat' dir='ltr'><strong>Testimonium</strong></span> <span class='ocrx_word' id='word_1_863' title='bbox 3314 4975 3446 5013; x_wconf 88' lang='lat' dir='ltr'><strong>sane</strong></span> <span class='ocrx_word' id='word_1_864' title='bbox 3485 4962 3587 5015; x_wconf 89' lang='lat' dir='ltr'><strong>hoc</strong></span> <span class='ocrx_word' id='word_1_865' title='bbox 3608 4956 3766 5030; x_wconf 82' lang='lat' dir='ltr'><strong>quod</strong></span> 
     </span>
    </p>
   </div>
   <div class='ocr_carea' id='block_1_55' title="bbox 568 5028 3766 5110">
    <p class='ocr_par' dir='ltr' id='par_1_55' title="bbox 568 5028 3766 5110">
     <span class='ocr_line' id='line_1_55' title="bbox 568 5028 3766 5110; baseline -0.003 -17"><span class='ocrx_word' id='word_1_866' title='bbox 568 5028 680 5108; x_wconf 85' lang='lat'><strong>(29)</strong></span> <span class='ocrx_word' id='word_1_867' title='bbox 716 5037 1290 5110; x_wconf 85' lang='lat' dir='ltr'><strong>Ergo._Desideratur</strong></span> <span class='ocrx_word' id='word_1_868' title='bbox 1356 5039 1423 5110; x_wconf 88' lang='lat' dir='ltr'><strong>in</strong></span> <span class='ocrx_word' id='word_1_869' title='bbox 1460 5037 1614 5110; x_wconf 85' lang='lat' dir='ltr'><strong>libris</strong></span> <span class='ocrx_word' id='word_1_870' title='bbox 1673 5047 1831 5110; x_wconf 81' lang='lat' dir='ltr'><strong>antea</strong></span> <span class='ocrx_word' id='word_1_871' title='bbox 1856 5037 2072 5110; x_wconf 88' lang='lat' dir='ltr'><strong>_editis.</strong></span> <span class='ocrx_word' id='word_1_872' title='bbox 2185 5033 2251 5110; x_wconf 73' lang='lat' dir='ltr'><strong>de</strong></span> <span class='ocrx_word' id='word_1_873' title='bbox 2277 5032 2418 5086; x_wconf 86' lang='lat' dir='ltr'><strong>Osee</strong></span> <span class='ocrx_word' id='word_1_874' title='bbox 2445 5031 2676 5110; x_wconf 74' lang='lat' dir='ltr'><strong>assumit</strong></span> <span class='ocrx_word' id='word_1_875' title='bbox 2700 5028 3018 5110; x_wconf 79' lang='lat' dir='ltr'><strong>Apostolus,</strong></span> <span class='ocrx_word' id='word_1_876' title='bbox 3059 5048 3077 5079; x_wconf 70' lang='grc' dir='ltr'><strong>ι</strong></span> <span class='ocrx_word' id='word_1_877' title='bbox 3114 5039 3245 5110; x_wconf 66' lang='lat' dir='ltr'><strong>etc.,</strong></span> <span class='ocrx_word' id='word_1_878' title='bbox 3278 5045 3402 5099; x_wconf 71' lang='lat' dir='ltr'><strong>qua:</strong></span> <span class='ocrx_word' id='word_1_879' title='bbox 3435 5033 3602 5084; x_wconf 81' lang='lat' dir='ltr'><strong>verba</strong></span> <span class='ocrx_word' id='word_1_880' title='bbox 3636 5028 3766 5084; x_wconf 78' lang='lat' dir='ltr'><strong>nul-</strong></span> 
     </span>
    </p>
   </div>
   <div class='ocr_carea' id='block_1_56' title="bbox 497 5099 3760 5178">
    <p class='ocr_par' dir='ltr' id='par_1_56' title="bbox 497 5099 3760 5178">
     <span class='ocr_line' id='line_1_56' title="bbox 497 5099 3760 5178; baseline -0.001 -18"><span class='ocrx_word' id='word_1_881' title='bbox 497 5099 703 5164; x_wconf 69' lang='lat' dir='ltr'><strong>Deinde</strong></span> <span class='ocrx_word' id='word_1_882' title='bbox 748 5099 848 5162; x_wconf 49' lang='lat' dir='ltr'><strong>m&#39;s.</strong></span> <span class='ocrx_word' id='word_1_883' title='bbox 895 5107 1098 5178; x_wconf 78' lang='lat' dir='ltr'><strong>Regius</strong></span> <span class='ocrx_word' id='word_1_884' title='bbox 1147 5125 1297 5166; x_wconf 86' lang='lat' dir='ltr'><strong>tuun.</strong></span> <span class='ocrx_word' id='word_1_885' title='bbox 1345 5109 1501 5174; x_wconf 82' lang='grc'><strong>1659,</strong></span> <span class='ocrx_word' id='word_1_886' title='bbox 1549 5127 1568 5159; x_wconf 85' lang='grc'><strong>‹</strong></span> <span class='ocrx_word' id='word_1_887' title='bbox 1616 5107 2018 5177; x_wconf 87' lang='lat' dir='ltr'><strong>despiciebatur</strong></span> <span class='ocrx_word' id='word_1_888' title='bbox 2051 5125 2068 5159; x_wconf 77' lang='grc' dir='ltr'><strong>ι</strong></span> <span class='ocrx_word' id='word_1_889' title='bbox 2184 5101 2399 5178; x_wconf 82' lang='lat' dir='ltr'><strong>late_nus</strong></span> <span class='ocrx_word' id='word_1_890' title='bbox 2424 5100 2631 5178; x_wconf 57' lang='lat' dir='ltr'><strong>referri</strong></span> <span class='ocrx_word' id='word_1_891' title='bbox 2652 5108 2877 5168; x_wconf 88' lang='lat' dir='ltr'><strong>possunt</strong></span> <span class='ocrx_word' id='word_1_892' title='bbox 2905 5099 2969 5151; x_wconf 86' lang='lat' dir='ltr'><strong>ad</strong></span> <span class='ocrx_word' id='word_1_893' title='bbox 2995 5103 3399 5178; x_wconf 69' lang='lat' dir='ltr'><strong>praecedentem</strong></span> <span class='ocrx_word' id='word_1_894' title='bbox 3438 5111 3760 5156; x_wconf 79' lang='lat' dir='ltr'><strong>contextum</strong></span> 
     </span>
    </p>
   </div>
   <div class='ocr_carea' id='block_1_57' title="bbox 494 5170 2131 5253">
    <p class='ocr_par' dir='ltr' id='par_1_57' title="bbox 494 5170 1730 5253">
     <span class='ocr_line' id='line_1_57' title="bbox 494 5170 1730 5253; baseline -0.004 -21"><span class='ocrx_word' id='word_1_895' title='bbox 494 5198 506 5249; x_wconf 87' lang='lat'>|</span> <span class='ocrx_word' id='word_1_896' title='bbox 535 5196 649 5253; x_wconf 75' lang='lat' dir='ltr'><strong>ro_¢_</strong></span> <span class='ocrx_word' id='word_1_897' title='bbox 663 5170 1087 5253; x_wconf 59' lang='lat' dir='ltr'><strong>desperabaiur.</strong></span> <span class='ocrx_word' id='word_1_898' title='bbox 1134 5199 1153 5230; x_wconf 70' lang='grc' dir='ltr'><strong>ι</strong></span> <span class='ocrx_word' id='word_1_899' title='bbox 1488 5170 1496 5174; x_wconf 55' lang='grc'><strong><em>⁷</em></strong></span> <span class='ocrx_word' id='word_1_900' title='bbox 1717 5170 1730 5177; x_wconf 84' lang='grc'><em>’</em></span> 
     </span>
    </p>
   </div>
   <div class='ocr_carea' id='block_1_58' title="bbox 2132 5170 3769 5253">
    <p class='ocr_par' dir='ltr' id='par_1_58' title="bbox 2190 5170 3769 5253">
     <span class='ocr_line' id='line_1_58' title="bbox 2190 5170 3769 5253; baseline 0.001 -29"><span class='ocrx_word' id='word_1_901' title='bbox 2190 5192 2228 5253; x_wconf 35' lang='grc'><strong>«1</strong></span> <span class='ocrx_word' id='word_1_902' title='bbox 2271 5173 2328 5226; x_wconf 90' lang='lat' dir='ltr'><strong>Si</strong></span> <span class='ocrx_word' id='word_1_903' title='bbox 2391 5173 2535 5225; x_wconf 90' lang='lat' dir='ltr'><strong>enim</strong></span> <span class='ocrx_word' id='word_1_904' title='bbox 2596 5170 2740 5223; x_wconf 90' lang='lat' dir='ltr'><strong>Deus</strong></span> <span class='ocrx_word' id='word_1_905' title='bbox 2794 5170 3133 5253; x_wconf 62' lang='lat' dir='ltr'><strong>naturalibus</strong></span> <span class='ocrx_word' id='word_1_906' title='bbox 3183 5171 3358 5250; x_wconf 74' lang='lat' dir='ltr'><strong>ramis</strong></span> <span class='ocrx_word' id='word_1_907' title='bbox 3408 5187 3514 5226; x_wconf 90' lang='lat' dir='ltr'><strong>non</strong></span> <span class='ocrx_word' id='word_1_908' title='bbox 3570 5187 3769 5253; x_wconf 86' lang='lat' dir='ltr'><strong>peper-</strong></span> 
     </span>
    </p>
   </div>
   <div class='ocr_carea' id='block_1_59' title="bbox 567 5241 3705 5321">
    <p class='ocr_par' dir='ltr' id='par_1_59' title="bbox 567 5241 3705 5321">
     <span class='ocr_line' id='line_1_59' title="bbox 567 5241 3705 5321; baseline -0.002 -21"><span class='ocrx_word' id='word_1_909' title='bbox 567 5248 681 5321; x_wconf 73' lang='grc'>(50)</span> <span class='ocrx_word' id='word_1_910' title='bbox 720 5241 881 5314; x_wconf 85' lang='lat' dir='ltr'><strong>Editi,</strong></span> <span class='ocrx_word' id='word_1_911' title='bbox 921 5267 940 5300; x_wconf 81' lang='grc' dir='ltr'><strong>ι</strong></span> <span class='ocrx_word' id='word_1_912' title='bbox 970 5251 1283 5306; x_wconf 86' lang='lat' dir='ltr'><strong>observare.</strong></span> <span class='ocrx_word' id='word_1_913' title='bbox 1323 5269 1343 5302; x_wconf 73' lang='grc' dir='ltr'><strong>ι</strong></span> <span class='ocrx_word' id='word_1_914' title='bbox 1380 5319 1386 5321; x_wconf 94' lang='lat'>_</span> <span class='ocrx_word' id='word_1_915' title='bbox 1471 5317 1486 5321; x_wconf 87' lang='lat'><em>_</em></span> <span class='ocrx_word' id='word_1_916' title='bbox 1624 5319 1632 5321; x_wconf 94' lang='lat'><em>_</em></span> <span class='ocrx_word' id='word_1_917' title='bbox 1723 5317 1758 5321; x_wconf 90' lang='lat'><strong>__</strong></span> <span class='ocrx_word' id='word_1_918' title='bbox 1824 5318 1835 5321; x_wconf 86' lang='lat'>_</span> <span class='ocrx_word' id='word_1_919' title='bbox 1872 5317 1884 5321; x_wconf 86' lang='lat'>_</span> <span class='ocrx_word' id='word_1_920' title='bbox 2183 5244 2694 5321; x_wconf 41' lang='lat' dir='ltr'><strong>cit,_»__etc.,_utpot.e</strong></span> <span class='ocrx_word' id='word_1_921' title='bbox 2723 5241 2814 5320; x_wconf 84' lang='lat' dir='ltr'><strong>qui</strong></span> <span class='ocrx_word' id='word_1_922' title='bbox 2852 5254 2920 5293; x_wconf 80' lang='lat' dir='ltr'><strong>ex</strong></span> <span class='ocrx_word' id='word_1_923' title='bbox 2954 5241 3094 5321; x_wconf 82' lang='lat' dir='ltr'><strong>0see</strong></span> <span class='ocrx_word' id='word_1_924' title='bbox 3125 5241 3347 5321; x_wconf 88' lang='lat' dir='ltr'><strong>minime</strong></span> <span class='ocrx_word' id='word_1_925' title='bbox 3383 5241 3705 5297; x_wconf 89' lang='lat' dir='ltr'><strong>assumitur.</strong></span> 
     </span>
    </p>
   </div>
   <div class='ocr_carea' id='block_1_60' title="bbox 567 5311 2204 5396">
    <p class='ocr_par' dir='ltr' id='par_1_60' title="bbox 567 5311 2204 5396">
     <span class='ocr_line' id='line_1_60' title="bbox 567 5311 2204 5396; baseline -0.002 -23"><span class='ocrx_word' id='word_1_926' title='bbox 567 5311 876 5396; x_wconf 48' lang='lat' dir='ltr'><strong>(al)_Editi,</strong></span> <span class='ocrx_word' id='word_1_927' title='bbox 923 5337 942 5371; x_wconf 77' lang='grc' dir='ltr'><strong>ι</strong></span> <span class='ocrx_word' id='word_1_928' title='bbox 980 5319 1429 5375; x_wconf 85' lang='lat' dir='ltr'><strong>commemoratio</strong></span> <span class='ocrx_word' id='word_1_929' title='bbox 1471 5317 1660 5386; x_wconf 91' lang='lat' dir='ltr'><strong>Israel,</strong></span> <span class='ocrx_word' id='word_1_930' title='bbox 1707 5317 1888 5373; x_wconf 89' lang='lat' dir='ltr'><strong>dimisi</strong></span> <span class='ocrx_word' id='word_1_931' title='bbox 1924 5332 2070 5382; x_wconf 90' lang='lat' dir='ltr'><strong>eam,</strong></span> <span class='ocrx_word' id='word_1_932' title='bbox 2199 5385 2204 5396; x_wconf 41' lang='lat'><em>‘</em></span> 
     </span>
    </p>
   </div>
   <div class='ocr_carea' id='block_1_61' title="bbox 2132 5311 3769 5396">
    <p class='ocr_par' dir='ltr' id='par_1_61' title="bbox 2199 5311 3769 5396">
     <span class='ocr_line' id='line_1_61' title="bbox 2199 5311 3769 5396; baseline 0 -28"><span class='ocrx_word' id='word_1_933' title='bbox 2199 5385 2212 5396; x_wconf 84' lang='lat'><em>_</em></span> <span class='ocrx_word' id='word_1_934' title='bbox 2256 5313 2370 5396; x_wconf 76' lang='lat'><strong>(55)</strong></span> <span class='ocrx_word' id='word_1_935' title='bbox 2405 5312 2568 5396; x_wconf 63' lang='grc' dir='ltr'><strong>ξέιιίιὶζ</strong></span> <span class='ocrx_word' id='word_1_936' title='bbox 2600 5311 2827 5396; x_wconf 40' lang='lat' dir='ltr'><strong>(“ipsius</strong></span> <span class='ocrx_word' id='word_1_937' title='bbox 2866 5312 3173 5381; x_wconf 62' lang='lat' dir='ltr'><strong>prophetae;</strong></span> <span class='ocrx_word' id='word_1_938' title='bbox 3222 5329 3241 5362; x_wconf 71' lang='grc' dir='ltr'><strong>ι</strong></span> <span class='ocrx_word' id='word_1_939' title='bbox 3285 5320 3340 5364; x_wconf 90' lang='lat' dir='ltr'><strong>et</strong></span> <span class='ocrx_word' id='word_1_940' title='bbox 3369 5323 3578 5380; x_wconf 85' lang='lat' dir='ltr'><strong>postea,</strong></span> <span class='ocrx_word' id='word_1_941' title='bbox 3614 5330 3634 5363; x_wconf 84' lang='grc'>‹</span> <span class='ocrx_word' id='word_1_942' title='bbox 3674 5314 3769 5368; x_wconf 87' lang='lat' dir='ltr'><strong>sed</strong></span> 
     </span>
    </p>
   </div>
   <div class='ocr_carea' id='block_1_62' title="bbox 497 5381 2818 5462">
    <p class='ocr_par' dir='ltr' id='par_1_62' title="bbox 497 5381 2818 5462">
     <span class='ocr_line' id='line_1_62' title="bbox 497 5381 2818 5462; baseline -0.005 -21"><span class='ocrx_word' id='word_1_943' title='bbox 497 5381 616 5444; x_wconf 80' lang='lat' dir='ltr'><strong>dedi</strong></span> <span class='ocrx_word' id='word_1_944' title='bbox 650 5381 723 5455; x_wconf 79' lang='lat' dir='ltr'><strong>ei,</strong></span> <span class='ocrx_word' id='word_1_945' title='bbox 764 5408 782 5441; x_wconf 84' lang='grc'><strong>›</strong></span> <span class='ocrx_word' id='word_1_946' title='bbox 810 5381 918 5444; x_wconf 88' lang='lat' dir='ltr'><strong>etc.</strong></span> <span class='ocrx_word' id='word_1_947' title='bbox 1648 5381 1656 5386; x_wconf 56' lang='grc'><strong><em>⁷</em></strong></span> <span class='ocrx_word' id='word_1_948' title='bbox 1919 5457 1963 5462; x_wconf 83' lang='lat'>__</span> <span class='ocrx_word' id='word_1_949' title='bbox 2057 5381 2061 5382; x_wconf 52' lang='grc'><strong><em>⁷</em></strong></span> <span class='ocrx_word' id='word_1_950' title='bbox 2181 5385 2248 5440; x_wconf 92' lang='lat' dir='ltr'><strong>de</strong></span> <span class='ocrx_word' id='word_1_951' title='bbox 2263 5381 2389 5462; x_wconf 56' lang='lat' dir='ltr'><strong>ipso</strong></span> <span class='ocrx_word' id='word_1_952' title='bbox 2407 5381 2568 5462; x_wconf 74' lang='lat' dir='ltr'><strong>lsrael</strong></span> <span class='ocrx_word' id='word_1_953' title='bbox 2597 5381 2729 5462; x_wconf 65' lang='grc' dir='ltr'><strong>(1ἱαὶζ</strong></span> <span class='ocrx_word' id='word_1_954' title='bbox 2751 5398 2770 5430; x_wconf 74' lang='grc' dir='ltr'><strong>ι</strong></span> <span class='ocrx_word' id='word_1_955' title='bbox 2807 5450 2818 5462; x_wconf 74' lang='lat'><strong>_</strong></span> 
     </span>
    </p>
   </div>
   <div class='ocr_carea' id='block_1_63' title="bbox 569 5449 3770 5529">
    <p class='ocr_par' dir='ltr' id='par_1_63' title="bbox 569 5449 3770 5529">
     <span class='ocr_line' id='line_1_63' title="bbox 569 5449 3770 5529; baseline -0.002 -16"><span class='ocrx_word' id='word_1_956' title='bbox 569 5449 885 5529; x_wconf 53' lang='lat' dir='ltr'><strong>(32)&#39;Factt&#39;</strong></span> <span class='ocrx_word' id='word_1_957' title='bbox 936 5461 1060 5515; x_wconf 76' lang='lat' dir='ltr'><strong>estis</strong></span> <span class='ocrx_word' id='word_1_958' title='bbox 1110 5461 1243 5514; x_wconf 79' lang='lat' dir='ltr'><strong>mihi</strong></span> <span class='ocrx_word' id='word_1_959' title='bbox 1282 5460 1335 5512; x_wconf 81' lang='lat' dir='ltr'><strong>in</strong></span> <span class='ocrx_word' id='word_1_960' title='bbox 1382 5460 1716 5523; x_wconf 72' lang='lat' dir='ltr'><strong>satietatem,</strong></span> <span class='ocrx_word' id='word_1_961' title='bbox 1769 5469 1875 5512; x_wconf 81' lang='lat' dir='ltr'><strong>etc.</strong></span> <span class='ocrx_word' id='word_1_962' title='bbox 1919 5457 2072 5529; x_wconf 86' lang='lat' dir='ltr'><strong>llunc</strong></span> <span class='ocrx_word' id='word_1_963' title='bbox 2255 5452 2368 5523; x_wconf 88' lang='grc'>(56)</span> <span class='ocrx_word' id='word_1_964' title='bbox 2411 5454 2502 5529; x_wconf 75' lang='lat' dir='ltr'><strong>Sic</strong></span> <span class='ocrx_word' id='word_1_965' title='bbox 2542 5467 2647 5506; x_wconf 91' lang='lat' dir='ltr'><strong>ms.</strong></span> <span class='ocrx_word' id='word_1_966' title='bbox 2689 5449 3085 5529; x_wconf 54' lang='lat' dir='ltr'><strong>ngitis__num.</strong></span> <span class='ocrx_word' id='word_1_967' title='bbox 3131 5451 3290 5529; x_wconf 83' lang='grc'><strong>1659.</strong></span> <span class='ocrx_word' id='word_1_968' title='bbox 3337 5451 3481 5506; x_wconf 87' lang='lat' dir='ltr'><strong>Editi</strong></span> <span class='ocrx_word' id='word_1_969' title='bbox 3534 5467 3685 5529; x_wconf 73' lang='lat' dir='ltr'><strong>vero</strong></span> <span class='ocrx_word' id='word_1_970' title='bbox 3716 5467 3770 5510; x_wconf 87' lang='lat' dir='ltr'><strong>et</strong></span> 
     </span>
    </p>
   </div>
   <div class='ocr_carea' id='block_1_64' title="bbox 500 5519 3770 5605">
    <p class='ocr_par' dir='ltr' id='par_1_64' title="bbox 500 5519 3770 5605">
     <span class='ocr_line' id='line_1_64' title="bbox 500 5519 3770 5605; baseline -0.002 -23"><span class='ocrx_word' id='word_1_971' title='bbox 500 5519 797 5605; x_wconf 39' lang='lat' dir='ltr'><strong>Scriptura}.</strong></span> <span class='ocrx_word' id='word_1_972' title='bbox 828 5530 1006 5584; x_wconf 90' lang='lat' dir='ltr'><strong>locum</strong></span> <span class='ocrx_word' id='word_1_973' title='bbox 1047 5546 1148 5585; x_wconf 91' lang='lat' dir='ltr'><strong>nec</strong></span> <span class='ocrx_word' id='word_1_974' title='bbox 1189 5533 1242 5584; x_wconf 91' lang='lat' dir='ltr'><strong>in</strong></span> <span class='ocrx_word' id='word_1_975' title='bbox 1289 5530 1519 5601; x_wconf 83' lang='lat' dir='ltr'><strong>Vulgata</strong></span> <span class='ocrx_word' id='word_1_976' title='bbox 1562 5519 1760 5598; x_wconf 81' lang='lat' dir='ltr'><strong>reperi,</strong></span> <span class='ocrx_word' id='word_1_977' title='bbox 1804 5545 1904 5584; x_wconf 86' lang='lat' dir='ltr'><strong>nec</strong></span> <span class='ocrx_word' id='word_1_978' title='bbox 1936 5528 2077 5598; x_wconf 77' lang='lat' dir='ltr'><strong>apud</strong></span> <span class='ocrx_word' id='word_1_979' title='bbox 2196 5519 2331 5580; x_wconf 81' lang='lat' dir='ltr'><strong>mss.</strong></span> <span class='ocrx_word' id='word_1_980' title='bbox 2351 5519 2633 5605; x_wconf 49' lang='lat' dir='ltr'><strong>quidam,“</strong></span> <span class='ocrx_word' id='word_1_981' title='bbox 2657 5519 2784 5605; x_wconf 30' lang='grc' dir='ltr'>ςυ-Ει</span> <span class='ocrx_word' id='word_1_982' title='bbox 2819 5521 2977 5605; x_wconf 77' lang='lat' dir='ltr'><strong>addit</strong></span> <span class='ocrx_word' id='word_1_983' title='bbox 3017 5532 3136 5605; x_wconf 87' lang='lat' dir='ltr'><strong>post</strong></span> <span class='ocrx_word' id='word_1_984' title='bbox 3174 5527 3330 5605; x_wconf 51' lang='lat' dir='ltr'><strong>inec,</strong></span> <span class='ocrx_word' id='word_1_985' title='bbox 3365 5532 3550 5605; x_wconf 42' lang='grc' dir='ltr'><strong>λεια.</strong></span> <span class='ocrx_word' id='word_1_986' title='bbox 3587 5521 3770 5576; x_wconf 75' lang='lat' dir='ltr'><strong>itaba-</strong></span> 
     </span>
    </p>
   </div>
   <div class='ocr_carea' id='block_1_65' title="bbox 501 5592 3766 5672">
    <p class='ocr_par' dir='ltr' id='par_1_65' title="bbox 501 5592 3766 5672">
     <span class='ocr_line' id='line_1_65' title="bbox 501 5592 3766 5672; baseline -0.002 -18"><span class='ocrx_word' id='word_1_987' title='bbox 501 5592 880 5672; x_wconf 62' lang='lat' dir='ltr'><strong>Septuaginta.</strong></span> <span class='ocrx_word' id='word_1_988' title='bbox 1396 5592 1423 5601; x_wconf 71' lang='grc'><em>”</em></span> <span class='ocrx_word' id='word_1_989' title='bbox 1472 5670 1481 5672; x_wconf 12' lang='grc' dir='ltr'>μ</span> <span class='ocrx_word' id='word_1_990' title='bbox 1525 5669 1534 5672; x_wconf 26' lang='grc' dir='ltr'><strong>Α</strong></span> <span class='ocrx_word' id='word_1_991' title='bbox 1693 5671 1701 5672; x_wconf 17' lang='lat'><em>7</em></span> <span class='ocrx_word' id='word_1_992' title='bbox 1746 5592 1753 5594; x_wconf 55' lang='grc'><strong><em>“</em></strong></span> <span class='ocrx_word' id='word_1_993' title='bbox 1973 5592 1988 5598; x_wconf 81' lang='grc'><em>’</em></span> <span class='ocrx_word' id='word_1_994' title='bbox 2195 5611 2376 5672; x_wconf 58' lang='lat' dir='ltr'><strong>nus_,_t</strong></span> <span class='ocrx_word' id='word_1_995' title='bbox 2417 5593 2486 5672; x_wconf 55' lang='lat' dir='ltr'><strong>Et</strong></span> <span class='ocrx_word' id='word_1_996' title='bbox 2513 5592 2723 5672; x_wconf 79' lang='lat' dir='ltr'><strong>addidit</strong></span> <span class='ocrx_word' id='word_1_997' title='bbox 2757 5592 3041 5672; x_wconf 64' lang='lat' dir='ltr'><strong>propheta,</strong></span> <span class='ocrx_word' id='word_1_998' title='bbox 3069 5604 3122 5650; x_wconf 91' lang='lat' dir='ltr'><strong>et</strong></span> <span class='ocrx_word' id='word_1_999' title='bbox 3157 5593 3294 5648; x_wconf 89' lang='lat' dir='ltr'><strong>dicit</strong></span> <span class='ocrx_word' id='word_1_1000' title='bbox 3323 5611 3336 5648; x_wconf 91' lang='lat'>:</span> <span class='ocrx_word' id='word_1_1001' title='bbox 3363 5593 3428 5648; x_wconf 84' lang='lat' dir='ltr'><strong>Et</strong></span> <span class='ocrx_word' id='word_1_1002' title='bbox 3452 5595 3579 5659; x_wconf 84' lang='lat' dir='ltr'><strong>erit,</strong></span> <span class='ocrx_word' id='word_1_1003' title='bbox 3612 5612 3632 5646; x_wconf 69' lang='grc' dir='ltr'><strong>ι</strong></span> <span class='ocrx_word' id='word_1_1004' title='bbox 3657 5606 3766 5650; x_wconf 83' lang='lat' dir='ltr'><strong>etc.</strong></span> 
     </span>
    </p>
   </div>
   <div class='ocr_carea' id='block_1_66' title="bbox 572 5619 3015 5742">
    <p class='ocr_par' dir='ltr' id='par_1_66' title="bbox 572 5619 3015 5742">
     <span class='ocr_line' id='line_1_66' title="bbox 578 5619 3015 5668; baseline -0.002 -19"><span class='ocrx_word' id='word_1_1005' title='bbox 578 5619 704 5666; x_wconf 75' lang='lat' dir='ltr'><strong>pura</strong></span> <span class='ocrx_word' id='word_1_1006' title='bbox 746 5619 880 5653; x_wconf 76' lang='lat' dir='ltr'><strong>IIIIa.</strong></span> <span class='ocrx_word' id='word_1_1007' title='bbox 2195 5619 2315 5654; x_wconf 66' lang='lat' dir='ltr'><strong>IIIIS,</strong></span> <span class='ocrx_word' id='word_1_1008' title='bbox 2359 5619 2376 5643; x_wconf 79' lang='grc' dir='ltr'><strong>ι</strong></span> <span class='ocrx_word' id='word_1_1009' title='bbox 2419 5619 2486 5645; x_wconf 69' lang='lat' dir='ltr'><strong>ut</strong></span> <span class='ocrx_word' id='word_1_1010' title='bbox 2513 5619 2723 5645; x_wconf 80' lang='lat' dir='ltr'><strong>auuqu</strong></span> <span class='ocrx_word' id='word_1_1011' title='bbox 2757 5619 3015 5668; x_wconf 65' lang='grc' dir='ltr'>γινμιιιςιει</span> 
     </span>
     <span class='ocr_line' id='line_1_67' title="bbox 572 5619 3015 5742; baseline -0.003 -18"><span class='ocrx_word' id='word_1_1012' title='bbox 572 5619 876 5742; x_wconf 54' lang='lat' dir='ltr'><strong>(53)i1diti.</strong></span> <span class='ocrx_word' id='word_1_1013' title='bbox 909 5689 928 5721; x_wconf 86' lang='grc'><strong>‹</strong></span> <span class='ocrx_word' id='word_1_1014' title='bbox 957 5672 1046 5739; x_wconf 90' lang='lat' dir='ltr'><strong>qui</strong></span> <span class='ocrx_word' id='word_1_1015' title='bbox 1079 5687 1182 5726; x_wconf 84' lang='lat' dir='ltr'><strong>non</strong></span> <span class='ocrx_word' id='word_1_1016' title='bbox 1216 5687 1403 5726; x_wconf 90' lang='lat' dir='ltr'><strong>sumus</strong></span> <span class='ocrx_word' id='word_1_1017' title='bbox 1437 5669 1586 5740; x_wconf 79' lang='lat' dir='ltr'><strong>plebs</strong></span> <span class='ocrx_word' id='word_1_1018' title='bbox 1614 5669 1726 5722; x_wconf 89' lang='lat' dir='ltr'><strong>Dei.</strong></span> <span class='ocrx_word' id='word_1_1019' title='bbox 1779 5689 1795 5720; x_wconf 70' lang='grc' dir='ltr'><strong>ι</strong></span> <span class='ocrx_word' id='word_1_1020' title='bbox 1901 5741 1931 5742; x_wconf 27' lang='grc' dir='ltr'><em>η</em></span> <span class='ocrx_word' id='word_1_1021' title='bbox 1976 5741 1985 5742; x_wconf 16' lang='lat'><em>7</em></span> <span class='ocrx_word' id='word_1_1022' title='bbox 2406 5662 2547 5742; x_wconf 49' lang='lat' dir='ltr'><strong>gos.</strong></span> <span class='ocrx_word' id='word_1_1023' title='bbox 2570 5663 2732 5742; x_wconf 69' lang='lat' dir='ltr'><strong>Deest</strong></span> <span class='ocrx_word' id='word_1_1024' title='bbox 2754 5677 2810 5742; x_wconf 64' lang='lat' dir='ltr'><strong>in</strong></span> <span class='ocrx_word' id='word_1_1025' title='bbox 2834 5662 3015 5718; x_wconf 86' lang='lat' dir='ltr'><strong>editis.</strong></span> 
     </span>
    </p>
   </div>
   <div class='ocr_carea' id='block_1_67' title="bbox 575 5723 2944 5812">
    <p class='ocr_par' dir='ltr' id='par_1_67' title="bbox 575 5723 2944 5812">
     <span class='ocr_line' id='line_1_68' title="bbox 575 5723 2944 5812; baseline 0.002 -17"><span class='ocrx_word' id='word_1_1026' title='bbox 575 5723 684 5812; x_wconf 58' lang='grc'>(51)</span> <span class='ocrx_word' id='word_1_1027' title='bbox 711 5733 804 5794; x_wconf 78' lang='lat' dir='ltr'><strong>llic</strong></span> <span class='ocrx_word' id='word_1_1028' title='bbox 836 5723 1406 5810; x_wconf 43' lang='lat' dir='ltr'><strong>apostolicantemus,</strong></span> <span class='ocrx_word' id='word_1_1029' title='bbox 1430 5723 1454 5794; x_wconf 67' lang='grc' dir='ltr'><strong>ἶ</strong></span> <span class='ocrx_word' id='word_1_1030' title='bbox 1477 5744 1630 5799; x_wconf 81' lang='lat' dir='ltr'><strong>Sicut</strong></span> <span class='ocrx_word' id='word_1_1031' title='bbox 1655 5742 1707 5796; x_wconf 89' lang='lat' dir='ltr'><strong>in</strong></span> <span class='ocrx_word' id='word_1_1032' title='bbox 1731 5743 1865 5797; x_wconf 84' lang='lat' dir='ltr'><strong>Osce</strong></span> <span class='ocrx_word' id='word_1_1033' title='bbox 1883 5741 2036 5808; x_wconf 88' lang='lat' dir='ltr'><strong>dicit,</strong></span> <span class='ocrx_word' id='word_1_1034' title='bbox 2061 5760 2080 5792; x_wconf 74' lang='grc' dir='ltr'><strong>ι</strong></span> <span class='ocrx_word' id='word_1_1035' title='bbox 2262 5723 2374 5806; x_wconf 71' lang='grc'>(58)</span> <span class='ocrx_word' id='word_1_1036' title='bbox 2408 5733 2573 5799; x_wconf 63' lang='lat' dir='ltr'><strong>Elii“.</strong></span> <span class='ocrx_word' id='word_1_1037' title='bbox 2603 5751 2623 5783; x_wconf 69' lang='grc' dir='ltr'>ί</span> <span class='ocrx_word' id='word_1_1038' title='bbox 2663 5733 2884 5787; x_wconf 65' lang='lat' dir='ltr'><strong>dicm&quot;-</strong></span> <span class='ocrx_word' id='word_1_1039' title='bbox 2924 5750 2944 5787; x_wconf 69' lang='grc' dir='ltr'><strong>ι</strong></span> 
     </span>
    </p>
   </div>
  </div>
