4146 6370
227 3214 254 3238 ιο

387 355 520 410 1153

1331 356 1690 412 COMMENT.
1733 357 1798 411 IN
1841 357 2060 412 EPIST.
2104 357 2196 412 AD
2232 356 2399 415 ROM.
2440 359 2570 414 LIII.
2614 359 2728 415 VII.

3514 366 3656 421 “5|-

384 480 550 532 Isaias
579 497 592 533 :
627 478 735 536 Nisi
769 481 1030 536 Dominus
1060 481 1300 537 Sabaoth
1345 482 1655 550 reliquisset
1689 481 1848 535 nobis
1888 495 1975 536 se-
2001 487 2050 543 Α
2079 495 2173 550 ges
2199 480 2485 536 Dominum
2519 483 2688 538 Deum
2720 492 2870 538 tuum
2900 498 2966 539 ex
2996 492 3108 539 toto
3141 485 3304 540 corde
3345 493 3459 545 tuo.
3500 497 3556 542 et
3589 503 3658 541 cx

384 588 529 638 men,
575 575 717 628 sicut
774 574 1009 629 Sodoma
1067 575 1194 629 facti
1244 591 1510 637 essemus,
1561 583 1614 628 ct
1664 576 1806 627 sicut
1854 573 1965 628 Go-

384 668 605 721 morrha
662 667 868 722 similes
911 668 1222 736 fuissemus.
1284 668 1421 732 Quid
1477 684 1609 738 ergo
1673 667 1965 723 dicemus?

382 757 538 824 Quod
567 769 777 828 gentes,
809 775 930 828 qua:
953 775 1062 814 non
1097 761 1449 814 secta-bantur
1485 757 1779 827 justitiam,
1808 775 1961 814 com-

381 849 789 919 prehenderunt
839 853 1144 921 justitiam;
1190 853 1458 920 justitiam
1503 861 1686 906 autem
1727 867 1850 923 quae
1893 871 1959 909 ex

385 945 490 999 Iide
520 954 624 1000 est.
667 945 834 999 Israel
861 955 1045 999 autem
1081 957 1298 999 sectans
1326 944 1499 1012 legem
1521 943 1766 1012 iustitiae,
1798 946 1852 999 in
1880 947 1960 1001 le-

384 1051 505 1106 gem
546 1052 653 1090 non
689 1036 955 1106 pervenit.
991 1037 1211 1104 Quare?
1250 1036 1385 1102 Quia
1433 1051 1538 1090 non
1586 1052 1650 1092 ex
1697 1037 1825 1095 ﬁde.
1867 1038 1960 1092 sed

383 1129 539 1198 quasi
576 1147 641 1185 ex
669 1131 923 1200 operibus
962 1128 1308 1183 otl‘endernnt
1349 1130 1400 1182 in
1439 1129 1670 1196 lapidem
1704 1128 1962 1184 oll'ensio-

385 1224 492 1285 nis,
540 1225 680 1276 sicut
712 1222 972 1289 scriptum
1013 1229 1098 1274 est
1137 1237 1150 1273 :
1195 1219 1339 1274 Ecce
1373 1235 1516 1288 pono
1551 1222 1604 1274 in
1653 1219 1785 1274 Sion
1824 1219 1961 1288 lapi-

386 1315 505 1369 dem
528 1312 867 1375 offensionis,
895 1321 948 1365 et
981 1320 1190 1378 petram
1231 1310 1474 1364 scandali
1505 1328 1520 1364 :
1552 1322 1609 1365 et
1647 1311 1738 1378 qui
1780 1311 1958 1365 credit

383 1405 440 1461 in
471 1422 616 1468 eum,
647 1420 754 1459 non
795 1405 1078 1458 erubescet
1121 1402 1188 1455 ⁵ο.
1241 1422 1259 1453 ι
1307 1401 1668 1471 Posteaquam
1725 1419 1820 1471 per
1863 1401 1958 1457 Dei

386 1498 709 1566 sapientiam
739 1510 899 1565 quam
953 1494 1190 1563 loquitur
1226 1494 1337 1564 (59)
1377 1494 1579 1549 Paulus
1633 1494 1775 1550 inter
1834 1510 1959 1564 per-

381 1589 550 1645 factos
589 1590 656 1654 δι,
697 1596 908 1642 secreta
947 1598 1001 1642 et
1049 1586 1364 1643 abscondita
1426 1587 1625 1640 divinae
1672 1587 1960 1655 dispensa-

381 1680 542 1734 tionis
567 1680 838 1748 exposuit.
882 1688 940 1733 et
967 1680 1201 1734 ostendit
1231 1693 1336 1748 qua
1387 1677 1600 1732 ratione
1650 1691 1829 1746 quove
1862 1691 1959 1730 or-

377 1771 501 1823 dine
525 1771 605 1824 vel
649 1772 785 1824 iram
813 1771 956 1826 Deus
987 1772 1236 1826 ostendat
1264 1772 1316 1824 in
1357 1771 1506 1824 vasis
1537 1771 1653 1836 irae,
1698 1772 1783 1826 vel
1821 1772 1958 1824 divi-

379 1865 485 1918 tias
537 1863 719 1932 glorim
764 1877 877 1917 sure
913 1863 964 1917 in
1013 1863 1161 1916 vasis
1215 1862 1646 1916 misericordiae:
1680 1873 1734 1916 et
1770 1863 1956 1916 docuit
1987 1856 2032 1915 Β
2057 1854 2176 1911 Non
2252 1857 2390 1911 dixit
2451 1874 2466 1912 :

375 1957 520 2025 quod
550 1971 646 2010 vas
678 1957 771 2010 ira:
801 1955 893 2010 ﬁat
923 1956 1296 2026 unusquisque
1339 1968 1408 2007 ex
1460 1969 1525 2008 eo
1558 1956 1700 2023 quod
1734 1970 1828 2022 per
1857 1955 1957 2007 du-

377 2049 556 2100 ritiam
601 2063 752 2101 suam
792 2057 849 2102 et
894 2063 989 2103 cor
1038 2047 1388 2117 impaenitens
1448 2046 1776 2100 tbesaurizet
1839 2045 1956 2116 (40)

375 2137 477 2190 sibi
509 2137 610 2206 ipsi
651 2138 786 2190 iram
826 2138 879 2190 in
907 2139 994 2192 die
1023 2137 1118 2192 ira:
1154 2138 1230 2202 l";
1265 2151 1390 2190 vasa
1431 2146 1611 2189 autem
1647 2136 1956 2190 misericor-

376 2228 480 2280 diae
511 2229 621 2282 sint
643 2229 695 2282 bi
725 2229 813 2296 qui
851 2243 912 2282 se
945 2229 1362 2282 emundaverint
1392 2228 1459 2282 ab
1489 2227 1594 2290 bis,
1619 2237 1675 2281 et
1703 2227 1767 2280 ad
1791 2241 1957 2279 omne

375 2333 514 2386 opus
550 2319 753 2373 bonum
796 2321 1228 2388 praeparaverint
1261 2319 1308 2351 ⁵³
1343 2336 1357 2373 :
1401 2334 1544 2374 nunc
1581 2327 1643 2373 ut
1692 2319 1806 2372 haec
1840 2319 1954 2388 ipsa

378 2410 583 2478 majore
627 2413 958 2466 auctoritate
997 2412 1310 2476 conﬁrmet,
1353 2411 1518 2464 etiam
1568 2413 1622 2464 in
1674 2409 1956 2480 prophetis

375 2501 528 2554 docet
572 2500 688 2554 base
747 2516 869 2555 esse
903 2502 1220 2569 praescripta
1267 2499 1422 2570 (44):
1461 2519 1479 2552 ε
1514 2499 1702 2564 Isaias,
1755 2500 1953 2569 inquit,

374 2592 573 2646 clamat
638 2608 735 2661 pro
801 2593 1018 2648 Israel:
1059 2593 1116 2646 Si
1167 2593 1332 2647 fuerit
1395 2607 1654 2647 nmnerus
1717 2591 1952 2645 ﬁliorum

375 2683 538 2737 Israel
564 2693 819 2751 tanquam
851 2700 1012 2738 arena
1045 2685 1232 2745 maris.
1256 2685 1501 2754 reliquiae
1524 2684 1690 2738 salvae
1723 2684 1872 2738 ﬁent.
1926 2701 1946 2732 ι

373 2775 676 2832 Providens
699 2778 902 2834 etenim
925 2779 992 2834 de
1018 2777 1220 2833 futuris
1244 2778 1529 2846 propheta,
1559 2777 1776 2831 videbat
1805 2776 1950 2846 quod

371 2867 584 2937 plurimi
610 2885 676 2923 ex
706 2868 894 2932 Israel,
937 2879 991 2922 et
1028 2870 1081 2923 hi
1124 2871 1361 2924 maxime
1409 2870 1502 2940 qui
1549 2883 1732 2924 arena:
1782 2869 1953 2922 maris

370 2969 777 3028 comparantur,
823 2974 922 3027 per
949 2962 1204 3015 duritiam
1243 2976 1398 3016 suam
1439 2970 1495 3016 et
1541 2975 1640 3016 cor
1692 2960 1946 3028 impaeni-

371 3059 491 3104 tens
523 3048 568 3080 ⁸⁵
601 3048 764 3104 futuri
798 3058 952 3105 erant
1001 3067 1167 3106 «vasa
1225 3053 1320 3106 ira:
1362 3061 1542 3122 aptata
1587 3053 1653 3106 ad
1685 3050 1952 3120 perditio-

372 3157 516 3205 nem,
557 3161 576 3194 ι
604 3157 710 3198 non
744 3144 1036 3198 credentes
1068 3144 1193 3199 vitae
1216 3158 1350 3208 suae,
1381 3145 1476 3198 sed
1512 3143 1800 3200 Dominum
1829 3158 1946 3196 ma-

361 3235 578 3302 iestatis
609 3235 989 3304 cruciﬁgentes
1040 3233 1106 3289 ⁸⁵.
1182 3255 1199 3286 ι
1236 3235 1291 3290 Si
1313 3252 1470 3307 ergo,
1507 3236 1701 3305 inquit,
1735 3235 1942 3290 fuerint

369 3337 624 3397 tanquam
656 3340 822 3380 arena
859 3326 1044 3387 maris.
1075 3326 1318 3396 reliquiae
1344 3327 1506 3382 salvae
1531 3328 1680 3382 ﬁent.
1713 3345 1732 3377 ι
1754 3325 1944 3396 llliqui

366 3431 474 3470 non
513 3416 816 3480 salvantur,
867 3428 1126 3485 tanquam
1177 3432 1342 3471 arena
1393 3419 1563 3473 maris
1609 3427 1772 3483 sunt;
1816 3417 1945 3473 reli-

363 3507 506 3576 quiae
541 3521 672 3561 vero
703 3523 823 3578 qua:
863 3506 1026 3562 salva:
1071 3506 1224 3575 ﬁent,
1276 3517 1536 3580 tanquam
1596 3509 1766 3564 stella:
1815 3507 1942 3564 caeli

364 3613 515 3654 sunt.
571 3599 874 3670 Utrumque
940 3601 1143 3656 etenim
1210 3602 1628 3669 promissionis,
1696 3617 1818 3672 qua:
1873 3604 1941 3658 ad

363 3694 637 3747 Abraham
687 3693 827 3747 faeta
888 3705 996 3754 est.
1039 3694 1280 3748 continet
1325 3709 1508 3749 sermo
1541 3694 1698 3764 (42):
1741 3715 1761 3746 ι
1806 3695 1939 3759 Erit,

364 3783 558 3852 inquit,
619 3799 801 3838 semen
844 3793 997 3839 tuum
1041 3786 1184 3840 sicut
1224 3801 1392 3840 arena
1462 3788 1652 3848 maris,
1694 3796 1753 3842 et
1795 3787 1938 3842 sicut

361 3874 532 3929 stella:
555 3874 769 3931 caeli”.
817 3895 836 3927 ι
878 3877 945 3931 Ει
978 3876 1082 3932 hoc
1101 3887 1186 3932 est
1217 3878 1362 3946 quod
1402 3877 1580 3932 dicit:
1633 3897 1652 3930 ε
1703 3877 1938 3932 Verbum

359 3966 502 4020 enim
536 3982 923 4021 consummans
966 3979 1022 4022 et
1066 3971 1324 4024 brevians
1369 3971 1420 4023 in
1475 3971 1773 4039 aequitate:
1810 3973 1937 4041 quia

360 4061 586 4114 verbum
617 4060 916 4113 breviatum
962 4060 1129 4116 faciet
1169 4063 1432 4116 Dominus
1456 4077 1622 4130 super
1655 4074 1879 4121 terram.
1911 4085 1931 4118 ι

358 4151 598 4205 Verbum
639 4140 968 4222 breviatum,
1018 4153 1108 4205 ubi
1159 4153 1314 4206 multi
1367 4153 1544 4208 vocati
1585 4165 1736 4221 sunt,
1778 4156 1935 4223 pauci

359 4255 542 4297 autem
574 4243 730 4296 electi
757 4243 829 4296 ⁸⁷.
857 4242 1152 4298 Possumus
1186 4255 1364 4298 autem
1391 4254 1446 4298 et
1479 4247 1642 4301 totius
1676 4247 1938 4302 doctrinze

359 4331 579 4384 verbum
625 4331 805 4384 dicere
855 4333 1180 4396 breviatum,
1225 4343 1282 4387 ut
1329 4335 1473 4398 quod
1529 4337 1676 4404 prius
1719 4337 1828 4391 Lex
1882 4348 1938 4394 et

355 4419 637 4490 Propheta:
687 4425 1037 4477 continebant
1096 4424 1149 4478 in
1195 4425 1479 4480 latitudine
1514 4440 1930 4496 praeceptorum,

2075 580 2185 626 tota
2219 575 2396 626 anima
2434 582 2544 635 tua,
2577 583 2632 628 et
2663 588 2729 627 ex
2771 573 2898 628 totis
2926 575 3132 630 viribus
3172 577 3278 630 tuis
3309 594 3324 629 ε
3367 587 3422 630 et
3457 579 3647 648 proxi-

2071 678 2220 716 mum
2262 671 2410 717 luttm
2443 665 2585 718 sicut
2619 664 2871 731 teipsum.
2906 665 2965 718 In
3013 665 3098 720 his
3139 668 3348 721 duobus
3385 668 3688 738 mandatis.

2071 755 2246 809 omnis
2274 753 2383 807 Lex
2421 756 2615 823 pendet
2648 764 2703 809 et
2733 753 3016 823 Prophetas
3039 756 3114 824 ‘8;
3145 776 3164 809 ι
3192 756 3247 811 in
3274 772 3383 826 quo
3426 743 3689 811 eviden-f

2074 855 2156 900 ter
2209 845 2508 913 Prophetas
2552 856 2608 900 et
2657 847 2856 914 Legem
2902 848 3113 902 duobus
3169 849 3256 904 bis
3301 847 3688 942 sermonibus"

2070 935 2354 991 breviavit.
2390 935 2574 991 Potest
2613 946 2668 990 et
2699 955 2717 987 ι
2752 938 2974 992 verbum
3003 939 3303 993 breviatum
3335 957 3354 990 ι
3386 939 3490 994 dici
3523 935 3682 994 ﬁdes‘

2069 1028 2297 1098 symboli
2337 1043 2457 1097 qua:
2517 1027 2864 1082 credentibus
2910 1030 3163 1094 traditur,
3215 1031 3268 1084 in
3319 1046 3428 1100 qua
3491 1033 3657 1088 totius

2068 1117 2311 1186 mysterii
2348 1133 2558 1172 summa
2613 1119 2802 1187 paucis
2841 1133 3086 1172 connexa
3144 1122 3491 1177 sermonibus
3537 1122 3656 1195 (43)

2067 1211 2394 1266 continetur.
2437 1229 2456 1263 ι
2513 1211 2581 1265 Et
2627 1213 2769 1267 sicut
2829 1214 3103 1284 praedixit,
3163 1215 3359 1284 inquit,
3431 1215 3652 1274 Isaias:

2066 1303 2180 1358 Nisi
2240 1303 2501 1358 Dominus
2559 1305 2798 1361 Sabaoth
2870 1307 3180 1377 reliquisset
3228 1307 3384 1361 nobis
3439 1324 3652 1374 semen,

2066 1394 2210 1448 sicut
2246 1393 2480 1449 Sodoma
2521 1396 2647 1449 facti
2682 1411 2952 1460 essemus,
2976 1408 3026 1450 et
3057 1399 3198 1451 sicut
3240 1397 3550 1453 Gomorrba
3579 1401 3654 1454 si-

2067 1486 2225 1540 miles
2250 1485 2564 1541 fuissemus.
2592 1505 2611 1538 ›
2638 1487 2790 1554 Quod
2818 1504 3002 1543 semen
3031 1489 3196 1543 Isaias
3216 1505 3243 1542 a
3274 1491 3499 1546 Domino
3519 1491 3654 1547 dicit

2065 1578 2420 1634 derelictum?
2453 1579 2582 1634 Illud
2637 1580 2756 1635 sine
2795 1581 2960 1637 dubio
2992 1583 3138 1652 quod
3184 1583 3326 1637 idem
3357 1583 3652 1655 Apostolus

2065 1671 2283 1740 exponit
2339 1671 2393 1725 in
2435 1672 2580 1736 aliis,
2640 1687 2764 1727 cum
2811 1673 2946 1728 dicit
2989 1673 3058 1727 ad
3108 1675 3392 1730 Abraham
3437 1677 3644 1732 dictum

2064 1777 2284 1818 essezr
2321 1762 2441 1817 Tibi
2496 1763 2638 1816 dabo
2691 1772 2890 1816 terram
2953 1763 3117 1826 hanc,
3170 1773 3227 1818 et
3275 1767 3472 1820 semini
3531 1777 3648 1826 tuo.

2535 1855 2605 1910 Et
2673 1857 3008 1921 seminibus,
3085 1859 3236 1927 quasi
3314 1858 3367 1912 in
3429 1859 3646 1927 multis;

2058 1951 2186 2015 sed,
2216 1949 2409 2004 semini
2459 1958 2580 2014 tuo,
2639 1936 2896 2019 tanquam
2933 1951 3148 2016 inuno,
3204 1951 3295 2020 qui
3345 1962 3433 2007 est
3482 1952 3646 2006 Chri-

2057 2051 2176 2097 stus
2193 2041 2260 2098 ⁵⁸.
2284 2061 2302 2093 ι
2333 2041 2444 2096 Hoc
2465 2052 2547 2096 est
2569 2056 2698 2113 ergo
2727 2042 2870 2109 quod
2914 2041 3026 2111 (44)
3069 2043 3202 2097 dicit
3241 2041 3410 2098 Isaias
3438 2058 3453 2096 :
3479 2045 3650 2114 619

2063 2133 2217 2189 «Nisi
2251 2132 2512 2190 Dominus
2545 2134 2856 2204 reliquisset
2901 2135 3056 2188 nobis
3107 2148 3320 2198 semen,
3347 2153 3369 2189 ι
3434 2136 3485 2189 id
3531 2147 3638 2199 est.

2059 2227 2160 2282 nisi
2194 2225 2434 2280 dedisset
2455 2225 2613 2279 nobis
2631 2225 2909 2279 Christum
2939 2235 2997 2278 ut
3022 2241 3088 2278 ex
3119 2224 3277 2279 nobis
3299 2235 3642 2289 nasceretur,

2063 2335 2082 2370 ι
2111 2317 2254 2372 sicut
2283 2316 2521 2371 Sodoma
2570 2315 2865 2372 fuissemus
2887 2316 2954 2384 ⁸⁸,
2981 2334 3001 2367 θ
3056 2328 3322 2385 quantum
3353 2319 3420 2371 ad
3449 2319 3643 2387 impie-

2059 2410 2187 2463 tatis
2225 2409 2649 2480 magnitudinem
2695 2419 2929 2478 spectat,
2980 2411 3082 2464 nisi
3136 2413 3260 2480 quia
3313 2424 3370 2466 et
3423 2414 3645 2482 gravius

2057 2501 2260 2570 aliquid
2294 2501 2436 2569 apud
2468 2500 2746 2555 lsraelitas
2777 2512 2988 2572 gestum
3037 2513 3144 2554 est.
3180 2501 3318 2557 Nam
3347 2503 3644 2560 Sodomita:

2057 2593 2111 2646 in
2143 2594 2384 2661 hospites
2417 2593 2606 2646 incesti
2644 2593 2962 2648 referuntur
3011 2593 3122 2663 (45)
3171 2605 3226 2649 et
3275 2597 3536 2666 impudici
3561 2599 3637 2664 ";

2055 2685 2284 2753 populus
2327 2700 2458 2738 vero
2490 2684 2652 2738 Israel
2689 2685 2741 2739 in
2785 2700 2910 2738 eum
2946 2687 3243 2756 sacrilegus
3289 2690 3500 2744 exstitit
3546 2692 3638 2760 qui

2055 2791 2180 2830 cum
2220 2775 2480 2830 Dominus
2511 2773 2813 2843 majestatis
2863 2777 2956 2842 sit,
2993 2777 3162 2832 frater
3204 2794 3394 2834 eorum
3437 2781 3551 2852 (46)
3583 2793 3641 2837 et

2054 2868 2158 2920 dici
2194 2867 2359 2922 voluit
2391 2878 2447 2921 et
2478 2883 2618 2922 esse.
2676 2868 2787 2922 Nisi
2817 2884 2947 2936 ergo
2979 2884 3164 2923 semen
3199 2871 3341 2926 istud
3375 2872 3641 2929 Dominus

2055 2959 2387 3028 reliquisset,
2419 2975 2514 3030 per
2536 2959 2678 3029 quod
2710 2960 2953 3030 reliquiae
2975 2963 3139 3016 salvae
3169 2963 3386 3030 ﬁerent,
3422 2977 3477 3020 et
3507 2981 3636 3022 vasa

2053 3051 2441 3107 misericordia:
2502 3053 2880 3117 salvarentur,
2935 3053 3215 3110 interisset
3251 3057 3481 3125 populus
3541 3058 3635 3115 ille

2051 3154 2112 3199 ut
2143 3145 2403 3200 Sodoma.
2453 3145 2518 3199 Et
2566 3153 2748 3200 tamen
2786 3161 2894 3200 non
2942 3149 3117 3201 otiose
3157 3149 3325 3205 Isaias
3358 3169 3376 3202 ‹
3399 3165 3582 3207 semen
3609 3171 3632 3206 ι

2051 3231 2352 3287 nominavit
2397 3233 2542 3301 quod
2575 3233 2822 3286 relictum
2853 3243 2956 3290 cst.
3003 3234 3202 3291 Semen
3232 3254 3467 3309 namque
3497 3243 3636 3296 dici-

2050 3333 2137 3379 tur
2163 3327 2306 3395 quod
2353 3326 2660 3381 seminatur
2706 3327 2758 3382 in
2791 3335 2960 3393 terra,
2991 3337 3047 3382 et
3092 3329 3332 3385 fructum
3366 3333 3633 3406 multipli-

2047 3431 2167 3470 cem
2203 3416 2379 3470 reddit
2429 3431 2445 3469 :
2495 3420 2701 3472 docens
2751 3431 2848 3486 per
2895 3418 3018 3482 hoc,
3047 3418 3210 3472 etiam
3241 3422 3517 3476 Christum
3545 3439 3634 3478 se-

2047 3509 2366 3563 minandum
2417 3523 2560 3576 esse,
2612 3509 2664 3563 id
2697 3519 2782 3563 est.
2814 3511 3184 3579 sepeliendum
3227 3529 3348 3568 esse
3376 3516 3428 3569 in
3459 3525 3628 3584 terra,

2044 3612 2098 3654 et
2133 3600 2255 3655 inde
2281 3611 2653 3671 resurgentem
2674 3602 2906 3656 fructum
2927 3604 3219 3672 plurimum
3253 3608 3416 3664 totius
3435 3609 3628 3666 Eccle-

2046 3693 2140 3746 sia:
2168 3689 2532 3746 multitudinis
2554 3692 2917 3762 prolaturum,
2950 3694 3090 3749 sicut
3122 3706 3178 3752 et
3222 3701 3336 3768 ipse
3366 3701 3630 3756 Dominus

2043 3783 2218 3839 dicit:
2255 3801 2274 3834 ι
2297 3783 2410 3839 Nisi
2438 3800 2666 3851 granum
2715 3784 2969 3840 frurnenti
3006 3789 3057 3840 in
3099 3797 3303 3843 terram
3344 3793 3623 3857 ceciderit.

2041 3884 2099 3930 et
2119 3885 2387 3930 mortuum
2415 3875 2598 3942 fuerit,
2628 3877 2860 3933 fructum
2887 3895 2992 3936 non
3021 3881 3178 3936 alTert
3207 3883 3413 3952 {47);si
3446 3893 3624 3942 autem

2041 3979 2316 4023 mortuum
2348 3968 2530 4036 fuerit,
2563 3969 2796 4024 fructum
2832 3970 3123 4041 plurimum
3154 3973 3312 4029 affert
3327 3976 3392 4031 θ’.
3431 3995 3449 4028 ι

2117 4081 2136 4113 ι
2158 4061 2294 4128 Quid
2321 4075 2450 4129 ergo
2471 4061 2749 4116 dicemus?
2779 4063 2930 4129 Quod
2958 4074 3149 4133 gentes
3171 4081 3292 4134 quae
3313 4082 3418 4121 non
3449 4081 3620 4122 secta.

2041 4151 2550 4220 banturjustitiam,
2589 4155 3125 4222 comprehenderunt
3155 4155 3422 4224 justitiam
3464 4159 3621 4230 (48);

2033 4245 2302 4315 justitiam
2339 4255 2519 4299 autem
2555 4261 2676 4315 quas
2710 4263 2776 4300 ex
2811 4249 2914 4302 Iide
2945 4259 3029 4303 est
3053 4250 3120 4303 ⁸³.
3147 4269 3166 4302 ι
3208 4249 3469 4307 Videntur
3501 4254 3616 4308 for-

2041 4341 2203 4394 tassis
2235 4339 2337 4394 hoc
2366 4341 2697 4393 contrariqu
2729 4356 2852 4394 esse
2886 4341 2968 4397 vel
3003 4343 3106 4397 illis
3138 4345 3204 4397 de
3231 4346 3430 4412 quibus
3457 4363 3617 4417 supra

2039 4431 2300 4491 diximus,
2343 4431 2486 4498 quod
2535 4433 2908 4502 unusquisque
2937 4435 3196 4490 emundet
3225 4452 3286 4490 se
3327 4448 3381 4492 et
3418 4453 3622 4508 expur-

354 4516 579 4567 veniens
611 4515 870 4570 Dominus
917 4519 1318 4584 pronuntiaret.
1350 4528 1404 4572 et
1439 4520 1646 4574 diceret
1675 4539 1688 4575 :
1728 4539 1746 4572 ι
1798 4522 1928 4576 Dili-
1964 4537 2007 4591 ι)
2035 4531 2143 4592 get,
2177 4533 2236 4577 ut
2267 4524 2362 4576 Iiat
2387 4538 2483 4578 vas
2517 4523 2672 4586 utile.
2714 4535 2768 4578 et
2804 4540 2900 4580 vas
2925 4527 3315 4585 misericordia:
3350 4549 3363 4585 :
3397 4533 3480 4586 vel
3511 4533 3618 4588 illis

421 4675 468 4706 '°
496 4673 648 4726 Rom.
685 4689 760 4736 Ix,
792 4675 861 4726 27
896 4687 1013 4740 seq.
1121 4672 1164 4703 ⁵¹
1203 4673 1217 4724 Ι
1251 4672 1376 4726 Cor.
1439 4690 1499 4735 ιι.
1533 4675 1586 4730 6.

1683 4678 1728 4708 ⁸²
1768 4678 1921 4733 Ιῖιιιη.
1980 4693 2043 4742 It,
2081 4678 2134 4734 5.

2231 4679 2278 4713 ⁸³
2311 4679 2352 4734 II
2384 4682 2593 4745 Tim.n.
2623 4685 2715 4738 21.
2809 4684 2856 4716 ⁵⁸
2896 4685 3053 4741 Rom.
3089 4701 3150 4745 ιι.
3184 4688 3240 4741 5.
3345 4689 3390 4721 "
3426 4691 3442 4744 l
3482 4690 3612 4748 Cor.

352 4743 521 4827 rtus”
568 4744 614 4774 ⁸⁸
642 4743 950 4827 genu-xi",
988 4743 1072 4794 I7.
1151 4743 1425 4827 ⁸⁵⁷ΜΜειξξιιἒ
1472 4761 1608 4808 xxtl,
1649 4747 1784 4827 I4.__
1815 4749 1861 4780 ⁸⁸

2054 4788 2076 4801 ν.
2104 4767 2175 4813 vt,
2224 4752 2510 4827 5;__Mattb.
2550 4743 2686 4821 xxu,
2711 4755 2802 4822 57,
2835 4757 2927 4822 59,
2958 4757 3048 4811 4U.
3127 4743 3172 4789 5’
3197 4757 3371 4815 Galat.
3404 4743 3611 4827 ιιιξιϐξ

350 4815 395 4846 ⁸ο
423 4815 544 4868 Isai.
583 4829 624 4874 I,
658 4814 707 4866 9.
788 4814 830 4844 ⁶¹
858 4811 994 4866 Gen.
1042 4829 1152 4878 xix,
1188 4813 1241 4866 5.
1322 4817 1365 4846 ⁵³
1399 4813 1554 4868 .loan.
1593 4831 1688 4879 χιι,
1721 4817 1812 4872 ‘24.
1892 4819 1936 4850 ⁸³

2059 4837 2130 4874 In.
2162 4811 2238 4887 lx,
2275 4811 2364 4878 30.

421 4911 534 4981 (59)
566 4910 909 4984 Salodianus.
960 4928 978 4960 ι
1017 4911 1366 4984 Postea__qn_:e
1414 4927 1512 4980 per
1559 4912 1648 4984 Dei
1702 4917 1922 4984 sapien-

351 4984 663 5054 tiam_qu_am
702 4981 960 5054 loquitur,
994 4998 1013 5054 ι
1049 4989 1158 5054 etc.
1201 4981 1482 5046 Mcrlinus,
1520 5001 1550 5054 ί
1577 4981 1780 5038 Postea
1803 5001 1922 5054 qua!

347 5069 443 5122 per
491 5051 583 5104 Dei
627 5050 971 5122 sapientiam_
992 5051 1252 5122 loquitur,
1279 5069 1313 5122 γ»
1360 5062 1466 5104 etc.
1512 5050 1916 5119 Genebrardus,

352 5119 371 5175 ἆ
421 5122 783 5188 Posteaquam
813 5134 908 5189 per
943 5119 1034 5172 Dei
1060 5120 1382 5186 sapientiam
1416 5122 1649 5184 locutus,
1689 5142 1708 5173 ι
1737 5134 1844 5178 etc.

416 5191 530 5263 (40)
564 5191 758 5263 Editi,
822 5207 841 5240 ι
899 5190 1256 5263 thesaurizat.
1295 5208 1328 5263 _I
1383 5200 1438 5263 et
1481 5193 1742 5245 omittunt
1793 5210 1916 5248 cum

345 5259 481 5316 mss.
512 5259 818 5331 plerisque,
857 5277 876 5309 ι
913 5259 1036 5328 ipsi,
1068 5277 1087 5310 ι
1121 5267 1204 5331 et,
1239 5278 1259 5331 ι
1294 5260 1468 5331 indie
1497 5263 1613 5315 irae.
1658 5280 1677 5312 ι
1713 5263 1918 5319 Deinde

343 5332 504 5385 iidem
527 5329 662 5385 editi
696 5329 936 5394 habent,
979 5347 998 5380 ‹
1033 5340 1160 5382 sunt
1195 5330 1250 5383 hi
1279 5329 1370 5400 qui
1397 5346 1457 5385 se
1481 5333 1922 5390 emundaverunt

343 5403 410 5456 ab
433 5402 538 5470 his,
568 5411 714 5470 ct....
746 5409 1200 5470 praeparaverunt.
1217 5418 1236 5451 ι

413 5469 529 5542 (4I)
563 5469 662 5524 Ms.
706 5469 1148 5542 unus._¢_e_tiam
1194 5471 1248 5523 in
1280 5470 1565 5542 kpropbeta
1616 5473 1772 5528 docet
1811 5473 1916 5528 hoc

341 5538 464 5596 esse
503 5538 790 5610 Scriptum.
832 5556 850 5588 ι
887 5538 1030 5610 Editi
1073 5553 1224 5606 vero,
1279 5538 1534 5594 Rabauus
1561 5549 1616 5594 et
1646 5544 1735 5596 alii
1781 5558 1914 5598 mss.

341 5613 473 5665 utin
503 5609 690 5665 nostro
716 5617 887 5684 textu,
919 5609 1022 5663 nisi
1046 5611 1187 5679 quod
1214 5610 1344 5666 editi
1370 5611 1640 5666 habeant:
1668 5613 1865 5684 scripta
1887 5631 1907 5666 ι

341 5695 440 5748 pro
470 5699 490 5734 ι
523 5681 861 5750 praescripta.
897 5697 917 5731 ι

414 5749 534 5822 (42)
555 5752 650 5806 Sic
678 5766 806 5823 mss.
836 5758 892 5804 et
925 5749 1204 5808 Rabanus.
1238 5753 1378 5808 Editi
1411 5767 1563 5819 vero,
1591 5771 1608 5802 ι
1641 5753 1911 5823 Utrasque

345 5821 924 5893 ciiitn'promissiones
967 5837 1088 5892 qua:
1128 5829 1194 5880 ad
1239 5825 1536 5880 Abraham'
1569 5823 1726 5881 facta:
1759 5821 1905 5887 sunt.

2024 4917 2269 4972 continet
2299 4933 2498 4973 sermo.
2547 4939 2566 4970 ι

2099 4987 2216 5060 (45)
2249 4989 2410 5054 Editi,
2447 5010 2464 5040 (
2499 4991 2684 5060 paucis
2709 5004 2844 5043 nexa
2869 4991 3238 5055 sermonibus,
3269 5013 3288 5045 ι
3320 5004 3427 5049 etc.

2099 5058 2214 5136 (44)
2247 5060 2412 5136 Editi,
2460 5058 2662 5129 (quod
2719 5072 2804 5114 est
2845 5059 3116 5118 Christus.
3173 5062 3289 5118 Non
3340 5080 3473 5136 ergo
3523 5078 3609 5123 est

2022 5126 2201 5187 aliud.
2228 5130 2394 5196 quod,
2426 5149 2446 5181 ›
2476 5126 2581 5184 etc.

2099 5198 2214 5267 (45)
2244 5201 2397 5254 Alias
2429 5219 2446 5251 ε
2475 5200 2715 5256 fuerunt.
2754 5219 2773 5251 ι

2121 5269 2213 5338 46)
2247 5268 2408 5335 Editi,
2446 5289 2465 5322 ‹
2502 5280 2654 5338 pater
2680 5283 2889 5324 eorum.
2928 5290 2946 5324 ι

2123 5339 2350 5410 Π)Μδ,
2383 5357 2523 5394 unus
2556 5339 2797 5410 Regius,
2848 5359 2866 5391 ι
2901 5342 3075 5410 ipsum
3119 5344 3295 5400 solum
3335 5355 3536 5402 manet.
3578 5365 3598 5402 ι

2026 5408 2412 5479 ᾼιῑθι·’1ἶθείυε
2444 5408 2780 5474 num.1659,
2815 5430 2835 5461 σ
2875 5408 3112 5467 fructum
3151 5431 3258 5469 non
3288 5417 3484 5472 afferet

2026 5478 2262 5554 fructum
2295 5478 2583 5554 plurimum
2619 5479 2830 5534 alIeret.
2871 5501 2890 5533 ι
2945 5483 3051 5537 Sed
3082 5488 3264 5540 caeteri
3297 5503 3459 5554 mss.,
3495 5485 3604 5543 Ra-

2025 5549 2199 5603 banus
2231 5559 2290 5603 et
2316 5551 2444 5604 editi
2478 5559 2538 5604 ut
2561 5550 2613 5603 in
2646 5563 2832 5604 nostro
2863 5562 3034 5607 textu.

2097 5618 2210 5693 (48)
2242 5619 2373 5674 Mss.
2399 5621 2530 5684 duo,
2566 5638 2584 5670 ι
2613 5632 2917 5675 consecutae
2948 5623 3422 5693 suntjustitiam.»
3457 5625 3598 5682 Editi

2021 5696 2075 5765 et
2109 5706 2212 5765 tus.
2258 5705 2430 5765 unus,
2483 5710 2500 5742 ι
2559 5693 3038 5760 apprehenderunt
3077 5695 3368 5765 justitiam.
3424 5714 3447 5752 ι
3493 5699 3601 5755 Sed

2024 5758 2281 5818 llabanus
2312 5773 2373 5824 ut
2402 5763 2454 5822 in
2486 5758 2674 5821 nostro
2703 5773 2868 5817 textu.
