4146 6378
501 362 644 418 1155

1979 365 2302 422 ORIGENIS

3642 371 3776 425 ‘ll5b

450 552 454 560 ν
499 500 624 554 qua:
671 485 724 538 in
781 484 1163 554 superioribus
1211 485 1594 549 disseruimus,
1657 485 1802 552 quod
1855 484 2090 538 naturali
2119 491 2169 547 Α
2199 484 2256 537 io
2286 501 2434 549 eum,
2483 500 2590 540 non
2638 485 2926 541 erubescet
2959 485 3020 542 ⁸⁸.
3051 506 3072 540 ι
3107 485 3398 557 Apostolus
3425 497 3628 552 autem,
3661 507 3679 540 ι
3706 493 3778 543 la-

500 576 636 646 .lcge,
674 578 726 630 in
752 593 857 646 qua
885 579 1003 632 sine
1033 579 1200 632 dubio
1228 589 1310 631 est
1331 589 1386 632 et
1407 577 1642 646 jnstitia,
1673 586 1897 632 utantur
1925 578 2090 632 etiam

501 679 710 739 gentes.
754 669 1036 737 Quomodo
1065 685 1198 736 ergo
1230 670 1318 723 hic
1347 671 1478 725 dicit
1510 671 1638 740 quia
1696 689 1715 722 ι
1741 679 1938 741 gentes
1969 685 2092 739 qua:

489 778 606 817 non
648 763 1005 816 sectabantur
1055 761 1350 830 justitiam,
1400 765 1930 832 comprehenderunt
1975 763 2089 832 (49)

492 851 844 922 justitiam?»
890 853 1024 908 Vide
1055 869 1184 923 ergo
1236 855 1280 907 si
1336 855 1438 908 hoc
1476 856 1639 908 modo
1680 870 1974 924 possumus
2013 869 2093 910 re-

499 945 790 1012 spondere.
833 944 992 998 Aliud
1045 955 1128 1000 est
1180 948 1403 1010 sectari,
1453 945 1600 1000 aliud
1649 947 1872 999 insitum
1920 946 2088 1000 habe-

498 1049 562 1090 re
592 1035 728 1104 (50).
785 1035 998 1090 Sectari
1053 1036 1256 1090 dicitur
1309 1037 1399 1090 ille
1445 1043 1534 1105 qui
1573 1052 1671 1106 per
1696 1038 1998 1092 doctrinam
2033 1048 2088 1094 et

505 1126 796 1182 lectionem
833 1128 1058 1181 multam
1091 1127 1304 1197 assequi
1337 1129 1542 1198 aliquid
1573 1130 1723 1198 cupit
1755 1147 1769 1182 :
1798 1130 1942 1184 unde
1967 1137 2023 1183 et
2053 1144 2083 1182 a

504 1220 767 1275 sectando
799 1231 969 1274 sectae
1011 1220 1294 1289 appellata
1319 1231 1449 1274 sunt
1481 1220 1789 1288 hnjusmodi
1827 1221 2088 1275 doctrinae

496 1327 619 1382 qua:
673 1313 954 1366 hominum
1006 1313 1298 1367 traditione
1348 1313 1655 1368 discuntur.
1701 1313 1908 1369 Gentes
1953 1329 2084 1384 ergo

499 1402 614 1474 (51)
656 1404 781 1474 quia
827 1405 998 1475 legem
1028 1404 1226 1458 tabulis
1270 1404 1354 1458 vel
1385 1404 1538 1460 libris
1565 1406 1645 1461 sic
1686 1407 1944 1475 scriptam
1973 1422 2081 1461 non

497 1495 838 1558 habuerunt,
894 1511 1000 1550 non
1036 1496 1296 1550 dicuntur
1343 1506 1568 1551 sectatae
1597 1513 1716 1554 esse
1761 1498 2026 1568 justitiam
2065 1518 2080 1554 :

497 1587 810 1642 habuerunt
863 1596 1040 1642 tamen
1094 1588 1335 1654 insitam,
1372 1605 1534 1658 quam
1579 1589 1662 1644 lex
1699 1605 1792 1644 eos
1819 1591 2082 1646 naturalis

498 1677 733 1733 edocuit.
794 1678 998 1733 Idcirco
1027 1694 1158 1750 ergo
1187 1681 1414 1747 proximi
1474 1680 1693 1736 fuerunt
1731 1682 1960 1751 justitia:
2011 1683 2063 1738 ei

499 1783 621 1836 quae
655 1783 717 1822 ex
769 1769 873 1824 fide
905 1778 1010 1836 est,
1045 1770 1096 1824 id
1133 1779 1238 1834 est,
1284 1769 1525 1827 Christo.
1573 1789 1591 1822 ι
1616 1769 1780 1826 Israel
1831 1787 1962 1827 vero
1989 1787 2078 1827 se—

2199 577 2378 644 pidem
2411 576 2750 643 oﬂ‘eosiouis,
2779 587 2834 634 et
2862 588 3071 648 petram
3111 579 3377 643 scandali,
3403 599 3422 631 ι
3460 579 3529 635 de
3557 581 3666 636 alio
3696 581 3771 636 lo-

2196 681 2262 720 co
2293 668 2462 737 ipsius
2511 669 2666 723 Isaia;
2699 671 2982 738 prophetas
3026 669 3154 732 huic
3184 671 3500 726 testimonio
3525 672 3774 734 inseruit,

2195 761 2248 813 in
2281 776 2388 828 quo
2420 763 2492 816 ita
2541 763 2809 832 scriptum
2835 773 2920 819 est
2966 779 2984 818 :
3023 783 3042 814 ι
3065 764 3132 818 Et
3166 779 3270 820 non
3305 774 3566 834 tanquam
3613 764 3774 832 lapidi

2189 849 2511 904 oﬂensioois
2535 853 2836 908 occurretis
2857 853 2930 917 ei,
2965 868 3144 923 neque
3162 863 3218 907 ut
3249 853 3410 922 lapidi
3439 852 3610 908 ruina:
3647 853 3726 919 ⁶⁹;
3749 871 3770 905 ρ

2191 949 2242 994 et
2276 955 2342 994 ex
2386 951 2617 1010 utroque
2669 943 2788 998 loco
2843 959 3140 1010 excerpens
3209 960 3330 1012 qua:
3385 944 3778 1000 assertionibus

2187 1049 2306 1087 suis
2362 1037 2645 1089 commoda
2709 1037 3034 1092 videbantur
3090 1037 3296 1105 aptavit
3353 1037 3490 1108 (56).
3549 1038 3776 1093 Verum-

2189 1129 2373 1176 tamen
2409 1123 2672 1179 Dominus
2701 1124 2882 1187 Jesus.
2911 1141 3074 1195 quem
3107 1127 3376 1194 plurimis,
3407 1129 3500 1182 sed
3535 1129 3690 1182 bonis
3719 1139 3776 1182 et

2192 1213 2527 1269 salutaribus
2560 1217 2878 1272 nominibus
2927 1219 3246 1288 compellari
3301 1219 3630 1284 invenimus,
3673 1220 3772 1272 mi-

2189 1321 2310 1360 rum
2368 1305 2601 1364 fortasse
2635 1311 2882 1365 videatur
2930 1327 3030 1366 cur
3078 1313 3131 1366 in
3174 1313 3280 1368 hoc
3335 1313 3456 1368 loco
3502 1328 3665 1382 quem
3703 1313 3773 1370 de

2191 1399 2326 1454 Isaia
2355 1402 2617 1470 propheta
2664 1406 2898 1474 sumpsit
2924 1405 3242 1475 Apostolus.
3291 1406 3429 1466 lapis
3455 1405 3773 1462 olfensionis

2191 1501 2247 1546 et
2279 1502 2431 1561 petra
2463 1495 2706 1549 scandali
2740 1497 3082 1562 nominetur;
3113 1513 3234 1550 cum
3271 1497 3459 1568 utique
3489 1498 3630 1553 bono
3663 1499 3774 1553 Do-

2187 1585 2353 1647 mino,
2390 1593 2445 1638 et
2482 1586 2607 1639 boni
2645 1585 2821 1640 Patris
2866 1587 3007 1643 Filio
3039 1603 3376 1658 quaecunque
3429 1591 3566 1644 bona
3599 1600 3655 1646 et
3679 1605 3772 1644 sa-

2183 1675 2378 1729 lutaria
2409 1675 2524 1747 (57)
2559 1677 2815 1732 videntur
2840 1681 3078 1748 aptanda
3121 1681 3254 1744 sint,
3293 1691 3352 1735 ut
3395 1697 3520 1750 pax,
3570 1693 3628 1735 et
3677 1682 3769 1750 ju-

2186 1769 2355 1834 stitia,
2395 1780 2453 1823 et
2497 1771 2726 1836 veritas,
2764 1781 2818 1825 et
2853 1773 3054 1826 ostium
3105 1788 3214 1841 quo
3265 1773 3502 1828 intratur
3553 1774 3619 1826 ad
3668 1774 3770 1828 Pa-

497 1872 652 1915 ctans
706 1861 876 1931 legem
923 1861 1171 1930 justititc,
1227 1863 1279 1916 in
1319 1864 1492 1930 legem
1528 1878 1635 1916 non
1683 1865 1934 1933 pervenit
1960 1863 2026 1917 “.
2053 1882 2072 1915 ι
2111 1841 2152 1896 Β
2185 1871 2345 1925 trem,
2393 1871 2448 1916 et
2477 1872 2688 1931 pastor,
2732 1874 2788 1918 et
2823 1863 2908 1919 leo
2950 1867 3016 1919 de
3069 1867 3209 1920 tribu
3241 1865 3399 1929 Juda,
3447 1866 3530 1920 vel
3555 1867 3770 1922 catulus

495 1952 566 2008 Et
597 1955 683 2008 hic
719 1954 890 2016 locus,
942 1955 1088 2008 sicut
1143 1971 1305 2024 supra
1361 1956 1765 2010 observandum
1819 1957 2076 2021 diximus,

495 2045 550 2102 in
583 2063 689 2100 uno
719 2049 1020 2116 eodemque
1049 2046 1320 2102 versiculo
1357 2048 1571 2103 diverse
1616 2049 1862 2102 nominat
1907 2046 2078 2118 legem

498 2135 636 2208 (52).
675 2139 898 2193 Certum
933 2150 1014 2193 est
1037 2139 1181 2193 enim
1215 2139 1342 2208 quia
1370 2139 1540 2194 Israel
1563 2142 1876 2195 sectabatur
1906 2141 2077 2212 legem

491 2229 718 2296 justitiae
747 2231 1041 2285 secundum
1081 2230 1340 2294 litteram,
1395 2233 1487 2285 sed
1516 2231 1569 2286 in
1618 2232 1791 2301 legero
1820 2249 1926 2286 non
1958 2247 2080 2302 per-

493 2322 666 2376 venit.
723 2321 894 2388 Quam
934 2322 1140 2392 legem?
1199 2321 1328 2378 Siue
1378 2323 1544 2380 dubio
1594 2325 1836 2394 spiritus.
1890 2324 2079 2396 Neque

491 2414 638 2468 enim
673 2415 775 2468 hoc
809 2415 1012 2470 diceret
1055 2417 1370 2483 Apostolus,
1417 2417 1542 2484 quia
1577 2417 1747 2488 legem
1785 2432 1946 2486 quam
1989 2431 2102 2478 se-,

495 2506 765 2570 ctabatur,
821 2519 876 2561 et
907 2523 1068 2577 quam
1123 2511 1360 2574 tenebat,
1397 2520 1451 2564 et
1500 2525 1662 2579 quam
1718 2507 1972 2574 habebat,
2025 2511 2076 2562 in

495 2599 638 2652 hanc
665 2614 770 2650 non
805 2602 1139 2666 pervenerit.
1183 2601 1381 2654 Reddit
1413 2615 1540 2668 ergo
1571 2600 1858 2664 rationem,
1891 2617 1990 2654 cur
2023 2601 2075 2654 in

493 2688 665 2760 legem
711 2690 877 2744 Israel
919 2707 1024 2745 non
1085 2693 1321 2762 potuerit
1373 2693 1679 2761 pervenire.
1746 2711 1764 2743 ι
1793 2692 1927 2758 Quia
1971 2709 2075 2746 non

491 2796 561 2836 ex
611 2781 733 2846 Iide,
782 2783 977 2851 inquit,
1031 2786 1124 2838 sed
1178 2784 1291 2856 (55)
1333 2785 1486 2854 quasi
1537 2799 1601 2838 ex
1659 2785 1994 2852 operibus”.
2051 2805 2070 2836 ι

492 2871 570 2924 De
605 2873 708 2926 Iidc
736 2871 938 2928 Christi
970 2886 1024 2928 et
1073 2879 1328 2943 operibus
1371 2877 1522 2945 legis,
1573 2877 1788 2930 abunde
1822 2877 1874 2930 in
1909 2877 2076 2932 initiis

495 2963 654 3030 hujus
679 2965 930 3033 Epistolis:
959 2969 1318 3022 disseruimus
1355 2968 1468 3039 (51)
1505 2987 1517 3022 :
1549 2979 1604 3023 et
1633 2969 1753 3022 ideo
1788 2985 1855 3024 ne
1883 2967 2073 3024 eadem

493 3055 694 3122 smpius
748 3056 1030 3120 iteremus.
1081 3071 1405 3126 prmseotem
1455 3059 1632 3114 locum
1686 3061 1876 3130 paucis
1908 3062 2075 3130 ipsius

487 3146 730 3213 Apostoli
793 3148 1135 3204 sermonibus
1197 3151 1556 3218 explicemus,
1632 3152 1836 3222 quibus
1893 3153 2066 3208 dicit:

494 3252 514 3285 ι
537 3234 850 3306 Ignorantes
899 3239 1040 3292 enim
1075 3239 1164 3294 Dei
1213 3239 1504 3308 justitiam,
1547 3253 1604 3296 et
1635 3257 1788 3296 suam
1821 3257 2071 3311 quaeren-

489 3337 573 3380 tes
599 3338 856 3392 statuere,
900 3329 1132 3397 iustitia:
1169 3331 1261 3386 Dei
1315 3347 1422 3386 non
1465 3341 1594 3388 sunt
1625 3331 1876 3402 subjecti.
1919 3332 2070 3391 Finis

486 3420 634 3474 enim
660 3420 794 3491 legis
815 3420 1086 3488 Christus,
1116 3424 1184 3476 ad
1210 3423 1476 3493 justitiam
1506 3425 1655 3478 omni
1683 3426 2014 3482 credenti“.
2041 3447 2061 3479 ι
2088 3453 2094 3464 -

487 3513 624 3578 Quia
653 3529 784 3585 ergo
813 3514 988 3586 legem
1033 3516 1386 3571 secta'hantur
1421 3533 1527 3572 non
1573 3521 1870 3573 secundum
1900 3535 2064 3590 opera

481 3603 709 3672 iustitia;
742 3607 857 3666 Dei.
904 3608 996 3662 sed
1045 3609 1339 3662 secundum
1369 3622 1535 3678 Opera
1565 3624 1674 3664 sure
1699 3609 1944 3679 justitiae,
1983 3613 2067 3667 id-

486 3697 634 3753 circo
684 3717 704 3750 ι
751 3697 1094 3755 offenderunt
1151 3702 1202 3754 in
1269 3701 1498 3770 lapidem
1582 3701 1924 3770 offensionis,
1999 3706 2067 3761 de

485 3803 594 3856 quo
624 3790 888 3858 scriptum
923 3799 1008 3846 est
1042 3791 1154 3862 (55)
1187 3807 1203 3846 :
1236 3792 1377 3848 Ecce
1412 3808 1552 3863 pono
1583 3795 1635 3848 in
1670 3794 1800 3848 Sion
1833 3794 2066 3864 lapidem

485 3877 824 3946 offensionis,
878 3891 930 3936 et
971 3893 1182 3950 petram
1231 3885 1514 3938 scandali:
1569 3895 1625 3938 et
1683 3886 1773 3954 qui
1831 3886 2069 3940 credidit

485 3972 540 4024 i'u
607 3985 766 4036 eum,
829 3987 936 4026 non
999 3975 1280 4028 erubescet
1319 3975 1382 4028 ⁸⁷.
1426 3994 1444 4027 ι
1510 3974 1804 4030 Sciendum
1884 3987 2063 4031 autem

483 4069 595 4124 est,
641 4064 784 4132 quod
822 4064 874 4118 in
924 4063 1060 4118 Isaia
1113 4068 1370 4134 propheta
1429 4067 1532 4121 hoc
1582 4067 1950 4122 testimonium
1993 4067 2068 4122 ita

485 4155 742 4222 scriptum
795 4166 923 4210 est:
963 4174 982 4208 ι
1013 4156 1151 4212 Ecce
1201 4173 1302 4228 ego
1347 4160 1581 4212 immitto
1638 4159 1691 4212 itt
1740 4159 2068 4214 fundamen-

485 4253 536 4300 ta
571 4243 700 4300 Sion
756 4247 986 4317 lapidem
1039 4249 1360 4318 pretiosum,
1413 4250 1670 4314 electura,
1729 4250 2064 4320 angularem,

481 4340 802 4409 prazclarum
835 4339 888 4394 in
923 4340 1275 4394 fundamenta
1321 4341 1480 4410 ejus;
1531 4351 1588 4396 et
1637 4341 1727 4411 qui
1770 4341 2070 4396 crediderit

2183 1951 2358 2007 leonis
2385 1952 2480 2022 qui
2517 1955 2794 2008 excitatur
2821 1971 2851 2009 a
2893 1970 3107 2022 somno,
3143 1956 3228 2011 vel
3259 1957 3644 2018 sanctificatio,
3675 1958 3763 2011 vel

2182 2045 2501 2113 redemptio,
2531 2054 2586 2099 et
2611 2056 2808 2100 cietera
2845 2048 3149 2116 hujusmodi
3174 2064 3296 2118 quae
3319 2049 3616 2119 dignationi
3647 2051 3766 2119 ejus

2181 2135 2473 2190 convenire
2500 2137 2806 2190 videantur.
2848 2135 2956 2191 Sed
2991 2139 3112 2194 vide
3159 2139 3207 2193 si
3257 2151 3546 2210 possumus
3595 2141 3764 2194 etiam

2185 2245 2205 2278 ι
2235 2227 2466 2296 lapidem
2498 2226 2815 2283 oﬂ‘ensionis
2837 2240 2890 2284 et
2919 2241 3132 2300 petram
3158 2231 3397 2286 scandali
3422 2251 3442 2283 ι
3471 2233 3769 2288 ostendere

2181 2329 2450 2388 quatenus
2477 2319 2526 2374 ei
2557 2320 2725 2391 620
2750 2330 3128 2392 competenter
3146 2323 3318 2391 possit
3341 2323 3540 2395 aptari.
3583 2321 3768 2378 οπω-

2181 2409 2262 2462 sio
2282 2417 2338 2462 et
2363 2409 2679 2463 scandalum
2709 2425 2874 2464 unum
2899 2424 3070 2480 prope
3099 2421 3265 2480 atque
3293 2412 3438 2466 idem
3469 2412 3762 2482 signitlcat.

2183 2499 2510 2554 Seandalum
2539 2501 2740 2555 etenim
2782 2501 2986 2555 dicitur
3015 2517 3140 2556 cum
3187 2503 3240 2556 in
3273 2503 3358 2556 via
3399 2503 3538 2556 obex
3570 2503 3766 2572 aliquis

2182 2591 2484 2658 invenitur,
2517 2599 2608 2661 qui
2662 2607 2909 2663 gressum
2961 2593 3266 2650 incedentis
3318 2595 3400 2650 vel
3449 2595 3765 2650 scandentis

2181 2683 2460 2751 impediat.
2505 2682 2632 2738 Inde
2653 2700 2784 2756 ergo
2835 2686 3154 2740 scandalum
3193 2694 3430 2740 tractum
3477 2697 3584 2741 est.
3620 2685 3761 2753 Quia

2183 2774 2351 2846 igitur
2379 2775 2432 2830 bi
2464 2777 2555 2846 qui
2578 2789 2738 2832 erant
2759 2779 2813 2832 in
2847 2777 3000 2842 Sion,
3031 2779 3148 2834 vias
3180 2772 3480 2834 nou'honas
3511 2781 3764 2834 inceden-

2181 2875 2284 2930 tes,
2320 2868 2426 2922 iter
2477 2867 2797 2936 perditionis
2827 2869 3042 2924 concito
3086 2870 3220 2936 pede
3255 2871 3570 2934 currebant,
3603 2870 3765 2924 malis

2177 2959 2290 3013 suis
2319 2957 2566 3014 faventes
2592 2961 2855 3026 invicem,
2901 2963 3048 3015 sicut
3076 2960 3350 3030 Propheta
3385 2961 3516 3016 dicit
3536 2961 3606 3026 ⁷⁸,
3633 2961 3758 3030 quia

2181 3070 2201 3104 ι
2223 3051 2479 3114 laudatur
2503 3063 2765 3122 peccator
2797 3055 2853 3109 in
2884 3055 3168 3112 desideriis
3195 3056 3393 3110 anima:
3419 3071 3554 3120 sum,
3583 3065 3638 3111 et
3665 3056 3758 3126 qui

2177 3144 2395 3214 iniquus
2433 3155 2517 3199 est
2565 3143 2679 3217 (58)
2733 3147 3113 3202 benedicitur:
3146 3167 3165 3199 ι
3194 3148 3424 3204 veniens
3492 3149 3761 3204 Dominus

2177 3247 2231 3290 et
2260 3236 2510 3292 Salvator
2547 3248 2755 3305 noster,
2813 3253 3046 3308 arguere
3072 3240 3242 3309 capit
3289 3240 3406 3294 vias
3455 3255 3668 3305 eorum,
3703 3252 3759 3295 et

2177 3329 2360 3384 dicere
2393 3351 2407 3387 :
2449 3348 2469 3381 ι
2503 3327 2599 3384 Va:
2627 3331 2781 3386 vobis
2809 3331 3014 3385 Scribat
3038 3341 3094 3386 et
3122 3330 3378 3387 Pharisaei
3403 3332 3484 3398 '“;
3512 3351 3532 3385 ο
3567 3344 3622 3389 et
3654 3335 3758 3388 ite-

2177 3436 2296 3475 rum
2333 3440 2346 3476 :
2382 3440 2402 3474 ι
2426 3423 2518 3478 Vte
2537 3423 2694 3477 vobis
2724 3424 2979 3478 divitibus
3009 3425 3094 3490 ἠς
3147 3442 3166 3474 ι
3213 3434 3270 3478 et
3313 3425 3506 3480 iterum
3553 3439 3570 3478 :
3617 3443 3638 3478 ι
3668 3425 3760 3482 Va:

2175 3513 2298 3578 tibi,
2333 3511 2656 3576 Jerusalem,
2693 3530 2812 3583 qua:
2841 3515 3044 3569 occidis
3091 3517 3404 3585 prephetas,
3448 3527 3506 3572 et
3549 3517 3760 3588 lapidas

2175 3619 2269 3659 eos
2299 3605 2390 3673 qui
2421 3609 2489 3659 ad
2523 3616 2575 3660 te
2608 3607 2762 3661 missi
2799 3606 2912 3678 (59)
2943 3609 3071 3661 sunt
3093 3607 3157 3660 ⁷⁸.
3186 3625 3206 3658 ι
3240 3607 3348 3663 Sed
3383 3617 3438 3662 et
3471 3609 3636 3662 multa
3668 3609 3758 3665 his

2175 3698 2378 3752 similia
2409 3699 2620 3764 dicens,
2644 3708 2700 3755 et
2731 3714 2964 3770 arguens
2997 3715 3112 3768 eos,
3141 3702 3406 3770 impedire
3436 3704 3605 3771 cmpit
3635 3703 3754 3757 vias

2175 3791 2498 3858 perditionis
2519 3805 2733 3854 eorum.
2762 3801 2816 3846 et
2849 3789 3076 3847 eﬂ'ectus
3103 3802 3188 3846 est
3211 3793 3290 3847 eis
3319 3791 3454 3862 lapis
3493 3791 3754 3849 oﬂ'ensio-

2178 3883 2261 3938 nis
2293 3892 2349 3936 et
2379 3891 2530 3950 petra
2557 3883 2822 3950 scandali,
2873 3898 2978 3938 non
3029 3885 3216 3938 sinens
3245 3899 3340 3938 cos
3370 3885 3578 3956 ingredi
3607 3887 3752 3940 viam

2175 3975 2343 4030 latam
2372 3990 2492 4045 quae
2531 3975 2682 4030 ducit
2724 3977 2790 4030 ad
2837 3985 3066 4031 mortem
3097 3977 3164 4033 ⁷⁸.
3199 3977 3292 4032 Sic
3333 3978 3572 4048 denique
3611 3990 3666 4033 et
3693 3980 3750 4032 iu

2175 4065 2314 4122 Osee
2344 4067 2608 4137 propheta
2639 4068 2900 4138 scriptum
2943 4077 3026 4122 est
3059 4069 3126 4124 de
3161 4070 3244 4126 bis
3275 4071 3367 4142 qui
3401 4071 3612 4140 peccati
3645 4073 3754 4126 iter

2173 4157 2430 4212 incedunt
2468 4180 2480 4212 :
2517 4176 2536 4208 ‹
2593 4157 2820 4228 Propter
2894 4161 3019 4224 hoc,
3081 4160 3280 4230 inquit,
3336 4175 3464 4216 ecce
3506 4176 3608 4232 ego
3663 4177 3754 4218 se-

2175 4250 2319 4317 piam
2372 4251 2518 4304 viam
2569 4251 2690 4317 ejus
2733 4253 2960 4310 sudibus
3013 4255 3146 4326 (60),
3207 4266 3262 4311 et
3315 4258 3594 4313 obstruam
3629 4259 3748 4313 vias

2173 4341 2311 4406 ejus,
2347 4353 2401 4396 et
2433 4345 2686 4396 semitam
2715 4360 2866 4398 suam
2897 4364 2999 4403 non
3031 4349 3265 4401 inveniet
3285 4349 3354 4402 ".
3386 4366 3406 4400 ι
3472 4335 3746 4404 Ρδιιιιιιιυε

549 4434 598 4466 ⁸⁸
621 4437 780 4511 item.
804 4451 886 4511 ιιι,
906 4435 994 4488 51.
1037 4435 1116 4511 _'_'
1141 4435 1298 4511 Rom.
1334 4436 1579 4511 tx,_52.__
1604 4438 1654 4511 ff
1674 4437 1827 4511 Rom.
1853 4451 1907 4495 x.
1931 4436 1987 4500 5,
2017 4437 2074 4511 ᾖ

2180 4438 2481 4511 ’_Br_)m.lx,
2515 4437 2716 4511 52,53.
2793 4441 2838 4474 ⁸⁸
2870 4443 2991 4497 lsai.
3021 4459 3212 4506 xxvm,
3245 4444 3326 4498 l6.
3403 4444 3590 4499 "Isai.
3621 4459 3739 4511 vm,

480 4495 572 4559 14.
621 4504 668 4536 ⁷ο
701 4495 898 4560 I’salm.
934 4521 1010 4567 Ix,
1032 4505 1134 4572 24;
1169 4505 1302 4562 alias
1327 4495 1466 4573 1,3.
1539 4506 1796 4562 “Matth.
1821 4495 1984 4572 um,
2014 4507 2106 4560 15.

481 4575 572 4629 15.
639 4575 682 4607 ⁷⁸
717 4576 840 4630 Osc.
876 4592 936 4642 It,
973 4573 1028 4630 6.

555 4671 669 4740 (49)
701 4672 878 4734 Editi.
933 4691 952 4724 ι
990 4673 1272 4740 Quomodo
1299 4685 1434 4743 ergo
1463 4672 1553 4728 hic
1585 4671 1719 4726 dicit
1750 4681 1940 4740 gentes
2087 4677 2132 4732 ι)

481 4743 984 4810 comprehendisse,
1026 4763 1044 4795 ι
1082 4756 1186 4798 etc.
1215 4743 1341 4798 Mss.
1377 4745 1482 4797 duo
1507 4743 1710 4796 habent
1742 4761 1762 4793 ι
1807 4757 2055 4810 compre-

482 4812 702 4876 hensas,
734 4833 753 4864 ι
787 4828 882 4883 pro
920 4833 940 4865 ι
983 4815 1476 4883 comprehendisse.
1511 4832 1530 4864 ι
1559 4815 1664 4866 Sed
1706 4815 1908 4868 rectius
1944 4828 2049 4866 ms.

481 4896 623 4936 unus
649 4892 702 4936 et
735 4883 992 4938 Babanus
1019 4895 1077 4936 ut
1107 4888 1158 4936 in
1193 4893 1378 4938 nostro
1409 4893 1576 4938 textu.

555 4953 668 5023 (50)
713 4951 855 5006 Libri
893 4965 1050 5009 antea
1086 4955 1252 5014 editi,
1282 4972 1300 5003 ι
1342 4954 1499 5006 Aliud
1527 4952 1764 5023 sectari,
1796 4951 1940 5006 aliud
1973 4952 2054 5005 in-

481 5022 680 5076 sectari
718 5023 936 5078 habere.
973 5043 992 5076 ι
1038 5025 1164 5078 Mss.
1215 5025 1322 5074 duo
1363 5027 1622 5076 omittunt
1669 5040 1688 5072 ι
1727 5022 1944 5076 insitum
1971 5061 1984 5080 ,
2029 5041 2048 5073 ι

483 5094 624 5159 quod
675 5093 968 5148 restituunt
1023 5097 1196 5150 codex
1227 5093 1428 5158 Regius
1473 5109 1622 5146 num.
1653 5091 1823 5157 1659,
1853 5103 1908 5146 et
1948 5091 2056 5145 Ra-

481 5163 689 5218 banus.
1838 5172 1844 5189 '

555 5233 669 5302 (5|)
711 5231 878 5298 Editi,
912 5251 930 5284 ι
967 5248 1113 5288 vero.
1157 5251 1178 5284 ι
1217 5231 1282 5285 Ει
1307 5242 1494 5301 postea
1517 5272 1531 5296 ,
1577 5251 1596 5284 ι
1626 5233 1931 5288 habuerunt
1967 5239 2051 5285 ta-

481 5318 604 5356 men
642 5302 800 5356 insita
827 5321 945 5370 qua!
970 5304 1080 5365 lex,
1117 5321 1136 5353 ι
1169 5314 1276 5356 etc.

555 5373 667 5444 (5'2)
707 5373 798 5426 Sic
834 5384 980 5428 recte
1008 5390 1108 5426 ms.
1146 5371 1345 5444 Regius
1383 5387 1533 5425 num.
1557 5372 1716 5428 1659.
1775 5371 1850 5425 Ita
1880 5371 2046 5425 etiam

483 5441 573 5514 alii
615 5441 722 5497 duo
776 5459 907 5498 mss.
954 5443 1138 5514 Regii,
1177 5441 1299 5514 nisi
1325 5444 1465 5510 quod
1513 5459 1610 5511 pro
1653 5461 1671 5494 ι
1711 5446 2040 5514 ιιοιιιιιιειιρ

483 5513 720 5566 habeant
751 5531 770 5564 ι
809 5511 1097 5567 nominari.
1141 5531 1160 5565 ι
1208 5513 1348 5566 Editi
1391 5528 1520 5565 vero
1568 5528 1884 5582 perperam,
1922 5529 1942 5562 ι
1981 5511 2046 5566 Et

484 5583 570 5652 hic
611 5583 760 5636 locus
787 5585 930 5638 sicut
967 5600 1128 5652 supra
1171 5583 1560 5637 observandus.
1613 5585 1859 5637 Diximus
1897 5583 2041 5652 enim

483 5651 672 5707 inuno
713 5651 1330 5725 eodemque’versiculo
1375 5654 1598 5708 diversae
1650 5653 1920 5708 nominari
1975 5651 2052 5704 lc-
2096 5676 2104 5683 -

485 5736 668 5854 “iis;
685 5787 843 5854 Editi,
887 5813 904 5845 ι
940 5789 1160 5858 Quare?
1187 5787 1321 5855 Quia
1358 5804 1464 5844 non
1493 5807 1557 5847 ex
1593 5793 1715 5858 lizle,
1740 5793 1856 5856 sed,
1887 5809 1904 5842 ι
1937 5801 2043 5844 etc.

2211 4508 2255 4539 "
2279 4506 2412 4562 Luc.
2439 4524 2514 4573 vr,
2535 4510 2625 4563 24.
2699 4511 2746 4542 ’³
2764 4511 2955 4567 Matth.
2991 4530 3120 4568 χχιιι
3141 4552 3155 4578 ,
3187 4515 3278 4568 37.
3353 4515 3400 4546 '"
3429 4515 3620 4569 Matth.
3647 4506 3740 4582 vn,

2256 4669 2342 4738 54)
2391 4666 2522 4721 Vide
2550 4680 2734 4738 supra,
2765 4667 2855 4722 lib.
2885 4685 2968 4734 Ill,
2999 4685 3154 4726 nttm.
3183 4669 3238 4724 9.

2256 4736 2348 4808 55)
2385 4739 2525 4792 Editi
2549 4778 2566 4804 ,
2601 4757 2620 4789 ι
2655 4737 3008 4792 OlIenderunt
3031 4741 3173 4792 enim
3198 4742 3252 4794 in
3297 4738 3534 4808 lapidem
3571 4736 3742 4794 oIfen-

2164 4811 2356 4871 sionls,
2388 4810 2530 4862 sicut
2554 4812 2814 4876 scriptum
2843 4819 2944 4864 est.
2981 4825 3000 4860 ›
3047 4818 3154 4862 etc.

2232 4879 2345 4952 (56)
2391 4877 2484 4952 Sic
2537 4894 2666 4932 mss.
2709 4880 2856 4952 Διίιιο.
2901 4879 3064 4952 (Editi
3117 4894 3250 4934 vero
3301 4889 3358 4934 et
3407 4895 3510 4933 ms.
3576 4893 3740 4938 unus.

2167 4969 2186 5002 (
2224 4949 2542 5019 Apostolum
2709 4949 3004 5002 inseruisse
3184 4959 3568 5018 excerpeutem
3621 4964 3744 5016 qua:

2163 5018 2560 5075 assertionibus
2608 5021 2722 5072 suis
2879 5031 3118 5087 aptasse.
3159 5037 3180 5072 ι
3220 5019 3514 5085 liabantts,
3545 5037 3564 5069 ι
3605 5019 3748 5086 Apo-

2161 5092 2335 5145 stolus
2511 5089 2815 5144 inseruisse
2867 5092 3082 5144 videtur

2162 5171 2409 5230 aptasse.
2437 5177 2455 5209 ι

2232 5231 2344 5301 (57)
2375 5229 2535 5291 Editi,
2579 5246 2598 5279 ι
2639 5237 2696 5283 et
2717 5227 2896 5284 Patris
2925 5228 3070 5284 bono
3093 5227 3230 5284 Filio
3261 5243 3603 5299 quaecunque
3655 5242 3740 5282 sa-

2158 5299 2376 5362 lutaria,
2421 5319 2439 5350 ι
2471 5310 2582 5353 etc.
2639 5336 2646 5342 -

2227 5371 2340 5443 (58)
2382 5369 2446 5422 1η
2476 5369 2750 5443 desideriis
2778 5372 2972 5443 anima:
3002 5385 3133 5443 sum,
3161 5379 3210 5423 et
3260 5371 3351 5443 qui
3380 5369 3606 5443 iniquus
3635 5377 3738 5423 est.

2154 5439 2282 5495 Haec
2309 5445 2508 5493 desunt
2538 5441 2590 5492 ιιι
2625 5442 2786 5493 editis
2821 5441 2908 5493 ubi
2937 5440 3160 5508 legitur,
3195 5457 3212 5490 ι
3263 5441 3522 5494 laudatur
3549 5455 3743 5508 pecca-

2161 5523 2280 5574 tor,
2331 5526 2504 5577 usque
2562 5511 2919 5564 benedicetur
2975 5527 2990 5564 :
3057 5511 3281 5565 veniens
3343 5525 3474 5581 ergo
3552 5509 3744 5564 Domi-

2155 5597 2276 5641 tius,
2317 5598 2334 5628 ι
2369 5592 2475 5632 etc.

2224 5649 2338 5718 (59)
2370 5649 2470 5704 Ms.
2503 5647 2702 5720 Regius
2736 5666 2884 5703 num.
2918 5648 3077 5716 I659,
3125 5667 3144 5702 ι
3191 5658 3246 5705 et
3285 5649 3491 5718 lapidas
3539 5646 3738 5704 missos

2152 5722 2218 5775 ad
2257 5732 2326 5771 te.
2370 5738 2388 5770 ι

2224 5791 2334 5855 (60)
2369 5790 2544 5856 Editi,
2579 5807 2598 5840 ι
2640 5791 2826 5858 spinis.
2871 5807 2893 5843 ι

3259 5093 3602 5161 excerpendo
