4146 6390
395 389 529 442 1137

1311 392 1666 449 COMMENT.
1709 392 1775 447 IN
1810 391 2028 447 EPIST.
2070 392 2160 445 AD
2198 390 2362 447 ROM.
2402 391 2532 447 LIB.
2568 391 2706 447 VIII.

3496 390 3634 443 11ΐί⁸1

393 520 522 572 ergo
564 506 781 571 iterum,
830 508 875 561 si
910 508 1148 573 videtur,
1202 509 1255 563 in
1287 512 1467 564 medio
1505 512 1681 579 ipsum
1715 510 1961 571 Paulum,
1993 525 2035 579 Α
2069 509 2300 575 positum
2340 516 2549 575 spectat
2579 522 2688 576 quo
2730 503 2854 559 illuc
2891 501 3149 571 pergebat
3189 502 3334 569 (‘31),
3372 501 3508 569 lapis
3545 502 3632 553 ol-

393 598 486 663 qui
514 598 752 667 accept-is
782 603 1051 667 quondam
1078 602 1321 670 epistolis
1352 618 1382 655 a
1426 603 1822 665 sacerdotibus,
1853 599 1958 652 Da-

393 704 631 743 mascum
667 693 923 760 pergebat
956 700 1016 745 ut
1042 707 1232 758 omnes
1258 693 1403 747 viros
1436 708 1498 747 ac
1528 692 1784 747 mulieres
1806 692 1962 745 Chri-

391 788 476 833 sto
518 781 805 836 credentes
855 784 1066 839 vinctos
1091 785 1417 853 perduceret
1466 787 1517 838 in
1560 782 1865 837 Jerusalem
1892 782 1960 838 ⁷⁸.

392 869 526 923 Cum
560 886 690 940 ergo
716 882 897 940 ageret
921 873 1062 929 istud
1095 875 1197 929 iter
1224 875 1453 943 peccati,
1480 874 1719 928 occurrit
1763 874 1811 928 ei
1850 873 1962 929 Do-

395 961 574 1016 minus
603 961 760 1018 Jesus
791 965 843 1018 in
870 967 977 1028 via,
1011 977 1065 1021 et
1091 968 1157 1021 ad
1191 976 1404 1035 tempus
1422 982 1544 1021 eum
1571 967 1813 1021 caecitate
1844 982 1964 1035 per-

397 1057 567 1109 cussit
600 1071 620 1122 ε⁵
653 1067 707 1110 et
747 1056 920 1111 factus
949 1068 1033 1113 est
1062 1058 1137 1111 illi
1164 1097 1179 1123 ,
1230 1066 1489 1127 quantum
1523 1057 1589 1111 ad
1617 1057 1792 1125 ipsum
1835 1070 1964 1125 pro-

2065 600 2324 655 I'cnsionis
2373 610 2428 654 et
2482 609 2631 669 petra
2680 597 2941 661 scandali,
2975 611 3034 651 ut
3088 597 3216 651 illud
3274 599 3374 650 iter
3427 598 3633 666 peccati

2065 691 2207 759 quod
2239 693 2486 753 tenebat,
2520 689 2738 758 explere
2771 706 2876 744 non
2917 697 3137 757 posset,
3189 688 3281 742 sed
3338 702 3635 741 conversus

2066 783 2313 835 crederet
2344 783 2391 834 ei
2422 782 2511 850 qui
2543 783 2683 833 viam
2708 796 2859 835 suam
2884 779 3213 839 excluserat.
3241 789 3294 832 et
3315 779 3635 847 quibusdam

2066 874 2291 928 sudibus
2319 872 2431 943 (62)
2458 872 2898 928 comminationis
2920 872 3300 939 obstruxerat;
3327 879 3383 925 et
3401 870 3637 939 credens

2066 965 2120 1019 in
2147 980 2269 1018 eum
2300 980 2405 1019 non
2437 965 2809 1020 erubesceret.

485 1179 3587 1207 _________________________________________________.

1501 1351 1860 1439 LIBER
1933 1345 2512 1438 OCTAVUS.

472 1689 518 1741 l.
553 1708 570 1737 ι
608 1687 839 1748 Fratres,
867 1685 1113 1739 voluntas
1137 1683 1352 1753 quidem
1377 1681 1555 1736 cordis
1582 1680 1709 1742 mei,
1737 1688 1793 1735 et
1819 1680 1972 1735 obse-
1997 1694 2038 1749 Β
2064 1700 2219 1743 crare
2282 1686 2447 1740 Deum
2506 1700 2602 1753 pro
2667 1684 2799 1752 ipsis
2825 1684 2978 1755 (68),
3038 1692 3097 1735 ut
3142 1684 3224 1736 vel
3273 1685 3324 1737 in
3372 1685 3478 1740 [ine
3535 1686 3635 1739 ali.

395 1778 564 1832 cratio
590 1776 733 1846 apud
762 1776 933 1829 Deum
968 1774 1026 1829 ﬁt
1057 1790 1156 1845 pro
1183 1773 1288 1828 illis
1319 1773 1377 1827 in
1413 1773 1662 1827 salutem.
1697 1772 1970 1826 Testimo-

396 1870 547 1924 nium
595 1871 740 1925 enim
786 1868 1049 1940 perhibeo
1083 1868 1207 1930 illis,
1256 1866 1401 1936 quod
1428 1865 1829 1920 aemulationem
1874 1865 1969 1919 Dei

399 1964 663 2026 habeant,
698 1962 791 2017 sed
823 1976 933 2015 non
974 1958 1274 2014 secundum
1316 1956 1618 2011 scientiam.
1658 1955 1973 2024 Ignorantes

399 2055 543 2110 enim
596 2053 693 2107 Dei
734 2053 999 2123 justitiam
1023 2090 1038 2114 ,
1080 2059 1137 2104 et
1173 2065 1325 2104 suam
1361 2048 1625 2118 justitiam
1667 2055 1973 2116 quzerentes

399 2147 731 2201 constituere
754 2185 769 2209 ,
796 2145 1018 2216 justitiae
1049 2143 1146 2197 Dei
1188 2157 1300 2196 non
1334 2150 1463 2215 sunt
1491 2139 1720 2209 subjecti
1750 2140 1814 2191 ⁷⁷.
1848 2157 1866 2189 ι
1902 2140 1974 2193 Et

399 2255 466 2292 ex
510 2238 696 2303 initio,
736 2246 791 2293 et
833 2238 1159 2309 procedente
1186 2235 1297 2306 (65)
1330 2240 1478 2287 textu
1510 2231 1794 2302 Epistolis,
1833 2231 1973 2285 dixi-

398 2324 518 2384 uius
549 2329 773 2384 Paulum
824 2345 967 2384 nunc
1012 2345 1112 2399 pro
1147 2330 1435 2399 gentibus,
1465 2345 1610 2384 nunc
1659 2333 1820 2384 etiam
1867 2344 1965 2397 pro

396 2420 563 2476 Israel
594 2420 772 2475 facere
796 2435 1121 2476 sermonem.
1150 2421 1285 2487 Quia
1313 2436 1443 2490 ergo
1463 2422 1514 2474 in
1539 2423 1625 2475 his
1647 2436 1767 2489 qua:
1797 2436 1966 2490 nuper

396 2513 645 2580 exposita
684 2522 849 2576 sunt,
882 2511 1068 2566 multis
1103 2513 1430 2566 testimoniis
1474 2513 1758 2568 adversum
1798 2513 1964 2568 Israel

397 2615 522 2655 usus
553 2611 640 2656 est
662 2602 1080 2670 prophetarum,
1128 2603 1201 2656 ita
1249 2613 1306 2657 ut
1360 2604 1628 2672 proferret
1667 2605 1733 2658 de
1774 2605 1913 2659 Isaia
1946 2621 1961 2658 :

400 2709 420 2742 ι
448 2690 558 2747 Nisi
599 2692 857 2747 Dominus
889 2695 1126 2753 Sabaoth
1176 2696 1488 2763 reliquisset
1538 2697 1696 2750 nobis
1753 2711 1961 2761 semen,

393 2782 535 2836 sicut
581 2780 815 2838 Sodoma
857 2783 988 2840 facti
1031 2802 1315 2852 essemus,
1365 2798 1421 2842 et
1464 2788 1607 2842 sicut
1656 2787 1961 2842 Gomorrha

392 2872 598 2927 similes
627 2872 1018 2943 fuissemus";
1042 2897 1062 2931 ι
1100 2887 1157 2933 et
1182 2879 1376 2933 iterum
1404 2880 1448 2912 ⁷⁸
1476 2895 1490 2932 :
1532 2896 1553 2931 ι
1595 2877 1652 2932 Si
1680 2877 1840 2931 luerit
1872 2892 1966 2931 nu-

394 2977 577 3017 merus
606 2962 837 3018 ﬁliorum
863 2964 1030 3021 Israel
1077 2978 1334 3038 tanquam
1371 2984 1534 3023 arena
1587 2970 1793 3033 maris,
1846 2968 1965 3023 reli-

2066 1782 2278 1848 qnando
2305 1779 2617 1849 perveniant
2642 1779 2707 1831 ad
2748 1778 2998 1831 salutem.
3043 1777 3254 1830 Habent
3278 1780 3423 1832 enim
3456 1777 3632 1833 zelum

2064 1873 2225 1943 621
2264 1870 2378 1936 Dei,
2411 1869 2504 1924 sed
2530 1883 2634 1922 non
2667 1868 2958 1922 secundum
2992 1868 3297 1920 scientiam.
3331 1868 3398 1927 Et
3432 1872 3630 1937 probat

2065 1961 2336 2031 quomodo
2402 1975 2512 2013 non
2597 1959 2890 2012 secundum
2965 1957 3246 2012 scientiam
3312 1958 3484 2011 zelum
3540 1959 3632 2013 Dei

2065 2051 2301 2105 habeant
2334 2065 2350 2102 :
2391 2049 2515 2117 quia
2570 2066 2589 2100 ι
2620 2048 2969 2118 ignorantes,
3030 2049 3205 2115 inquit
3240 2048 3305 2109 ⁸³,
3344 2048 3435 2103 Dei
3470 2049 3635 2117 justi-

2067 2141 2196 2195 tiam
2233 2138 2370 2210 (69),
2396 2157 2416 2189 ι
2441 2138 2668 2206 justitia:
2689 2153 2799 2193 suae
2825 2139 3220 2207 obtemperant.
3252 2138 3369 2194 Non
3405 2141 3631 2192 multum

2064 2248 2194 2304 ergo
2245 2232 2466 2301 prodest
2511 2231 2713 2284 habere
2762 2229 2939 2283 zelum
2996 2229 3112 2295 Dei,
3169 2238 3225 2284 et
3266 2247 3369 2285 non
3432 2232 3633 2287 habere

2065 2322 2348 2379 scientiam
2380 2320 2481 2374 zeli
2513 2320 2648 2389 (70).
2683 2320 2922 2388 Denique
2958 2319 3124 2374 Judaei
3153 2331 3402 2387 putantes
3434 2337 3493 2376 se
3516 2323 3633 2378 zelo

2066 2414 2159 2467 Dei
2189 2427 2367 2494 agere,
2398 2410 2647 2478 sacrilegi
2684 2412 3015 2465 exstiterunt
3041 2414 3091 2465 in
3116 2411 3308 2466 Filium
3332 2414 3425 2467 Dei
3457 2433 3472 2467 :
3502 2416 3627 2483 quia

2067 2522 2175 2558 non
2200 2504 2502 2559 secundum
2547 2503 2832 2557 scientiam
2882 2503 3041 2557 zelati
3075 2513 3202 2557 sunt
3233 2502 3375 2558 sicut
3401 2504 3634 2564 Phinees

2066 2596 2206 2650 ﬁlius
2256 2593 2526 2658 Eleazari,
2580 2594 2671 2662 qui
2728 2594 3030 2646 secundum
3076 2594 3361 2648 scientiam
3420 2597 3630 2651 zelatus

2066 2687 2349 2742 interemit
2391 2684 2740 2738 Madianitem
2792 2684 2996 2753 pariter
3033 2693 3086 2739 et
3110 2684 3411 2739 Israelitam
3462 2687 3633 2742 forni-

2063 2787 2272 2832 Cantem
2297 2791 2418 2831 cum
2447 2790 2511 2830 ea
2538 2774 2623 2828 3‘:
2652 2784 2706 2829 et
2728 2775 2872 2828 sicut
2896 2774 3043 2829 Elias
3072 2775 3164 2843 qui
3190 2777 3331 2829 dixit
3356 2795 3369 2830 :
3408 2776 3631 2832 «Zelans

2063 2869 2272 2923 zelatus
2306 2881 2427 2921 sum
2473 2867 2700 2921 Domino
2742 2865 3096 2933 omnipotenti
3137 2865 3250 2920 Deo
3285 2867 3470 2931 Israel,
3504 2871 3628 2936 quia

2064 2962 2475 3031 dereliquerunt
2528 2972 2578 3015 te
2623 2959 2717 3013 lilii
2760 2959 2928 3013 Israel
2976 2957 3110 3029 (7I),
3173 2960 3463 3028 prOphetas
3510 2970 3632 3015 tuos

395 3055 535 3120 quia:
564 3056 725 3111 salvae
753 3058 885 3115 ﬁent
909 3077 923 3113 :
956 3080 978 3114 ι
1016 3074 1070 3116 et
1090 3063 1174 3116 bis
1195 3061 1730 3130 addit(64—65),quia
1757 3080 1775 3111 ι
1800 3058 1966 3115 Israel
1993 3046 2036 3104 C
2070 3052 2413 3116 occiderunt,
2440 3060 2493 3106 et
2518 3051 2707 3105 altaria
2739 3060 2827 3103 tua
2855 3048 3241 3104 subverterunt
3262 3052 3341 3117 9‘;
3365 3070 3385 3103 ι
3414 3062 3468 3106 et
3490 3053 3632 3107 sicut

394 3153 612 3201 sectans
640 3147 810 3218 legem
829 3151 1072 3220 justitiae,
1107 3152 1159 3205 in
1195 3151 1367 3221 legem
1397 3168 1503 3206 non
1535 3152 1782 3221 pervenit
1805 3151 1896 3215 3°;
1931 3169 1950 3203 ι

395 3244 680 3303 propterea
721 3256 867 3294 nunc
924 3242 1195 3297 consolari
1245 3257 1437 3297 rursus
1488 3243 1742 3312 populum
1796 3258 1955 3297 suum

393 3326 604 3389 volens,
627 3337 683 3383 et
715 3345 812 3398 per
859 3331 962 3387 hoc
990 3332 1221 3389 invitare
1252 3333 1318 3386 ad
1352 3332 1532 3396 ﬁdem,
1559 3332 1691 3387 dicit
1719 3350 1732 3386 :
1771 3348 1789 3382 ι
1824 3331 1958 3384 Fra-

395 3426 546 3484 tres,
597 3419 847 3476 voluntas
894 3425 1112 3492 quidem
1164 3425 1347 3479 cordis
1383 3424 1521 3487 mei,
1549 3433 1605 3478 et
1648 3425 1958 3478 obsecratio

394 3513 534 3580 apud
561 3513 829 3568 Deum.ﬁt
859 3530 955 3584 pro
981 3516 1090 3572 illis
1122 3517 1175 3570 in
1205 3516 1432 3572 salutem
1466 3516 1534 3570 θ’.
1579 3535 1601 3568 ι
1639 3516 1705 3570 Ει
1734 3532 1953 3572 causam

394 3617 495 3655 cur
519 3602 768 3659 voluntas
803 3620 899 3661 sua
927 3616 983 3662 et
1012 3608 1320 3663 obsecratio
1354 3623 1452 3676 pro
1479 3607 1585 3663 illls
1611 3610 1751 3679 apud
1786 3609 1953 3664 Deum

395 3694 606 3765 (66-67)
636 3697 904 3752 habeatur
935 3699 1192 3754 ostendit.
1214 3718 1233 3751 ί
1264 3699 1658 3754 Testimonium
1676 3700 1954 3765 enim,in—

395 3784 535 3854 quit,
570 3785 826 3859 perhibeo
863 3786 990 3851 illis,
1018 3788 1162 3856 quod
1185 3789 1585 3844 aemulationem
1610 3790 1825 3856 quidem
1860 3790 1951 3845 Dei

395 3872 668 3937 habeant,
692 3876 785 3930 sed
817 3890 924 3930 non
951 3877 1246 3931 secundum
1286 3876 1565 3930 scientiam
1591 3877 1658 3929 ³⁸.
1698 3894 1719 3928 ι
1761 3876 1957 3945 Quam-

395 3963 498 4027 vis,
534 3963 740 4033 inquit,
772 3975 850 4021 tot
891 3968 1148 4023 et.tantis
1195 3966 1421 4022 involuti
1466 3969 1574 4022 sint
1612 3976 1951 4038 peccatorum

395 4067 614 4107 snornm
659 4057 1053 4121 malis,tamen
1104 4068 1189 4113 est
1246 4059 1327 4112 eis
1376 4058 1665 4114 inelfabilis
1704 4058 1853 4113 zelus
1901 4067 1958 4112 et

394 4145 666 4199 aemulatio
704 4144 818 4201 Dei.
864 4146 931 4200 Et
980 4138 1093 4201 haec
1136 4163 1221 4202 me
1260 4148 1555 4203 commovit
1603 4163 1766 4203 causa
1801 4146 1959 4201 obse-

2065 3146 2412 3210 Mathatbias,
2440 3148 2508 3199 de
2534 3160 2640 3212 quo
2683 3145 2736 3198 in
2762 3145 2939 3213 primo
2986 3142 3124 3197 libro
3170 3143 3626 3211 Machabaeorum,

2062 3237 2324 3305 scriptum
2351 3247 2435 3290 est
2465 3235 2534 3301 ⁸⁸,
2563 3235 2692 3303 quia
2744 3253 2763 3285 ι
2796 3234 3006 3288 zelatus
3050 3241 3133 3287 est
3163 3234 3216 3287 in
3263 3234 3379 3302 lege
3408 3237 3521 3300 Dei,
3573 3246 3630 3291 et

2064 3329 2466 3383 intremuerunt
2517 3339 2674 3381 renes
2717 3324 2869 3392 ejus,
2923 3332 2979 3377 et
3023 3323 3268 3377 ascendit
3314 3321 3468 3376 furor
3504 3322 3628 3390 ejus

2059 3418 2355 3475 secundum
2376 3416 2695 3484 judicium.»
2729 3413 2931 3469 Horum
2955 3414 3196 3468 omnium
3222 3412 3367 3469 zelus
3387 3424 3443 3467 et
3463 3429 3627 3467 temn-

2059 3510 2191 3565 Iatio
2241 3511 2540 3563 secundum
2603 3505 2885 3562 scientiam
2940 3504 3061 3558 fuit.
3129 3502 3439 3559 Iudaeorum
3491 3520 3622 3559 vero

2061 3599 2210 3653 zelus
2255 3613 2362 3651 non
2406 3608 2526 3653 erat
2548 3598 2846 3651 secundum
2876 3595 3199 3661 scientiam,
3247 3594 3449 3649 idcirco
3495 3596 3623 3664 quia

2061 3693 2379 3758 ignorantes
2406 3689 2499 3743 Dei
2522 3688 2812 3758 justitiam,
2842 3686 3118 3757 propriam
3154 3687 3513 3750 conabantur,
3568 3686 3622 3739 id

2057 3791 2160 3846 est,
2185 3796 2305 3851 qua:
2322 3777 2861 3844 hominibusjustitia
2892 3776 3198 3837 videbatur,
3224 3775 3471 3844 implere;
3499 3792 3622 3829 cum
3649 3760 3657 3768 ’

2060 3877 2246 3942 utique
2271 3873 2417 3940 ipsos
2453 3869 2625 3937 magis
2666 3867 2758 3921 Dei
2789 3867 3038 3935 iustitiae,
3065 3881 3184 3937 quae
3241 3878 3325 3922 est
3372 3866 3627 3920 Christus

2062 3964 2194 4034 (72),
2225 3959 2806 4016 conveneritobedire.
2849 3958 2957 4013 Sed
2998 3960 3121 4013 vide
3169 3973 3314 4012 nunc
3370 3971 3439 4011 ne
3487 3956 3627 4011 forte

2063 4069 2169 4108 non
2220 4052 2327 4106 illis
2371 4051 2503 4105 solis
2535 4050 2639 4103 dici
2674 4064 2854 4104 sermo
2887 4050 2990 4104 iste
3018 4049 3281 4115 videatur,
3332 4048 3459 4118 quia
3506 4048 3624 4117 (75)

2068 4162 2086 4195 ι
2120 4144 2293 4199 zelum
2330 4144 2423 4198 Dei
2482 4144 2741 4206 habeant,
2783 4144 2880 4197 sed
2935 4157 3046 4196 non
3095 4130 3393 4195 secundum
3441 4140 3623 4195 scien~

467 4240 515 4271 "
541 4242 659 4294 Act.
694 4258 768 4303 Iv,
797 4244 853 4310 2,
878 4245 932 4298 5.
1007 4245 1053 4276 ⁷⁷
1089 4243 1241 4300 Rom.
1272 4262 1325 4307 x,
1355 4247 1468 4302 1-5.
1543 4248 1591 4280 ⁷⁸
1631 4247 1786 4303 Rom.
1838 4264 1915 4309 nt,
1950 4248 1960 4299 ε

2112 4247 2233 4299 Isai.
2271 4261 2311 4310 ι,
2345 4245 2398 4299 9.
2472 4244 2518 4275 ⁷⁸
2555 4242 2710 4299 Rom.
2740 4260 2816 4307 Ix,
2842 4243 2944 4309 27;
2981 4242 3108 4297 Isai.
3141 4257 3195 4305 κ,
3224 4242 3313 4295 22.
3353 4227 3367 4241 ’
3390 4242 3435 4273 ⁸ο
3451 4240 3624 4310 Rom.
3654 4292 3659 4295 _

395 4328 474 4375 ις,
502 4309 591 4364 51.

667 4312 709 4344 ⁸¹
738 4312 897 4369 Rom.
932 4330 987 4380 ι,
1016 4317 1068 4373 1.

396 4397 458 4445 ιι,
495 4380 585 4433 24.

1146 4316 1191 4349 ⁸³
1228 4317 1356 4371 ibid.
1386 4317 1442 4370 2.
1518 4318 1564 4351 ⁸³
1587 4318 1744 4373 Rom.
1791 4334 1845 4385 x,
1886 4318 1939 4372 5.

2099 4315 2257 4370 Num.
2298 4309 2429 4380 xxv,
2461 4314 2513 4367 7.
2538 4315 2591 4369 8.
2666 4313 2712 4345 ⁸⁸
2743 4312 2807 4368 Ill
2853 4315 3105 4384 Regaux,
3152 4310 3239 4366 10.
3313 4312 3359 4345 ⁸⁸
3389 4311 3409 4365 1
3443 4309 3623 4369 Macb.

468 4472 714 4545 (6|),Sic
739 4472 868 4527 editi
896 4481 949 4527 et
980 4472 1412 4545 mss.plerique,
1446 4474 1548 4529 nisi
1590 4475 1733 4545 quod
1777 4483 1957 4543 poste-
1988 4481 2031 4534 D
2064 4476 2139 4530 tio
2175 4476 2298 4542 Dei,
2344 4477 2459 4530 hmo
2510 4489 2594 4529 me
2632 4476 2927 4545 commovit
2956 4490 3117 4528 causa
3144 4515 3160 4540 ,
3210 4481 3268 4528 ut
3319 4472 3623 4545 obsecratio

398 4543 571 4598 rio'res
598 4544 867 4615 habeant,
908 4561 928 4594 ι
963 4558 1071 4612 quo
1097 4544 1532 4615 illudpergebat.
1566 4563 1587 4597 ι
1610 4543 1725 4601 Με.
1754 4545 1955 4615 Regius

397 4628 550 4666 num.
586 4612 746 4684 1659,
782 4630 803 4663 ι
842 4623 1101 4684 quantum
1125 4615 1190 4668 ad
1219 4613 1348 4667 illud
1380 4617 1717 4683 propositum
1743 4612 1956 4684 spectat

396 4697 507 4746 quo
547 4683 820 4750 pergebat.
853 4700 873 4732 ι
913 4682 1119 4739 Deinde
1133 4685 1285 4748 editi,
1322 4701 1341 4733 ι
1365 4688 1585 4751 explere
1613 4701 1719 4740 non
1745 4682 1953 4753 posset.

399 4751 505 4806 Sed
536 4765 831 4806 conversus
855 4754 1086 4806 credidit
1113 4754 1161 4808 ei
1188 4754 1303 4808 uui.
1336 4772 1357 4803 ι
1391 4765 1497 4808 etc.

691 4772 831 4806 :rsus
855 4772 1086 4806 (πθαιοιι
1113 4772 1161 4808 el
1188 4772 1303 4816 (IIII,
1336 4772 1357 4803 δ
1391 4772 1497 4808 εις.

400 4771 505 4806 neu
536 4771 831 4806 (ιοιινεῐευς
855 4771 1086 4806 01³0111011.
1113 4771 1161 4808 et
1188 4771 1303 4824 ψη,
1336 4772 1357 4803 Ι
1391 4771 1497 4808 εις.

395 4818 582 4945 ὺθὲξὲ)
618 4820 798 4941 ΙΞιΙίιί,
830 4837 850 4871 ‹
885 4824 1155 4889 sentibus;
1193 4842 1213 4875 ι
1249 4832 1303 4878 et
1324 4833 1508 4894 postea
1533 4862 1549 4888 ,
1610 4842 1631 4877 ί
1670 4838 1782 4879 non
1824 4838 1952 4880 eru-

433 4906 601 4944 escet.
638 4908 658 4941 ι

466 4958 582 5032 (65)
618 4960 710 5015 Sic
750 4973 938 5032 omnes
981 4975 1124 5032 mss._
1141 4961 1331 5016 nostri.
1391 4961 1531 5016 Editi
1579 4976 1737 5027 vero,
1766 4977 1958 5032 perpe-

400 5029 517 5084 ram
541 5029 614 5104 ,ζα
645 5030 999 5098 praecedente.
1040 5050 1059 5081 ι
1102 5029 1243 5085 Loca
1275 5033 1364 5085 hic
1412 5034 1575 5104 citata
1621 5034 1691 5104 ab
1722 5029 1955 5104 Origene

398 5099 746 5221 reperiémtur
778 5114 964 5167 supra,
995 5110 1126 5159 tom.
1164 5114 1252 5164 In,
1282 5116 1432 5155 num.
1468 5103 1520 5167 1,
1548 5102 1603 5166 2,
1632 5102 1687 5169 9,
1713 5099 1846 5157 tom.
1874 5114 1956 5170 vr,

398 5185 541 5221 lllllﬂ.
610 5207 624 5221 ο

395 5185 541 5223 1111111.
572 5185 624 5221 δ.

466 5237 681 5310 (64-65)
720 5237 913 5302 Editi,¢
937 5250 992 5293 et
1008 5239 1095 5310 hic
1117 5238 1317 5310 addit.»
1347 5237 1546 5310 Deinde
1563 5255 1694 5294 mss.
1713 5239 1952 5310 quidam,

394 5308 523 5362 editi
547 5319 604 5378 et
644 5308 919 5371 Rabanus,
949 5328 967 5361 ι
993 5310 1044 5361 in
1071 5309 1241 5378 legem
1260 5309 1482 5378 justitia:
1506 5325 1613 5362 non
1636 5308 1896 5378 perirenit.
1928 5329 1948 5362 ι

397 5378 551 5430 Male.
586 5376 718 5448 Nam
754 5393 913 5448 supra
945 5392 1049 5431 vox
1080 5396 1098 5428 ‹
1128 5376 1352 5448 justitiae
1379 5396 1398 5428 ι
1442 5378 1494 5431 in
1538 5376 1787 5434 ominibus
1818 5395 1948 5434 mss.

395 5456 450 5500 et
479 5449 616 5515 apud
645 5446 817 5516 ipsum
854 5446 1141 5516 Rabanum‘
1188 5449 1491 5512 omittitur,
1546 5458 1602 5502 et
1652 5449 1741 5502 hic
1784 5451 1947 5503 etiam

395 5514 545 5570 deeSt
578 5517 629 5568 in
655 5514 755 5573 ms.
785 5514 951 5584 Regio
984 5535 1130 5571 num.
1165 5517 1322 5573 1659.

469 5583 836 5658 (66-67)_Apud
860 5583 1044 5641 Deum.
1065 5588 1187 5641 Haec
1203 5589 1363 5641 verba
1381 5588 1575 5642 desunt
1593 5589 1645 5642 in
1666 5589 1842 5652 editis,
1857 5590 1949 5658 qui

396 5664 577 5724 postea
602 5656 822 5724 habent,
857 5673 877 5707 ι
908 5657 1141 5711 ostendit
1167 5659 1351 5712 dicens
1377 5675 1392 5712 :
1419 5659 1808 5713 Testimonium
1832 5656 1951 5724 per-

396 5723 710 5795 bibeoillis,
745 5728 908 5795 quod,
944 5746 963 5777 ι
1001 5735 1106 5781 etc.

460 5791 578 5864 (68)
617 5791 788 5863 Edili,
830 5814 850 5848 ι
892 5808 1067 5853 tamen
1110 5793 1396 5855 ineﬁ‘abilis
1439 5798 1585 5855 zelus
1622 5806 1677 5853 et
1722 5798 1944 5856 amula-

2061 4546 2216 4600 lieret
2249 4561 2346 4614 pro
2371 4546 2500 4614 ipsis
2522 4547 2585 4598 ad
2618 4545 2804 4599 Deum.
2842 4563 2861 4596 ι
2900 4543 3188 4605 Rabanus,
3226 4543 3619 4614 «_tamenquia

2063 4612 2405 4671 ineﬂ'abilem'
2443 4615 2654 4678 zelum,
2695 4624 2751 4670 et
2794 4615 3190 4670 aemulationem
3249 4612 3341 4666 Dei
3396 4612 3615 4672 habent.

2062 4685 2178 4739 haec
2226 4700 2314 4738 me
2356 4685 2649 4739 commovit
2697 4699 2863 4738 causa
2922 4683 3244 4738 obsecrasse
3307 4682 3472 4734 Deum
3521 4696 3619 4747 pro

2063 4755 2214 4823 ipsis.
2249 4774 2268 4808 ι
2302 4753 2399 4809 Ms.
2437 4770 2573 4807 unus
2592 4753 2791 4823 Regius
2819 4769 2967 4806 num.
3007 4754 3178 4823 I__659,
3211 4768 3230 4801 ‹
3263 4760 3440 4804 tamen
3477 4750 3617 4803 inest

2062 4820 2172 4878 illis
2230 4826 2378 4878 zelus
2424 4833 2480 4878 et
2525 4820 2795 4877 aemulatio
2846 4823 2960 4876 Dei.
3009 4820 3136 4875 Hzec
3179 4834 3264 4874 me
3311 4828 3616 4873 coannovet

2064 4908 2226 4948 causa
2273 4895 2559 4948 obsecrare
2609 4894 2776 4946 Deum
2826 4906 2924 4958 pro
2976 4890 3128 4960 ipsis.
3170 4907 3191 4941 ι
3238 4889 3431 4943 Caeteri
3483 4903 3615 4943 vero

2061 4978 2194 5021 mss.
2229 4973 2287 5016 ut
2317 4965 2369 5015 in
2400 4972 2583 5017 nostro
2610 4972 2780 5016 textu.

2133 5032 2245 5103 (69)
2285 5031 2377 5103 Sic
2400 5047 2587 5103 omnes
2632 5046 2760 5085 mss.
2801 5030 2983 5103 _nostri
3037 5036 3092 5083 et
3148 5027 3421 5103 Rabanus.
3453 5026 3615 5103 _Editi

2062 5096 2265 5165 verm}
2290 5102 2504 5165 habent,
2540 5102 2724 5155 dicens
2752 5116 2768 5152 :
2799 5098 3117 5167 Ignorantes
3151 5100 3294 5151 enim
3330 5097 3421 5167 Dei
3446 5096 3610 5161 justi-

2064 5172 2212 5235 tiam,
2243 5182 2299 5225 et
2322 5186 2474 5225 suam
2502 5180 2805 5241 quaarentes
2827 5166 3093 5232 statuere,
3134 5166 3357 5235 justitize
3389 5166 3480 5220 Dei
3509 5182 3617 5220 non

2061 5252 2185 5294 sunt
2206 5241 2451 5307 subjecti.
2475 5260 2494 5293 ι

2133 5309 2245 5382 (70)
2295 5311 2434 5364 Edili
2460 5349 2487 5382 ,Α
2535 5329 2555 5362 ε
2580 5309 2859 5364 scientiam
2917 5306 3033 5371 Dei,
3063 5326 3082 5360 ι
3134 5306 3224 5382 qui
3258 5315 3443 5382 postea
3472 5318 3615 5382 _c_um

2057 5374 2264 5435 duobus
2301 5396 2431 5433 mss.
2462 5374 2697 5443 habent,
2751 5398 2770 5428 ί
2795 5387 3047 5446 putantes
3080 5374 3253 5431 zelum
3293 5374 3483 5446 se__Dei
3516 5376 3615 5427 ha-

2055 5449 2203 5504 bere.
2233 5468 2253 5501 ι
2311 5448 2419 5503 Sed
2467 5465 2569 5504 ms.
2637 5443 2836 5515 Regius
2882 5461 3028 5501 num.
3066 5447 3204 5502 1659
3253 5455 3309 5498 et
3359 5443 3616 5497 Rabanus

2054 5520 2254 5574 rectius
2292 5529 2348 5573 ut
2377 5520 2426 5573 in
2460 5528 2645 5573 nostro
2672 5529 2838 5572 textu.

2127 5590 2238 5658 (71)
2279 5587 2456 5654 Edili,
2495 5591 2661 5659 «quia
2694 5588 3097 5656 dereliquerunt
3141 5595 3355 5656 pactum
3402 5581 3613 5638 Domini

2028 5656 2150 5712 .ﬁIiI
2185 5656 2365 5712 ISI'ael.
2403 5678 2421 5709 ι

2127 5727 2242 5798 (72)
2277 5728 2435 5792 Editi,
2469 5746 2488 5778 ι
2512 5732 2601 5795 qui
2633 5738 2714 5781 est
2745 5727 3011 5783 Christus.
3045 5744 3065 5778 ι

2124 5799 2239 5869 (75)
2277 5798 2439 5867 Eam,
2481 5802 2629 5868 tqui.
2659 5818 2676 5849 ι
