4146 6382
506 351 647 405 1159

2013 359 2335 422 ORICENIS

3645 380 3781 437 1160

507 476 634 530 tiam
664 475 730 526 ³⁷.
773 493 791 526 ι
823 475 1089 529 Similiter
1114 475 1258 529 enim
1292 484 1470 544 potest
1499 478 1689 536 dicere
1711 481 2006 551 Apostolus
2029 494 2084 540 et
2113 491 2160 548 Α
2190 489 2344 552 tiam,
2382 488 2683 547 habeamus
2731 503 2784 546 et
2829 509 2948 547 eam
2977 509 3099 564 qua:
3125 504 3210 550 est
3262 495 3562 551 secundum
3597 499 3780 553 scieno

470 564 572 638 vde
621 565 772 630 aliis,
827 566 954 636 quia
991 583 1013 618 «
1043 566 1416 620 testimonium
1465 570 1731 638 perhibeo
1762 573 1844 628 eis
1873 591 1891 624 ι
1937 577 2084 644 quod

470 655 754 716 ‘timorem
783 658 878 714 Dei
905 657 1162 720 habeant.
1190 659 1284 712 sed
1305 674 1408 714 non
1433 663 1728 717 secundum
1747 665 2036 720 scientiam
2067 684 2083 721 :

499 761 558 805 et
583 753 653 806 de
681 751 828 815 aliis,
859 751 986 820 quia
1028 749 1498 822 (71)charitatem
1540 753 1632 808 Dei
1679 755 1956 822 habeant,
1989 759 2086 813 sed

502 858 614 897 non
674 843 974 898 secundum
1027 845 1339 899 scientiam.
1395 845 1452 901 Si
1498 846 1648 901 enim
1704 848 1904 903 habeat
1962 850 2086 918 quis

501 933 754 988 affectum
781 949 910 1004 erga
947 935 1120 989 Deum
1145 975 1161 1001 ,
1198 936 1412 1004 ignoret
1446 946 1625 992 autem
1674 937 1801 1006 quia
1843 939 2087 996 charitas

499 1027 712 1095 patiens
745 1026 859 1096 (75)
897 1027 1060 1083 debet
1086 1042 1234 1091 esse,
1263 1028 1517 1098 benigna,
1546 1045 1654 1085 non
1682 1031 1952 1096 invidens,
1977 1049 2085 1088 non

498 1133 792 1189 perperam
823 1133 1026 1187 agens,
1074 1135 1182 1174 non
1223 1121 1436 1186 inﬂata,
1480 1137 1589 1177 non
1634 1122 1947 1186 ambitiosa,
1979 1139 2085 1178 non

500 1223 759 1277 quaerens
806 1224 927 1278 quae
961 1225 1058 1265 sua
1089 1221 1220 1266 sunt
1253 1213 1300 1249 θ’)
1327 1229 1342 1264 :
1369 1221 1422 1268 et
1451 1213 1567 1267 haec
1595 1221 1650 1267 et
1677 1214 1762 1268 his
1808 1214 2006 1268 similia
2039 1215 2086 1270 si

501 1300 556 1352 in
591 1301 863 1354 eharitate
887 1316 991 1354 non
1038 1301 1233 1355 haheat
1255 1343 1271 1365 ,
1300 1305 1393 1357 sed
1435 1304 1488 1358 in
1523 1305 1640 1359 solo
1671 1303 1864 1359 affectu
1896 1307 2088 1376 diligat

501 1391 697 1458 Deum,
747 1402 1120 1461 competenter
1149 1402 1198 1448 et
1235 1393 1301 1448 ad
1345 1393 1521 1463 ipsum
1557 1395 1768 1450 dicetur
1799 1397 1926 1465 quia
1960 1397 2089 1452 cha-

508 1483 731 1536 ritatem
764 1482 859 1536 Dei
895 1482 1082 1546 habet,
1143 1483 1237 1538 sed
1283 1499 1390 1538 non
1437 1487 1734 1539 secundum
1774 1488 2084 1541 scientiam.

501 1571 770 1626 Similiter
797 1581 978 1627 autem
1010 1573 1116 1628 dici
1157 1582 1333 1643 potest
1361 1583 1417 1629 et
1461 1578 1526 1628 «le
1576 1575 1717 1639 alio,
1758 1579 1883 1646 quia
1926 1579 2085 1632 ﬁdem

499 1664 596 1718 Dei
630 1664 817 1727 habet,
842 1663 938 1718 sed
967 1678 1073 1718 non
1115 1665 1418 1718 secundum
1461 1666 1769 1733 scientiam,
1798 1669 1842 1722 si
1877 1670 2089 1740 ignoret

499 1756 625 1824 quia
658 1755 818 1813 «ﬁdes
847 1755 1255 1824 sine.operibus
1303 1767 1520 1812 mortua
1557 1768 1643 1814 est
1692 1759 1774 1815 ’ἐ
1807 1779 1826 1812 ι
1872 1771 1924 1816 et
1957 1763 2085 1831 quia

2199 583 2350 637 tiam.
2413 583 2604 655 Itaque
2658 588 2774 658 (81)
2830 587 3036 644 Iudaeis
3091 590 3468 646 testimonium
3527 594 3781 661 perhibet

2195 674 2418 734 Paulus.
2449 679 2593 744 quod
2622 678 3026 733 aemulationem
3072 678 3165 735 Dei
3201 682 3458 747 habeant,
3492 683 3620 738 licet
3664 701 3773 739 non

2187 762 2488 817 secundum
2548 764 2850 820 scientiam.
2905 764 3110 822 Tamen
3162 767 3289 838 quia
3337 777 3617 838 utcunque
3673 769 3772 823 ha-

2186 848 2319 908 bent
2353 855 2752 912 aemulationem
2789 855 2907 924 Dei,
2947 873 3166 914 causam
3207 861 3475 916 dederunt
3509 862 3773 931 Apostolo

2193 958 2300 1010 qua
2337 945 2774 999 obsecrationem
2820 961 2918 1014 pro
2957 947 3062 1001 illis
3113 946 3335 1002 offerret
3387 947 3520 1004 Deo.
3585 948 3780 1005 Melius

2193 1035 2337 1087 enim
2368 1047 2452 1089 est
2488 1036 2689 1091 habere
2739 1037 2916 1092 zelum
2976 1040 3092 1102 Dei,
3147 1039 3273 1093 licet
3316 1055 3422 1093 non
3475 1041 3775 1094 secundum

2195 1124 2501 1192 scientiam,
2552 1141 2718 1195 qnam
2758 1130 2980 1199 penitus
3013 1145 3120 1185 non
3154 1131 3381 1185 habere.
3443 1131 3587 1197 «Qui
3629 1133 3774 1186 enim

2197 1216 2380 1279 habet,
2411 1236 2430 1269 ι
2463 1218 2605 1272 sicut
2635 1219 2897 1289 scriptum
2926 1232 3030 1285 est,
3080 1239 3098 1272 «
3125 1222 3348 1276 dabitur
3380 1223 3429 1277 ei
3457 1223 3503 1255 ⁸⁸
3535 1242 3554 1276 ι
3606 1223 3688 1278 vel
3721 1223 3773 1277 in

2195 1308 2504 1364 novissimis
2549 1325 2673 1365 cum
2707 1312 2887 1366 omnis
2919 1313 3085 1370 Israel
3134 1314 3319 1368 salvus
3373 1315 3462 1368 tiet
3505 1317 3550 1348 ⁸⁸
3587 1333 3601 1369 :
3637 1333 3656 1366 «
3679 1316 3772 1385 qui

2195 1407 2514 1454 autemnon
2546 1399 2730 1470 habet,
2777 1402 2942 1458 etiam
2979 1403 3125 1474 quod
3171 1405 3333 1459 habet
3378 1401 3661 1459 auferetur
3704 1405 3775 1460 ab

2194 1507 2258 1546 eo
2282 1493 2350 1546 °‘.
2379 1511 2398 1545 ι

2261 1587 2314 1640 2.
2353 1604 2372 1636 «
2401 1585 2548 1639 Finis
2573 1585 2717 1639 enim
2764 1584 2898 1654 legis
2923 1585 3195 1648 Christus,
3229 1585 3296 1638 ad
3326 1583 3592 1652 justitiam
3621 1585 3770 1639 omni

2193 1677 2455 1731 credenti.
2489 1675 2704 1746 Moyses
2731 1675 2877 1731 enim
2907 1676 3134 1740 scribit,
3175 1677 3303 1746 quia
3343 1676 3612 1745 justitiam
3651 1689 3774 1744 quae

2193 1781 2256 1820 ex
2289 1766 2405 1837 lege
2434 1776 2519 1820 est
2567 1767 2659 1836 qui
2707 1765 2904 1820 fecerit
2953 1767 3137 1836 homo,
3191 1766 3337 1821 vivet
3387 1766 3439 1818 in
3494 1781 3580 1820 ea.
3640 1765 3772 1833 Quae

501 1846 634 1900 ﬁdes
661 1846 754 1899 Dei
784 1861 889 1900 non
932 1847 986 1900 in
1023 1847 1155 1902 solis
1182 1848 1366 1904 verbis
1405 1859 1520 1914 est,
1553 1865 1676 1920 qua:
1706 1852 1981 1907 interdum
2018 1856 2086 1910 ab
2119 1848 2160 1902 Β
2191 1869 2370 1914 autem
2401 1875 2469 1913 ex
2495 1859 2599 1913 ﬁde
2629 1866 2714 1914 est
2752 1859 2958 1927 justltia
2981 1897 2997 1922 ,
3050 1858 3128 1913 sic
3152 1859 3285 1913 dicit
3316 1875 3330 1912 :
3361 1857 3440 1912 Ne
3477 1858 3683 1912 dixeris
3715 1859 3770 1912 in

497 1937 609 1991 alio
638 1939 939 2006 composita
978 1939 1065 1994 vel
1090 1940 1292 2009 scripta
1320 1941 1630 2007 discuntur,
1677 1943 1771 1997 sed
1802 1944 1855 1998 in
1889 1943 2085 2001 affectu

499 2031 703 2084 mentis
749 2030 841 2084 tali
879 2032 1290 2098 quodammodo
1322 2031 1460 2102 (76),
1518 2032 1737 2103 qualem
1766 2033 1958 2090 habuit
1993 2035 2084 2092 illa

497 2133 620 2188 quae
666 2121 806 2174 dixit
856 2121 1000 2175 intra
1055 2135 1114 2176 se
1149 2139 1163 2176 :
1194 2138 1214 2172 «
1244 2121 1303 2176 Si
1342 2123 1574 2193 tetigero
1616 2125 1891 2181 ﬁmbriam
1916 2129 2084 2184 vesti-

499 2213 665 2265 menti
716 2212 857 2280 ejus,
892 2213 1042 2267 salva
1103 2227 1202 2269 ero
1259 2215 1327 2267 '°.
1355 2234 1374 2266 ι
1435 2215 1491 2270 Si
1541 2217 1664 2286 quis
1711 2232 1840 2288 ergo
1871 2234 1976 2274 non
2010 2221 2085 2276 ita

501 2301 698 2356 habeat
750 2301 912 2356 ﬁdem
966 2312 1023 2356 nt
1076 2318 1143 2357 ex
1197 2303 1411 2358 actibus
1442 2306 1557 2360 suis
1596 2306 1754 2361 bonis
1792 2309 1880 2362 cui
1914 2310 2088 2363 credit

498 2393 779 2455 ostendat,
830 2403 1009 2462 potest
1046 2405 1102 2448 et
1141 2396 1208 2449 ad
1246 2397 1422 2466 ipsum
1473 2398 1579 2453 dici
1634 2403 1762 2468 quia
1800 2399 1960 2456 ﬁdem
1988 2401 2083 2457 Dei

500 2485 685 2550 habet,
722 2484 816 2538 sed
855 2502 961 2540 non
1019 2488 1319 2542 secundum
1349 2489 1660 2545 scientiam.
1703 2491 1892 2548 Potest
1932 2495 2088 2551 etde

498 2573 609 2629 alio
643 2575 750 2629 dici
782 2575 908 2644 quia
950 2576 1266 2632 castitatem
1306 2581 1400 2634 Dei
1440 2581 1607 2636 habet
1645 2581 1782 2652 (77),
1835 2585 1932 2638 sed
1977 2601 2083 2641 non

497 2667 798 2722 secundum
869 2668 1181 2724 scientiam.
1253 2671 1320 2724 Et
1363 2672 1503 2727 alius
1548 2689 1736 2728 curam
1786 2689 2083 2745 pauperum

499 2757 680 2820 habet,
711 2757 806 2812 sed
829 2773 935 2812 non
957 2759 1256 2814 secundum
1286 2763 1575 2816 scientiam
1605 2763 1717 2833 (78)
1751 2782 1765 2818 :
1809 2767 2010 2836 quippe
2037 2769 2082 2822 si

499 2849 568 2901 ab
637 2848 954 2904 hominibus
1007 2849 1219 2906 laudari
1279 2853 1414 2907 vult.
1476 2852 1544 2907 Et
1603 2855 1745 2910 alius
1798 2857 2084 2914 abstinens

499 2947 678 3007 potest
707 2939 839 3004 dici,
871 2940 965 2995 sed
995 2956 1102 2995 non
1125 2944 1425 2997 secundum
1447 2945 1755 3010 scientiam,
1774 2950 1817 3001 si
1843 2958 2086 3017 propter-

495 3045 559 3086 ea
596 3029 807 3098 jejunat
835 3040 892 3086 ut
921 3032 1234 3088 hominibus
1265 3041 1448 3104 pareat
1468 3035 1529 3088 ⁹⁸.
1555 3035 1619 3092 Et
1639 3037 1718 3096 sic
1739 3055 1838 3110 per
1871 3038 2081 3109 singula

497 3139 729 3195 quaeque
752 3141 874 3196 qua:
911 3127 1182 3196 gerimus,
1219 3127 1322 3181 nisi
1364 3129 1663 3184 secundum
1710 3131 1993 3185 scientiam
2028 3142 2082 3184 et

498 3216 834 3270 intellectum
866 3233 1121 3286 geramus
1156 3215 1293 3288 (79),
1331 3227 1511 3288 potest
1553 3219 1620 3273 ad
1668 3233 1768 3274 nos
1795 3220 1926 3286 dici,
1950 3220 2074 3289 quia
2107 3197 2150 3256 (ἶ

495 3309 762 3362 habemus
800 3309 980 3362 zelum
1022 3310 1208 3379 operis
1257 3309 1408 3374 boni,
1467 3313 1560 3365 sed
1611 3326 1716 3364 non
1778 3311 2076 3366 secundum

495 3405 807 3458 scientiam.
833 3402 900 3458 Et
931 3403 1052 3458 ideo
1076 3403 1251 3458 danda
1289 3402 1562 3472 praecipue
1584 3411 1668 3457 est
1690 3416 1858 3470 opera
1895 3402 2076 3456 scien-

496 3519 604 3581 tiae,
634 3534 701 3573 ne
729 3533 815 3572 res
842 3517 998 3571 nobis
1025 3515 1314 3570 infeliciter
1335 3514 1562 3580 accidat,
1599 3524 1657 3569 ut
1689 3513 1742 3567 in
1771 3514 1877 3568 ﬁde
1915 3516 2075 3583 positi

497 3610 832 3664 frustrentur
879 3625 908 3662 a
957 3609 1082 3674 ﬁde,
1137 3617 1196 3663 et
1251 3607 1424 3660 zelum
1488 3607 1749 3661 habentes
1807 3608 2074 3664 bonorum

493 3703 807 3756 decidamus
846 3716 876 3754 a
920 3702 1094 3755 bonis.
1133 3700 1226 3755 Vis
1271 3710 1452 3755 autem
1507 3700 1653 3754 scire
1711 3700 1840 3770 quia
1898 3710 2079 3770 potest

493 3793 641 3862 quis,
687 3795 731 3848 si
790 3793 1072 3847 scientiam
1105 3809 1212 3846 non
1253 3793 1449 3846 habeat
1489 3791 1624 3861 (80),
1664 3807 1994 3848 evanescere
2020 3796 2074 3846 in

497 3884 646 3937 title?
696 3884 834 3937 Audi
874 3883 1049 3953 ipsum
1103 3882 1326 3936 Paulum
1387 3882 1710 3949 quibusdam
1763 3883 2070 3937 dicentem:

501 3993 522 4027 «
542 3975 657 4029 Nisi
687 3975 804 4030 sine
837 3989 1000 4029 causa
1028 3976 1340 4030 credidistis
1363 3977 1429 4028 υ.
1467 3993 1486 4027 ι
1542 3975 1759 4029 Accidit
1797 3989 1927 4044 ergo
1958 3975 2075 4029 sine

496 4083 662 4122 causa
697 4067 1018 4127 credidisse.
1041 4067 1127 4120 his
1149 4067 1241 4136 qui
1272 4067 1516 4121 scientia:
1532 4081 1751 4135 Operam
1784 4081 1889 4120 non
1921 4070 2071 4132 dant,

499 4162 556 4208 ut
587 4155 638 4206 in
675 4169 738 4208 eo
763 4154 1431 4224 quo‘credideruntetiam
1458 4155 1795 4210 intellectum
1825 4157 2073 4212 veritatis

493 4245 791 4313 accipiant.
821 4246 1063 4312 Denique
1109 4255 1166 4299 et
1205 4245 1436 4316 apostoli
1479 4247 1620 4301 hanc
1669 4262 1792 4302 esse
1817 4249 2074 4304 diﬁ‘eren-

493 4337 626 4391 tiam
669 4337 792 4390 ﬁdei
850 4337 1175 4405 simpliciter
1236 4338 1473 4400 traditae,
1531 4347 1586 4392 et
1636 4338 1757 4394 ﬁdei
1816 4355 1937 4409 qua:
1987 4351 2072 4396 est

493 4429 791 4484 secundum
822 4429 1108 4482 scientiam
1139 4428 1503 4498 pervidentes,
1551 4430 1810 4485 dicebant
1849 4432 1916 4484 ad
1944 4430 2070 4485 Sal-

2187 1953 2352 2007 corde
2415 1962 2553 2006 tuo:
2594 1951 2728 2018 Quis
2797 1950 3042 2006 ascendit
3099 1950 3152 2005 in
3206 1950 3446 2006 coelum?
3496 1950 3600 2005 hoc
3662 1959 3772 2016 est,

2187 2045 2465 2100 Christum
2497 2045 2768 2100 deducere
2803 2044 2951 2097 :Aut
3006 2042 3130 2114 quis
3181 2043 3464 2098 descendit
3511 2044 3565 2098 in
3609 2044 3774 2114 abys-

2186 2138 2345 2192 sum?
2370 2137 2474 2193 hoc
2511 2145 2615 2201 est,
2639 2134 2918 2191 Christum
2952 2135 3117 2206 622
3149 2149 3180 2189 a
3223 2135 3455 2189 mortuis
3482 2134 3767 2190 reducere.

2186 2230 2294 2284 Sed
2317 2229 2446 2299 quid
2473 2229 2606 2284 dicit
2633 2227 2952 2297 Scriptura?
2980 2228 3156 2298 Prope
3200 2235 3288 2282 est
3325 2228 3560 2281 verbum
3595 2227 3647 2280 in
3674 2241 3772 2280 ore

2189 2327 2299 2383 tuo,
2327 2328 2380 2372 et
2411 2319 2463 2372 in
2497 2319 2660 2372 corde
2692 2327 2782 2372 tuo
2811 2335 2825 2371 :
2857 2318 2963 2373 hoc
3015 2329 3101 2372 est
3155 2318 3382 2372 verbum
3414 2315 3560 2376 ﬁdei.
3611 2317 3756 2385 quod

2185 2414 2568 2484 praedicamus.
2619 2412 2760 2479 Quia
2795 2413 2840 2467 si
2893 2411 3209 2466 conﬁtearis
3244 2411 3296 2464 in
3327 2425 3424 2464 ore
3447 2418 3544 2464 tuo
3582 2409 3770 2464 Domi-

2187 2519 2316 2559 num
2345 2501 2532 2560 Jesnm
2555 2545 2570 2571 ,
2600 2514 2659 2559 et
2689 2503 2994 2559 credideris
3039 2503 3089 2556 in
3119 2504 3287 2556 corde
3313 2511 3406 2555 tuo
3439 2500 3584 2570 quod
3629 2501 3771 2556 Deus

2187 2596 2337 2651 i1lum
2364 2596 2642 2650 suscitavit
2676 2611 2707 2649 a
2739 2595 2990 2658 mortuis,
3021 2595 3206 2648 salvus
3248 2592 3382 2647 eris.
3411 2591 3591 2648 Corde
3621 2591 3770 2645 enim

2187 2689 2430 2743 creditur
2483 2687 2548 2740 ad
2579 2685 2872 2756 justitiam,
2935 2701 3032 2741 ore
3081 2694 3264 2740 autem
3299 2683 3571 2739 confessio
3622 2682 3681 2736 ﬁt
3713 2682 3770 2737 in

2184 2780 2436 2834 salutem.
2463 2778 2604 2833 Dicit
2624 2778 2769 2832 enim
2803 2775 3112 2846 Scriptura,
3139 2777 3268 2847 quia
3293 2776 3475 2830 omnis
3514 2774 3608 2846 qui
3651 2787 3770 2829 cre-

2185 2875 2264 2928 dit
2288 2874 2341 2928 in
2373 2887 2519 2938 eum,
2547 2885 2652 2927 non
2692 2871 2978 2925 erubescet
3005 2868 3117 2940 (82)
3149 2870 3217 2925 ’⁷.
3243 2887 3262 2921 ο
3291 2868 3444 2924 Finis
3467 2867 3612 2922 enim
3636 2866 3770 2936 legis

2183 2966 2615 3022 Christus:hoc
2676 2974 2782 3029 est,
2851 2962 3120 3034 perfectio
3185 2962 3364 3031 legis,
3447 2970 3504 3015 et
3552 2959 3768 3029 justitia

2183 3057 2435 3114 Christus
2468 3066 2578 3124 est,
2612 3057 2706 3112 sed
2743 3056 3114 3110 credentibus.
3151 3053 3267 3108 Non
3301 3053 3587 3108 credentes
3613 3066 3763 3118 vero,

2184 3149 2310 3218 quia
2343 3164 2450 3202 non
2484 3148 2687 3202 habent
2726 3147 3007 3202 Christum
3059 3144 3194 3216 (83),
3240 3144 3628 3214 perfectionem
3657 3158 3765 3196 non

2184 3242 2384 3295 habent
2412 3240 2586 3308 legis;
2619 3250 2674 3293 et
2709 3239 2917 3293 idcirco
2965 3251 3065 3292 nec
3108 3238 3176 3290 ad
3207 3236 3478 3306 justitiam
3511 3244 3767 3304 poterunt

2179 3331 2483 3401 pervenire.
2513 3329 2759 3401 «Moyses
2783 3331 2929 3383 enim
2957 3329 3169 3392 scribit,
3199 3327 3326 3398 quia
3346 3325 3614 3395 justitiam
3643 3341 3765 3396 quae

2175 3438 2241 3477 ex
2279 3423 2397 3493 lege
2424 3429 2508 3477 est
2553 3421 2645 3490 qui
2692 3418 2887 3475 fecerit
2935 3419 3136 3484 homo,
3201 3417 3345 3472 vivet
3389 3417 3444 3471 in
3495 3430 3581 3471 ea.
3633 3417 3766 3482 Quae

2177 3527 2356 3569 autem
2397 3527 2464 3568 ex
2495 3511 2599 3567 ﬁde
2631 3521 2716 3567 est
2748 3511 2982 3579 iustitia,
3035 3511 3116 3566 sic
3153 3511 3303 3566 dicit.
3353 3527 3372 3561 ι
3426 3507 3548 3564 Jam
3602 3516 3659 3564 et
3705 3508 3763 3564 in

2177 3604 2548 3676 superioribus
2585 3605 2876 3672 Apostolus
2909 3607 3143 3660 duarum
3192 3603 3526 3673 justitiarum
3560 3603 3766 3658 fecerat

2178 3697 2528 3761 mentionem,
2576 3695 2666 3750 ubi
2691 3697 2868 3761 dicit,
2899 3697 3029 3766 quia
3059 3698 3320 3766 ignorans
3345 3695 3438 3749 Dei
3466 3696 3759 3766 justitiam,

2175 3805 2325 3842 suam
2372 3788 2644 3856 justitiam
2697 3799 2940 3844 statuere
2991 3791 3270 3857 quaerebat
3322 3788 3618 3843 lsrael:et
3673 3789 3764 3844 hic

2179 3896 2320 3934 nunc
2347 3880 2484 3934 duas
2521 3881 2717 3934 iterum
2742 3881 2987 3950 justitias
3019 3879 3177 3945 dicit,
3207 3894 3371 3932 unam
3395 3895 3519 3947 quae
3541 3895 3608 3934 ex
3641 3879 3759 3949 lege

2175 3985 2299 4037 est,
2347 3984 2400 4027 et
2428 3973 2587 4028 aliam
2617 3988 2739 4044 quae
2769 3985 2836 4028 ex
2884 3971 2989 4027 ﬁde
3029 3979 3135 4025 est.
3193 3969 3300 4026 Sed
3349 3970 3482 4025 mihi
3543 3972 3763 4027 videtur

2173 4065 2317 4135 quod
2347 4065 2463 4130 illa,
2500 4080 2660 4134 quam
2714 4063 2966 4134 superius
2994 4063 3135 4118 dixit
3180 4064 3424 4133 ignorari
3477 4064 3548 4117 ab
3596 4063 3759 4118 Israel

2176 4159 2268 4212 Dei
2294 4157 2586 4225 justitiam,
2619 4158 2733 4225 ipsa
2772 4154 3072 4224 sitjustitia
3113 4155 3226 4208 haec
3253 4169 3376 4223 qua:
3410 4169 3475 4210 ex
3511 4155 3614 4209 ﬁde
3639 4165 3759 4222 est;

2176 4251 2266 4305 illa
2290 4266 2420 4306 vero
2449 4251 2517 4305 de
2540 4266 2646 4320 qua
2680 4250 2812 4305 dicit
2839 4268 2851 4303 :
2885 4268 2903 4301 «
2933 4247 3104 4304 Suam
3147 4248 3421 4317 justitiam
3449 4259 3761 4318 quaerentes

2173 4340 2550 4413 statuere(84).
2573 4360 2592 4393 ι
2614 4342 2729 4410 ipsa
2755 4341 2826 4395 sit
2847 4341 2913 4396 de
2938 4356 3042 4409 qua
3057 4350 3108 4394 et
3131 4339 3217 4393 hic
3236 4338 3404 4409 Moysi
3429 4338 3759 4394 verbisinsi-

2173 4443 2326 4494 nuat,
2355 4435 2483 4502 quia
2523 4450 2543 4484 «
2573 4432 2843 4500 justitiam
2893 4447 3014 4501 quas
3058 4447 3128 4486 ex
3163 4431 3280 4500 lege
3309 4442 3392 4486 est
3418 4433 3508 4500 qui
3543 4431 3755 4497 fecerit,

489 4529 738 4574 vatorem
776 4537 790 4573 :
831 4537 850 4570 «
873 4521 1023 4588 Auge
1055 4521 1210 4575 nobis
1242 4520 1401 4576 ﬁdem
1435 4521 1547 4586 ⁸³.»
1592 4521 1695 4575 hoc
1735 4531 1836 4586 est,
1875 4531 1934 4577 ut
1975 4523 2070 4577 ha-
2102 4541 2146 4595 ι)
2176 4528 2363 4587 homo,
2390 4525 2542 4579 vivet
2572 4526 2623 4578 in
2657 4538 2776 4578 ea.»
2835 4522 2941 4577 Sed
2972 4523 3095 4575 vide
3120 4521 3465 4589 justitiarum
3499 4519 3756 4576 differen-

490 4611 680 4667 bentes
715 4627 831 4666 eam
874 4611 1033 4665 ﬁdem
1067 4627 1188 4680 quae
1224 4627 1330 4666 non
1385 4619 1469 4667 est
1524 4612 1822 4666 secundum
1873 4613 2055 4667 scien-

556 4777 600 4808 ⁸⁷
629 4777 782 4830 Rom.
804 4794 858 4842 χ,
907 4777 963 4831 2.

488 4848 535 4880 ’³
566 4847 694 4902 Luc.
729 4864 863 4914 xvu,
888 4847 942 4903 5.

559 4982 672 5050 (τι)
705 4985 866 5047 Editi,
903 4986 1058 5054 «qui.
1085 5005 1105 5037 ι

561 5055 672 5122 (75)
715 5055 874 5117 Editi,
923 5074 940 5106 «
968 5059 1178 5124 ignorat
1207 5066 1385 5110 antem
1417 5055 1540 5122 quia
1570 5054 1810 5109 cltaritas
1844 5055 2058 5125 patiens

488 5134 591 5184 est,
627 5125 784 5176 «lehet
815 5142 934 5178 esse
968 5127 1217 5192 benigna.
1258 5143 1276 5176 ι

559 5194 672 5264 (76)
703 5192 792 5247 Sic
819 5211 918 5248 ms.
957 5191 1154 5263 Regius
1185 5211 1333 5248 num.
1362 5195 1521 5250 1659.
1567 5197 1641 5248 Ita
1670 5196 1834 5248 etiam
1868 5197 2053 5251 caeteri

490 5280 622 5318 mss.
662 5265 854 5325 nostri,
891 5265 992 5318 nisi
1020 5265 1191 5336 iquod
1247 5266 1480 5320 habeant
1543 5283 1560 5316 «
1589 5265 1842 5336 quodam,
1876 5285 1894 5317 ι
1957 5283 2056 5336 pro

493 5337 990 5400 «quodammodo.»
1018 5335 1158 5388 Editi
1191 5349 1340 5396 vero,
1373 5337 1503 5388 «sed
1535 5336 1586 5388 in
1620 5333 1812 5387 affectu
1840 5333 2056 5390 mentis.

488 5403 671 5458 Talem
701 5406 968 5473 quondam
993 5405 1176 5458 habuit
1202 5404 1285 5473 illa
1317 5420 1435 5473 qua:
1473 5404 1608 5458 dixit
1639 5419 1653 5455 :
1685 5406 1740 5457 Si
1771 5407 2053 5473 tetigero.»

487 5485 590 5526 etr.
627 5472 899 5535 lialianns,
937 5477 1060 5528 «sed
1092 5475 1144 5528 in
1166 5472 1359 5528 aﬂectu
1384 5477 1578 5529 mentis
1595 5483 1722 5530 sunt
1743 5472 2059 5545 aliquando,

488 5545 701 5611 qualem
737 5545 945 5606 habuit,
975 5563 992 5594 ι
1027 5555 1132 5598 etc.

563 5614 674 5680 (77)
709 5612 848 5666 Editi
870 5655 886 5680 ,
929 5633 948 5665 «
975 5615 1292 5669 charitatem
1325 5614 1416 5668 Dei
1446 5613 1632 5680 habet,
1660 5633 1679 5666 ι
1733 5613 1900 5669 male.
1946 5615 2053 5670 Ms.

488 5681 689 5753 Regius
711 5699 860 5753 num.
893 5685 1054 5748 1659,
1101 5702 1118 5734 «
1142 5686 1448 5739 castitatem
1489 5686 1706 5753 quidem
1742 5686 1923 5738 habet.
1957 5705 1976 5738 ι

560 5752 682 5823 (78)
724 5752 790 5804 Et
839 5753 975 5807 alius
1021 5771 1203 5823 curam
1249 5752 1534 5823 pauperum
1580 5755 1761 5817 habet,
1808 5756 1899 5808 sed
1953 5773 2052 5809 non

490 5822 776 5876 secundum
814 5823 1110 5881 scientiam.
1152 5822 1275 5882 llaec
1305 5825 1679 5882 desiderantur
1713 5827 1767 5880 in
1798 5825 2051 5881 editioni-

2169 4617 2324 4683 tiam,
2349 4616 2554 4686 pariter
2584 4623 2641 4670 et
2686 4613 2952 4670 vitarum.
3005 4612 3098 4666 Illa
3135 4613 3280 4668 enim
3313 4610 3527 4681 justitia
3558 4611 3676 4677 Dei,
3703 4611 3757 4667 id

1040 4778 1086 4809 ⁸³
1109 4777 1124 4831 1
1147 4777 1270 4832 Cor.
1295 4794 1414 4840 nn,
1439 4777 1494 4841 4,
1529 4777 1582 4832 5.
1659 4778 1704 4810 ⁸⁸
1738 4777 1924 4833 Jacob.
1956 4795 2018 4844 ll,
2042 4780 2134 4834 20.
2210 4783 2254 4813 °°
2282 4779 2469 4834 Matth.
2493 4794 2570 4841 Ix,
2597 4775 2736 4832 21."
2776 4774 2964 4829 Matth.
3000 4789 3082 4838 Vl,
3121 4773 3208 4830 16.
3285 4774 3332 4808 "
3359 4773 3377 4828 l
3405 4771 3534 4831 Cor.
3565 4789 3658 4844 xv,
3690 4774 3748 4830 Ξ.

1055 4849 1101 4881 ⁸⁸⁵
1140 4848 1330 4904 Matth.
1357 4863 1476 4914 xm,
1511 4848 1598 4902 1‘2.
1673 4848 1722 4880 "
1752 4847 1910 4904 Rom.
1945 4866 2020 4917 xi,
2052 4852 2079 4904 Ξ

2217 4853 2264 4887 ³⁸
2291 4850 2478 4904 Matth.
2504 4864 2622 4912 xm,
2655 4845 2739 4900 12.
2816 4845 2861 4886 ’⁷
2896 4845 3052 4899 Rom.
3080 4861 3137 4909 x,
3159 4846 3192 4898 4
3222 4859 3378 4916 seqq.

2083 4997 2126 5054 (Ζ
2161 4994 2262 5047 bus
2293 4989 2499 5046 Merlini
2531 4998 2585 5042 et
2616 4985 2976 5042 Genebrardi.

2235 5061 2346 5132 (79)
2397 5059 2558 5123 Editi,
2597 5075 2617 5108 «
2646 5057 2747 5111 nisi
2780 5057 3064 5112 scientiam
3108 5067 3164 5112 et
3212 5057 3546 5114 intellectum
3591 5073 3750 5129 gera-

2165 5148 2304 5186 mus.
2336 5152 2354 5184 ι

2235 5200 2347 5272 (80)
2374 5199 2542 5272 Editi,
2569 5196 2696 5265 «qui
2727 5197 3014 5272 scientiam
3044 5213 3150 5253 non
3181 5200 3366 5272 habet.
3399 5217 3419 5250 ι

2235 5266 2349 5342 (81)
2394 5271 2489 5324 Ms.
2548 5283 2686 5322 unus
2722 5266 2936 5342 _Regius
2973 5285 3122 5342 num.
3172 5270 3336 5334 1659,
3393 5289 3411 5321 «
3445 5269 3685 5326 interim.
3717 5291 3740 5324 ι

2166 5338 2424 5396 Rahanus
2469 5353 2633 5405 vero,
2677 5338 2927 5407 «itaque.
2958 5357 2978 5391 ι
3023 5338 3152 5393 Mss.
3198 5341 3306 5394 duo
3345 5350 3400 5395 et
3441 5343 3606 5404 editi,
3647 5344 3742 5396 «in

2168 5421 2394 5466 tantum.
2423 5429 2442 5462 ι

2227 5478 2336 5548 (82)
2367 5477 2538 5546 Prope
2571 5487 2647 5548 est
2676 5476 2909 5548 verbum,
2939 5483 3259 5548 etcausque
3294 5473 3392 5539 ad,
3423 5490 3526 5528 non
3557 5475 3740 5529 erube-

2155 5545 2276 5612 scet,
2309 5545 2509 5602 desunt
2533 5549 2587 5602 in
2618 5547 2769 5602 libris
2800 5555 2959 5600 antea
2985 5545 3163 5600 editis.

2231 5621 2346 5690 (85)
2387 5619 2550 5680 Editi,
2589 5637 2606 5670 «
2637 5621 2727 5690 qui
2757 5634 2870 5690 non
2908 5619 3104 5671 habent
3133 5619 3430 5675 Christum.
3467 5640 3486 5673 ι
3537 5621 3746 5678 Deinde

2159 5687 2262 5746 ms.
2295 5689 2663 5762 iiegiusnum.
2710 5687 2871 5762 1659,
2909 5705 2927 5738 «
2960 5697 3254 5757 potuerunt
3277 5693 3585 5762 pervenire.
3613 5711 3632 5744 ι

2230 5760 2342 5832 (84)
2374 5759 2541 5826 Editi,
2597 5776 2617 5811 «
2645 5757 2888 5816 volentes
2913 5767 3173 5817 statuere.
3205 5778 3224 5811 ι
