4146 6388
423 350 556 405 “6|

1355 351 1713 408 COMMENT.
1756 351 1823 405 IN
1866 351 2086 407 EPIST.
2129 353 2220 407 AD
2262 352 2427 412 ROM.
2468 355 2601 409 LIB.
2644 356 2782 413 VIII.

3568 365 3709 420 1162

419 483 527 539 est,
589 471 841 528 Christus
910 490 930 523 ι
968 472 1060 541 qui
1123 471 1297 526 factus
1345 482 1428 526 est
1489 473 1645 528 nobis
1692 473 1905 543 justitia
1967 490 1995 525 a
2028 486 2075 541 Α
2101 471 2398 527 exaltatum
2440 490 2469 526 a
2503 485 2576 541 te,
2603 489 2780 543 neque
2816 473 3029 544 longca
3069 484 3121 530 te
3146 476 3168 506 ⁶
3195 475 3331 549 (88),
3358 498 3377 529 ι
3422 489 3477 533 ει
3504 495 3703 538 caetera

422 564 531 618 Deo
558 564 624 627 ⁵⁸,
657 583 676 615 ν
723 572 777 617 et
809 579 911 631 pax
937 605 953 627 ,
986 564 1109 617 vide
1146 564 1417 632 quomodo
1475 565 1607 618 dicit
1634 578 1652 619 ἱ
1684 583 1702 615 ι
1733 564 1859 618 Haec
1923 575 2011 620 est

419 667 599 710 autem
638 658 743 709 vita
777 667 982 710 mterna
1010 697 1024 718 ,
1079 666 1138 709 ut
1167 667 1501 726 cognoscant
1529 668 1581 712 te
1609 658 1788 712 solum
1817 673 2004 712 verum

422 750 614 815 Deum,
648 760 701 803 et
732 764 894 818 quem
941 750 1135 803 misisti
1177 750 1364 805 Jesum
1399 750 1673 802 Christum
1707 752 1778 803 ”.
1806 770 1824 801 ι
1882 750 2008 806 11ωο

418 840 773 908 ergojustitia
814 857 917 894 non
969 851 1178 895 tantmn
1230 842 1396 893 vitam
1435 841 1664 909 praebet,
1706 842 1802 894 sed
1848 850 2007 894 teter-

421 952 541 988 natu
570 935 753 987 vitam.
782 934 929 987 Illam
949 949 1078 989 vero
1098 933 1508 1004 Iegisjustitiam
1526 934 1639 1005 (85)
1668 935 1789 1003 «qui
1818 933 2006 988 fecerit

422 1026 607 1087 homo,
640 1045 658 1077 ι
690 1041 793 1079 non
824 1026 958 1079 dixit
995 1026 1046 1078 in
1082 1034 1349 1078 aeternum
1390 1025 1573 1089 vivet,
1617 1026 1712 1078 sed
1762 1034 2002 1078 tantum-

422 1120 581 1171 modo
646 1136 664 1168 ι
692 1118 838 1170 vivet
882 1118 935 1170 iu
995 1132 1102 1171 ea:
1146 1136 1164 1169 ι
1201 1117 1456 1187 quoniam
1484 1116 1528 1169 si
1575 1116 1698 1170 linis
1743 1116 1894 1185 legis,
1948 1126 2003 1169 ιιι

422 1210 712 1277 Apostolus
742 1210 879 1263 dicit
917 1213 959 1274 ¹,
991 1209 1246 1264 Christus
1281 1219 1387 1271 est,
1440 1224 1540 1263 nec
1582 1209 1751 1277 ipsam
1784 1223 1905 1275 quae
1936 1222 2004 1261 ex

422 1303 537 1371 iege
559 1314 643 1356 est
664 1302 932 1370 justitiam
962 1301 1079 1355 sine
1104 1300 1325 1356 Christo
1359 1299 1660 1367 adimplere
1684 1298 1888 1367 poterit
1909 1299 2002 1367 qui

422 1395 583 1448 linem
617 1395 752 1464 legis
780 1409 884 1446 non
915 1392 1146 1461 suscipit
1171 1393 1471 1446 Christum.
1522 1390 1646 1445 llaec
1703 1406 1836 1461 ergo
1883 1406 2005 1459 qua:

420 1503 482 1541 ex
552 1486 656 1540 fide
709 1496 793 1540 est
835 1485 1221 1555 justitia,qua:
1272 1494 1357 1539 est
1404 1483 1688 1549 Christus,
1744 1494 2001 1551 tanquam

418 1577 610 1632 vivens
675 1588 730 1632 et
781 1577 1126 1643 subsistens,
1193 1576 1353 1639 lucc,
1413 1575 1613 1644 inquit,
1670 1574 1842 1629 dicit:
1877 1573 2003 1628 «Ne

419 1669 626 1724 dixeris
667 1670 719 1723 in
778 1668 945 1723 corde
998 1679 1136 1722 tuo:
1172 1668 1306 1734 Quis
1358 1667 1606 1722 ascendit
1657 1666 1712 1720 in
1766 1665 2003 1720 malum?

422 1761 524 1813 hoc
554 1770 660 1826 est,
686 1759 963 1814 Christum
991 1759 1263 1812 deducere
1290 1775 1304 1810 :
1337 1758 1444 1811 Aut
1492 1758 1615 1825 quis
1643 1756 1921 1810 descendit
1946 1756 1998 1809 in

2112 579 2234 633 qum
2254 576 2579 632 sequuntur.
2614 566 2752 631 Quid
2780 580 2912 634 ergo
2945 566 3195 635 estquod
3222 583 3316 636 per
3342 569 3446 627 hoc
3471 574 3703 642 Aposto-

2111 655 2194 710 lus
2219 657 2417 711 docet?
2448 655 2527 711 Ne
2561 658 2774 711 scilicet
2798 658 3049 712 dicamus
3087 658 3139 711 in
3187 660 3353 714 corde
3383 675 3573 718 nostro
3594 704 3612 729 ,
3641 676 3702 720 et

2110 759 2362 816 putemus
2398 750 2542 817 quod
2585 750 2840 806 Christus
2891 744 2944 804 in
2987 751 3110 805 loco
3152 752 3336 821 aliquo
3366 759 3700 825 continetur,

2108 850 2163 893 et
2189 855 2297 892 non
2325 841 2524 909 ubique
2551 852 2659 905 est,
2703 857 2767 895 ac
2806 857 2903 911 per
2952 843 3134 897 omnia
3179 844 3294 912 ipse
3338 845 3696 903 dilI'unditur:

2108 929 2309 998 quippe
2330 931 2568 998 quicum
2598 943 2743 986 esset
2767 932 2820 984 in
2856 933 3044 994 terris,
3068 934 3284 989 dicebat
3305 937 3431 1005 quia
3458 951 3607 993 esset
3641 951 3700 994 et

2109 1019 2162 1072 in
2219 1022 2381 1076 caelo.
2421 1021 2514 1076 Sic
2561 1023 2707 1076 enim
2748 1022 3072 1090 loquebatur
3115 1026 3182 1079 ad
3219 1028 3492 1096 apostolos
3515 1046 3643 1085 suos
3680 1047 3694 1080 :

2113 1132 2129 1162 ι
2164 1111 2332 1165 Nemo
2371 1114 2620 1167 ascendit
2644 1116 2696 1167 itt
2731 1117 2956 1180 caelum,
2987 1118 3088 1172 nisi
3113 1119 3206 1185 qui
3230 1120 3298 1174 de
3314 1121 3451 1175 ccelo
3479 1124 3701 1177 descen-

2107 1204 2208 1266 dit,
2234 1203 2401 1257 Filius
2419 1206 2652 1259 hominis
2680 1208 2771 1275 qui
2811 1219 2895 1261 est
2917 1209 2968 1261 in
2990 1210 3163 1263 cmlo"
3184 1209 3321 1281 (89).
3347 1230 3366 1262 ι
3393 1212 3509 1267 Non
3536 1215 3694 1284 dixit,

2105 1297 2197 1364 qui
2219 1294 2341 1361 fuit,
2359 1298 2473 1359 sed,
2499 1316 2518 1348 ι
2533 1298 2626 1366 qui
2648 1309 2733 1353 est
2755 1301 2807 1352 in
2825 1300 2985 1355 caelo.
3018 1320 3036 1353 ι
3059 1301 3126 1356 Ει
3145 1318 3335 1358 rursus
3355 1320 3424 1358 ne
3444 1314 3696 1373 putemus

2105 1404 2226 1441 cum
2263 1391 2315 1442 in
2343 1390 2481 1443 coelo
2505 1406 2626 1445 esse
2669 1394 3078 1458 tantummodo,
3116 1410 3312 1451 vacare
3352 1407 3535 1452 autem
3575 1404 3696 1470 ejus

2106 1483 2400 1551 praesentia
2427 1483 2708 1553 abyssum.
2733 1486 2850 1537 ideo
2857 1483 3067 1551 justitia
3084 1500 3206 1554 qua:
3221 1502 3287 1541 ex
3307 1490 3410 1545 lide
3430 1502 3513 1545 est
3528 1493 3691 1548 dicit:

2110 1591 2129 1624 ι
2156 1575 2233 1627 Ne
2250 1575 2454 1629 dixeris
2477 1576 2529 1629 in
2556 1576 2719 1630 corde
2753 1587 2845 1629 tuo
2863 1597 2877 1633 :
2894 1577 3030 1644 Quis
3047 1579 3292 1635 ascendit
3305 1584 3359 1636 in
3374 1581 3573 1639 cmlnm
3588 1585 3610 1616 ⁸
3634 1587 3688 1641 Ἰ»

2106 1666 2170 1718 Et
2194 1667 2346 1735 quasi
2372 1667 2550 1721 simile
2575 1668 2647 1721 sit
2666 1672 2767 1722 hoc
2788 1668 3010 1731 dicenti,
3031 1670 3309 1725 Christum
3335 1675 3404 1730 de
3427 1676 3571 1731 coelo
3593 1681 3693 1732 de-

2104 1757 2325 1822 ducere,
2353 1759 2427 1811 ita
2456 1758 2663 1813 addidit
2696 1761 2989 1826 Apostolus
3017 1772 3032 1810 :
3063 1779 3082 1810 σ
3128 1760 3242 1817 Ηοε
3274 1774 3379 1830 est,
3405 1767 3684 1822 Christum

419 1852 716 1924 abyssum?
751 1851 854 1905 hoc
880 1862 988 1913 est,
1014 1852 1291 1905 Christum
1323 1866 1352 1903 a
1376 1851 1604 1903 mortuis
1628 1849 1888 1902 reducere
1917 1850 1993 1899 ’.ι
2034 1832 2076 1886 Β
2103 1850 2391 1904 deducere.
2419 1869 2437 1902 ι
2488 1850 2555 1904 Ει
2588 1865 2803 1904 rursum
2831 1852 2875 1905 si
2903 1854 3027 1921 quis
3054 1866 3236 1909 mente
3264 1866 3321 1911 et
3348 1859 3683 1927 cogitatione

416 1944 533 2002 Nec
568 1943 782 2000 mireris
830 1946 973 2011 quod
1012 1957 1138 1997 cum
1185 1942 1440 1996 Christus
1494 1941 1611 2008 ipse
1644 1938 1716 1993 sit
1756 1937 1992 2005 justitia,

414 2037 569 2106 quasi
613 2039 679 2091 de
710 2034 819 2089 alio
868 2035 941 2086 ita
998 2034 1063 2086 de
1118 2048 1178 2086 se
1230 2041 1344 2086 lucc
1382 2034 1568 2085 dicere
1621 2030 1893 2083 videatur.
1937 2028 1995 2082 In

417 2131 602 2183 multis
632 2128 778 2182 enim
810 2126 947 2180 locis
987 2126 1231 2178 invenies
1255 2124 1590 2177 Salvator-em
1616 2122 1768 2189 quasi
1796 2122 1863 2174 de
1890 2120 1996 2173 alio

416 2222 487 2274 ita
522 2222 588 2273 de
612 2237 671 2273 se
689 2220 838 2287 loqui
865 2235 881 2280 ;
909 2225 968 2271 ut
1001 2215 1055 2267 in
1084 2215 1374 2282 Evangelio
1398 2214 1533 2269 dicit
1555 2215 1575 2246 ³
1610 2232 1623 2268 :
1665 2214 1763 2267 «Et
1793 2222 1997 2268 statuet

412 2328 543 2365 oves
568 2327 596 2364 a
621 2312 859 2376 dextris;
886 2309 1078 2364 bardos
1103 2317 1281 2360 autem
1299 2322 1328 2359 a
1357 2306 1597 2361 sinistris
1620 2305 1755 2377 (86):
1775 2316 1831 2359 et
1850 2306 1996 2360 dicet

415 2402 500 2456 his
529 2402 619 2471 qui
664 2418 694 2455 a
735 2400 943 2456 dextris
970 2407 1120 2460 sunt,
1169 2408 1224 2450 et
1271 2398 1469 2451 itertnn
1520 2397 1613 2466 qui
1667 2411 1696 2449 a
1752 2397 1995 2452 sinistris

411 2510 561 2562 sunt,
614 2519 632 2552 ι
669 2514 733 2554 ea
763 2514 885 2568 qua:
917 2497 1116 2565 scripta
1151 2504 1296 2547 sunt.
1330 2490 1485 2558 Quod
1529 2506 1658 2561 ergo
1685 2491 1761 2544 ait
1797 2506 1809 2540 :
1849 2510 1865 2539 ι
1909 2488 1986 2542 Νε

413 2593 617 2649 dixeris
651 2593 705 2645 in
734 2592 896 2646 corde
926 2600 1021 2643 tuo
1056 2604 1068 2638 :
1104 2585 1239 2652 Quis
1268 2584 1514 2638 ascendit
1545 2584 1599 2636 in
1632 2583 1830 2637 malum
1850 2621 1865 2645 ,
1893 2590 1989 2634 aut

413 2686 539 2755 quis
590 2683 872 2737 descendit
922 2681 977 2734 iu
1032 2677 1330 2749 abyssum?
1378 2697 1395 2727 ι
1437 2675 1677 2744 exaeptis
1731 2674 1815 2727 his
1867 2686 1990 2741 qua:

414 2775 591 2830 media
623 2772 921 2836 interserit,
958 2789 977 2822 ι
1016 2770 1122 2823 hoc
1146 2779 1248 2832 est,
1280 2767 1559 2821 Christum
1592 2766 1879 2828 deducere,
1905 2762 1989 2816 vel

416 2885 446 2923 a
476 2866 706 2921 mortuis
739 2865 1031 2919 reducere:
1064 2880 1082 2911 ι
1110 2860 1305 2925 sedet,
1339 2878 1356 2909 ι
1387 2857 1560 2926 Prope
1583 2866 1662 2910 est
1686 2857 1909 2908 verbum
1933 2854 1987 2907 in

414 2973 513 3012 ore
541 2965 657 3015 tuo,
685 2964 736 3007 et
761 2954 813 3006 in
846 2952 1008 3006 corde
1047 2959 1161 3012 tuo,
1200 2968 1217 2999 ι
1245 2950 1312 3002 de
1335 2947 1751 3001 Deuteronomio
1779 2946 1991 3000 videtur

414 3057 775 3114 assumptum,
806 3042 895 3096 ubi
936 3043 1039 3095 hoc
1071 3041 1233 3095 modo
1262 3039 1524 3107 scriptum
1563 3048 1685 3092 est:
1721 3056 1739 3087 ι
1770 3036 1991 3090 Manda-

2099 1942 2397 1997 descendat
2423 1942 2475 1994 in
2502 1941 2779 2011 abyssum,
2807 1954 3004 2012 putans
3045 1945 3119 1999 ibi
3163 1955 3369 2000 tantum
3413 1953 3681 2007 contineri

2097 2034 2395 2097 Christum,
2420 2035 2573 2101 quasi
2601 2033 2777 2087 simile
2799 2036 2871 2087 sit
2896 2035 3176 2090 Christum
3206 2052 3466 2095 revocare
3485 2056 3514 2095 a
3537 2058 3684 2097 mor—

2098 2127 2226 2189 tuis,
2266 2126 2339 2179 ita
2368 2126 2643 2195 subjungit
2676 2143 2689 2178 :
2726 2143 2746 2176 ι
2778 2125 2889 2181 Ηοε
2918 2138 3022 2191 est,
3054 2129 3333 2183 Christum
3370 2131 3679 2188 reducerea

2097 2219 2346 2273 mortuis.
2376 2238 2396 2269 ι
2429 2219 2535 2272 Sed
2565 2220 2658 2286 ita,
2685 2219 2875 2286 inquit,
2900 2221 3063 2274 debes
3105 2222 3305 2276 sentire
3345 2224 3410 2277 de
3438 2224 3675 2291 Christo,

2102 2317 2357 2377 tanquam
2384 2308 2451 2362 de
2476 2307 2672 2373 Verbo,
2702 2319 2758 2363 et
2783 2308 3035 2372 veritate,
3059 2321 3114 2364 et
3143 2313 3426 2380 sapientia.
3450 2313 3680 2381 etjusti-

2098 2401 2167 2455 tia
2220 2399 2339 2457 Dei.
2375 2399 2499 2454 Haec
2537 2410 2715 2453 autem
2744 2401 2922 2453 omnia
2962 2415 3065 2453 non
3102 2401 3153 2453 in
3181 2402 3297 2455 loco
3324 2414 3676 2471 quaeruntur,

2095 2493 2187 2546 sed
2214 2492 2411 2561 ubique
2435 2493 2669 2545 adsunt:
2701 2505 2876 2559 neque
2902 2492 2970 2544 ab
3011 2490 3236 2545 infernis
3270 2493 3401 2547 locis
3420 2493 3532 2567 (90)
3545 2513 3676 2553 evo-

2098 2584 2485 2655 cantur,623
2502 2584 2595 2639 sed
2614 2594 2792 2637 mente
2804 2586 2917 2641 sola
2947 2583 3330 2653 intellectuque
3365 2588 3673 2654 capiuntur.

2094 2672 2375 2742 Tanquam
2401 2674 2635 2728 Verbum
2661 2690 2792 2745 ergo
2816 2687 2869 2729 et
2899 2676 3163 2744 sapientia
3198 2691 3364 2746 prope
3395 2688 3476 2732 est
3508 2680 3559 2732 in
3579 2694 3676 2733 ore

2095 2773 2187 2817 tuo
2237 2774 2290 2817 et
2334 2763 2388 2816 in
2425 2766 2590 2819 corde
2621 2775 2732 2820 tuo.
2765 2766 2828 2820 Et.
2867 2783 2888 2817 ι
2921 2767 3023 2821 hoc
3059 2777 3161 2823 est.
3205 2768 3400 2835 inquit,
3447 2771 3673 2824 verbum

2094 2856 2215 2910 lidei
2236 2856 2348 2927 (91)
2366 2856 2513 2925 quod
2543 2859 2919 2921 praedicamus.
2943 2858 3079 2925 Quia
3107 2860 3151 2913 si
3184 2861 3562 2917 conlitearisin
3579 2876 3676 2916 ore

2092 2956 2186 3002 tuo
2217 2948 2500 3002 Dominum
2521 2948 2727 3013 Jesum,
2753 2961 2807 3003 et
2823 2951 3123 3006 credideris
3150 2954 3201 3005 in
3221 2952 3388 3006 corde
3412 2962 3506 3006 tuo
3530 2957 3673 3023 quod

2091 3041 2235 3095 Deus
2268 3040 2415 3094 illum
2449 3043 2736 3096 suscitavit
2766 3060 2795 3096 a
2831 3046 3081 3105 mortuis.
3117 3044 3300 3099 salvus
3340 3044 3674 3101 eris.Corde

418 3149 532 3192 tum
566 3137 689 3196 hoc,
713 3134 857 3204 quod
881 3148 981 3203 ego
1008 3133 1206 3185 mando
1230 3131 1324 3184 tibi
1349 3130 1531 3194 hodie,
1562 3144 1669 3181 non
1693 3137 1773 3181 est
1802 3142 1992 3195 super-
2014 3171 2056 3227 ε
2089 3134 2231 3187 enim
2260 3134 2501 3188 creditur
2530 3135 2597 3189 ad
2626 3136 2915 3201 justitiam,
2969 3153 3068 3192 ore
3096 3147 3275 3191 atttem
3308 3138 3575 3195 confessio
3613 3142 3672 3194 lit

415 3232 712 3285 exaltatqu
746 3243 774 3280 a
812 3236 885 3291 te,
922 3242 1097 3294 neque
1131 3225 1290 3293 longe
1330 3239 1359 3275 a
1392 3232 1462 3275 te.
1505 3220 1621 3273 Non
1654 3228 1739 3273 est.
1773 3220 1826 3273 in
1852 3220 1991 3273 cwlo

419 3333 480 3387 ut
508 3323 660 3376 dicas
693 3338 710 3373 :
734 3317 871 3383 Quis
914 3314 1172 3369 ascendet
1217 3302 1377 3366 nobis
1413 3312 1466 3364 in
1512 3311 1740 3371 ctclum,
1770 3317 1823 3362 et
1852 3309 1994 3362 acci-

422 3414 529 3482 piet
560 3411 690 3465 illud
718 3407 896 3470 nobis,
923 3416 979 3460 ut
1010 3404 1294 3458 audientes
1324 3401 1590 3456 faciamus
1615 3400 1785 3454 illud?
1810 3397 1996 3467 Neque

421 3519 573 3558 trans
626 3515 775 3556 mare
819 3507 939 3562 est,
997 3507 1057 3551 ut
1105 3497 1256 3551 dicas
1298 3514 1312 3549 :
1356 3494 1491 3561 Quis
1533 3493 1787 3547 transibit
1835 3491 1994 3547 nobis

420 3607 573 3650 trans
606 3610 778 3655 mare,
811 3604 865 3647 et
889 3592 1118 3659 accipiet
1144 3590 1297 3652 illud.
1332 3598 1390 3642 ut
1418 3588 1699 3642 audientes
1729 3585 1995 3641 faciamus

420 3687 591 3741 illud?
619 3685 780 3739 Juxta
825 3693 878 3738 te
908 3697 992 3738 est
1029 3683 1254 3736 verbum
1290 3682 1444 3735 valde
1479 3681 1530 3733 in
1566 3695 1661 3733 ore
1701 3688 1815 3741 tuo,
1846 3687 1900 3733 et
1936 3678 1992 3731 in

420 3780 586 3836 corde
628 3787 743 3837 tuo,
787 3776 929 3841 et,_in
964 3774 1222 3828 manibus
1255 3774 1385 3836 tuis,
1417 3780 1478 3825 ut
1511 3769 1681 3825 facias
1712 3771 1842 3825 illud
1880 3774 1920 3825 ⁸.
1967 3790 1985 3821 ι

2098 3225 2151 3277 in
2206 3224 2509 3276 salutem’.
2552 3243 2568 3274 ι
2626 3226 2896 3280 Debemus
2946 3229 3115 3279 etiam
3152 3227 3258 3281 hoc
3289 3229 3478 3293 scire,
3528 3231 3671 3297 quod

2095 3314 2239 3368 aliud
2274 3327 2359 3369 est
2398 3318 2810 3385 possibilitatem
2832 3334 2954 3373 esse
2984 3320 3036 3371 in
3067 3319 3267 3387 aliquo,
3312 3320 3457 3374 aliud
3489 3320 3671 3375 enica-

2093 3409 2232 3463 ciam
2275 3408 2356 3461 vel
2403 3408 2746 3464 efﬁcientiam
2775 3409 2914 3481 (92),
2956 3412 3101 3478 quod
3147 3410 3319 3465 Graeci
3351 3411 3580 3483 δύναμιν
3611 3421 3669 3469 ει

2091 3501 2368 3572 ἐνέργειαν
2397 3502 2511 3570 (93)
2545 3513 2759 3557 vocant.
2788 3503 2948 3559 Verbi
2976 3521 3171 3560 causa:
3207 3505 3471 3559 Parvulus
3494 3522 3666 3571 nuper

2089 3603 2246 3647 natus
2264 3594 2623 3663 possibilitate
2649 3594 2985 3651 rationabilis
3001 3598 3165 3649 homo
3186 3607 3266 3651 est
3289 3613 3304 3649 :
3326 3608 3501 3664 potest
3518 3597 3663 3651 enim

2088 3700 2208 3739 esse
2238 3685 2580 3739 rationabilis
2608 3687 2652 3740 si
2682 3687 2997 3742 adoleverit.
3027 3688 3091 3742 Et
3122 3688 3480 3757 possibilitate
3496 3690 3662 3742 etiam

2086 3776 2262 3840 faber,
2289 3788 2344 3831 et
2375 3777 2728 3846 gubernator,
2762 3787 2815 3832 et
2859 3781 3248 3849 grammaticus
3273 3780 3509 3841 dicitur;
3536 3794 3664 3847 pos-

420 3873 557 3927 Cum
596 3885 727 3940 ergo
766 3868 884 3923 haec
921 3882 989 3921 ex
1028 3865 1450 3920 Deuteronomio
1479 3873 1756 3932 assumpta
1785 3863 1916 3926 sint,
1943 3871 1998 3917 et
2091 3866 2248 3921 sibile
2273 3870 2418 3921 enim
2451 3880 2535 3920 εει
2560 3879 2619 3919 ιιι
2654 3869 2844 3921 hortnn
2890 3869 3093 3937 aliquid
3126 3869 3213 3923 sit.
3252 3868 3498 3923 Ellicacia
3530 3885 3660 3924 vero

422 3962 718 4034 Apostolus
757 3959 963 4015 scribat
1004 3958 1133 4026 quia
1168 3957 1413 4026 justitia,
1445 3969 1568 4024 qua:
1608 3970 1672 4008 ex
1704 3953 1808 4008 lide
1838 3964 1922 4009 est
1949 3956 1993 4016 '.

420 4060 537 4123 ipsa
579 4055 696 4107 haec
733 4051 886 4114 dicit,
917 4064 1039 4117 qua:
1076 4057 1159 4101 est
1194 4046 1481 4110 Christus;
1522 4046 1641 4099 sine
1678 4044 1844 4099 dubio
1882 4046 1993 4117 (87)

402 4159 522 4213 qnte
558 4143 610 4197 in
638 4144 1056 4199 Deuteronomio
1078 4145 1332 4199 dicuntur
1363 4142 1658 4211 Apostolus
1686 4158 1715 4193 a
1760 4140 1980 4195 Christo

402 4242 543 4295 dicta
573 4257 694 4297 esse
712 4242 1048 4310 pronuntiat.
1071 4242 1184 4310 Ipse
1204 4253 1285 4295 est
1318 4256 1448 4309 ergo
1472 4241 1565 4309 qui
1591 4239 1753 4292 dicit:
1784 4256 1801 4288 ι
1828 4238 1980 4291 Man-

402 4335 587 4387 datum
615 4335 737 4399 hoc,
780 4336 922 4403 quod
959 4348 1059 4404 ego
1097 4335 1165 4389 do
1197 4334 1291 4387 tibi
1316 4334 1497 4394 hodie,
1529 4347 1634 4385 non
1664 4339 1746 4385 est
1780 4345 1974 4399 super-

470 4442 557 4495 ’⁸1
587 4443 713 4498 Cor.
756 4463 796 4505 ι,
833 4445 924 4499 50.
998 4444 1044 4476 "
1067 4443 1222 4499 Joan.
1253 4459 1387 4505 xvtt,
1421 4443 1474 4496 3.
1554 4443 1570 4472 ί
1603 4441 1732 4494 ibid.
1770 4441 1826 4493 4.
1899 4440 1922 4471 ³
1957 4440 1988 4493 il

2119 4438 2173 4504 6,
2203 4438 2257 4491 7.
2325 4437 2345 4469 ι
2369 4437 2557 4491 Matth.
2596 4454 2721 4494 xxv.
2759 4439 2847 4497 55.
2886 4439 2975 4498 54.
3007 4438 3214 4504 35,41.

781 4486 944 4573 imt‘x.
980 4515 1035 4568 6.
1067 4486 1484 4573 “lienis-xxx,
1520 4511 1607 4566 Il.
1684 4510 1879 4565 ’Juan.
1917 4526 1988 4572 ιιι,

2195 4486 2226 4538 θ’
2243 4486 2417 4561 non:
2434 4486 2573 4569 sic.
2596 4486 2857 4563 “uisas:
2888 4486 2951 4573 ii,
2961 4486 3120 4563 “31:13.

403 4512 585 4567 H-M.
661 4516 681 4547 ⁸
705 4516 862 4570 Rom.
889 4531 944 4577 x,
980 4515 1035 4568 6.
1109 4514 1130 4545 ⁸
1164 4518 1318 4569 υειιι.
1352 4529 1484 4577 xxx,
1520 4511 1607 4566 Il.

2090 3955 2175 4009 vel
2220 3955 2527 4021 eﬂ‘tcientia,
2572 3957 2675 4010 hoc
2702 3967 2806 4019 est,
2839 3973 2896 4011 re
2928 3960 3040 4027 ipsa
3072 3967 3237 4026 atque
3265 3955 3490 4020 elI‘ectu,
3524 3958 3659 4010 nihit

2091 4048 2283 4103 horum
2307 4060 2391 4104 est
2418 4050 2543 4104 dum
2573 4060 2655 4103 est
2674 4051 2930 4118 parvulus
2954 4068 2969 4106 :
2996 4051 3089 4104 sed
3117 4050 3162 4104 si
3189 4051 3418 4118 coeperit
3450 4049 3531 4103 vel
3566 4066 3655 4103 ra-
3730 4050 3743 4071 '

2091 4143 2252 4196 tionis
2278 4142 2389 4211 jam
2414 4157 2584 4211 capax
2612 4158 2752 4202 esse,
2785 4143 2868 4197 vel
2907 4142 3111 4211 aliquid
3138 4140 3346 4195 fabrilis
3378 4143 3535 4205 artis,
3565 4154 3660 4195 aut

2084 4233 2375 4301 cujuslibet
2404 4234 2627 4288 alterius
2660 4234 2890 4297 cllieere,
2929 4233 3187 4300 tuncjam
3217 4234 3453 4289 ellicacia
3487 4236 3659 4289 ratio-

2084 4325 2516 4390 nabilisdicitur,
2540 4325 2621 4379 vel
2647 4324 2819 4389 faber,
2846 4326 3078 4378 velsicut
3104 4324 3233 4378 illud
3262 4337 3345 4380 est
3372 4324 3486 4397 (94)
3513 4328 3656 4395 quod

3290 4441 3312 4470 ⁸
3338 4441 3491 4495 ῡειιι.
3516 4456 3647 4504 xxx,

470 4606 584 4677 (85)
623 4607 760 4662 Editi
787 4646 804 4670 ,
852 4628 872 4659 ι
899 4611 990 4662 Illa
1041 4623 1171 4661 vero
1210 4608 1343 4672 legis
1377 4605 1611 4670 justitia,
1664 4619 1827 4670 quam
1878 4602 1967 4669 qui
2002 4607 2047 4661 1)
2077 4601 2459 4677 desiderantur
2487 4600 2806 4677 inneditione
2828 4599 3184 4677 Gettehrardi.

402 4676 588 4730 iecerit
612 4678 795 4739 homo,
827 4695 932 4733 non
978 4679 1118 4732 dixit
1161 4679 1212 4731 itt
1262 4687 1529 4730 aeternum
1554 4713 1570 4737 ,
1606 4678 1699 4726 sed
1732 4682 1969 4726 tantum-

401 4746 765 4816 modo,7vivel
795 4748 848 4801 in
888 4764 949 4801 ea
982 4766 996 4799 :
1032 4750 1176 4816 quod
1218 4747 1338 4800 linis
1379 4746 1510 4816 legis
1541 4747 1635 4814 (ut
1677 4742 1967 4816 Apostolus

399 4815 552 4882 dicit)
580 4815 828 4870 Christus
854 4826 956 4882 est,
989 4812 1087 4871 nec
1116 4817 1230 4884 ipsa
1253 4832 1372 4882 quae
1399 4812 1463 4868 ex
1489 4812 1608 4882 lege
1631 4812 1961 4879 estjustitia,

399 4887 517 4938 sine
555 4886 773 4940 Christo
813 4886 1093 4952 adimpleri
1134 4887 1309 4954 potuit
1335 4926 1350 4946 ,
1391 4886 1517 4952 quia
1561 4885 1747 4954 linem,
1780 4901 1800 4954 ξ
1850 4891 1960 4954 etc.

397 4954 524 5009 Mss.
555 4959 661 5009 duo
692 4956 843 5026 Regii
873 4975 883 5009 :
928 4976 945 5006 ι
965 4951 1075 5026 Illa
1099 4951 1231 5010 vero
1264 4951 1737 5026 legisg’justitiaqui
1773 4951 1967 5004 fecerit

399 5026 649 5080 homo....
683 5020 825 5095 quod
863 5026 985 5080 linis
1007 5024 1125 5095 (aL,
1159 5044 1177 5075 ι
1200 5020 1603 5095 quodsilinis)
1628 5020 1781 5088 legis,
1807 5040 1825 5070 ι
1855 5031 1962 5095 etc.

398 5095 501 5148 Sed
528 5111 631 5149 ms.
674 5089 875 5163 Regius
903 5089 1052 5149 nuni.
1094 5089 1233 5150 1659
1261 5103 1317 5148 ει
1344 5094 1601 5146 Rabantts
1638 5101 1783 5163 recte
1816 5099 1870 5163 ut
1908 5089 1961 5163 in

400 5174 581 5219 nostro
606 5158 781 5229 textu:
804 5166 909 5219 nisi
936 5165 1078 5235 quod
1102 5165 1240 5235 alius
1270 5165 1485 5235 habeat,
1519 5161 1817 5235 «quoniam
1843 5158 1965 5214 linis

399 5234 565 5303 legis;
596 5255 614 5286 ›
643 5236 783 5288 alius
810 5231 969 5299 vero,
996 5254 1015 5286 ι
1047 5234 1191 5304 quod
1221 5234 1264 5288 si
1303 5233 1427 5286 ﬁnis
1454 5231 1609 5299 legis,
1633 5250 1652 5280 ι
1692 5240 1799 5304 etc.

465 5297 577 5377 (86)
631 5306 816 5371 Alias,
869 5324 887 5357 ι
917 5297 1007 5375 qui
1042 5297 1080 5359 ἐ
1121 5305 1326 5358 dextris
1369 5297 1528 5368 sunt,
1554 5309 1608 5355 et
1635 5316 1667 5353 a
1704 5297 1964 5366 sinistris,

394 5391 479 5440 ea,
510 5395 529 5427 ι
562 5386 666 5430 etc.

469 5446 577 5517 (87)
602 5446 769 5517 Editi,
804 5464 824 5497 ι
847 5447 1037 5500 ordine
1069 5445 1222 5517 pio.)
1248 5442 1422 5517 male.

466 5509 579 5588 (88)
604 5515 703 5571 Ms.
730 5515 942 5589 _chius
964 5509 1107 5569 nutu.
1138 5513 1297 5589 l_65_9,
1324 5522 1489 5575 recte,
1518 5529 1537 5561 ι
1564 5509 1661 5565 tibi
1691 5528 1706 5575 ;
1740 5528 1759 5560 ι
1782 5510 1963 5589 cancri

398 5578 526 5641 vero
560 5578 702 5648 'ms.,
730 5578 986 5639 Rabauus
1027 5593 1080 5639 et
1118 5586 1248 5639 editi
1298 5596 1583 5652 perperam
1605 5621 1619 5644 ,
1677 5598 1696 5631 ι
1729 5578 1907 5652 vobis.
1937 5599 1956 5632 ι

398 5657 596 5713 Deinde
621 5659 773 5720 editi,
802 5671 938 5709 «non
964 5648 1545 5723 estsuperexalta'tum,
1574 5663 1749 5719 neque
1776 5648 1956 5720 longe,

392 5738 444 5781 et
466 5735 659 5780 czetera
683 5741 827 5793 quae,
854 5743 872 5776 ι
903 5735 1012 5778 etc.

462 5796 572 5868 (89)
617 5786 741 5848 Non
767 5796 902 5847 dixit
924 5796 1011 5865 qni
1035 5795 1157 5863 fuit,
1189 5795 1277 5848 sed
1295 5834 1309 5858 ,
1339 5794 1428 5865 qui
1466 5802 1540 5848 est
1569 5790 1624 5845 in
1652 5786 1800 5846 ctelo.
1831 5786 1956 5845 Haec

671 5891 944 5952 ΡΑτιιοῑ..
979 5894 1095 5954 Gn.
1136 5892 1221 5954 XI
1234 5891 1306 5955 ι’,

2148 4669 2258 4741 (90)
2300 4669 2393 4723 Sic
2418 4685 2517 4722 ms.
2550 4669 2749 4741 Regius
2777 4687 2924 4723 num.
2960 4672 3097 4725 11559
3131 4681 3186 4723 et
3211 4669 3483 4723 Rahanus.
3523 4670 3649 4741 Cae-

2076 4743 2176 4794 tcri
2209 4739 2337 4793 vero
2379 4754 2511 4792 mss.
2540 4750 2595 4794 et
2637 4739 2789 4805 editi,
2842 4758 2859 4790 ι
2888 4755 3065 4810 neque
3104 4740 3171 4794 ab
3207 4740 3406 4793 inferni
3436 4739 3590 4805 locis,
3621 4758 3641 4793 ι

2073 4820 2179 4864 CIC.

2145 4879 2257 4951 (9t)
2280 4877 2443 4939 Editi,
2475 4896 2495 4929 ι
2517 4877 2797 4947 Tanquam
2826 4877 3059 4951 Verbum
3091 4893 3220 4946 ergo
3246 4889 3300 4932 et
3335 4878 3640 4951 Sapientia.

2073 4948 2247 5017 PrOpe
2279 4961 2360 5001 εει
2383 4951 2605 5001 verbum
2641 4951 2692 5001 in
2718 4964 2814 5002 ore
2836 4958 2926 5003 tuo
2951 4959 3006 5002 et
3036 4949 3087 5001 in
3122 4954 3287 5003 corde
3314 4957 3427 5012 tuo,
3461 4957 3517 5002 et
3546 4950 3650 5004 hoc

2073 5032 2158 5073 εει
2188 5020 2417 5072 verbum
2442 5018 2588 5079 lidei,
2622 5036 2641 5068 ι
2669 5028 2775 5074 etc.

2143 5088 2257 5160 (92)
2290 5087 2381 5142 Sic
2412 5088 2633 5160 editiet
2674 5104 2775 5141 ms.
2808 5084 3008 5160 Regius
3047 5102 3203 5160 nunt.
3253 5086 3645 5160 l659.__C'.etet-i

2071 5156 2202 5213 vero
2236 5172 2366 5213 mss.
2392 5168 2447 5211 et
2477 5157 2749 5221 Rabanus,
2773 5174 2805 5226 ι
2838 5158 2985 5225 quod
3010 5156 3259 5226 aliudest
3287 5157 3648 5226 possibilitate

2074 5244 2197 5285 esse
2250 5227 2302 5281 in
2335 5227 2538 5294 aliquo,
2564 5226 2707 5279 aliud
2729 5224 2965 5281 elﬁcacia
2992 5227 3071 5277 vel
3095 5224 3403 5280 ellicietitia.
3441 5245 3460 5276 ι

2145 5298 2257 5370 (95)
2300 5297 2394 5351 Sic
2419 5313 2520 5370 ms.
2553 5296 2750 5370 liegius
2781 5312 2929 5348 num.
2960 5297 3096 5370 1659
3120 5309 3174 5349 ει
3200 5294 3477 5351 Rahautts.
3503 5297 3645 5370 Editi

2075 5366 2243 5432 vero,
2279 5385 2298 5419 ι
2340 5366 2711 5421 endelechiam
2764 5377 2819 5419 et
2871 5367 3146 5435 energiam
3182 5376 3397 5420 vocant.
3438 5386 3458 5418 ι
3510 5369 3643 5425 Mss.

2074 5439 2325 5509 quidam1
2353 5456 2372 5489 ι
2412 5436 2630 5497 didami,
2666 5437 3233 5509 eluenergiavocant.
3258 5454 3277 5486 ι

2145 5507 2259 5578 (94)
2296 5507 2551 5578 Rabanus
2585 5516 2639 5560 ει
2664 5506 2818 5578 editi,
2852 5523 2874 5578 ι
2908 5505 3238 5578 velsiquid
3279 5505 3424 5558 aliud
3470 5516 3573 5578 est,
3617 5526 3634 5559 ι

2070 5574 2174 5633 etc.
2200 5574 2327 5631 Mss.
2359 5577 2626 5647 pleriqde,
2659 5592 2679 5647 ε
2712 5576 2796 5630 vel
2820 5576 2863 5630 si
2891 5575 3021 5645 quid
3052 5574 3313 5647 illutlgest,
3351 5594 3379 5647 »ν
3402 5586 3509 5631 ειε.
3534 5577 3639 5631 Sed

2068 5649 2272 5703 rectius
2322 5644 2423 5704 nis.
2472 5644 2609 5702 unus
2656 5646 2857 5717 Regius
2903 5644 3054 5701 num.
3105 5644 3236 5699 16M
3281 5654 3338 5700 ut
3370 5646 3424 5699 in
3453 5657 3643 5704 nostro

2062 5725 2234 5775 textu.

3324 5888 3404 5946 37
