  <div class='ocr_page' id='page_1' title='image "/cluster/home/n/w/nwhite01/storage/ocr_20150623/14:no.4/coo.31924054872928/593.png"; bbox 0 0 4146 6376; ppageno 0'>
   <div class='ocr_carea' id='block_1_1' title="bbox 468 314 605 369">
    <p class='ocr_par' dir='ltr' id='par_1_1' title="bbox 468 314 605 369">
     <span class='ocr_line' id='line_1_1' title="bbox 468 314 605 369; baseline 0 0"><span class='ocrx_word' id='word_1_1' title='bbox 468 314 605 369; x_wconf 76' lang='grc'>1165</span> 
     </span>
    </p>
   </div>
   <div class='ocr_carea' id='block_1_2' title="bbox 1923 318 2250 375">
    <p class='ocr_par' dir='ltr' id='par_1_2' title="bbox 1923 318 2250 375">
     <span class='ocr_line' id='line_1_2' title="bbox 1923 318 2250 375; baseline 0.006 -2"><span class='ocrx_word' id='word_1_2' title='bbox 1923 318 2250 375; x_wconf 83' lang='lat' dir='ltr'><strong>ORIGENIS</strong></span> 
     </span>
    </p>
   </div>
   <div class='ocr_carea' id='block_1_3' title="bbox 3598 324 3734 381">
    <p class='ocr_par' dir='ltr' id='par_1_3' title="bbox 3598 324 3734 381">
     <span class='ocr_line' id='line_1_3' title="bbox 3598 324 3734 381; baseline 0.007 -1"><span class='ocrx_word' id='word_1_3' title='bbox 3598 324 3734 381; x_wconf 63' lang='lat'><strong>“63</strong></span> 
     </span>
    </p>
   </div>
   <div class='ocr_carea' id='block_1_4' title="bbox 466 434 3737 507">
    <p class='ocr_par' dir='ltr' id='par_1_4' title="bbox 466 434 3737 507">
     <span class='ocr_line' id='line_1_4' title="bbox 466 434 3737 507; baseline 0.001 -13"><span class='ocrx_word' id='word_1_4' title='bbox 466 438 658 494; x_wconf 84' lang='lat' dir='ltr'><strong>clIectu</strong></span> <span class='ocrx_word' id='word_1_5' title='bbox 691 437 874 505; x_wconf 89' lang='lat' dir='ltr'><strong>operis</strong></span> <span class='ocrx_word' id='word_1_6' title='bbox 899 437 1029 507; x_wconf 88' lang='lat' dir='ltr'><strong>agit.</strong></span> <span class='ocrx_word' id='word_1_7' title='bbox 1062 434 1176 490; x_wconf 84' lang='lat' dir='ltr'><strong>Hoc</strong></span> <span class='ocrx_word' id='word_1_8' title='bbox 1202 450 1333 504; x_wconf 89' lang='lat' dir='ltr'><strong>ergo</strong></span> <span class='ocrx_word' id='word_1_9' title='bbox 1373 436 1533 490; x_wconf 87' lang='lat' dir='ltr'><strong>modo</strong></span> <span class='ocrx_word' id='word_1_10' title='bbox 1575 437 1740 490; x_wconf 91' lang='lat' dir='ltr'><strong>etiam</strong></span> <span class='ocrx_word' id='word_1_11' title='bbox 1777 435 2048 503; x_wconf 84' lang='lat' dir='ltr'><strong>Chrisuts,</strong></span> <span class='ocrx_word' id='word_1_12' title='bbox 2078 442 2125 498; x_wconf 78' lang='grc' dir='ltr'><strong>Α</strong></span> <span class='ocrx_word' id='word_1_13' title='bbox 2156 446 2299 491; x_wconf 91' lang='lat' dir='ltr'><strong>stum</strong></span> <span class='ocrx_word' id='word_1_14' title='bbox 2345 436 2629 489; x_wconf 89' lang='lat' dir='ltr'><strong>Dominum</strong></span> <span class='ocrx_word' id='word_1_15' title='bbox 2681 436 2988 497; x_wconf 70' lang='lat' dir='ltr'><strong>confessus,</strong></span> <span class='ocrx_word' id='word_1_16' title='bbox 3026 435 3155 491; x_wconf 88' lang='lat' dir='ltr'><strong>nulli</strong></span> <span class='ocrx_word' id='word_1_17' title='bbox 3191 439 3387 493; x_wconf 89' lang='lat' dir='ltr'><strong>horum</strong></span> <span class='ocrx_word' id='word_1_18' title='bbox 3416 452 3475 494; x_wconf 89' lang='lat' dir='ltr'><strong>se</strong></span> <span class='ocrx_word' id='word_1_19' title='bbox 3524 446 3737 497; x_wconf 72' lang='lat' dir='ltr'><strong>servire</strong></span> 
     </span>
    </p>
   </div>
   <div class='ocr_carea' id='block_1_5' title="bbox 464 527 2044 602">
    <p class='ocr_par' dir='ltr' id='par_1_5' title="bbox 464 527 2044 602">
     <span class='ocr_line' id='line_1_5' title="bbox 464 527 2044 602; baseline -0.004 -17"><span class='ocrx_word' id='word_1_20' title='bbox 464 532 555 602; x_wconf 92' lang='lat' dir='ltr'><strong>qui</strong></span> <span class='ocrx_word' id='word_1_21' title='bbox 578 541 663 585; x_wconf 89' lang='lat' dir='ltr'><strong>est</strong></span> <span class='ocrx_word' id='word_1_22' title='bbox 696 529 931 584; x_wconf 85' lang='lat' dir='ltr'><strong>Verbum</strong></span> <span class='ocrx_word' id='word_1_23' title='bbox 966 528 1082 593; x_wconf 91' lang='lat' dir='ltr'><strong>Dei,</strong></span> <span class='ocrx_word' id='word_1_24' title='bbox 1113 527 1476 597; x_wconf 73' lang='lat' dir='ltr'><strong>possibilitate</strong></span> <span class='ocrx_word' id='word_1_25' title='bbox 1498 528 1892 598; x_wconf 84' lang='lat' dir='ltr'><strong>quidemjuxta</strong></span> <span class='ocrx_word' id='word_1_26' title='bbox 1925 545 2044 594; x_wconf 71' lang='lat' dir='ltr'><strong>nos,</strong></span> 
     </span>
    </p>
   </div>
   <div class='ocr_carea' id='block_1_6' title="bbox 462 621 2049 691">
    <p class='ocr_par' dir='ltr' id='par_1_6' title="bbox 462 621 2049 691">
     <span class='ocr_line' id='line_1_6' title="bbox 462 621 2049 691; baseline -0.002 -12"><span class='ocrx_word' id='word_1_27' title='bbox 462 623 567 679; x_wconf 83' lang='lat' dir='ltr'><strong>hoc</strong></span> <span class='ocrx_word' id='word_1_28' title='bbox 595 632 701 686; x_wconf 91' lang='lat' dir='ltr'><strong>est,</strong></span> <span class='ocrx_word' id='word_1_29' title='bbox 724 621 883 691; x_wconf 80' lang='lat' dir='ltr'><strong>juxta</strong></span> <span class='ocrx_word' id='word_1_30' title='bbox 910 634 998 674; x_wconf 93' lang='lat' dir='ltr'><strong>om</strong></span> <span class='ocrx_word' id='word_1_31' title='bbox 1011 635 1127 673; x_wconf 90' lang='lat' dir='ltr'><strong>nem</strong></span> <span class='ocrx_word' id='word_1_32' title='bbox 1160 621 1458 678; x_wconf 86' lang='lat' dir='ltr'><strong>hominem.</strong></span> <span class='ocrx_word' id='word_1_33' title='bbox 1484 635 1605 675; x_wconf 89' lang='lat' dir='ltr'><strong>esse</strong></span> <span class='ocrx_word' id='word_1_34' title='bbox 1629 622 1933 676; x_wconf 87' lang='lat' dir='ltr'><strong>credendus</strong></span> <span class='ocrx_word' id='word_1_35' title='bbox 1962 634 2049 677; x_wconf 83' lang='lat' dir='ltr'><strong>est</strong></span> 
     </span>
    </p>
   </div>
   <div class='ocr_carea' id='block_1_7' title="bbox 461 710 2044 784">
    <p class='ocr_par' dir='ltr' id='par_1_7' title="bbox 461 710 2044 784">
     <span class='ocr_line' id='line_1_7' title="bbox 461 710 2044 784; baseline -0.001 -14"><span class='ocrx_word' id='word_1_36' title='bbox 461 724 724 784; x_wconf 86' lang='lat' dir='ltr'><strong>tanquam</strong></span> <span class='ocrx_word' id='word_1_37' title='bbox 768 712 913 767; x_wconf 87' lang='lat' dir='ltr'><strong>ratio</strong></span> <span class='ocrx_word' id='word_1_38' title='bbox 947 710 1194 780; x_wconf 84' lang='lat' dir='ltr'><strong>parvulis</strong></span> <span class='ocrx_word' id='word_1_39' title='bbox 1237 727 1251 761; x_wconf 92' lang='lat'><strong>:</strong></span> <span class='ocrx_word' id='word_1_40' title='bbox 1310 712 1552 766; x_wconf 80' lang='lat' dir='ltr'><strong>eliicacia</strong></span> <span class='ocrx_word' id='word_1_41' title='bbox 1588 728 1719 767; x_wconf 88' lang='lat' dir='ltr'><strong>vero</strong></span> <span class='ocrx_word' id='word_1_42' title='bbox 1754 723 1882 768; x_wconf 83' lang='lat' dir='ltr'><strong>tunc</strong></span> <span class='ocrx_word' id='word_1_43' title='bbox 1934 714 2044 784; x_wconf 76' lang='lat'><strong>(95)</strong></span> 
     </span>
    </p>
   </div>
   <div class='ocr_carea' id='block_1_8' title="bbox 462 802 2045 867">
    <p class='ocr_par' dir='ltr' id='par_1_8' title="bbox 462 802 2045 867">
     <span class='ocr_line' id='line_1_8' title="bbox 462 802 2045 867; baseline -0.003 -6"><span class='ocrx_word' id='word_1_44' title='bbox 462 807 518 861; x_wconf 91' lang='lat' dir='ltr'><strong>in</strong></span> <span class='ocrx_word' id='word_1_45' title='bbox 540 822 625 860; x_wconf 90' lang='lat' dir='ltr'><strong>me</strong></span> <span class='ocrx_word' id='word_1_46' title='bbox 658 819 780 860; x_wconf 87' lang='lat' dir='ltr'><strong>esse</strong></span> <span class='ocrx_word' id='word_1_47' title='bbox 806 803 1027 867; x_wconf 90' lang='lat' dir='ltr'><strong>dicitur,</strong></span> <span class='ocrx_word' id='word_1_48' title='bbox 1056 818 1180 857; x_wconf 92' lang='lat' dir='ltr'><strong>cum</strong></span> <span class='ocrx_word' id='word_1_49' title='bbox 1210 802 1263 855; x_wconf 91' lang='lat' dir='ltr'><strong>in</strong></span> <span class='ocrx_word' id='word_1_50' title='bbox 1291 818 1391 858; x_wconf 91' lang='lat' dir='ltr'><strong>ore</strong></span> <span class='ocrx_word' id='word_1_51' title='bbox 1425 818 1546 857; x_wconf 90' lang='lat' dir='ltr'><strong>meo</strong></span> <span class='ocrx_word' id='word_1_52' title='bbox 1576 803 1860 860; x_wconf 77' lang='lat' dir='ltr'><strong>confessus</strong></span> <span class='ocrx_word' id='word_1_53' title='bbox 1891 806 2045 858; x_wconf 80' lang='lat' dir='ltr'><strong>fuero</strong></span> 
     </span>
    </p>
   </div>
   <div class='ocr_carea' id='block_1_9' title="bbox 460 896 2043 966">
    <p class='ocr_par' dir='ltr' id='par_1_9' title="bbox 460 896 2043 966">
     <span class='ocr_line' id='line_1_9' title="bbox 460 896 2043 966; baseline -0.003 -12"><span class='ocrx_word' id='word_1_54' title='bbox 460 900 749 954; x_wconf 89' lang='lat' dir='ltr'><strong>Dominum</strong></span> <span class='ocrx_word' id='word_1_55' title='bbox 776 896 983 961; x_wconf 84' lang='lat' dir='ltr'><strong>Jcsum,</strong></span> <span class='ocrx_word' id='word_1_56' title='bbox 1017 905 1072 951; x_wconf 94' lang='lat' dir='ltr'><strong>et</strong></span> <span class='ocrx_word' id='word_1_57' title='bbox 1112 897 1166 951; x_wconf 90' lang='lat' dir='ltr'><strong>in</strong></span> <span class='ocrx_word' id='word_1_58' title='bbox 1221 898 1385 953; x_wconf 91' lang='lat' dir='ltr'><strong>corde</strong></span> <span class='ocrx_word' id='word_1_59' title='bbox 1419 910 1539 953; x_wconf 91' lang='lat' dir='ltr'><strong>meo</strong></span> <span class='ocrx_word' id='word_1_60' title='bbox 1591 897 1874 951; x_wconf 79' lang='lat' dir='ltr'><strong>credidero</strong></span> <span class='ocrx_word' id='word_1_61' title='bbox 1901 898 2043 966; x_wconf 88' lang='lat' dir='ltr'><strong>quod</strong></span> 
     </span>
    </p>
   </div>
   <div class='ocr_carea' id='block_1_10' title="bbox 462 986 2043 1046">
    <p class='ocr_par' dir='ltr' id='par_1_10' title="bbox 462 986 2043 1046">
     <span class='ocr_line' id='line_1_10' title="bbox 462 986 2043 1046; baseline -0.003 -2"><span class='ocrx_word' id='word_1_62' title='bbox 462 990 604 1046; x_wconf 86' lang='lat' dir='ltr'><strong>Deus</strong></span> <span class='ocrx_word' id='word_1_63' title='bbox 664 989 814 1044; x_wconf 87' lang='lat' dir='ltr'><strong>illum</strong></span> <span class='ocrx_word' id='word_1_64' title='bbox 878 989 1164 1043; x_wconf 84' lang='lat' dir='ltr'><strong>suscitavit</strong></span> <span class='ocrx_word' id='word_1_65' title='bbox 1192 1004 1221 1040; x_wconf 92' lang='lat' dir='ltr'><strong>a</strong></span> <span class='ocrx_word' id='word_1_66' title='bbox 1273 988 1521 1042; x_wconf 88' lang='lat' dir='ltr'><strong>mortuis.</strong></span> <span class='ocrx_word' id='word_1_67' title='bbox 1555 986 1651 1041; x_wconf 79' lang='lat' dir='ltr'><strong>Vis</strong></span> <span class='ocrx_word' id='word_1_68' title='bbox 1689 996 1866 1041; x_wconf 90' lang='lat' dir='ltr'><strong>autem</strong></span> <span class='ocrx_word' id='word_1_69' title='bbox 1899 989 2043 1041; x_wconf 88' lang='lat' dir='ltr'><strong>scire</strong></span> 
     </span>
    </p>
   </div>
   <div class='ocr_carea' id='block_1_11' title="bbox 461 1079 2038 1150">
    <p class='ocr_par' dir='ltr' id='par_1_11' title="bbox 461 1079 2038 1150">
     <span class='ocr_line' id='line_1_11' title="bbox 461 1079 2038 1150; baseline -0.002 -16"><span class='ocrx_word' id='word_1_70' title='bbox 461 1081 586 1150; x_wconf 93' lang='lat' dir='ltr'><strong>quia</strong></span> <span class='ocrx_word' id='word_1_71' title='bbox 612 1085 768 1136; x_wconf 86' lang='lat' dir='ltr'><strong>adest</strong></span> <span class='ocrx_word' id='word_1_72' title='bbox 803 1079 1026 1149; x_wconf 91' lang='lat' dir='ltr'><strong>ubique,</strong></span> <span class='ocrx_word' id='word_1_73' title='bbox 1074 1087 1130 1133; x_wconf 90' lang='lat' dir='ltr'><strong>et</strong></span> <span class='ocrx_word' id='word_1_74' title='bbox 1158 1080 1364 1133; x_wconf 90' lang='lat' dir='ltr'><strong>medius</strong></span> <span class='ocrx_word' id='word_1_75' title='bbox 1394 1088 1480 1133; x_wconf 88' lang='lat' dir='ltr'><strong>est</strong></span> <span class='ocrx_word' id='word_1_76' title='bbox 1515 1079 1681 1134; x_wconf 90' lang='lat' dir='ltr'><strong>etiam</strong></span> <span class='ocrx_word' id='word_1_77' title='bbox 1729 1095 1918 1134; x_wconf 81' lang='lat' dir='ltr'><strong>eorum</strong></span> <span class='ocrx_word' id='word_1_78' title='bbox 1948 1081 2038 1146; x_wconf 85' lang='lat' dir='ltr'><strong>qui</strong></span> 
     </span>
    </p>
   </div>
   <div class='ocr_carea' id='block_1_12' title="bbox 460 1171 2041 1244">
    <p class='ocr_par' dir='ltr' id='par_1_12' title="bbox 460 1171 2041 1244">
     <span class='ocr_line' id='line_1_12' title="bbox 460 1171 2041 1244; baseline -0.001 -17"><span class='ocrx_word' id='word_1_79' title='bbox 460 1175 720 1244; x_wconf 82' lang='lat' dir='ltr'><strong>ignorant</strong></span> <span class='ocrx_word' id='word_1_80' title='bbox 765 1187 913 1237; x_wconf 90' lang='lat' dir='ltr'><strong>eum,</strong></span> <span class='ocrx_word' id='word_1_81' title='bbox 959 1181 1014 1227; x_wconf 92' lang='lat' dir='ltr'><strong>et</strong></span> <span class='ocrx_word' id='word_1_82' title='bbox 1047 1186 1153 1225; x_wconf 89' lang='lat' dir='ltr'><strong>non</strong></span> <span class='ocrx_word' id='word_1_83' title='bbox 1183 1171 1548 1226; x_wconf 81' lang='lat' dir='ltr'><strong>conﬁtentur?</strong></span> <span class='ocrx_word' id='word_1_84' title='bbox 1585 1172 1723 1225; x_wconf 86' lang='lat' dir='ltr'><strong>Audi</strong></span> <span class='ocrx_word' id='word_1_85' title='bbox 1770 1172 2041 1241; x_wconf 89' lang='lat' dir='ltr'><strong>quomodo</strong></span> 
     </span>
    </p>
   </div>
   <div class='ocr_carea' id='block_1_13' title="bbox 460 1263 2040 1335">
    <p class='ocr_par' dir='ltr' id='par_1_13' title="bbox 460 1263 2040 1335">
     <span class='ocr_line' id='line_1_13' title="bbox 460 1263 2040 1335; baseline -0.006 -13"><span class='ocrx_word' id='word_1_86' title='bbox 460 1266 694 1322; x_wconf 80' lang='lat' dir='ltr'><strong>Joannes</strong></span> <span class='ocrx_word' id='word_1_87' title='bbox 734 1264 972 1335; x_wconf 87' lang='lat' dir='ltr'><strong>Baptista</strong></span> <span class='ocrx_word' id='word_1_88' title='bbox 1011 1264 1079 1319; x_wconf 91' lang='lat' dir='ltr'><strong>de</strong></span> <span class='ocrx_word' id='word_1_89' title='bbox 1113 1279 1178 1319; x_wconf 91' lang='lat' dir='ltr'><strong>eo</strong></span> <span class='ocrx_word' id='word_1_90' title='bbox 1208 1265 1324 1319; x_wconf 66' lang='lat' dir='ltr'><strong>haec</strong></span> <span class='ocrx_word' id='word_1_91' title='bbox 1378 1264 1492 1332; x_wconf 82' lang='lat' dir='ltr'><strong>ipsa</strong></span> <span class='ocrx_word' id='word_1_92' title='bbox 1556 1272 1785 1318; x_wconf 87' lang='lat' dir='ltr'><strong>testatur</strong></span> <span class='ocrx_word' id='word_1_93' title='bbox 1817 1282 1830 1317; x_wconf 91' lang='lat'>:</span> <span class='ocrx_word' id='word_1_94' title='bbox 1869 1283 1886 1314; x_wconf 73' lang='grc' dir='ltr'>ί</span> <span class='ocrx_word' id='word_1_95' title='bbox 1925 1263 2040 1315; x_wconf 62' lang='grc' dir='ltr'><strong>Μιε-</strong></span> 
     </span>
    </p>
   </div>
   <div class='ocr_carea' id='block_1_14' title="bbox 461 1356 2038 1428">
    <p class='ocr_par' dir='ltr' id='par_1_14' title="bbox 461 1356 2038 1428">
     <span class='ocr_line' id='line_1_14' title="bbox 461 1356 2038 1428; baseline -0.006 -13"><span class='ocrx_word' id='word_1_96' title='bbox 461 1361 605 1424; x_wconf 83' lang='lat' dir='ltr'><strong>dius,</strong></span> <span class='ocrx_word' id='word_1_97' title='bbox 640 1360 816 1428; x_wconf 89' lang='lat' dir='ltr'><strong>inquit</strong></span> <span class='ocrx_word' id='word_1_98' title='bbox 848 1357 981 1428; x_wconf 87' lang='lat'><strong>(96),</strong></span> <span class='ocrx_word' id='word_1_99' title='bbox 1017 1365 1261 1410; x_wconf 86' lang='lat' dir='ltr'><strong>vestrum</strong></span> <span class='ocrx_word' id='word_1_100' title='bbox 1309 1364 1417 1409; x_wconf 86' lang='lat' dir='ltr'><strong>stat</strong></span> <span class='ocrx_word' id='word_1_101' title='bbox 1461 1369 1620 1424; x_wconf 84' lang='lat' dir='ltr'><strong>quem</strong></span> <span class='ocrx_word' id='word_1_102' title='bbox 1655 1370 1748 1408; x_wconf 78' lang='lat' dir='ltr'><strong>vos</strong></span> <span class='ocrx_word' id='word_1_103' title='bbox 1789 1356 2038 1415; x_wconf 72' lang='lat' dir='ltr'><strong>nescitis,</strong></span> 
     </span>
    </p>
   </div>
   <div class='ocr_carea' id='block_1_15' title="bbox 461 1447 2041 1523">
    <p class='ocr_par' dir='ltr' id='par_1_15' title="bbox 461 1447 2041 1523">
     <span class='ocr_line' id='line_1_15' title="bbox 461 1447 2041 1523; baseline -0.004 -16"><span class='ocrx_word' id='word_1_104' title='bbox 461 1453 552 1523; x_wconf 90' lang='lat' dir='ltr'><strong>qui</strong></span> <span class='ocrx_word' id='word_1_105' title='bbox 582 1462 701 1521; x_wconf 90' lang='lat' dir='ltr'><strong>post</strong></span> <span class='ocrx_word' id='word_1_106' title='bbox 721 1466 808 1506; x_wconf 92' lang='lat' dir='ltr'><strong>me</strong></span> <span class='ocrx_word' id='word_1_107' title='bbox 838 1450 986 1506; x_wconf 88' lang='lat' dir='ltr'><strong>venit</strong></span> <span class='ocrx_word' id='word_1_108' title='bbox 1016 1449 1082 1503; x_wconf 69' lang='grc' dir='ltr'><strong>ιο.</strong></span> <span class='ocrx_word' id='word_1_109' title='bbox 1114 1468 1131 1501; x_wconf 71' lang='grc' dir='ltr'><strong><em>ι</em></strong></span> <span class='ocrx_word' id='word_1_110' title='bbox 1170 1448 1266 1501; x_wconf 86' lang='lat' dir='ltr'><strong>Est</strong></span> <span class='ocrx_word' id='word_1_111' title='bbox 1292 1461 1424 1516; x_wconf 83' lang='lat' dir='ltr'><strong>ergo</strong></span> <span class='ocrx_word' id='word_1_112' title='bbox 1469 1447 1675 1500; x_wconf 89' lang='lat' dir='ltr'><strong>medius</strong></span> <span class='ocrx_word' id='word_1_113' title='bbox 1705 1447 1870 1501; x_wconf 90' lang='lat' dir='ltr'><strong>etiam</strong></span> <span class='ocrx_word' id='word_1_114' title='bbox 1898 1447 2041 1500; x_wconf 87' lang='lat' dir='ltr'><strong>inter</strong></span> 
     </span>
    </p>
   </div>
   <div class='ocr_carea' id='block_1_16' title="bbox 461 1537 2040 1612">
    <p class='ocr_par' dir='ltr' id='par_1_16' title="bbox 461 1537 2040 1612">
     <span class='ocr_line' id='line_1_16' title="bbox 461 1537 2040 1612; baseline -0.004 -15"><span class='ocrx_word' id='word_1_115' title='bbox 461 1558 554 1599; x_wconf 88' lang='lat' dir='ltr'><strong>eos</strong></span> <span class='ocrx_word' id='word_1_116' title='bbox 583 1543 673 1612; x_wconf 90' lang='lat' dir='ltr'><strong>qui</strong></span> <span class='ocrx_word' id='word_1_117' title='bbox 722 1556 845 1596; x_wconf 91' lang='lat' dir='ltr'><strong>eum</strong></span> <span class='ocrx_word' id='word_1_118' title='bbox 883 1541 1151 1602; x_wconf 92' lang='lat' dir='ltr'><strong>nesciunt,</strong></span> <span class='ocrx_word' id='word_1_119' title='bbox 1196 1537 1297 1593; x_wconf 91' lang='lat' dir='ltr'><strong>sed</strong></span> <span class='ocrx_word' id='word_1_120' title='bbox 1334 1537 1692 1605; x_wconf 85' lang='lat' dir='ltr'><strong>possibilitate</strong></span> <span class='ocrx_word' id='word_1_121' title='bbox 1721 1538 1800 1591; x_wconf 90' lang='lat' dir='ltr'><strong>eis</strong></span> <span class='ocrx_word' id='word_1_122' title='bbox 1832 1539 2040 1591; x_wconf 90' lang='lat' dir='ltr'><strong>medius</strong></span> 
     </span>
    </p>
   </div>
   <div class='ocr_carea' id='block_1_17' title="bbox 461 1630 2037 1701">
    <p class='ocr_par' dir='ltr' id='par_1_17' title="bbox 461 1630 2037 1701">
     <span class='ocr_line' id='line_1_17' title="bbox 461 1630 2037 1701; baseline -0.007 -10"><span class='ocrx_word' id='word_1_123' title='bbox 461 1646 564 1701; x_wconf 89' lang='lat' dir='ltr'><strong>est,</strong></span> <span class='ocrx_word' id='word_1_124' title='bbox 602 1651 706 1689; x_wconf 93' lang='lat' dir='ltr'><strong>non</strong></span> <span class='ocrx_word' id='word_1_125' title='bbox 748 1632 1284 1689; x_wconf 81' lang='lat' dir='ltr'><strong>elIicacia..I‘ossunt</strong></span> <span class='ocrx_word' id='word_1_126' title='bbox 1311 1630 1458 1685; x_wconf 91' lang='lat' dir='ltr'><strong>enim</strong></span> <span class='ocrx_word' id='word_1_127' title='bbox 1510 1644 1632 1684; x_wconf 91' lang='lat' dir='ltr'><strong>eum</strong></span> <span class='ocrx_word' id='word_1_128' title='bbox 1667 1645 1888 1700; x_wconf 90' lang='lat' dir='ltr'><strong>capere.</strong></span> <span class='ocrx_word' id='word_1_129' title='bbox 1945 1630 2037 1682; x_wconf 89' lang='lat' dir='ltr'><strong>scd</strong></span> 
     </span>
    </p>
   </div>
   <div class='ocr_carea' id='block_1_18' title="bbox 460 1721 2037 1793">
    <p class='ocr_par' dir='ltr' id='par_1_18' title="bbox 460 1721 2037 1793">
     <span class='ocr_line' id='line_1_18' title="bbox 460 1721 2037 1793; baseline -0.004 -10"><span class='ocrx_word' id='word_1_130' title='bbox 460 1727 701 1783; x_wconf 90' lang='lat' dir='ltr'><strong>nondum</strong></span> <span class='ocrx_word' id='word_1_131' title='bbox 730 1726 975 1793; x_wconf 87' lang='lat' dir='ltr'><strong>capiunt.</strong></span> <span class='ocrx_word' id='word_1_132' title='bbox 1007 1721 1253 1777; x_wconf 81' lang='lat' dir='ltr'><strong>Eliicacia</strong></span> <span class='ocrx_word' id='word_1_133' title='bbox 1278 1737 1411 1778; x_wconf 91' lang='lat' dir='ltr'><strong>vero</strong></span> <span class='ocrx_word' id='word_1_134' title='bbox 1442 1722 1524 1776; x_wconf 89' lang='lat' dir='ltr'><strong>vel</strong></span> <span class='ocrx_word' id='word_1_135' title='bbox 1549 1722 1843 1777; x_wconf 84' lang='lat' dir='ltr'><strong>eliicientia</strong></span> <span class='ocrx_word' id='word_1_136' title='bbox 1894 1724 2037 1779; x_wconf 84' lang='lat' dir='ltr'><strong>inter</strong></span> 
     </span>
    </p>
   </div>
   <div class='ocr_carea' id='block_1_19' title="bbox 2153 527 3735 600">
    <p class='ocr_par' dir='ltr' id='par_1_19' title="bbox 2153 527 3735 600">
     <span class='ocr_line' id='line_1_19' title="bbox 2153 527 3735 600; baseline 0.004 -19"><span class='ocrx_word' id='word_1_137' title='bbox 2153 529 2456 596; x_wconf 83' lang='lat' dir='ltr'><strong>proﬁtetur.</strong></span> <span class='ocrx_word' id='word_1_138' title='bbox 2489 527 2594 581; x_wconf 90' lang='lat' dir='ltr'><strong>Sed</strong></span> <span class='ocrx_word' id='word_1_139' title='bbox 2632 538 2685 582; x_wconf 86' lang='lat' dir='ltr'><strong>et</strong></span> <span class='ocrx_word' id='word_1_140' title='bbox 2718 530 2948 583; x_wconf 90' lang='lat' dir='ltr'><strong>credens</strong></span> <span class='ocrx_word' id='word_1_141' title='bbox 2988 530 3041 583; x_wconf 92' lang='lat' dir='ltr'><strong>in</strong></span> <span class='ocrx_word' id='word_1_142' title='bbox 3073 532 3236 584; x_wconf 89' lang='lat' dir='ltr'><strong>corde</strong></span> <span class='ocrx_word' id='word_1_143' title='bbox 3264 545 3365 585; x_wconf 94' lang='lat' dir='ltr'><strong>suo</strong></span> <span class='ocrx_word' id='word_1_144' title='bbox 3408 533 3554 600; x_wconf 91' lang='lat' dir='ltr'><strong>quod</strong></span> <span class='ocrx_word' id='word_1_145' title='bbox 3591 533 3735 587; x_wconf 88' lang='lat' dir='ltr'><strong>Deus</strong></span> 
     </span>
    </p>
   </div>
   <div class='ocr_carea' id='block_1_20' title="bbox 2152 620 3729 690">
    <p class='ocr_par' dir='ltr' id='par_1_20' title="bbox 2152 620 3729 690">
     <span class='ocr_line' id='line_1_20' title="bbox 2152 620 3729 690; baseline 0.003 -17"><span class='ocrx_word' id='word_1_146' title='bbox 2152 620 2300 674; x_wconf 93' lang='lat' dir='ltr'><strong>illum</strong></span> <span class='ocrx_word' id='word_1_147' title='bbox 2328 622 2615 674; x_wconf 86' lang='lat' dir='ltr'><strong>suscitavit</strong></span> <span class='ocrx_word' id='word_1_148' title='bbox 2641 638 2667 674; x_wconf 92' lang='lat' dir='ltr'><strong>a</strong></span> <span class='ocrx_word' id='word_1_149' title='bbox 2698 623 2948 688; x_wconf 87' lang='lat' dir='ltr'><strong>mortuis,</strong></span> <span class='ocrx_word' id='word_1_150' title='bbox 2982 629 3192 677; x_wconf 86' lang='lat' dir='ltr'><strong>certum</strong></span> <span class='ocrx_word' id='word_1_151' title='bbox 3220 632 3306 676; x_wconf 91' lang='lat' dir='ltr'><strong>est</strong></span> <span class='ocrx_word' id='word_1_152' title='bbox 3340 624 3468 690; x_wconf 87' lang='lat' dir='ltr'><strong>quia</strong></span> <span class='ocrx_word' id='word_1_153' title='bbox 3497 625 3729 677; x_wconf 87' lang='lat' dir='ltr'><strong>suscita-</strong></span> 
     </span>
    </p>
   </div>
   <div class='ocr_carea' id='block_1_21' title="bbox 2148 713 3730 785">
    <p class='ocr_par' dir='ltr' id='par_1_21' title="bbox 2148 713 3730 785">
     <span class='ocr_line' id='line_1_21' title="bbox 2148 713 3730 785; baseline 0.001 -20"><span class='ocrx_word' id='word_1_154' title='bbox 2148 723 2259 766; x_wconf 87' lang='lat' dir='ltr'><strong>tttnt</strong></span> <span class='ocrx_word' id='word_1_155' title='bbox 2292 729 2414 767; x_wconf 89' lang='lat' dir='ltr'><strong>eum</strong></span> <span class='ocrx_word' id='word_1_156' title='bbox 2462 714 2528 766; x_wconf 93' lang='lat' dir='ltr'><strong>ad</strong></span> <span class='ocrx_word' id='word_1_157' title='bbox 2572 713 3019 782; x_wconf 83' lang='lat' dir='ltr'><strong>justiﬁcationem</strong></span> <span class='ocrx_word' id='word_1_158' title='bbox 3068 716 3150 769; x_wconf 92' lang='lat' dir='ltr'><strong>sui</strong></span> <span class='ocrx_word' id='word_1_159' title='bbox 3202 715 3377 768; x_wconf 88' lang='lat' dir='ltr'><strong>credit</strong></span> <span class='ocrx_word' id='word_1_160' title='bbox 3411 714 3546 785; x_wconf 87' lang='lat'><strong>(99).</strong></span> <span class='ocrx_word' id='word_1_161' title='bbox 3576 715 3730 767; x_wconf 87' lang='lat' dir='ltr'><strong>Alio-</strong></span> 
     </span>
    </p>
   </div>
   <div class='ocr_carea' id='block_1_22' title="bbox 2147 806 3728 877">
    <p class='ocr_par' dir='ltr' id='par_1_22' title="bbox 2147 806 3728 877">
     <span class='ocr_line' id='line_1_22' title="bbox 2147 806 3728 877; baseline 0 -18"><span class='ocrx_word' id='word_1_162' title='bbox 2147 808 2303 871; x_wconf 92' lang='lat' dir='ltr'><strong>quin,</strong></span> <span class='ocrx_word' id='word_1_163' title='bbox 2334 806 2464 875; x_wconf 89' lang='lat' dir='ltr'><strong>quid</strong></span> <span class='ocrx_word' id='word_1_164' title='bbox 2494 808 2737 876; x_wconf 90' lang='lat' dir='ltr'><strong>proderit</strong></span> <span class='ocrx_word' id='word_1_165' title='bbox 2765 809 2908 862; x_wconf 91' lang='lat' dir='ltr'><strong>scire</strong></span> <span class='ocrx_word' id='word_1_166' title='bbox 2933 825 3019 863; x_wconf 89' lang='lat' dir='ltr'><strong>me</strong></span> <span class='ocrx_word' id='word_1_167' title='bbox 3044 817 3099 863; x_wconf 91' lang='lat' dir='ltr'><strong>et</strong></span> <span class='ocrx_word' id='word_1_168' title='bbox 3125 810 3346 862; x_wconf 83' lang='lat' dir='ltr'><strong>credere</strong></span> <span class='ocrx_word' id='word_1_169' title='bbox 3371 808 3516 877; x_wconf 88' lang='lat' dir='ltr'><strong>quod</strong></span> <span class='ocrx_word' id='word_1_170' title='bbox 3540 807 3728 863; x_wconf 81' lang='lat' dir='ltr'><strong>Jesum</strong></span> 
     </span>
    </p>
   </div>
   <div class='ocr_carea' id='block_1_23' title="bbox 2150 898 3729 969">
    <p class='ocr_par' dir='ltr' id='par_1_23' title="bbox 2150 898 3729 969">
     <span class='ocr_line' id='line_1_23' title="bbox 2150 898 3729 969; baseline 0 -18"><span class='ocrx_word' id='word_1_171' title='bbox 2150 898 2288 952; x_wconf 90' lang='lat' dir='ltr'><strong>Deus</strong></span> <span class='ocrx_word' id='word_1_172' title='bbox 2320 898 2603 952; x_wconf 84' lang='lat' dir='ltr'><strong>suscitavit</strong></span> <span class='ocrx_word' id='word_1_173' title='bbox 2633 915 2660 950; x_wconf 90' lang='lat' dir='ltr'><strong>a</strong></span> <span class='ocrx_word' id='word_1_174' title='bbox 2697 900 2944 963; x_wconf 91' lang='lat' dir='ltr'><strong>mortuis,</strong></span> <span class='ocrx_word' id='word_1_175' title='bbox 2980 900 3111 969; x_wconf 73' lang='lat' dir='ltr'><strong>siin</strong></span> <span class='ocrx_word' id='word_1_176' title='bbox 3142 914 3228 954; x_wconf 91' lang='lat' dir='ltr'><strong>me</strong></span> <span class='ocrx_word' id='word_1_177' title='bbox 3269 900 3387 967; x_wconf 86' lang='lat' dir='ltr'><strong>ipso</strong></span> <span class='ocrx_word' id='word_1_178' title='bbox 3432 913 3557 953; x_wconf 91' lang='lat' dir='ltr'><strong>eum</strong></span> <span class='ocrx_word' id='word_1_179' title='bbox 3620 913 3729 952; x_wconf 92' lang='lat' dir='ltr'><strong>non</strong></span> 
     </span>
    </p>
   </div>
   <div class='ocr_carea' id='block_1_24' title="bbox 2149 988 3727 1060">
    <p class='ocr_par' dir='ltr' id='par_1_24' title="bbox 2149 988 3727 1060">
     <span class='ocr_line' id='line_1_24' title="bbox 2149 988 3727 1060; baseline 0.002 -19"><span class='ocrx_word' id='word_1_180' title='bbox 2149 988 2374 1042; x_wconf 82' lang='lat' dir='ltr'><strong>habeam</strong></span> <span class='ocrx_word' id='word_1_181' title='bbox 2436 991 2796 1044; x_wconf 75' lang='lat' dir='ltr'><strong>suscitatam?</strong></span> <span class='ocrx_word' id='word_1_182' title='bbox 2850 991 2991 1060; x_wconf 87' lang='lat' dir='ltr'><strong>Ergo</strong></span> <span class='ocrx_word' id='word_1_183' title='bbox 3033 992 3077 1045; x_wconf 90' lang='lat' dir='ltr'><strong>si</strong></span> <span class='ocrx_word' id='word_1_184' title='bbox 3112 1007 3216 1045; x_wconf 93' lang='lat' dir='ltr'><strong>non</strong></span> <span class='ocrx_word' id='word_1_185' title='bbox 3252 992 3304 1044; x_wconf 92' lang='lat' dir='ltr'><strong>in</strong></span> <span class='ocrx_word' id='word_1_186' title='bbox 3359 991 3600 1044; x_wconf 90' lang='lat' dir='ltr'><strong>novitate</strong></span> <span class='ocrx_word' id='word_1_187' title='bbox 3648 988 3727 1060; x_wconf 89' lang='grc' dir='ltr'>(Ι)</span> 
     </span>
    </p>
   </div>
   <div class='ocr_carea' id='block_1_25' title="bbox 2149 1080 3725 1149">
    <p class='ocr_par' dir='ltr' id='par_1_25' title="bbox 2149 1080 3725 1149">
     <span class='ocr_line' id='line_1_25' title="bbox 2149 1080 3725 1149; baseline -0.001 -14"><span class='ocrx_word' id='word_1_188' title='bbox 2149 1083 2270 1135; x_wconf 71' lang='lat' dir='ltr'><strong>vitae</strong></span> <span class='ocrx_word' id='word_1_189' title='bbox 2294 1080 2538 1143; x_wconf 90' lang='lat' dir='ltr'><strong>ambulo,</strong></span> <span class='ocrx_word' id='word_1_190' title='bbox 2572 1091 2624 1133; x_wconf 89' lang='lat' dir='ltr'><strong>et</strong></span> <span class='ocrx_word' id='word_1_191' title='bbox 2656 1090 2922 1134; x_wconf 80' lang='lat' dir='ltr'><strong>vetustam</strong></span> <span class='ocrx_word' id='word_1_192' title='bbox 2962 1084 3217 1149; x_wconf 87' lang='lat' dir='ltr'><strong>peccandi</strong></span> <span class='ocrx_word' id='word_1_193' title='bbox 3267 1081 3725 1135; x_wconf 83' lang='lat' dir='ltr'><strong>consuetudinem</strong></span> 
     </span>
    </p>
   </div>
   <div class='ocr_carea' id='block_1_26' title="bbox 2146 1172 3728 1241">
    <p class='ocr_par' dir='ltr' id='par_1_26' title="bbox 2146 1172 3728 1241">
     <span class='ocr_line' id='line_1_26' title="bbox 2146 1172 3728 1241; baseline 0.002 -17"><span class='ocrx_word' id='word_1_194' title='bbox 2146 1187 2251 1225; x_wconf 93' lang='lat' dir='ltr'><strong>non</strong></span> <span class='ocrx_word' id='word_1_195' title='bbox 2279 1172 2453 1241; x_wconf 81' lang='lat' dir='ltr'><strong>fugio,</strong></span> <span class='ocrx_word' id='word_1_196' title='bbox 2481 1174 2718 1226; x_wconf 87' lang='lat' dir='ltr'><strong>nondum</strong></span> <span class='ocrx_word' id='word_1_197' title='bbox 2752 1172 2883 1226; x_wconf 92' lang='lat' dir='ltr'><strong>mihi</strong></span> <span class='ocrx_word' id='word_1_198' title='bbox 2920 1172 3168 1227; x_wconf 84' lang='lat' dir='ltr'><strong>Christus</strong></span> <span class='ocrx_word' id='word_1_199' title='bbox 3198 1173 3494 1227; x_wconf 80' lang='lat' dir='ltr'><strong>resurrexit</strong></span> <span class='ocrx_word' id='word_1_200' title='bbox 3526 1190 3554 1223; x_wconf 91' lang='lat' dir='ltr'><strong>a</strong></span> <span class='ocrx_word' id='word_1_201' title='bbox 3583 1188 3728 1227; x_wconf 87' lang='lat' dir='ltr'><strong>mor-</strong></span> 
     </span>
    </p>
   </div>
   <div class='ocr_carea' id='block_1_27' title="bbox 2146 1264 3724 1319">
    <p class='ocr_par' dir='ltr' id='par_1_27' title="bbox 2146 1264 3724 1319">
     <span class='ocr_line' id='line_1_27' title="bbox 2146 1264 3724 1319; baseline 0.003 -4"><span class='ocrx_word' id='word_1_202' title='bbox 2146 1264 2273 1319; x_wconf 89' lang='lat' dir='ltr'><strong>tuis.</strong></span> <span class='ocrx_word' id='word_1_203' title='bbox 2311 1265 2390 1317; x_wconf 84' lang='lat' dir='ltr'><strong>Ad</strong></span> <span class='ocrx_word' id='word_1_204' title='bbox 2416 1265 2560 1319; x_wconf 89' lang='lat' dir='ltr'><strong>hunc</strong></span> <span class='ocrx_word' id='word_1_205' title='bbox 2593 1275 2773 1318; x_wconf 85' lang='lat' dir='ltr'><strong>autem</strong></span> <span class='ocrx_word' id='word_1_206' title='bbox 2813 1280 3032 1319; x_wconf 87' lang='lat' dir='ltr'><strong>sensum</strong></span> <span class='ocrx_word' id='word_1_207' title='bbox 3070 1266 3235 1319; x_wconf 86' lang='lat' dir='ltr'><strong>etiam</strong></span> <span class='ocrx_word' id='word_1_208' title='bbox 3287 1280 3352 1319; x_wconf 90' lang='lat' dir='ltr'><strong>ea</strong></span> <span class='ocrx_word' id='word_1_209' title='bbox 3388 1266 3724 1319; x_wconf 87' lang='lat' dir='ltr'><strong>conveniunt</strong></span> 
     </span>
    </p>
   </div>
   <div class='ocr_carea' id='block_1_28' title="bbox 2144 1358 3720 1431">
    <p class='ocr_par' dir='ltr' id='par_1_28' title="bbox 2144 1358 3720 1431">
     <span class='ocr_line' id='line_1_28' title="bbox 2144 1358 3720 1431; baseline -0.001 -19"><span class='ocrx_word' id='word_1_210' title='bbox 2144 1377 2263 1429; x_wconf 71' lang='lat' dir='ltr'><strong>quae</strong></span> <span class='ocrx_word' id='word_1_211' title='bbox 2289 1370 2612 1431; x_wconf 90' lang='lat' dir='ltr'><strong>sequuntur,</strong></span> <span class='ocrx_word' id='word_1_212' title='bbox 2636 1358 2849 1429; x_wconf 87' lang='lat' dir='ltr'><strong>quando</strong></span> <span class='ocrx_word' id='word_1_213' title='bbox 2877 1360 2953 1413; x_wconf 88' lang='lat' dir='ltr'><strong>ait</strong></span> <span class='ocrx_word' id='word_1_214' title='bbox 2978 1378 2992 1413; x_wconf 89' lang='lat'><strong>:</strong></span> <span class='ocrx_word' id='word_1_215' title='bbox 3025 1379 3045 1411; x_wconf 70' lang='grc' dir='ltr'>ι</span> <span class='ocrx_word' id='word_1_216' title='bbox 3077 1358 3217 1414; x_wconf 83' lang='lat' dir='ltr'><strong>Dicit</strong></span> <span class='ocrx_word' id='word_1_217' title='bbox 3243 1359 3386 1414; x_wconf 87' lang='lat' dir='ltr'><strong>enim</strong></span> <span class='ocrx_word' id='word_1_218' title='bbox 3418 1358 3720 1427; x_wconf 87' lang='lat' dir='ltr'><strong>Scriptura,</strong></span> 
     </span>
    </p>
   </div>
   <div class='ocr_carea' id='block_1_29' title="bbox 2143 1450 3721 1521">
    <p class='ocr_par' dir='ltr' id='par_1_29' title="bbox 2143 1450 3721 1521">
     <span class='ocr_line' id='line_1_29' title="bbox 2143 1450 3721 1521; baseline -0.001 -17"><span class='ocrx_word' id='word_1_219' title='bbox 2143 1452 2270 1518; x_wconf 85' lang='lat' dir='ltr'><strong>quia</strong></span> <span class='ocrx_word' id='word_1_220' title='bbox 2307 1452 2487 1505; x_wconf 90' lang='lat' dir='ltr'><strong>omnis</strong></span> <span class='ocrx_word' id='word_1_221' title='bbox 2515 1452 2607 1521; x_wconf 85' lang='lat' dir='ltr'><strong>qui</strong></span> <span class='ocrx_word' id='word_1_222' title='bbox 2641 1453 2818 1506; x_wconf 84' lang='lat' dir='ltr'><strong>credit</strong></span> <span class='ocrx_word' id='word_1_223' title='bbox 2846 1453 2899 1507; x_wconf 92' lang='lat' dir='ltr'><strong>in</strong></span> <span class='ocrx_word' id='word_1_224' title='bbox 2935 1467 3084 1515; x_wconf 90' lang='lat' dir='ltr'><strong>eum,</strong></span> <span class='ocrx_word' id='word_1_225' title='bbox 3136 1465 3245 1505; x_wconf 92' lang='lat' dir='ltr'><strong>non</strong></span> <span class='ocrx_word' id='word_1_226' title='bbox 3293 1450 3575 1504; x_wconf 89' lang='lat' dir='ltr'><strong>erubescet</strong></span> <span class='ocrx_word' id='word_1_227' title='bbox 3599 1451 3661 1505; x_wconf 81' lang='grc'><strong>¹².</strong></span> <span class='ocrx_word' id='word_1_228' title='bbox 3697 1469 3721 1502; x_wconf 76' lang='grc' dir='ltr'><strong><em>ι</em></strong></span> 
     </span>
    </p>
   </div>
   <div class='ocr_carea' id='block_1_30' title="bbox 2146 1540 3722 1611">
    <p class='ocr_par' dir='ltr' id='par_1_30' title="bbox 2146 1540 3722 1611">
     <span class='ocr_line' id='line_1_30' title="bbox 2146 1540 3722 1611; baseline -0.002 -17"><span class='ocrx_word' id='word_1_229' title='bbox 2146 1540 2259 1595; x_wconf 80' lang='lat' dir='ltr'><strong>Hoc</strong></span> <span class='ocrx_word' id='word_1_230' title='bbox 2291 1554 2473 1596; x_wconf 89' lang='lat' dir='ltr'><strong>autem</strong></span> <span class='ocrx_word' id='word_1_231' title='bbox 2505 1542 2645 1611; x_wconf 91' lang='lat' dir='ltr'><strong>apud</strong></span> <span class='ocrx_word' id='word_1_232' title='bbox 2678 1540 2872 1598; x_wconf 84' lang='lat' dir='ltr'><strong>Isaiam</strong></span> <span class='ocrx_word' id='word_1_233' title='bbox 2900 1544 3164 1610; x_wconf 87' lang='lat' dir='ltr'><strong>scriptum</strong></span> <span class='ocrx_word' id='word_1_234' title='bbox 3193 1550 3298 1596; x_wconf 86' lang='lat' dir='ltr'><strong>est.</strong></span> <span class='ocrx_word' id='word_1_235' title='bbox 3335 1541 3487 1606; x_wconf 87' lang='lat' dir='ltr'><strong>Quod</strong></span> <span class='ocrx_word' id='word_1_236' title='bbox 3524 1540 3566 1594; x_wconf 92' lang='lat' dir='ltr'><strong>si</strong></span> <span class='ocrx_word' id='word_1_237' title='bbox 3597 1556 3722 1593; x_wconf 84' lang='lat' dir='ltr'><strong>ont-</strong></span> 
     </span>
    </p>
   </div>
   <div class='ocr_carea' id='block_1_31' title="bbox 2143 1630 3723 1708">
    <p class='ocr_par' dir='ltr' id='par_1_31' title="bbox 2143 1630 3723 1708">
     <span class='ocr_line' id='line_1_31' title="bbox 2143 1630 3723 1708; baseline 0.001 -28"><span class='ocrx_word' id='word_1_238' title='bbox 2143 1630 2229 1682; x_wconf 87' lang='lat' dir='ltr'><strong>nis</strong></span> <span class='ocrx_word' id='word_1_239' title='bbox 2267 1631 2359 1698; x_wconf 93' lang='lat' dir='ltr'><strong>qui</strong></span> <span class='ocrx_word' id='word_1_240' title='bbox 2397 1630 2569 1685; x_wconf 86' lang='lat' dir='ltr'><strong>credit</strong></span> <span class='ocrx_word' id='word_1_241' title='bbox 2620 1632 2673 1685; x_wconf 92' lang='lat' dir='ltr'><strong>in</strong></span> <span class='ocrx_word' id='word_1_242' title='bbox 2727 1646 2872 1696; x_wconf 90' lang='lat' dir='ltr'><strong>eum,</strong></span> <span class='ocrx_word' id='word_1_243' title='bbox 2917 1647 3036 1708; x_wconf 85' lang='lat' dir='ltr'><strong>non</strong></span> <span class='ocrx_word' id='word_1_244' title='bbox 3084 1632 3412 1687; x_wconf 86' lang='lat' dir='ltr'><strong>erubescet:</strong></span> <span class='ocrx_word' id='word_1_245' title='bbox 3444 1630 3723 1685; x_wconf 84' lang='lat' dir='ltr'><strong>erubescit</strong></span> 
     </span>
    </p>
   </div>
   <div class='ocr_carea' id='block_1_32' title="bbox 2143 1723 3723 1793">
    <p class='ocr_par' dir='ltr' id='par_1_32' title="bbox 2143 1723 3723 1793">
     <span class='ocr_line' id='line_1_32' title="bbox 2143 1723 3723 1793; baseline 0 -18"><span class='ocrx_word' id='word_1_246' title='bbox 2143 1732 2321 1775; x_wconf 89' lang='lat' dir='ltr'><strong>autem</strong></span> <span class='ocrx_word' id='word_1_247' title='bbox 2364 1724 2543 1777; x_wconf 91' lang='lat' dir='ltr'><strong>omnis</strong></span> <span class='ocrx_word' id='word_1_248' title='bbox 2588 1723 2681 1793; x_wconf 88' lang='lat' dir='ltr'><strong>qui</strong></span> <span class='ocrx_word' id='word_1_249' title='bbox 2716 1733 2929 1793; x_wconf 86' lang='lat' dir='ltr'><strong>peccat,</strong></span> <span class='ocrx_word' id='word_1_250' title='bbox 2965 1726 3104 1778; x_wconf 90' lang='lat' dir='ltr'><strong>sicut</strong></span> <span class='ocrx_word' id='word_1_251' title='bbox 3146 1724 3319 1778; x_wconf 86' lang='lat' dir='ltr'><strong>Adam</strong></span> <span class='ocrx_word' id='word_1_252' title='bbox 3364 1724 3630 1792; x_wconf 83' lang='lat' dir='ltr'><strong>peccavit,</strong></span> <span class='ocrx_word' id='word_1_253' title='bbox 3667 1728 3723 1775; x_wconf 86' lang='lat' dir='ltr'><strong>et</strong></span> 
     </span>
    </p>
   </div>
   <div class='ocr_carea' id='block_1_33' title="bbox 461 1797 3724 1887">
    <p class='ocr_par' dir='ltr' id='par_1_33' title="bbox 461 1797 3724 1887">
     <span class='ocr_line' id='line_1_33' title="bbox 461 1797 3724 1887; baseline -0.002 -13"><span class='ocrx_word' id='word_1_254' title='bbox 461 1819 586 1876; x_wconf 89' lang='lat' dir='ltr'><strong>illos</strong></span> <span class='ocrx_word' id='word_1_255' title='bbox 616 1819 827 1873; x_wconf 89' lang='lat' dir='ltr'><strong>medius</strong></span> <span class='ocrx_word' id='word_1_256' title='bbox 852 1826 936 1870; x_wconf 86' lang='lat' dir='ltr'><strong>est</strong></span> <span class='ocrx_word' id='word_1_257' title='bbox 966 1815 1166 1885; x_wconf 91' lang='lat' dir='ltr'><strong>quibus</strong></span> <span class='ocrx_word' id='word_1_258' title='bbox 1196 1813 1417 1869; x_wconf 89' lang='lat' dir='ltr'><strong>dicebat</strong></span> <span class='ocrx_word' id='word_1_259' title='bbox 1443 1831 1457 1867; x_wconf 89' lang='lat'><strong>:</strong></span> <span class='ocrx_word' id='word_1_260' title='bbox 1497 1833 1516 1864; x_wconf 72' lang='grc' dir='ltr'>ί</span> <span class='ocrx_word' id='word_1_261' title='bbox 1564 1813 1887 1885; x_wconf 89' lang='lat' dir='ltr'><strong>Ubicunque</strong></span> <span class='ocrx_word' id='word_1_262' title='bbox 1919 1814 2035 1869; x_wconf 78' lang='lat' dir='ltr'><strong>lue-</strong></span> <span class='ocrx_word' id='word_1_263' title='bbox 2070 1797 2114 1851; x_wconf 75' lang='grc' dir='ltr'><strong>Β</strong></span> <span class='ocrx_word' id='word_1_264' title='bbox 2140 1815 2379 1878; x_wconf 85' lang='lat' dir='ltr'><strong>erubuit,</strong></span> <span class='ocrx_word' id='word_1_265' title='bbox 2404 1825 2457 1870; x_wconf 90' lang='lat' dir='ltr'><strong>et</strong></span> <span class='ocrx_word' id='word_1_266' title='bbox 2485 1815 2770 1869; x_wconf 87' lang='lat' dir='ltr'><strong>abscondit</strong></span> <span class='ocrx_word' id='word_1_267' title='bbox 2810 1831 2871 1870; x_wconf 89' lang='lat' dir='ltr'><strong>se</strong></span> <span class='ocrx_word' id='word_1_268' title='bbox 2896 1816 2937 1847; x_wconf 77' lang='grc'>⁸³</span> <span class='ocrx_word' id='word_1_269' title='bbox 2965 1834 2978 1869; x_wconf 94' lang='lat'><strong>:</strong></span> <span class='ocrx_word' id='word_1_270' title='bbox 3006 1817 3097 1886; x_wconf 85' lang='lat' dir='ltr'><strong>qui</strong></span> <span class='ocrx_word' id='word_1_271' title='bbox 3144 1815 3325 1869; x_wconf 87' lang='lat' dir='ltr'><strong>adhuc</strong></span> <span class='ocrx_word' id='word_1_272' title='bbox 3354 1819 3608 1872; x_wconf 87' lang='lat' dir='ltr'><strong>ruborem</strong></span> <span class='ocrx_word' id='word_1_273' title='bbox 3641 1814 3724 1887; x_wconf 69' lang='lat'><strong>(:2)</strong></span> 
     </span>
    </p>
   </div>
   <div class='ocr_carea' id='block_1_34' title="bbox 429 1903 2033 1988">
    <p class='ocr_par' dir='ltr' id='par_1_34' title="bbox 429 1903 2033 1988">
     <span class='ocr_line' id='line_1_34' title="bbox 429 1903 2033 1988; baseline -0.004 -21"><span class='ocrx_word' id='word_1_274' title='bbox 429 1903 570 1967; x_wconf 30' lang='lat' dir='ltr'><strong>.rint</strong></span> <span class='ocrx_word' id='word_1_275' title='bbox 593 1909 904 1981; x_wconf 75' lang='lat' dir='ltr'><strong>congregati</strong></span> <span class='ocrx_word' id='word_1_276' title='bbox 932 1909 1038 1962; x_wconf 93' lang='lat' dir='ltr'><strong>duo</strong></span> <span class='ocrx_word' id='word_1_277' title='bbox 1069 1905 1152 1960; x_wconf 90' lang='lat' dir='ltr'><strong>vel</strong></span> <span class='ocrx_word' id='word_1_278' title='bbox 1179 1914 1289 1960; x_wconf 91' lang='lat' dir='ltr'><strong>tres</strong></span> <span class='ocrx_word' id='word_1_279' title='bbox 1317 1906 1368 1959; x_wconf 93' lang='lat' dir='ltr'><strong>in</strong></span> <span class='ocrx_word' id='word_1_280' title='bbox 1395 1906 1617 1988; x_wconf 73' lang='lat' dir='ltr'><strong>nomine</strong></span> <span class='ocrx_word' id='word_1_281' title='bbox 1650 1921 1792 1969; x_wconf 87' lang='lat' dir='ltr'><strong>meo,</strong></span> <span class='ocrx_word' id='word_1_282' title='bbox 1816 1907 1886 1961; x_wconf 92' lang='lat' dir='ltr'><strong>ibi</strong></span> <span class='ocrx_word' id='word_1_283' title='bbox 1916 1924 2033 1961; x_wconf 89' lang='lat' dir='ltr'><strong>sum</strong></span> 
     </span>
    </p>
   </div>
   <div class='ocr_carea' id='block_1_35' title="bbox 460 1998 2035 2058">
    <p class='ocr_par' dir='ltr' id='par_1_35' title="bbox 460 1998 2035 2058">
     <span class='ocr_line' id='line_1_35' title="bbox 460 1998 2035 2058; baseline -0.003 0"><span class='ocrx_word' id='word_1_284' title='bbox 460 2005 515 2058; x_wconf 93' lang='lat' dir='ltr'><strong>in</strong></span> <span class='ocrx_word' id='word_1_285' title='bbox 538 2004 713 2058; x_wconf 90' lang='lat' dir='ltr'><strong>medio</strong></span> <span class='ocrx_word' id='word_1_286' title='bbox 746 2017 932 2056; x_wconf 88' lang='lat' dir='ltr'><strong>eorum</strong></span> <span class='ocrx_word' id='word_1_287' title='bbox 966 2000 1030 2054; x_wconf 84' lang='grc'><strong>¹¹.</strong></span> <span class='ocrx_word' id='word_1_288' title='bbox 1067 2018 1086 2051; x_wconf 71' lang='grc' dir='ltr'><strong><em>ι</em></strong></span> <span class='ocrx_word' id='word_1_289' title='bbox 1124 1998 1217 2053; x_wconf 92' lang='lat' dir='ltr'><strong>Isti</strong></span> <span class='ocrx_word' id='word_1_290' title='bbox 1243 2000 1388 2053; x_wconf 89' lang='lat' dir='ltr'><strong>enim</strong></span> <span class='ocrx_word' id='word_1_291' title='bbox 1426 1998 1830 2053; x_wconf 77' lang='lat' dir='ltr'><strong>confitebantur</strong></span> <span class='ocrx_word' id='word_1_292' title='bbox 1862 2000 1915 2053; x_wconf 90' lang='lat' dir='ltr'><strong>in</strong></span> <span class='ocrx_word' id='word_1_293' title='bbox 1938 2016 2035 2054; x_wconf 85' lang='lat' dir='ltr'><strong>ore</strong></span> 
     </span>
    </p>
   </div>
   <div class='ocr_carea' id='block_1_36' title="bbox 460 2090 2036 2154">
    <p class='ocr_par' dir='ltr' id='par_1_36' title="bbox 460 2090 2036 2154">
     <span class='ocr_line' id='line_1_36' title="bbox 460 2090 2036 2154; baseline -0.004 -3"><span class='ocrx_word' id='word_1_294' title='bbox 460 2110 559 2151; x_wconf 85' lang='lat' dir='ltr'><strong>suo</strong></span> <span class='ocrx_word' id='word_1_295' title='bbox 594 2094 893 2153; x_wconf 90' lang='lat' dir='ltr'><strong>Dominum</strong></span> <span class='ocrx_word' id='word_1_296' title='bbox 948 2092 1159 2154; x_wconf 83' lang='lat' dir='ltr'><strong>Jesum,</strong></span> <span class='ocrx_word' id='word_1_297' title='bbox 1210 2100 1265 2144; x_wconf 91' lang='lat' dir='ltr'><strong>et</strong></span> <span class='ocrx_word' id='word_1_298' title='bbox 1294 2090 1590 2144; x_wconf 85' lang='lat' dir='ltr'><strong>credebant</strong></span> <span class='ocrx_word' id='word_1_299' title='bbox 1623 2090 1675 2143; x_wconf 91' lang='lat' dir='ltr'><strong>in</strong></span> <span class='ocrx_word' id='word_1_300' title='bbox 1722 2091 1887 2145; x_wconf 91' lang='lat' dir='ltr'><strong>corde</strong></span> <span class='ocrx_word' id='word_1_301' title='bbox 1937 2107 2036 2145; x_wconf 90' lang='lat' dir='ltr'><strong>suo</strong></span> 
     </span>
    </p>
   </div>
   <div class='ocr_carea' id='block_1_37' title="bbox 458 2182 2035 2259">
    <p class='ocr_par' dir='ltr' id='par_1_37' title="bbox 458 2182 2035 2259">
     <span class='ocr_line' id='line_1_37' title="bbox 458 2182 2035 2259; baseline -0.003 -19"><span class='ocrx_word' id='word_1_302' title='bbox 458 2188 602 2259; x_wconf 88' lang='lat' dir='ltr'><strong>quod</strong></span> <span class='ocrx_word' id='word_1_303' title='bbox 629 2188 768 2241; x_wconf 89' lang='lat' dir='ltr'><strong>Deus</strong></span> <span class='ocrx_word' id='word_1_304' title='bbox 803 2186 952 2240; x_wconf 91' lang='lat' dir='ltr'><strong>illum</strong></span> <span class='ocrx_word' id='word_1_305' title='bbox 994 2184 1279 2238; x_wconf 88' lang='lat' dir='ltr'><strong>suscitavit</strong></span> <span class='ocrx_word' id='word_1_306' title='bbox 1309 2197 1338 2235; x_wconf 91' lang='lat' dir='ltr'><strong>a</strong></span> <span class='ocrx_word' id='word_1_307' title='bbox 1373 2182 1625 2237; x_wconf 88' lang='lat' dir='ltr'><strong>mortuis.</strong></span> <span class='ocrx_word' id='word_1_308' title='bbox 1658 2182 1911 2253; x_wconf 83' lang='lat' dir='ltr'><strong>Alioquin</strong></span> <span class='ocrx_word' id='word_1_309' title='bbox 1940 2185 2035 2237; x_wconf 63' lang='lat' dir='ltr'><strong>ab-</strong></span> 
     </span>
    </p>
   </div>
   <div class='ocr_carea' id='block_1_38' title="bbox 458 2271 2035 2343">
    <p class='ocr_par' dir='ltr' id='par_1_38' title="bbox 458 2271 2035 2343">
     <span class='ocr_line' id='line_1_38' title="bbox 458 2271 2035 2343; baseline -0.003 -12"><span class='ocrx_word' id='word_1_310' title='bbox 458 2276 681 2331; x_wconf 90' lang='lat' dir='ltr'><strong>surdum</strong></span> <span class='ocrx_word' id='word_1_311' title='bbox 733 2275 946 2329; x_wconf 84' lang='lat' dir='ltr'><strong>videtur</strong></span> <span class='ocrx_word' id='word_1_312' title='bbox 970 2272 1079 2343; x_wconf 88' lang='lat'><strong>(97)</strong></span> <span class='ocrx_word' id='word_1_313' title='bbox 1109 2273 1154 2326; x_wconf 94' lang='lat' dir='ltr'><strong>si</strong></span> <span class='ocrx_word' id='word_1_314' title='bbox 1184 2282 1239 2326; x_wconf 91' lang='lat' dir='ltr'><strong>et</strong></span> <span class='ocrx_word' id='word_1_315' title='bbox 1278 2271 1421 2325; x_wconf 89' lang='lat' dir='ltr'><strong>inter</strong></span> <span class='ocrx_word' id='word_1_316' title='bbox 1453 2286 1547 2326; x_wconf 91' lang='lat' dir='ltr'><strong>eos</strong></span> <span class='ocrx_word' id='word_1_317' title='bbox 1595 2272 1685 2341; x_wconf 90' lang='lat' dir='ltr'><strong>qui</strong></span> <span class='ocrx_word' id='word_1_318' title='bbox 1718 2273 1772 2326; x_wconf 91' lang='lat' dir='ltr'><strong>in</strong></span> <span class='ocrx_word' id='word_1_319' title='bbox 1814 2276 2035 2328; x_wconf 86' lang='lat' dir='ltr'><strong>nomine</strong></span> 
     </span>
    </p>
   </div>
   <div class='ocr_carea' id='block_1_39' title="bbox 458 2364 2035 2438">
    <p class='ocr_par' dir='ltr' id='par_1_39' title="bbox 458 2364 2035 2438">
     <span class='ocr_line' id='line_1_39' title="bbox 458 2364 2035 2438; baseline -0.004 -17"><span class='ocrx_word' id='word_1_320' title='bbox 458 2368 574 2437; x_wconf 84' lang='lat' dir='ltr'><strong>cjus</strong></span> <span class='ocrx_word' id='word_1_321' title='bbox 601 2375 1017 2438; x_wconf 79' lang='lat' dir='ltr'><strong>congregantur,</strong></span> <span class='ocrx_word' id='word_1_322' title='bbox 1050 2365 1260 2419; x_wconf 91' lang='lat' dir='ltr'><strong>medius</strong></span> <span class='ocrx_word' id='word_1_323' title='bbox 1293 2379 1413 2420; x_wconf 87' lang='lat' dir='ltr'><strong>esse</strong></span> <span class='ocrx_word' id='word_1_324' title='bbox 1442 2365 1661 2428; x_wconf 90' lang='lat' dir='ltr'><strong>dicitur,</strong></span> <span class='ocrx_word' id='word_1_325' title='bbox 1690 2374 1746 2417; x_wconf 90' lang='lat' dir='ltr'><strong>et</strong></span> <span class='ocrx_word' id='word_1_326' title='bbox 1769 2364 1912 2419; x_wconf 89' lang='lat' dir='ltr'><strong>inter</strong></span> <span class='ocrx_word' id='word_1_327' title='bbox 1941 2380 2035 2416; x_wconf 75' lang='lat' dir='ltr'><strong>eos</strong></span> 
     </span>
    </p>
   </div>
   <div class='ocr_carea' id='block_1_40' title="bbox 457 2454 2038 2532">
    <p class='ocr_par' dir='ltr' id='par_1_40' title="bbox 457 2454 2038 2532">
     <span class='ocr_line' id='line_1_40' title="bbox 457 2454 2038 2532; baseline -0.004 -18"><span class='ocrx_word' id='word_1_328' title='bbox 457 2462 553 2532; x_wconf 91' lang='lat' dir='ltr'><strong>qui</strong></span> <span class='ocrx_word' id='word_1_329' title='bbox 579 2476 700 2516; x_wconf 91' lang='lat' dir='ltr'><strong>eum</strong></span> <span class='ocrx_word' id='word_1_330' title='bbox 726 2460 1014 2514; x_wconf 90' lang='lat' dir='ltr'><strong>nesciunt:</strong></span> <span class='ocrx_word' id='word_1_331' title='bbox 1050 2456 1152 2510; x_wconf 90' lang='lat' dir='ltr'><strong>nisi</strong></span> <span class='ocrx_word' id='word_1_332' title='bbox 1187 2456 1495 2532; x_wconf 69' lang='lat' dir='ltr'><strong>huiusmodi</strong></span> <span class='ocrx_word' id='word_1_333' title='bbox 1526 2454 1835 2510; x_wconf 84' lang='lat' dir='ltr'><strong>dill&#39;erentia</strong></span> <span class='ocrx_word' id='word_1_334' title='bbox 1862 2464 2038 2508; x_wconf 87' lang='lat' dir='ltr'><strong>tenea-</strong></span> 
     </span>
    </p>
   </div>
   <div class='ocr_carea' id='block_1_41' title="bbox 460 2523 2031 2620">
    <p class='ocr_par' dir='ltr' id='par_1_41' title="bbox 460 2523 2031 2620">
     <span class='ocr_line' id='line_1_41' title="bbox 460 2523 2031 2620; baseline -0.003 -14"><span class='ocrx_word' id='word_1_335' title='bbox 460 2564 571 2616; x_wconf 89' lang='lat' dir='ltr'><strong>tur,</strong></span> <span class='ocrx_word' id='word_1_336' title='bbox 626 2550 768 2620; x_wconf 91' lang='lat' dir='ltr'><strong>quod</strong></span> <span class='ocrx_word' id='word_1_337' title='bbox 830 2553 975 2604; x_wconf 87' lang='lat' dir='ltr'><strong>inter</strong></span> <span class='ocrx_word' id='word_1_338' title='bbox 1026 2523 1696 2617; x_wconf 58' lang='lat' dir='ltr'><strong>ignorantes.ctnondum</strong></span> <span class='ocrx_word' id='word_1_339' title='bbox 1747 2546 2031 2601; x_wconf 79' lang='lat' dir='ltr'><strong>credentes</strong></span> 
     </span>
    </p>
   </div>
   <div class='ocr_carea' id='block_1_42' title="bbox 461 2639 2035 2714">
    <p class='ocr_par' dir='ltr' id='par_1_42' title="bbox 461 2639 2035 2714">
     <span class='ocr_line' id='line_1_42' title="bbox 461 2639 2035 2714; baseline -0.002 -19"><span class='ocrx_word' id='word_1_340' title='bbox 461 2644 822 2714; x_wconf 83' lang='lat' dir='ltr'><strong>possibilitate</strong></span> <span class='ocrx_word' id='word_1_341' title='bbox 871 2642 1080 2696; x_wconf 87' lang='lat' dir='ltr'><strong>medius</strong></span> <span class='ocrx_word' id='word_1_342' title='bbox 1113 2640 1340 2705; x_wconf 86' lang='lat' dir='ltr'><strong>dicitur;</strong></span> <span class='ocrx_word' id='word_1_343' title='bbox 1387 2640 1531 2693; x_wconf 86' lang='lat' dir='ltr'><strong>inter</strong></span> <span class='ocrx_word' id='word_1_344' title='bbox 1579 2639 1863 2693; x_wconf 88' lang='lat' dir='ltr'><strong>credentes</strong></span> <span class='ocrx_word' id='word_1_345' title='bbox 1906 2654 2035 2692; x_wconf 87' lang='lat' dir='ltr'><strong>vero</strong></span> 
     </span>
    </p>
   </div>
   <div class='ocr_carea' id='block_1_43' title="bbox 459 2728 2033 2802">
    <p class='ocr_par' dir='ltr' id='par_1_43' title="bbox 459 2728 2033 2802">
     <span class='ocr_line' id='line_1_43' title="bbox 459 2728 2033 2802; baseline -0.005 -11"><span class='ocrx_word' id='word_1_346' title='bbox 459 2738 718 2800; x_wconf 84' lang='lat' dir='ltr'><strong>eiiicacia,</strong></span> <span class='ocrx_word' id='word_1_347' title='bbox 754 2735 811 2790; x_wconf 86' lang='lat' dir='ltr'><strong>id</strong></span> <span class='ocrx_word' id='word_1_348' title='bbox 845 2745 929 2789; x_wconf 90' lang='lat' dir='ltr'><strong>est</strong></span> <span class='ocrx_word' id='word_1_349' title='bbox 968 2735 1043 2787; x_wconf 86' lang='lat' dir='ltr'><strong>rei</strong></span> <span class='ocrx_word' id='word_1_350' title='bbox 1078 2733 1250 2802; x_wconf 90' lang='lat' dir='ltr'><strong>ipsius</strong></span> <span class='ocrx_word' id='word_1_351' title='bbox 1271 2741 1327 2786; x_wconf 93' lang='lat' dir='ltr'><strong>et</strong></span> <span class='ocrx_word' id='word_1_352' title='bbox 1362 2731 1542 2800; x_wconf 91' lang='lat' dir='ltr'><strong>operis</strong></span> <span class='ocrx_word' id='word_1_353' title='bbox 1583 2728 1795 2785; x_wconf 78' lang='lat' dir='ltr'><strong>effectu.</strong></span> <span class='ocrx_word' id='word_1_354' title='bbox 1834 2729 2033 2786; x_wconf 87' lang='lat' dir='ltr'><strong>Verum</strong></span> 
     </span>
    </p>
   </div>
   <div class='ocr_carea' id='block_1_44' title="bbox 458 2823 2034 2895">
    <p class='ocr_par' dir='ltr' id='par_1_44' title="bbox 458 2823 2034 2895">
     <span class='ocr_line' id='line_1_44' title="bbox 458 2823 2034 2895; baseline -0.006 -12"><span class='ocrx_word' id='word_1_355' title='bbox 458 2840 513 2883; x_wconf 87' lang='lat' dir='ltr'><strong>et</strong></span> <span class='ocrx_word' id='word_1_356' title='bbox 564 2830 691 2883; x_wconf 91' lang='lat' dir='ltr'><strong>illud</strong></span> <span class='ocrx_word' id='word_1_357' title='bbox 716 2827 949 2884; x_wconf 86' lang='lat' dir='ltr'><strong>observa</strong></span> <span class='ocrx_word' id='word_1_358' title='bbox 974 2825 1118 2895; x_wconf 91' lang='lat' dir='ltr'><strong>quod</strong></span> <span class='ocrx_word' id='word_1_359' title='bbox 1150 2827 1227 2879; x_wconf 90' lang='lat' dir='ltr'><strong>ait</strong></span> <span class='ocrx_word' id='word_1_360' title='bbox 1261 2841 1274 2876; x_wconf 74' lang='grc' dir='ltr'><strong>ε</strong></span> <span class='ocrx_word' id='word_1_361' title='bbox 1317 2842 1336 2875; x_wconf 74' lang='grc' dir='ltr'>ι</span> <span class='ocrx_word' id='word_1_362' title='bbox 1373 2823 1508 2889; x_wconf 81' lang='lat' dir='ltr'><strong>Quia</strong></span> <span class='ocrx_word' id='word_1_363' title='bbox 1548 2824 1592 2877; x_wconf 91' lang='lat' dir='ltr'><strong>si</strong></span> <span class='ocrx_word' id='word_1_364' title='bbox 1636 2823 1949 2878; x_wconf 82' lang='lat' dir='ltr'><strong>conﬁtearis</strong></span> <span class='ocrx_word' id='word_1_365' title='bbox 1983 2824 2034 2876; x_wconf 92' lang='lat' dir='ltr'><strong>in</strong></span> 
     </span>
    </p>
   </div>
   <div class='ocr_carea' id='block_1_45' title="bbox 459 2915 2035 2977">
    <p class='ocr_par' dir='ltr' id='par_1_45' title="bbox 459 2915 2035 2977">
     <span class='ocr_line' id='line_1_45' title="bbox 459 2915 2035 2977; baseline -0.004 -4"><span class='ocrx_word' id='word_1_366' title='bbox 459 2937 555 2976; x_wconf 88' lang='lat' dir='ltr'><strong>ore</strong></span> <span class='ocrx_word' id='word_1_367' title='bbox 585 2931 676 2973; x_wconf 90' lang='lat' dir='ltr'><strong>tuo</strong></span> <span class='ocrx_word' id='word_1_368' title='bbox 700 2920 985 2973; x_wconf 91' lang='lat' dir='ltr'><strong>Dominum</strong></span> <span class='ocrx_word' id='word_1_369' title='bbox 1010 2916 1216 2977; x_wconf 86' lang='lat' dir='ltr'><strong>Jesum,</strong></span> <span class='ocrx_word' id='word_1_370' title='bbox 1247 2925 1304 2969; x_wconf 90' lang='lat' dir='ltr'><strong>et</strong></span> <span class='ocrx_word' id='word_1_371' title='bbox 1337 2915 1633 2971; x_wconf 87' lang='lat' dir='ltr'><strong>credideris</strong></span> <span class='ocrx_word' id='word_1_372' title='bbox 1663 2916 1717 2969; x_wconf 90' lang='lat' dir='ltr'><strong>in</strong></span> <span class='ocrx_word' id='word_1_373' title='bbox 1746 2917 1909 2970; x_wconf 90' lang='lat' dir='ltr'><strong>corde</strong></span> <span class='ocrx_word' id='word_1_374' title='bbox 1944 2924 2035 2969; x_wconf 89' lang='lat' dir='ltr'><strong>ttto</strong></span> 
     </span>
    </p>
   </div>
   <div class='ocr_carea' id='block_1_46' title="bbox 462 3009 2029 3081">
    <p class='ocr_par' dir='ltr' id='par_1_46' title="bbox 462 3009 2029 3081">
     <span class='ocr_line' id='line_1_46' title="bbox 462 3009 2029 3081; baseline -0.005 -15"><span class='ocrx_word' id='word_1_375' title='bbox 462 3013 606 3081; x_wconf 90' lang='lat' dir='ltr'><strong>quod</strong></span> <span class='ocrx_word' id='word_1_376' title='bbox 637 3013 780 3067; x_wconf 90' lang='lat' dir='ltr'><strong>Deus</strong></span> <span class='ocrx_word' id='word_1_377' title='bbox 808 3012 954 3065; x_wconf 90' lang='lat' dir='ltr'><strong>illum</strong></span> <span class='ocrx_word' id='word_1_378' title='bbox 983 3010 1269 3065; x_wconf 90' lang='lat' dir='ltr'><strong>suscitavit</strong></span> <span class='ocrx_word' id='word_1_379' title='bbox 1300 3026 1328 3061; x_wconf 92' lang='lat' dir='ltr'><strong>a</strong></span> <span class='ocrx_word' id='word_1_380' title='bbox 1364 3010 1617 3074; x_wconf 89' lang='lat' dir='ltr'><strong>mortuis,</strong></span> <span class='ocrx_word' id='word_1_381' title='bbox 1638 3009 1821 3063; x_wconf 87' lang='lat' dir='ltr'><strong>salvus</strong></span> <span class='ocrx_word' id='word_1_382' title='bbox 1845 3009 1975 3063; x_wconf 90' lang='lat' dir='ltr'><strong>eris.</strong></span> <span class='ocrx_word' id='word_1_383' title='bbox 2011 3028 2029 3058; x_wconf 72' lang='grc' dir='ltr'>ι</span> 
     </span>
    </p>
   </div>
   <div class='ocr_carea' id='block_1_47' title="bbox 464 3101 2031 3173">
    <p class='ocr_par' dir='ltr' id='par_1_47' title="bbox 464 3101 2031 3173">
     <span class='ocr_line' id='line_1_47' title="bbox 464 3101 2031 3173; baseline -0.004 -13"><span class='ocrx_word' id='word_1_384' title='bbox 464 3106 745 3163; x_wconf 84' lang='lat' dir='ltr'><strong>Videbitur</strong></span> <span class='ocrx_word' id='word_1_385' title='bbox 792 3105 937 3159; x_wconf 89' lang='lat' dir='ltr'><strong>enim</strong></span> <span class='ocrx_word' id='word_1_386' title='bbox 983 3102 1303 3173; x_wconf 86' lang='lat' dir='ltr'><strong>quibusdam</strong></span> <span class='ocrx_word' id='word_1_387' title='bbox 1337 3116 1431 3170; x_wconf 87' lang='lat' dir='ltr'><strong>per</strong></span> <span class='ocrx_word' id='word_1_388' title='bbox 1481 3102 1604 3163; x_wconf 89' lang='lat' dir='ltr'><strong>hoc,</strong></span> <span class='ocrx_word' id='word_1_389' title='bbox 1636 3101 1763 3169; x_wconf 91' lang='lat' dir='ltr'><strong>quia</strong></span> <span class='ocrx_word' id='word_1_390' title='bbox 1818 3101 2031 3154; x_wconf 88' lang='lat' dir='ltr'><strong>etiamsi</strong></span> 
     </span>
    </p>
   </div>
   <div class='ocr_carea' id='block_1_48' title="bbox 460 3191 2033 3263">
    <p class='ocr_par' dir='ltr' id='par_1_48' title="bbox 460 3191 2033 3263">
     <span class='ocr_line' id='line_1_48' title="bbox 460 3191 2033 3263; baseline -0.007 -9"><span class='ocrx_word' id='word_1_391' title='bbox 460 3200 638 3254; x_wconf 88' lang='lat' dir='ltr'><strong>desint</strong></span> <span class='ocrx_word' id='word_1_392' title='bbox 657 3196 818 3251; x_wconf 84' lang='lat' dir='ltr'><strong>alicui</strong></span> <span class='ocrx_word' id='word_1_393' title='bbox 852 3195 975 3251; x_wconf 88' lang='lat' dir='ltr'><strong>boni</strong></span> <span class='ocrx_word' id='word_1_394' title='bbox 1004 3194 1184 3263; x_wconf 83' lang='lat' dir='ltr'><strong>Operis</strong></span> <span class='ocrx_word' id='word_1_395' title='bbox 1214 3192 1496 3262; x_wconf 84' lang='lat' dir='ltr'><strong>privilegia</strong></span> <span class='ocrx_word' id='word_1_396' title='bbox 1516 3231 1531 3255; x_wconf 93' lang='lat'><strong>,</strong></span> <span class='ocrx_word' id='word_1_397' title='bbox 1561 3192 1774 3246; x_wconf 86' lang='lat' dir='ltr'><strong>etiamsi</strong></span> <span class='ocrx_word' id='word_1_398' title='bbox 1812 3191 2033 3244; x_wconf 78' lang='lat' dir='ltr'><strong>virtuti-</strong></span> 
     </span>
    </p>
   </div>
   <div class='ocr_carea' id='block_1_49' title="bbox 457 3283 2035 3359">
    <p class='ocr_par' dir='ltr' id='par_1_49' title="bbox 457 3283 2035 3359">
     <span class='ocr_line' id='line_1_49' title="bbox 457 3283 2035 3359; baseline -0.007 -13"><span class='ocrx_word' id='word_1_399' title='bbox 457 3292 560 3347; x_wconf 91' lang='lat' dir='ltr'><strong>bus</strong></span> <span class='ocrx_word' id='word_1_400' title='bbox 588 3302 811 3359; x_wconf 87' lang='lat' dir='ltr'><strong>operam</strong></span> <span class='ocrx_word' id='word_1_401' title='bbox 846 3301 952 3341; x_wconf 91' lang='lat' dir='ltr'><strong>non</strong></span> <span class='ocrx_word' id='word_1_402' title='bbox 987 3285 1218 3347; x_wconf 89' lang='lat' dir='ltr'><strong>dederit,</strong></span> <span class='ocrx_word' id='word_1_403' title='bbox 1250 3284 1352 3338; x_wconf 89' lang='lat' dir='ltr'><strong>hoc</strong></span> <span class='ocrx_word' id='word_1_404' title='bbox 1386 3285 1501 3353; x_wconf 89' lang='lat' dir='ltr'><strong>ipso</strong></span> <span class='ocrx_word' id='word_1_405' title='bbox 1539 3294 1716 3336; x_wconf 90' lang='lat' dir='ltr'><strong>tamen</strong></span> <span class='ocrx_word' id='word_1_406' title='bbox 1743 3283 1886 3352; x_wconf 90' lang='lat' dir='ltr'><strong>quod</strong></span> <span class='ocrx_word' id='word_1_407' title='bbox 1922 3299 2035 3337; x_wconf 87' lang='lat' dir='ltr'><strong>cre-</strong></span> 
     </span>
    </p>
   </div>
   <div class='ocr_carea' id='block_1_50' title="bbox 460 3375 2030 3450">
    <p class='ocr_par' dir='ltr' id='par_1_50' title="bbox 460 3375 2030 3450">
     <span class='ocr_line' id='line_1_50' title="bbox 460 3375 2030 3450; baseline -0.006 -14"><span class='ocrx_word' id='word_1_408' title='bbox 460 3382 615 3448; x_wconf 90' lang='lat' dir='ltr'><strong>didit,</strong></span> <span class='ocrx_word' id='word_1_409' title='bbox 640 3396 745 3435; x_wconf 93' lang='lat' dir='ltr'><strong>non</strong></span> <span class='ocrx_word' id='word_1_410' title='bbox 782 3387 992 3450; x_wconf 86' lang='lat' dir='ltr'><strong>pereat,</strong></span> <span class='ocrx_word' id='word_1_411' title='bbox 1020 3379 1114 3433; x_wconf 86' lang='lat' dir='ltr'><strong>sed</strong></span> <span class='ocrx_word' id='word_1_412' title='bbox 1143 3376 1404 3441; x_wconf 81' lang='lat' dir='ltr'><strong>salvetur,</strong></span> <span class='ocrx_word' id='word_1_413' title='bbox 1440 3386 1495 3430; x_wconf 93' lang='lat' dir='ltr'><strong>et</strong></span> <span class='ocrx_word' id='word_1_414' title='bbox 1536 3376 1732 3431; x_wconf 90' lang='lat' dir='ltr'><strong>habeat</strong></span> <span class='ocrx_word' id='word_1_415' title='bbox 1775 3375 2030 3433; x_wconf 84' lang='lat' dir='ltr'><strong>salutem.</strong></span> 
     </span>
    </p>
   </div>
   <div class='ocr_carea' id='block_1_51' title="bbox 454 3465 2029 3538">
    <p class='ocr_par' dir='ltr' id='par_1_51' title="bbox 454 3465 2029 3538">
     <span class='ocr_line' id='line_1_51' title="bbox 454 3465 2029 3538; baseline -0.008 -8"><span class='ocrx_word' id='word_1_416' title='bbox 454 3475 671 3531; x_wconf 92' lang='lat' dir='ltr'><strong>etiamsi</strong></span> <span class='ocrx_word' id='word_1_417' title='bbox 701 3469 1049 3528; x_wconf 87' lang='lat' dir='ltr'><strong>beatitudinis</strong></span> <span class='ocrx_word' id='word_1_418' title='bbox 1071 3467 1295 3538; x_wconf 85' lang='lat' dir='ltr'><strong>gloriam</strong></span> <span class='ocrx_word' id='word_1_419' title='bbox 1322 3467 1521 3521; x_wconf 90' lang='lat' dir='ltr'><strong>habere</strong></span> <span class='ocrx_word' id='word_1_420' title='bbox 1538 3481 1642 3521; x_wconf 90' lang='lat' dir='ltr'><strong>non</strong></span> <span class='ocrx_word' id='word_1_421' title='bbox 1674 3465 1873 3534; x_wconf 86' lang='lat' dir='ltr'><strong>poterit</strong></span> <span class='ocrx_word' id='word_1_422' title='bbox 1897 3468 2029 3532; x_wconf 86' lang='lat'><strong>(98).</strong></span> 
     </span>
    </p>
   </div>
   <div class='ocr_carea' id='block_1_52' title="bbox 458 3557 2027 3631">
    <p class='ocr_par' dir='ltr' id='par_1_52' title="bbox 458 3557 2027 3631">
     <span class='ocr_line' id='line_1_52' title="bbox 458 3557 2027 3631; baseline -0.009 -7"><span class='ocrx_word' id='word_1_423' title='bbox 458 3570 565 3623; x_wconf 88' lang='lat' dir='ltr'><strong>Sed</strong></span> <span class='ocrx_word' id='word_1_424' title='bbox 602 3567 723 3621; x_wconf 85' lang='lat' dir='ltr'><strong>vide</strong></span> <span class='ocrx_word' id='word_1_425' title='bbox 755 3579 825 3619; x_wconf 92' lang='lat' dir='ltr'><strong>ne</strong></span> <span class='ocrx_word' id='word_1_426' title='bbox 853 3562 1025 3631; x_wconf 89' lang='lat' dir='ltr'><strong>magis</strong></span> <span class='ocrx_word' id='word_1_427' title='bbox 1056 3560 1185 3613; x_wconf 90' lang='lat' dir='ltr'><strong>illud</strong></span> <span class='ocrx_word' id='word_1_428' title='bbox 1219 3557 1445 3628; x_wconf 80' lang='lat' dir='ltr'><strong>intelligi</strong></span> <span class='ocrx_word' id='word_1_429' title='bbox 1477 3559 1708 3620; x_wconf 89' lang='lat' dir='ltr'><strong>debeat,</strong></span> <span class='ocrx_word' id='word_1_430' title='bbox 1742 3560 1885 3626; x_wconf 89' lang='lat' dir='ltr'><strong>quod</strong></span> <span class='ocrx_word' id='word_1_431' title='bbox 1937 3559 2027 3620; x_wconf 89' lang='lat' dir='ltr'><strong>qui</strong></span> 
     </span>
    </p>
   </div>
   <div class='ocr_carea' id='block_1_53' title="bbox 456 3648 2033 3715">
    <p class='ocr_par' dir='ltr' id='par_1_53' title="bbox 456 3648 2033 3715">
     <span class='ocr_line' id='line_1_53' title="bbox 456 3648 2033 3715; baseline -0.008 -2"><span class='ocrx_word' id='word_1_432' title='bbox 456 3656 594 3715; x_wconf 88' lang='lat' dir='ltr'><strong>vero</strong></span> <span class='ocrx_word' id='word_1_433' title='bbox 627 3667 681 3713; x_wconf 93' lang='lat' dir='ltr'><strong>et</strong></span> <span class='ocrx_word' id='word_1_434' title='bbox 714 3674 823 3712; x_wconf 84' lang='lat' dir='ltr'><strong>non</strong></span> <span class='ocrx_word' id='word_1_435' title='bbox 872 3655 1009 3710; x_wconf 81' lang='lat' dir='ltr'><strong>falso</strong></span> <span class='ocrx_word' id='word_1_436' title='bbox 1036 3653 1326 3709; x_wconf 86' lang='lat' dir='ltr'><strong>conﬁtetur</strong></span> <span class='ocrx_word' id='word_1_437' title='bbox 1356 3664 1451 3705; x_wconf 93' lang='lat' dir='ltr'><strong>ore</strong></span> <span class='ocrx_word' id='word_1_438' title='bbox 1486 3648 1776 3705; x_wconf 85' lang='lat' dir='ltr'><strong>Dominum</strong></span> <span class='ocrx_word' id='word_1_439' title='bbox 1822 3648 2033 3712; x_wconf 84' lang='lat' dir='ltr'><strong>Jesunt,</strong></span> 
     </span>
    </p>
   </div>
   <div class='ocr_carea' id='block_1_54' title="bbox 453 3744 2033 3817">
    <p class='ocr_par' dir='ltr' id='par_1_54' title="bbox 453 3744 2033 3817">
     <span class='ocr_line' id='line_1_54' title="bbox 453 3744 2033 3817; baseline -0.006 -10"><span class='ocrx_word' id='word_1_440' title='bbox 453 3763 514 3808; x_wconf 89' lang='lat' dir='ltr'><strong>et</strong></span> <span class='ocrx_word' id='word_1_441' title='bbox 561 3752 724 3807; x_wconf 89' lang='lat' dir='ltr'><strong>corde</strong></span> <span class='ocrx_word' id='word_1_442' title='bbox 766 3749 959 3815; x_wconf 89' lang='lat' dir='ltr'><strong>credit,</strong></span> <span class='ocrx_word' id='word_1_443' title='bbox 1008 3747 1211 3817; x_wconf 89' lang='lat' dir='ltr'><strong>pariter</strong></span> <span class='ocrx_word' id='word_1_444' title='bbox 1255 3744 1583 3799; x_wconf 87' lang='lat' dir='ltr'><strong>conliteatur</strong></span> <span class='ocrx_word' id='word_1_445' title='bbox 1635 3758 1695 3798; x_wconf 92' lang='lat' dir='ltr'><strong>se</strong></span> <span class='ocrx_word' id='word_1_446' title='bbox 1731 3744 2033 3798; x_wconf 86' lang='lat' dir='ltr'><strong>dominatui</strong></span> 
     </span>
    </p>
   </div>
   <div class='ocr_carea' id='block_1_55' title="bbox 455 3836 2023 3913">
    <p class='ocr_par' dir='ltr' id='par_1_55' title="bbox 455 3836 2023 3913">
     <span class='ocr_line' id='line_1_55' title="bbox 455 3836 2023 3913; baseline -0.007 -13"><span class='ocrx_word' id='word_1_447' title='bbox 455 3844 756 3913; x_wconf 82' lang='lat' dir='ltr'><strong>subjectum</strong></span> <span class='ocrx_word' id='word_1_448' title='bbox 787 3857 908 3897; x_wconf 89' lang='lat' dir='ltr'><strong>esse</strong></span> <span class='ocrx_word' id='word_1_449' title='bbox 940 3840 1249 3910; x_wconf 82' lang='lat' dir='ltr'><strong>sapientiae,</strong></span> <span class='ocrx_word' id='word_1_450' title='bbox 1287 3847 1341 3893; x_wconf 93' lang='lat' dir='ltr'><strong>et</strong></span> <span class='ocrx_word' id='word_1_451' title='bbox 1380 3836 1632 3907; x_wconf 68' lang='lat' dir='ltr'><strong>justitiaa,</strong></span> <span class='ocrx_word' id='word_1_452' title='bbox 1665 3843 1722 3891; x_wconf 90' lang='lat' dir='ltr'><strong>et</strong></span> <span class='ocrx_word' id='word_1_453' title='bbox 1751 3836 2023 3898; x_wconf 89' lang='lat' dir='ltr'><strong>veritatis,</strong></span> 
     </span>
    </p>
   </div>
   <div class='ocr_carea' id='block_1_56' title="bbox 455 3928 2030 4006">
    <p class='ocr_par' dir='ltr' id='par_1_56' title="bbox 455 3928 2030 4006">
     <span class='ocr_line' id='line_1_56' title="bbox 455 3928 2030 4006; baseline -0.008 -12"><span class='ocrx_word' id='word_1_454' title='bbox 455 3950 513 3994; x_wconf 92' lang='lat' dir='ltr'><strong>et</strong></span> <span class='ocrx_word' id='word_1_455' title='bbox 542 3940 792 3993; x_wconf 89' lang='lat' dir='ltr'><strong>omnibus</strong></span> <span class='ocrx_word' id='word_1_456' title='bbox 827 3952 944 4006; x_wconf 73' lang='lat' dir='ltr'><strong>qua:</strong></span> <span class='ocrx_word' id='word_1_457' title='bbox 993 3934 1244 3990; x_wconf 80' lang='lat' dir='ltr'><strong>Christus</strong></span> <span class='ocrx_word' id='word_1_458' title='bbox 1274 3940 1361 3985; x_wconf 90' lang='lat' dir='ltr'><strong>est</strong></span> <span class='ocrx_word' id='word_1_459' title='bbox 1394 3947 1407 3983; x_wconf 91' lang='lat'>:</span> <span class='ocrx_word' id='word_1_460' title='bbox 1447 3943 1545 3984; x_wconf 92' lang='lat' dir='ltr'><strong>nec</strong></span> <span class='ocrx_word' id='word_1_461' title='bbox 1573 3929 1675 3985; x_wconf 89' lang='lat' dir='ltr'><strong>sibi</strong></span> <span class='ocrx_word' id='word_1_462' title='bbox 1722 3928 1863 3983; x_wconf 92' lang='lat' dir='ltr'><strong>ultra</strong></span> <span class='ocrx_word' id='word_1_463' title='bbox 1911 3943 2030 3983; x_wconf 89' lang='lat' dir='ltr'><strong>esse</strong></span> 
     </span>
    </p>
   </div>
   <div class='ocr_carea' id='block_1_57' title="bbox 457 4019 2027 4093">
    <p class='ocr_par' dir='ltr' id='par_1_57' title="bbox 457 4019 2027 4093">
     <span class='ocr_line' id='line_1_57' title="bbox 457 4019 2027 4093; baseline -0.009 -6"><span class='ocrx_word' id='word_1_464' title='bbox 457 4032 732 4087; x_wconf 88' lang='lat' dir='ltr'><strong>dominum</strong></span> <span class='ocrx_word' id='word_1_465' title='bbox 765 4043 1159 4091; x_wconf 89' lang='lat' dir='ltr'><strong>mammonam,</strong></span> <span class='ocrx_word' id='word_1_466' title='bbox 1198 4028 1250 4082; x_wconf 90' lang='lat' dir='ltr'><strong>id</strong></span> <span class='ocrx_word' id='word_1_467' title='bbox 1279 4035 1385 4092; x_wconf 90' lang='lat' dir='ltr'><strong>est,</strong></span> <span class='ocrx_word' id='word_1_468' title='bbox 1415 4039 1592 4093; x_wconf 84' lang='lat' dir='ltr'><strong>neque</strong></span> <span class='ocrx_word' id='word_1_469' title='bbox 1618 4021 1901 4076; x_wconf 88' lang='lat' dir='ltr'><strong>avaritiam</strong></span> <span class='ocrx_word' id='word_1_470' title='bbox 1927 4019 2027 4075; x_wconf 86' lang='lat' dir='ltr'><strong>sibi</strong></span> 
     </span>
    </p>
   </div>
   <div class='ocr_carea' id='block_1_58' title="bbox 458 4115 2028 4193">
    <p class='ocr_par' dir='ltr' id='par_1_58' title="bbox 458 4115 2028 4193">
     <span class='ocr_line' id='line_1_58' title="bbox 458 4115 2028 4193; baseline -0.007 -17"><span class='ocrx_word' id='word_1_471' title='bbox 458 4124 623 4186; x_wconf 84' lang='lat' dir='ltr'><strong>ultra,</strong></span> <span class='ocrx_word' id='word_1_472' title='bbox 655 4137 830 4191; x_wconf 91' lang='lat' dir='ltr'><strong>neque</strong></span> <span class='ocrx_word' id='word_1_473' title='bbox 857 4121 1200 4193; x_wconf 88' lang='lat' dir='ltr'><strong>injustitiam,</strong></span> <span class='ocrx_word' id='word_1_474' title='bbox 1238 4132 1413 4188; x_wconf 86' lang='lat' dir='ltr'><strong>neque</strong></span> <span class='ocrx_word' id='word_1_475' title='bbox 1458 4115 1879 4184; x_wconf 89' lang='lat' dir='ltr'><strong>impudicitiam,</strong></span> <span class='ocrx_word' id='word_1_476' title='bbox 1931 4128 2028 4166; x_wconf 92' lang='lat' dir='ltr'><strong>ne-</strong></span> 
     </span>
    </p>
   </div>
   <div class='ocr_carea' id='block_1_59' title="bbox 453 4205 2026 4285">
    <p class='ocr_par' dir='ltr' id='par_1_59' title="bbox 453 4205 2026 4285">
     <span class='ocr_line' id='line_1_59' title="bbox 453 4205 2026 4285; baseline -0.007 -17"><span class='ocrx_word' id='word_1_477' title='bbox 453 4231 560 4285; x_wconf 90' lang='lat' dir='ltr'><strong>que</strong></span> <span class='ocrx_word' id='word_1_478' title='bbox 583 4215 922 4270; x_wconf 86' lang='lat' dir='ltr'><strong>mendacium</strong></span> <span class='ocrx_word' id='word_1_479' title='bbox 954 4212 1245 4269; x_wconf 90' lang='lat' dir='ltr'><strong>dominari.</strong></span> <span class='ocrx_word' id='word_1_480' title='bbox 1277 4209 1455 4265; x_wconf 86' lang='lat' dir='ltr'><strong>Semel</strong></span> <span class='ocrx_word' id='word_1_481' title='bbox 1483 4209 1629 4263; x_wconf 91' lang='lat' dir='ltr'><strong>enim</strong></span> <span class='ocrx_word' id='word_1_482' title='bbox 1658 4205 1841 4262; x_wconf 79' lang='lat' dir='ltr'><strong>Jesum</strong></span> <span class='ocrx_word' id='word_1_483' title='bbox 1863 4205 2026 4259; x_wconf 84' lang='lat' dir='ltr'><strong>Chri-</strong></span> 
     </span>
    </p>
   </div>
   <div class='ocr_carea' id='block_1_60' title="bbox 530 4344 1590 4414">
    <p class='ocr_par' dir='ltr' id='par_1_60' title="bbox 530 4344 1590 4414">
     <span class='ocr_line' id='line_1_60' title="bbox 530 4344 1590 4414; baseline 0.015 -27"><span class='ocrx_word' id='word_1_484' title='bbox 530 4358 571 4387; x_wconf 81' lang='grc' dir='ltr'><strong>ιο</strong></span> <span class='ocrx_word' id='word_1_485' title='bbox 593 4354 748 4409; x_wconf 62' lang='grc' dir='ltr'><strong>ιοηη,</strong></span> <span class='ocrx_word' id='word_1_486' title='bbox 778 4351 922 4414; x_wconf 66' lang='lat'><strong>1,9,6.</strong></span> <span class='ocrx_word' id='word_1_487' title='bbox 1005 4353 1045 4382; x_wconf 82' lang='grc'>¹¹</span> <span class='ocrx_word' id='word_1_488' title='bbox 1068 4349 1256 4404; x_wconf 84' lang='lat' dir='ltr'><strong>Matth.</strong></span> <span class='ocrx_word' id='word_1_489' title='bbox 1312 4364 1471 4413; x_wconf 82' lang='lat' dir='ltr'><strong>xvttt,</strong></span> <span class='ocrx_word' id='word_1_490' title='bbox 1499 4344 1590 4403; x_wconf 71' lang='lat'><strong>20.</strong></span> 
     </span>
    </p>
   </div>
   <div class='ocr_carea' id='block_1_61' title="bbox 458 4419 1384 4486">
    <p class='ocr_par' dir='ltr' id='par_1_61' title="bbox 458 4419 1384 4486">
     <span class='ocr_line' id='line_1_61' title="bbox 458 4419 1384 4486; baseline -0.01 -5"><span class='ocrx_word' id='word_1_491' title='bbox 458 4427 502 4458; x_wconf 81' lang='lat'>&quot;</span> <span class='ocrx_word' id='word_1_492' title='bbox 536 4426 814 4486; x_wconf 68' lang='lat' dir='ltr'><strong>Colossar,</strong></span> <span class='ocrx_word' id='word_1_493' title='bbox 836 4422 890 4476; x_wconf 82' lang='lat'><strong>&#39;5.</strong></span> <span class='ocrx_word' id='word_1_494' title='bbox 969 4423 1012 4453; x_wconf 82' lang='grc'>¹⁶</span> <span class='ocrx_word' id='word_1_495' title='bbox 1037 4422 1195 4476; x_wconf 86' lang='lat' dir='ltr'><strong>Prov.</strong></span> <span class='ocrx_word' id='word_1_496' title='bbox 1225 4437 1263 4486; x_wconf 86' lang='lat' dir='ltr'><strong>t,</strong></span> <span class='ocrx_word' id='word_1_497' title='bbox 1293 4419 1384 4472; x_wconf 70' lang='lat'><strong>28.</strong></span> 
     </span>
    </p>
   </div>
   <div class='ocr_carea' id='block_1_62' title="bbox 526 4535 1320 4610">
    <p class='ocr_par' dir='ltr' id='par_1_62' title="bbox 526 4535 1320 4610">
     <span class='ocr_line' id='line_1_62' title="bbox 526 4535 1320 4610; baseline -0.009 -13"><span class='ocrx_word' id='word_1_498' title='bbox 526 4542 639 4610; x_wconf 81' lang='lat'><strong>(95)</strong></span> <span class='ocrx_word' id='word_1_499' title='bbox 682 4540 847 4594; x_wconf 85' lang='lat' dir='ltr'><strong>Tunc.</strong></span> <span class='ocrx_word' id='word_1_500' title='bbox 875 4537 1039 4610; x_wconf 80' lang='lat' dir='ltr'><strong>Deest</strong></span> <span class='ocrx_word' id='word_1_501' title='bbox 1060 4538 1116 4610; x_wconf 83' lang='lat' dir='ltr'><strong>in</strong></span> <span class='ocrx_word' id='word_1_502' title='bbox 1141 4535 1320 4610; x_wconf 80' lang='lat' dir='ltr'><strong>editis.</strong></span> 
     </span>
    </p>
   </div>
   <div class='ocr_carea' id='block_1_63' title="bbox 528 4605 1559 4681">
    <p class='ocr_par' dir='ltr' id='par_1_63' title="bbox 528 4605 1559 4681">
     <span class='ocr_line' id='line_1_63' title="bbox 528 4605 1559 4681; baseline -0.011 -14"><span class='ocrx_word' id='word_1_503' title='bbox 528 4605 641 4681; x_wconf 83' lang='grc'>(96)</span> <span class='ocrx_word' id='word_1_504' title='bbox 684 4610 887 4681; x_wconf 53' lang='lat' dir='ltr'><strong>inquit.</strong></span> <span class='ocrx_word' id='word_1_505' title='bbox 921 4605 1347 4681; x_wconf 58' lang='lat' dir='ltr'><strong>Desideratunin</strong></span> <span class='ocrx_word' id='word_1_506' title='bbox 1380 4605 1559 4681; x_wconf 76' lang='lat' dir='ltr'><strong>editis.</strong></span> 
     </span>
    </p>
   </div>
   <div class='ocr_carea' id='block_1_64' title="bbox 527 4675 1528 4749">
    <p class='ocr_par' dir='ltr' id='par_1_64' title="bbox 527 4675 1528 4749">
     <span class='ocr_line' id='line_1_64' title="bbox 527 4675 1528 4749; baseline -0.007 -17"><span class='ocrx_word' id='word_1_507' title='bbox 527 4675 639 4749; x_wconf 84' lang='lat'><strong>(97)</strong></span> <span class='ocrx_word' id='word_1_508' title='bbox 689 4675 929 4732; x_wconf 79' lang='lat' dir='ltr'><strong>Videtur.</strong></span> <span class='ocrx_word' id='word_1_509' title='bbox 958 4677 1239 4731; x_wconf 90' lang='lat' dir='ltr'><strong>Omittitur</strong></span> <span class='ocrx_word' id='word_1_510' title='bbox 1269 4675 1320 4749; x_wconf 79' lang='lat' dir='ltr'><strong>in</strong></span> <span class='ocrx_word' id='word_1_511' title='bbox 1350 4676 1528 4728; x_wconf 90' lang='lat' dir='ltr'><strong>editis.</strong></span> 
     </span>
    </p>
   </div>
   <div class='ocr_carea' id='block_1_65' title="bbox 527 4746 1385 4819">
    <p class='ocr_par' dir='ltr' id='par_1_65' title="bbox 527 4746 1385 4819">
     <span class='ocr_line' id='line_1_65' title="bbox 527 4746 1385 4819; baseline -0.017 -11"><span class='ocrx_word' id='word_1_512' title='bbox 527 4746 638 4819; x_wconf 83' lang='lat'><strong>(98)</strong></span> <span class='ocrx_word' id='word_1_513' title='bbox 678 4749 841 4813; x_wconf 89' lang='lat' dir='ltr'><strong>Editi,</strong></span> <span class='ocrx_word' id='word_1_514' title='bbox 884 4767 901 4798; x_wconf 84' lang='grc'>‹</span> <span class='ocrx_word' id='word_1_515' title='bbox 930 4763 1035 4801; x_wconf 94' lang='lat' dir='ltr'><strong>non</strong></span> <span class='ocrx_word' id='word_1_516' title='bbox 1075 4746 1327 4815; x_wconf 80' lang='lat' dir='ltr'><strong>potuerit.</strong></span> <span class='ocrx_word' id='word_1_517' title='bbox 1367 4763 1385 4793; x_wconf 76' lang='grc' dir='ltr'><strong><em>ι</em></strong></span> 
     </span>
    </p>
   </div>
   <div class='ocr_carea' id='block_1_66' title="bbox 528 4810 2020 4890">
    <p class='ocr_par' dir='ltr' id='par_1_66' title="bbox 528 4810 2020 4890">
     <span class='ocr_line' id='line_1_66' title="bbox 528 4810 2020 4890; baseline -0.011 -13"><span class='ocrx_word' id='word_1_518' title='bbox 528 4810 638 4890; x_wconf 78' lang='grc'>(99)</span> <span class='ocrx_word' id='word_1_519' title='bbox 676 4810 841 4880; x_wconf 80' lang='lat' dir='ltr'><strong>Editi,</strong></span> <span class='ocrx_word' id='word_1_520' title='bbox 875 4837 895 4871; x_wconf 84' lang='grc'><strong><em>‹</em></strong></span> <span class='ocrx_word' id='word_1_521' title='bbox 941 4810 1148 4890; x_wconf 82' lang='lat' dir='ltr'><strong>certum</strong></span> <span class='ocrx_word' id='word_1_522' title='bbox 1179 4825 1261 4890; x_wconf 73' lang='lat' dir='ltr'><strong>est</strong></span> <span class='ocrx_word' id='word_1_523' title='bbox 1309 4815 1431 4881; x_wconf 84' lang='lat' dir='ltr'><strong>quia</strong></span> <span class='ocrx_word' id='word_1_524' title='bbox 1474 4812 1759 4890; x_wconf 74' lang='lat' dir='ltr'><strong>suscitavit</strong></span> <span class='ocrx_word' id='word_1_525' title='bbox 1785 4826 1925 4890; x_wconf 44' lang='lat' dir='ltr'><strong>eum.</strong></span> <span class='ocrx_word' id='word_1_526' title='bbox 1954 4810 2020 4861; x_wconf 83' lang='lat' dir='ltr'><strong>ad</strong></span> 
     </span>
    </p>
   </div>
   <div class='ocr_carea' id='block_1_67' title="bbox 451 4880 2017 4957">
    <p class='ocr_par' dir='ltr' id='par_1_67' title="bbox 451 4880 2017 4957">
     <span class='ocr_line' id='line_1_67' title="bbox 451 4880 2017 4957; baseline -0.008 -14"><span class='ocrx_word' id='word_1_527' title='bbox 451 4880 894 4957; x_wconf 38' lang='lat' dir='ltr'><strong>jus‘tiﬁ&#39;calionem</strong></span> <span class='ocrx_word' id='word_1_528' title='bbox 937 4888 1018 4941; x_wconf 90' lang='lat' dir='ltr'><strong>sui</strong></span> <span class='ocrx_word' id='word_1_529' title='bbox 1067 4905 1085 4938; x_wconf 70' lang='grc' dir='ltr'><strong>ι</strong></span> <span class='ocrx_word' id='word_1_530' title='bbox 1122 4880 1341 4957; x_wconf 45' lang='lat' dir='ltr'><strong>omisso:</strong></span> <span class='ocrx_word' id='word_1_531' title='bbox 1367 4902 1384 4933; x_wconf 74' lang='grc' dir='ltr'><strong><em>ι</em></strong></span> <span class='ocrx_word' id='word_1_532' title='bbox 1427 4884 1619 4957; x_wconf 64' lang='lat' dir='ltr'><strong>credit.</strong></span> <span class='ocrx_word' id='word_1_533' title='bbox 1660 4901 1679 4933; x_wconf 74' lang='grc' dir='ltr'><strong><em>ι</em></strong></span> <span class='ocrx_word' id='word_1_534' title='bbox 1721 4881 1805 4957; x_wconf 51' lang='lat' dir='ltr'><strong>ita</strong></span> <span class='ocrx_word' id='word_1_535' title='bbox 1855 4880 2017 4957; x_wconf 76' lang='lat' dir='ltr'><strong>etiam</strong></span> 
     </span>
    </p>
   </div>
   <div class='ocr_carea' id='block_1_68' title="bbox 457 4950 2010 5028">
    <p class='ocr_par' dir='ltr' id='par_1_68' title="bbox 457 4950 2010 5028">
     <span class='ocr_line' id='line_1_68' title="bbox 457 4950 2010 5028; baseline -0.009 -13"><span class='ocrx_word' id='word_1_536' title='bbox 457 4950 737 5025; x_wconf 71' lang='lat' dir='ltr'><strong>~Rabanus,</strong></span> <span class='ocrx_word' id='word_1_537' title='bbox 793 4961 883 5028; x_wconf 92' lang='lat' dir='ltr'><strong>qui</strong></span> <span class='ocrx_word' id='word_1_538' title='bbox 943 4958 1107 5011; x_wconf 89' lang='lat' dir='ltr'><strong>habet</strong></span> <span class='ocrx_word' id='word_1_539' title='bbox 1137 4975 1157 5007; x_wconf 72' lang='grc' dir='ltr'>ι</span> <span class='ocrx_word' id='word_1_540' title='bbox 1198 4954 1371 5028; x_wconf 76' lang='lat' dir='ltr'><strong>Credit</strong></span> <span class='ocrx_word' id='word_1_541' title='bbox 1408 4973 1427 5004; x_wconf 72' lang='grc' dir='ltr'><em>ι</em></span> <span class='ocrx_word' id='word_1_542' title='bbox 1463 4955 1515 5006; x_wconf 93' lang='lat' dir='ltr'><strong>iu</strong></span> <span class='ocrx_word' id='word_1_543' title='bbox 1566 4955 1688 5005; x_wconf 87' lang='lat' dir='ltr'><strong>line.</strong></span> <span class='ocrx_word' id='word_1_544' title='bbox 1719 4950 1810 5028; x_wconf 84' lang='lat' dir='ltr'><strong>S__ic</strong></span> <span class='ocrx_word' id='word_1_545' title='bbox 1848 4952 2010 5028; x_wconf 34' lang='lat' dir='ltr'><strong>elidant.</strong></span> 
     </span>
    </p>
   </div>
   <div class='ocr_carea' id='block_1_69' title="bbox 456 5019 2015 5096">
    <p class='ocr_par' dir='ltr' id='par_1_69' title="bbox 456 5019 2015 5096">
     <span class='ocr_line' id='line_1_69' title="bbox 456 5019 2015 5096; baseline -0.009 -11"><span class='ocrx_word' id='word_1_546' title='bbox 456 5048 563 5085; x_wconf 87' lang='lat' dir='ltr'><strong>tns.</strong></span> <span class='ocrx_word' id='word_1_547' title='bbox 598 5019 758 5093; x_wconf 82' lang='lat' dir='ltr'><strong>unus,</strong></span> <span class='ocrx_word' id='word_1_548' title='bbox 788 5019 879 5096; x_wconf 77' lang='lat' dir='ltr'><strong>qui</strong></span> <span class='ocrx_word' id='word_1_549' title='bbox 915 5028 1082 5081; x_wconf 90' lang='lat' dir='ltr'><strong>habet</strong></span> <span class='ocrx_word' id='word_1_550' title='bbox 1116 5044 1135 5076; x_wconf 74' lang='grc' dir='ltr'><strong>ε</strong></span> <span class='ocrx_word' id='word_1_551' title='bbox 1174 5024 1354 5078; x_wconf 90' lang='lat' dir='ltr'><strong>cordis</strong></span> <span class='ocrx_word' id='word_1_552' title='bbox 1388 5042 1407 5069; x_wconf 77' lang='grc' dir='ltr'><strong><em>ι</em></strong></span> <span class='ocrx_word' id='word_1_553' title='bbox 1435 5037 1533 5096; x_wconf 80' lang='lat' dir='ltr'><strong>pro</strong></span> <span class='ocrx_word' id='word_1_554' title='bbox 1568 5041 1587 5073; x_wconf 80' lang='grc' dir='ltr'>ι</span> <span class='ocrx_word' id='word_1_555' title='bbox 1622 5019 1813 5096; x_wconf 81' lang='lat' dir='ltr'><strong>credit.</strong></span> <span class='ocrx_word' id='word_1_556' title='bbox 1861 5038 1878 5069; x_wconf 77' lang='grc' dir='ltr'><strong><em>ι</em></strong></span> <span class='ocrx_word' id='word_1_557' title='bbox 1910 5020 2015 5096; x_wconf 77' lang='lat' dir='ltr'><strong>Sed</strong></span> 
     </span>
    </p>
   </div>
   <div class='ocr_carea' id='block_1_70' title="bbox 456 5090 2017 5160">
    <p class='ocr_par' dir='ltr' id='par_1_70' title="bbox 456 5090 2017 5160">
     <span class='ocr_line' id='line_1_70' title="bbox 456 5090 2017 5160; baseline -0.009 -5"><span class='ocrx_word' id='word_1_558' title='bbox 456 5101 640 5155; x_wconf 58' lang='lat' dir='ltr'><strong>creteri</strong></span> <span class='ocrx_word' id='word_1_559' title='bbox 669 5090 878 5152; x_wconf 47' lang='lat' dir='ltr'><strong>mss-ut</strong></span> <span class='ocrx_word' id='word_1_560' title='bbox 905 5099 956 5152; x_wconf 94' lang='lat' dir='ltr'><strong>in</strong></span> <span class='ocrx_word' id='word_1_561' title='bbox 996 5108 1186 5149; x_wconf 85' lang='lat' dir='ltr'><strong>nostro</strong></span> <span class='ocrx_word' id='word_1_562' title='bbox 1209 5102 1381 5157; x_wconf 75' lang='lat' dir='ltr'><strong>textu,</strong></span> <span class='ocrx_word' id='word_1_563' title='bbox 1428 5090 1528 5147; x_wconf 88' lang='lat' dir='ltr'><strong>nisi</strong></span> <span class='ocrx_word' id='word_1_564' title='bbox 1568 5091 1712 5160; x_wconf 88' lang='lat' dir='ltr'><strong>quod</strong></span> <span class='ocrx_word' id='word_1_565' title='bbox 1746 5105 1885 5144; x_wconf 88' lang='lat' dir='ltr'><strong>unus</strong></span> <span class='ocrx_word' id='word_1_566' title='bbox 1923 5090 2017 5143; x_wconf 86' lang='lat' dir='ltr'><strong>ha-</strong></span> 
     </span>
    </p>
   </div>
   <div class='ocr_carea' id='block_1_71' title="bbox 457 5163 1693 5233">
    <p class='ocr_par' dir='ltr' id='par_1_71' title="bbox 457 5163 1693 5233">
     <span class='ocr_line' id='line_1_71' title="bbox 457 5163 1693 5233; baseline -0.011 -8"><span class='ocrx_word' id='word_1_567' title='bbox 457 5171 583 5225; x_wconf 88' lang='lat' dir='ltr'><strong>beat</strong></span> <span class='ocrx_word' id='word_1_568' title='bbox 619 5188 638 5220; x_wconf 72' lang='grc' dir='ltr'><strong><em>ι</em></strong></span> <span class='ocrx_word' id='word_1_569' title='bbox 670 5169 1021 5223; x_wconf 90' lang='lat' dir='ltr'><strong>suscitantem</strong></span> <span class='ocrx_word' id='word_1_570' title='bbox 1062 5185 1081 5218; x_wconf 75' lang='grc' dir='ltr'><strong><em>ι</em></strong></span> <span class='ocrx_word' id='word_1_571' title='bbox 1112 5181 1210 5233; x_wconf 91' lang='lat' dir='ltr'><strong>pro</strong></span> <span class='ocrx_word' id='word_1_572' title='bbox 1238 5183 1257 5215; x_wconf 88' lang='grc'><em>‹</em></span> <span class='ocrx_word' id='word_1_573' title='bbox 1295 5163 1636 5217; x_wconf 77' lang='lat' dir='ltr'><strong>suscitatam.</strong></span> <span class='ocrx_word' id='word_1_574' title='bbox 1675 5179 1693 5211; x_wconf 75' lang='grc' dir='ltr'><strong><em>ι</em></strong></span> 
     </span>
    </p>
   </div>
   <div class='ocr_carea' id='block_1_72' title="bbox 526 5229 2016 5308">
    <p class='ocr_par' dir='ltr' id='par_1_72' title="bbox 526 5229 2016 5308">
     <span class='ocr_line' id='line_1_72' title="bbox 526 5229 2016 5308; baseline -0.011 -14"><span class='ocrx_word' id='word_1_575' title='bbox 526 5241 606 5308; x_wconf 93' lang='grc'><strong>(1)</strong></span> <span class='ocrx_word' id='word_1_576' title='bbox 640 5240 714 5294; x_wconf 89' lang='lat' dir='ltr'><strong>Ita</strong></span> <span class='ocrx_word' id='word_1_577' title='bbox 739 5238 887 5293; x_wconf 90' lang='lat' dir='ltr'><strong>editi.</strong></span> <span class='ocrx_word' id='word_1_578' title='bbox 926 5235 1033 5308; x_wconf 79' lang='lat' dir='ltr'><strong>Sed</strong></span> <span class='ocrx_word' id='word_1_579' title='bbox 1055 5229 1244 5289; x_wconf 85' lang='lat' dir='ltr'><strong>omnes</strong></span> <span class='ocrx_word' id='word_1_580' title='bbox 1282 5248 1428 5308; x_wconf 81' lang='lat' dir='ltr'><strong>ms_s._</strong></span> <span class='ocrx_word' id='word_1_581' title='bbox 1448 5233 1614 5308; x_wconf 82' lang='lat' dir='ltr'><strong>nostri</strong></span> <span class='ocrx_word' id='word_1_582' title='bbox 1648 5240 1701 5284; x_wconf 92' lang='lat' dir='ltr'><strong>et</strong></span> <span class='ocrx_word' id='word_1_583' title='bbox 1734 5229 2016 5308; x_wconf 59' lang='lat' dir='ltr'><strong>Babanuf,</strong></span> 
     </span>
    </p>
   </div>
   <div class='ocr_carea' id='block_1_73' title="bbox 461 5300 2021 5381">
    <p class='ocr_par' dir='ltr' id='par_1_73' title="bbox 461 5300 2021 5381">
     <span class='ocr_line' id='line_1_73' title="bbox 461 5300 2021 5381; baseline -0.006 -20"><span class='ocrx_word' id='word_1_584' title='bbox 461 5300 603 5381; x_wconf 71' lang='lat' dir='ltr'><strong>«Ego</strong></span> <span class='ocrx_word' id='word_1_585' title='bbox 631 5310 677 5365; x_wconf 87' lang='lat' dir='ltr'><strong>si</strong></span> <span class='ocrx_word' id='word_1_586' title='bbox 706 5322 808 5360; x_wconf 92' lang='lat' dir='ltr'><strong>non</strong></span> <span class='ocrx_word' id='word_1_587' title='bbox 842 5310 893 5381; x_wconf 87' lang='lat' dir='ltr'><strong>in</strong></span> <span class='ocrx_word' id='word_1_588' title='bbox 915 5306 1199 5381; x_wconf 46' lang='lat' dir='ltr'><strong>novitateLt</strong></span> <span class='ocrx_word' id='word_1_589' title='bbox 1217 5313 1321 5357; x_wconf 88' lang='lat' dir='ltr'><strong>etc.</strong></span> <span class='ocrx_word' id='word_1_590' title='bbox 1341 5302 1540 5381; x_wconf 75' lang='lat' dir='ltr'><strong>Deinde</strong></span> <span class='ocrx_word' id='word_1_591' title='bbox 1566 5316 1693 5353; x_wconf 90' lang='lat' dir='ltr'><strong>mss.</strong></span> <span class='ocrx_word' id='word_1_592' title='bbox 1714 5301 1821 5381; x_wconf 79' lang='lat' dir='ltr'><strong>duo</strong></span> <span class='ocrx_word' id='word_1_593' title='bbox 1840 5300 2021 5381; x_wconf 57' lang='lat' dir='ltr'><strong>&#39;etedi-</strong></span> 
     </span>
    </p>
   </div>
   <div class='ocr_carea' id='block_1_74' title="bbox 459 5367 2021 5444">
    <p class='ocr_par' dir='ltr' id='par_1_74' title="bbox 459 5367 2021 5444">
     <span class='ocr_line' id='line_1_74' title="bbox 459 5367 2021 5444; baseline -0.007 -13"><span class='ocrx_word' id='word_1_594' title='bbox 459 5381 519 5444; x_wconf 90' lang='lat' dir='ltr'><strong>ti,</strong></span> <span class='ocrx_word' id='word_1_595' title='bbox 537 5367 923 5433; x_wconf 51' lang='lat' dir='ltr'><strong>ietvetustatis</strong></span> <span class='ocrx_word' id='word_1_596' title='bbox 938 5375 1190 5443; x_wconf 84' lang='lat' dir='ltr'><strong>peccandi</strong></span> <span class='ocrx_word' id='word_1_597' title='bbox 1206 5372 1669 5444; x_wconf 60' lang='lat' dir='ltr'><strong>consuetudinem;</strong></span> <span class='ocrx_word' id='word_1_598' title='bbox 1685 5389 1703 5419; x_wconf 75' lang='grc' dir='ltr'><strong><em>ι</em></strong></span> <span class='ocrx_word' id='word_1_599' title='bbox 1725 5372 1819 5423; x_wconf 92' lang='lat' dir='ltr'><strong>sed</strong></span> <span class='ocrx_word' id='word_1_600' title='bbox 1838 5367 2021 5421; x_wconf 83' lang='lat' dir='ltr'><strong>Raba-</strong></span> 
     </span>
    </p>
   </div>
   <div class='ocr_carea' id='block_1_75' title="bbox 455 5441 2019 5515">
    <p class='ocr_par' dir='ltr' id='par_1_75' title="bbox 455 5441 2019 5515">
     <span class='ocr_line' id='line_1_75' title="bbox 455 5441 2019 5515; baseline -0.007 -13"><span class='ocrx_word' id='word_1_601' title='bbox 455 5441 559 5502; x_wconf 84' lang='lat' dir='ltr'><strong>uus</strong></span> <span class='ocrx_word' id='word_1_602' title='bbox 573 5459 628 5501; x_wconf 91' lang='lat' dir='ltr'><strong>et</strong></span> <span class='ocrx_word' id='word_1_603' title='bbox 648 5463 751 5500; x_wconf 91' lang='lat' dir='ltr'><strong>ms.</strong></span> <span class='ocrx_word' id='word_1_604' title='bbox 784 5462 924 5500; x_wconf 91' lang='lat' dir='ltr'><strong>unus</strong></span> <span class='ocrx_word' id='word_1_605' title='bbox 940 5441 1149 5515; x_wconf 66' lang='lat' dir='ltr'><strong>Regius</strong></span> <span class='ocrx_word' id='word_1_606' title='bbox 1168 5460 1316 5496; x_wconf 91' lang='lat' dir='ltr'><strong>num.</strong></span> <span class='ocrx_word' id='word_1_607' title='bbox 1331 5441 1538 5515; x_wconf 63' lang='grc' dir='ltr'><strong>1ίξτξ9ῃι</strong></span> <span class='ocrx_word' id='word_1_608' title='bbox 1552 5441 1605 5493; x_wconf 91' lang='lat' dir='ltr'><strong>in</strong></span> <span class='ocrx_word' id='word_1_609' title='bbox 1631 5452 1827 5515; x_wconf 85' lang='lat' dir='ltr'><strong>no_stro_</strong></span> <span class='ocrx_word' id='word_1_610' title='bbox 1846 5448 2019 5515; x_wconf 80' lang='lat' dir='ltr'><strong>textu.</strong></span> 
     </span>
    </p>
   </div>
   <div class='ocr_carea' id='block_1_76' title="bbox 528 5506 2023 5588">
    <p class='ocr_par' dir='ltr' id='par_1_76' title="bbox 528 5506 2023 5588">
     <span class='ocr_line' id='line_1_76' title="bbox 528 5506 2023 5588; baseline -0.006 -17"><span class='ocrx_word' id='word_1_611' title='bbox 528 5521 605 5588; x_wconf 67' lang='lat'><strong>(2)</strong></span> <span class='ocrx_word' id='word_1_612' title='bbox 644 5516 746 5571; x_wconf 84' lang='lat' dir='ltr'><strong>Ms.</strong></span> <span class='ocrx_word' id='word_1_613' title='bbox 786 5533 924 5571; x_wconf 90' lang='lat' dir='ltr'><strong>unus</strong></span> <span class='ocrx_word' id='word_1_614' title='bbox 950 5506 1152 5588; x_wconf 58' lang='lat' dir='ltr'><strong>Regius</strong></span> <span class='ocrx_word' id='word_1_615' title='bbox 1193 5529 1340 5565; x_wconf 90' lang='lat' dir='ltr'><strong>num.</strong></span> <span class='ocrx_word' id='word_1_616' title='bbox 1378 5506 1590 5588; x_wconf 49' lang='lat'><strong>1659,}</strong></span> <span class='ocrx_word' id='word_1_617' title='bbox 1627 5511 1717 5577; x_wconf 91' lang='lat' dir='ltr'><strong>qui</strong></span> <span class='ocrx_word' id='word_1_618' title='bbox 1762 5512 1828 5563; x_wconf 89' lang='lat' dir='ltr'><strong>ad</strong></span> <span class='ocrx_word' id='word_1_619' title='bbox 1880 5510 2023 5588; x_wconf 80' lang='lat' dir='ltr'><strong>hunc</strong></span> 
     </span>
    </p>
   </div>
   <div class='ocr_carea' id='block_1_77' title="bbox 458 5580 2021 5653">
    <p class='ocr_par' dir='ltr' id='par_1_77' title="bbox 458 5580 2021 5653">
     <span class='ocr_line' id='line_1_77' title="bbox 458 5580 2021 5653; baseline -0.004 -14"><span class='ocrx_word' id='word_1_620' title='bbox 458 5580 735 5653; x_wconf 80' lang='lat' dir='ltr'><strong>ruborem,</strong></span> <span class='ocrx_word' id='word_1_621' title='bbox 773 5605 791 5637; x_wconf 78' lang='grc' dir='ltr'><strong><em>ι</em></strong></span> <span class='ocrx_word' id='word_1_622' title='bbox 840 5596 946 5641; x_wconf 88' lang='lat' dir='ltr'><strong>etc.</strong></span> <span class='ocrx_word' id='word_1_623' title='bbox 984 5580 1257 5650; x_wconf 78' lang='lat' dir='ltr'><strong>Rabanus,</strong></span> <span class='ocrx_word' id='word_1_624' title='bbox 1287 5600 1304 5632; x_wconf 74' lang='grc' dir='ltr'>ι</span> <span class='ocrx_word' id='word_1_625' title='bbox 1349 5584 1440 5651; x_wconf 92' lang='lat' dir='ltr'><strong>qui</strong></span> <span class='ocrx_word' id='word_1_626' title='bbox 1485 5581 1663 5635; x_wconf 88' lang='lat' dir='ltr'><strong>adhuc</strong></span> <span class='ocrx_word' id='word_1_627' title='bbox 1703 5594 1829 5633; x_wconf 81' lang='lat' dir='ltr'><strong>cum</strong></span> <span class='ocrx_word' id='word_1_628' title='bbox 1859 5580 2021 5633; x_wconf 88' lang='lat' dir='ltr'><strong>rubo-</strong></span> 
     </span>
    </p>
   </div>
   <div class='ocr_carea' id='block_1_78' title="bbox 457 5656 1338 5726">
    <p class='ocr_par' dir='ltr' id='par_1_78' title="bbox 457 5656 1338 5726">
     <span class='ocr_line' id='line_1_78' title="bbox 457 5656 1338 5726; baseline -0.006 -16"><span class='ocrx_word' id='word_1_629' title='bbox 457 5672 569 5711; x_wconf 87' lang='lat' dir='ltr'><strong>rem</strong></span> <span class='ocrx_word' id='word_1_630' title='bbox 597 5657 803 5726; x_wconf 90' lang='lat' dir='ltr'><strong>peccati</strong></span> <span class='ocrx_word' id='word_1_631' title='bbox 833 5656 1141 5726; x_wconf 86' lang='lat' dir='ltr'><strong>incurrerit,</strong></span> <span class='ocrx_word' id='word_1_632' title='bbox 1182 5673 1198 5703; x_wconf 76' lang='grc' dir='ltr'><strong><em>ι</em></strong></span> <span class='ocrx_word' id='word_1_633' title='bbox 1232 5664 1338 5707; x_wconf 92' lang='lat' dir='ltr'><strong>etc.</strong></span> 
     </span>
    </p>
   </div>
   <div class='ocr_carea' id='block_1_79' title="bbox 527 5718 2018 5797">
    <p class='ocr_par' dir='ltr' id='par_1_79' title="bbox 527 5718 2018 5797">
     <span class='ocr_line' id='line_1_79' title="bbox 527 5718 2018 5797; baseline -0.003 -18"><span class='ocrx_word' id='word_1_634' title='bbox 527 5718 611 5797; x_wconf 79' lang='lat'><strong>(3)</strong></span> <span class='ocrx_word' id='word_1_635' title='bbox 648 5726 738 5797; x_wconf 83' lang='lat' dir='ltr'><strong>Sic</strong></span> <span class='ocrx_word' id='word_1_636' title='bbox 762 5725 1208 5797; x_wconf 85' lang='lat' dir='ltr'><strong>_mss.__pleriqne</strong></span> <span class='ocrx_word' id='word_1_637' title='bbox 1232 5733 1287 5797; x_wconf 74' lang='lat' dir='ltr'><strong>et</strong></span> <span class='ocrx_word' id='word_1_638' title='bbox 1329 5722 1481 5797; x_wconf 82' lang='lat' dir='ltr'><strong>editi.</strong></span> <span class='ocrx_word' id='word_1_639' title='bbox 1516 5721 1614 5775; x_wconf 84' lang='lat' dir='ltr'><strong>Ms.</strong></span> <span class='ocrx_word' id='word_1_640' title='bbox 1644 5736 1775 5797; x_wconf 83' lang='lat' dir='ltr'><strong>vero</strong></span> <span class='ocrx_word' id='word_1_641' title='bbox 1816 5718 2018 5789; x_wconf 79' lang='lat' dir='ltr'><strong>Regius</strong></span> 
     </span>
    </p>
   </div>
   <div class='ocr_carea' id='block_1_80' title="bbox 457 5792 2013 5861">
    <p class='ocr_par' dir='ltr' id='par_1_80' title="bbox 457 5792 2013 5861">
     <span class='ocr_line' id='line_1_80' title="bbox 457 5792 2013 5861; baseline -0.004 -11"><span class='ocrx_word' id='word_1_642' title='bbox 457 5792 608 5851; x_wconf 77' lang='lat' dir='ltr'><strong>nunt.</strong></span> <span class='ocrx_word' id='word_1_643' title='bbox 645 5795 804 5861; x_wconf 82' lang='lat'><strong>1639,</strong></span> <span class='ocrx_word' id='word_1_644' title='bbox 848 5812 868 5846; x_wconf 68' lang='grc' dir='ltr'>ι</span> <span class='ocrx_word' id='word_1_645' title='bbox 920 5792 1052 5848; x_wconf 86' lang='lat' dir='ltr'><strong>Nam</strong></span> <span class='ocrx_word' id='word_1_646' title='bbox 1080 5796 1222 5850; x_wconf 89' lang='lat' dir='ltr'><strong>idem</strong></span> <span class='ocrx_word' id='word_1_647' title='bbox 1255 5794 1510 5849; x_wconf 90' lang='lat' dir='ltr'><strong>Dominus</strong></span> <span class='ocrx_word' id='word_1_648' title='bbox 1553 5793 1817 5857; x_wconf 90' lang='lat' dir='ltr'><strong>omnium,</strong></span> <span class='ocrx_word' id='word_1_649' title='bbox 1855 5812 1873 5844; x_wconf 74' lang='grc' dir='ltr'><strong><em>ο</em></strong></span> <span class='ocrx_word' id='word_1_650' title='bbox 1905 5804 2013 5846; x_wconf 88' lang='lat' dir='ltr'><strong>etc.</strong></span> 
     </span>
    </p>
   </div>
   <div class='ocr_carea' id='block_1_81' title="bbox 1669 4339 2690 4409">
    <p class='ocr_par' dir='ltr' id='par_1_81' title="bbox 1669 4339 2690 4409">
     <span class='ocr_line' id='line_1_81' title="bbox 1669 4339 2690 4409; baseline -0.007 -8"><span class='ocrx_word' id='word_1_651' title='bbox 1669 4348 1711 4378; x_wconf 82' lang='lat'>“</span> <span class='ocrx_word' id='word_1_652' title='bbox 1736 4345 1892 4409; x_wconf 82' lang='lat' dir='ltr'><strong>Rom,</strong></span> <span class='ocrx_word' id='word_1_653' title='bbox 1941 4360 1992 4406; x_wconf 71' lang='grc' dir='ltr'>ι,</span> <span class='ocrx_word' id='word_1_654' title='bbox 2047 4344 2145 4405; x_wconf 88' lang='grc'>11;</span> <span class='ocrx_word' id='word_1_655' title='bbox 2198 4342 2305 4397; x_wconf 90' lang='lat' dir='ltr'><strong>lsa.</strong></span> <span class='ocrx_word' id='word_1_656' title='bbox 2354 4356 2543 4404; x_wconf 79' lang='lat' dir='ltr'><strong>xxvm,</strong></span> <span class='ocrx_word' id='word_1_657' title='bbox 2602 4339 2690 4394; x_wconf 85' lang='lat'><strong>16.</strong></span> 
     </span>
    </p>
   </div>
   <div class='ocr_carea' id='block_1_82' title="bbox 2062 4573 2109 4629">
    <p class='ocr_par' dir='ltr' id='par_1_82' title="bbox 2062 4573 2109 4629">
     <span class='ocr_line' id='line_1_82' title="bbox 2062 4573 2109 4629; baseline 0 0"><span class='ocrx_word' id='word_1_658' title='bbox 2062 4573 2109 4629; x_wconf 80' lang='lat' dir='ltr'><strong>D</strong></span> 
     </span>
    </p>
   </div>
   <div class='ocr_carea' id='block_1_83' title="bbox 2139 1909 3294 1974">
    <p class='ocr_par' dir='ltr' id='par_1_83' title="bbox 2139 1909 3294 1974">
     <span class='ocr_line' id='line_1_83' title="bbox 2139 1909 3294 1974; baseline 0.002 -14"><span class='ocrx_word' id='word_1_659' title='bbox 2139 1909 2349 1974; x_wconf 86' lang='lat' dir='ltr'><strong>peccati</strong></span> <span class='ocrx_word' id='word_1_660' title='bbox 2381 1909 2631 1973; x_wconf 86' lang='lat' dir='ltr'><strong>incurrit,</strong></span> <span class='ocrx_word' id='word_1_661' title='bbox 2673 1910 2895 1963; x_wconf 88' lang='lat' dir='ltr'><strong>credere</strong></span> <span class='ocrx_word' id='word_1_662' title='bbox 2918 1922 3024 1961; x_wconf 90' lang='lat' dir='ltr'><strong>non</strong></span> <span class='ocrx_word' id='word_1_663' title='bbox 3060 1909 3294 1963; x_wconf 89' lang='lat' dir='ltr'><strong>videtur.</strong></span> 
     </span>
    </p>
   </div>
   <div class='ocr_carea' id='block_1_84' title="bbox 2208 1997 3719 2055">
    <p class='ocr_par' dir='ltr' id='par_1_84' title="bbox 2208 1997 3719 2055">
     <span class='ocr_line' id='line_1_84' title="bbox 2208 1997 3719 2055; baseline 0 -2"><span class='ocrx_word' id='word_1_664' title='bbox 2208 2001 2262 2053; x_wconf 82' lang='grc'><strong>5.</strong></span> <span class='ocrx_word' id='word_1_665' title='bbox 2288 2019 2305 2049; x_wconf 75' lang='grc' dir='ltr'>ι</span> <span class='ocrx_word' id='word_1_666' title='bbox 2327 1998 2440 2051; x_wconf 79' lang='lat' dir='ltr'><strong>Non</strong></span> <span class='ocrx_word' id='word_1_667' title='bbox 2473 2000 2618 2052; x_wconf 90' lang='lat' dir='ltr'><strong>enim</strong></span> <span class='ocrx_word' id='word_1_668' title='bbox 2653 2010 2736 2053; x_wconf 90' lang='lat' dir='ltr'><strong>est</strong></span> <span class='ocrx_word' id='word_1_669' title='bbox 2766 1999 3042 2054; x_wconf 86' lang='lat' dir='ltr'><strong>distinctio</strong></span> <span class='ocrx_word' id='word_1_670' title='bbox 3070 1998 3242 2055; x_wconf 52' lang='lat' dir='ltr'><strong>Judaei</strong></span> <span class='ocrx_word' id='word_1_671' title='bbox 3266 2010 3321 2053; x_wconf 93' lang='lat' dir='ltr'><strong>et</strong></span> <span class='ocrx_word' id='word_1_672' title='bbox 3349 1997 3545 2055; x_wconf 70' lang='lat' dir='ltr'><strong>Graeci.</strong></span> <span class='ocrx_word' id='word_1_673' title='bbox 3572 1998 3719 2053; x_wconf 78' lang='lat' dir='ltr'><strong>Idem</strong></span> 
     </span>
    </p>
   </div>
   <div class='ocr_carea' id='block_1_85' title="bbox 2136 2092 3721 2163">
    <p class='ocr_par' dir='ltr' id='par_1_85' title="bbox 2136 2092 3721 2163">
     <span class='ocr_line' id='line_1_85' title="bbox 2136 2092 3721 2163; baseline 0 -15"><span class='ocrx_word' id='word_1_674' title='bbox 2136 2093 2280 2148; x_wconf 90' lang='lat' dir='ltr'><strong>enim</strong></span> <span class='ocrx_word' id='word_1_675' title='bbox 2314 2094 2427 2162; x_wconf 90' lang='lat' dir='ltr'><strong>ipse</strong></span> <span class='ocrx_word' id='word_1_676' title='bbox 2456 2093 2712 2147; x_wconf 90' lang='lat' dir='ltr'><strong>Dominus</strong></span> <span class='ocrx_word' id='word_1_677' title='bbox 2731 2094 2971 2148; x_wconf 87' lang='lat' dir='ltr'><strong>omniunt</strong></span> <span class='ocrx_word' id='word_1_678' title='bbox 3024 2093 3123 2163; x_wconf 80' lang='grc'>(5),</span> <span class='ocrx_word' id='word_1_679' title='bbox 3152 2092 3301 2147; x_wconf 87' lang='lat' dir='ltr'><strong>dives</strong></span> <span class='ocrx_word' id='word_1_680' title='bbox 3331 2093 3384 2146; x_wconf 91' lang='lat' dir='ltr'><strong>in</strong></span> <span class='ocrx_word' id='word_1_681' title='bbox 3412 2107 3601 2149; x_wconf 90' lang='lat' dir='ltr'><strong>omnes</strong></span> <span class='ocrx_word' id='word_1_682' title='bbox 3625 2096 3721 2161; x_wconf 87' lang='lat' dir='ltr'><strong>qui</strong></span> 
     </span>
    </p>
   </div>
   <div class='ocr_carea' id='block_1_86' title="bbox 2139 2183 3719 2253">
    <p class='ocr_par' dir='ltr' id='par_1_86' title="bbox 2139 2183 3719 2253">
     <span class='ocr_line' id='line_1_86' title="bbox 2139 2183 3719 2253; baseline -0.001 -14"><span class='ocrx_word' id='word_1_683' title='bbox 2139 2188 2392 2240; x_wconf 83' lang='lat' dir='ltr'><strong>invocant</strong></span> <span class='ocrx_word' id='word_1_684' title='bbox 2421 2185 2591 2238; x_wconf 86' lang='lat' dir='ltr'><strong>illum.</strong></span> <span class='ocrx_word' id='word_1_685' title='bbox 2616 2183 2807 2238; x_wconf 85' lang='lat' dir='ltr'><strong>Omnis</strong></span> <span class='ocrx_word' id='word_1_686' title='bbox 2831 2185 2974 2238; x_wconf 90' lang='lat' dir='ltr'><strong>enim</strong></span> <span class='ocrx_word' id='word_1_687' title='bbox 3015 2185 3328 2253; x_wconf 89' lang='lat' dir='ltr'><strong>quicunque</strong></span> <span class='ocrx_word' id='word_1_688' title='bbox 3378 2184 3719 2238; x_wconf 88' lang='lat' dir='ltr'><strong>invocaverit</strong></span> 
     </span>
    </p>
   </div>
   <div class='ocr_carea' id='block_1_87' title="bbox 2141 2275 3720 2341">
    <p class='ocr_par' dir='ltr' id='par_1_87' title="bbox 2141 2275 3720 2341">
     <span class='ocr_line' id='line_1_87' title="bbox 2141 2275 3720 2341; baseline -0.001 -11"><span class='ocrx_word' id='word_1_689' title='bbox 2141 2292 2336 2331; x_wconf 89' lang='lat' dir='ltr'><strong>nomen</strong></span> <span class='ocrx_word' id='word_1_690' title='bbox 2392 2276 2626 2340; x_wconf 85' lang='lat' dir='ltr'><strong>Domini,</strong></span> <span class='ocrx_word' id='word_1_691' title='bbox 2672 2279 2852 2330; x_wconf 87' lang='lat' dir='ltr'><strong>salvus</strong></span> <span class='ocrx_word' id='word_1_692' title='bbox 2881 2276 2988 2330; x_wconf 90' lang='lat' dir='ltr'><strong>erit</strong></span> <span class='ocrx_word' id='word_1_693' title='bbox 3028 2275 3089 2329; x_wconf 81' lang='lat'><strong>&quot;.</strong></span> <span class='ocrx_word' id='word_1_694' title='bbox 3122 2295 3141 2326; x_wconf 85' lang='grc'><strong>›</strong></span> <span class='ocrx_word' id='word_1_695' title='bbox 3178 2275 3462 2341; x_wconf 81' lang='lat' dir='ltr'><strong>Quomodo</strong></span> <span class='ocrx_word' id='word_1_696' title='bbox 3491 2291 3596 2330; x_wconf 91' lang='lat' dir='ltr'><strong>non</strong></span> <span class='ocrx_word' id='word_1_697' title='bbox 3647 2277 3720 2330; x_wconf 90' lang='lat' dir='ltr'><strong>sit</strong></span> 
     </span>
    </p>
   </div>
   <div class='ocr_carea' id='block_1_88' title="bbox 2140 2366 3720 2438">
    <p class='ocr_par' dir='ltr' id='par_1_88' title="bbox 2140 2366 3720 2438">
     <span class='ocr_line' id='line_1_88' title="bbox 2140 2366 3720 2438; baseline -0.002 -13"><span class='ocrx_word' id='word_1_698' title='bbox 2140 2371 2416 2426; x_wconf 89' lang='lat' dir='ltr'><strong>distinctio</strong></span> <span class='ocrx_word' id='word_1_699' title='bbox 2446 2371 2498 2422; x_wconf 95' lang='lat' dir='ltr'><strong>in</strong></span> <span class='ocrx_word' id='word_1_700' title='bbox 2538 2369 2642 2423; x_wconf 80' lang='lat' dir='ltr'><strong>[ide</strong></span> <span class='ocrx_word' id='word_1_701' title='bbox 2669 2367 2838 2421; x_wconf 67' lang='lat' dir='ltr'><strong>Judaei</strong></span> <span class='ocrx_word' id='word_1_702' title='bbox 2871 2378 2925 2420; x_wconf 92' lang='lat' dir='ltr'><strong>et</strong></span> <span class='ocrx_word' id='word_1_703' title='bbox 2949 2366 3126 2422; x_wconf 65' lang='lat' dir='ltr'><strong>Graeci</strong></span> <span class='ocrx_word' id='word_1_704' title='bbox 3163 2409 3178 2433; x_wconf 97' lang='lat'><strong>,</strong></span> <span class='ocrx_word' id='word_1_705' title='bbox 3231 2383 3398 2438; x_wconf 88' lang='lat' dir='ltr'><strong>supra</strong></span> <span class='ocrx_word' id='word_1_706' title='bbox 3441 2370 3553 2437; x_wconf 86' lang='lat' dir='ltr'><strong>jam</strong></span> <span class='ocrx_word' id='word_1_707' title='bbox 3607 2368 3720 2422; x_wconf 74' lang='lat' dir='ltr'><strong>fre-</strong></span> 
     </span>
    </p>
   </div>
   <div class='ocr_carea' id='block_1_89' title="bbox 2139 2458 3721 2532">
    <p class='ocr_par' dir='ltr' id='par_1_89' title="bbox 2139 2458 3721 2532">
     <span class='ocr_line' id='line_1_89' title="bbox 2139 2458 3721 2532; baseline -0.002 -19"><span class='ocrx_word' id='word_1_708' title='bbox 2139 2473 2369 2532; x_wconf 76' lang='lat' dir='ltr'><strong>quenter</strong></span> <span class='ocrx_word' id='word_1_709' title='bbox 2395 2462 2748 2515; x_wconf 85' lang='lat' dir='ltr'><strong>ostendimus.</strong></span> <span class='ocrx_word' id='word_1_710' title='bbox 2785 2458 2943 2525; x_wconf 83' lang='lat' dir='ltr'><strong>Quod</strong></span> <span class='ocrx_word' id='word_1_711' title='bbox 2975 2470 3154 2513; x_wconf 89' lang='lat' dir='ltr'><strong>autem</strong></span> <span class='ocrx_word' id='word_1_712' title='bbox 3185 2460 3324 2514; x_wconf 88' lang='lat' dir='ltr'><strong>idem</strong></span> <span class='ocrx_word' id='word_1_713' title='bbox 3353 2460 3422 2514; x_wconf 89' lang='lat' dir='ltr'><strong>sit</strong></span> <span class='ocrx_word' id='word_1_714' title='bbox 3456 2460 3721 2513; x_wconf 83' lang='lat' dir='ltr'><strong>Dominus</strong></span> 
     </span>
    </p>
   </div>
   <div class='ocr_carea' id='block_1_90' title="bbox 2138 2553 3717 2621">
    <p class='ocr_par' dir='ltr' id='par_1_90' title="bbox 2138 2553 3717 2621">
     <span class='ocr_line' id='line_1_90' title="bbox 2138 2553 3717 2621; baseline -0.006 -12"><span class='ocrx_word' id='word_1_715' title='bbox 2138 2556 2402 2617; x_wconf 91' lang='lat' dir='ltr'><strong>omnium,</strong></span> <span class='ocrx_word' id='word_1_716' title='bbox 2440 2553 2733 2608; x_wconf 89' lang='lat' dir='ltr'><strong>secundum</strong></span> <span class='ocrx_word' id='word_1_717' title='bbox 2771 2553 2885 2606; x_wconf 57' lang='lat' dir='ltr'><strong>haec</strong></span> <span class='ocrx_word' id='word_1_718' title='bbox 2913 2553 3151 2621; x_wconf 88' lang='lat' dir='ltr'><strong>accipies</strong></span> <span class='ocrx_word' id='word_1_719' title='bbox 3177 2566 3299 2620; x_wconf 70' lang='lat' dir='ltr'><strong>qum</strong></span> <span class='ocrx_word' id='word_1_720' title='bbox 3338 2567 3509 2621; x_wconf 90' lang='lat' dir='ltr'><strong>nuper</strong></span> <span class='ocrx_word' id='word_1_721' title='bbox 3539 2553 3717 2605; x_wconf 79' lang='lat' dir='ltr'><strong>edidi-</strong></span> 
     </span>
    </p>
   </div>
   <div class='ocr_carea' id='block_1_91' title="bbox 2141 2643 3717 2714">
    <p class='ocr_par' dir='ltr' id='par_1_91' title="bbox 2141 2643 3717 2714">
     <span class='ocr_line' id='line_1_91' title="bbox 2141 2643 3717 2714; baseline -0.004 -12"><span class='ocrx_word' id='word_1_722' title='bbox 2141 2663 2296 2713; x_wconf 88' lang='lat' dir='ltr'><strong>mus;</strong></span> <span class='ocrx_word' id='word_1_723' title='bbox 2344 2647 2448 2700; x_wconf 91' lang='lat' dir='ltr'><strong>hoc</strong></span> <span class='ocrx_word' id='word_1_724' title='bbox 2481 2654 2582 2709; x_wconf 90' lang='lat' dir='ltr'><strong>est,</strong></span> <span class='ocrx_word' id='word_1_725' title='bbox 2616 2646 2660 2698; x_wconf 92' lang='lat' dir='ltr'><strong>si</strong></span> <span class='ocrx_word' id='word_1_726' title='bbox 2698 2643 2912 2711; x_wconf 86' lang='lat' dir='ltr'><strong>justitia</strong></span> <span class='ocrx_word' id='word_1_727' title='bbox 2940 2644 3115 2705; x_wconf 89' lang='lat' dir='ltr'><strong>nobis,</strong></span> <span class='ocrx_word' id='word_1_728' title='bbox 3148 2654 3202 2697; x_wconf 91' lang='lat' dir='ltr'><strong>et</strong></span> <span class='ocrx_word' id='word_1_729' title='bbox 3233 2643 3641 2714; x_wconf 60' lang='lat' dir='ltr'><strong>veritas,62ﬁ.</strong></span> <span class='ocrx_word' id='word_1_730' title='bbox 3662 2655 3717 2696; x_wconf 87' lang='lat' dir='ltr'><strong>et</strong></span> 
     </span>
    </p>
   </div>
   <div class='ocr_carea' id='block_1_92' title="bbox 2139 2736 3718 2804">
    <p class='ocr_par' dir='ltr' id='par_1_92' title="bbox 2139 2736 3718 2804">
     <span class='ocr_line' id='line_1_92' title="bbox 2139 2736 3718 2804; baseline -0.003 -10"><span class='ocrx_word' id='word_1_731' title='bbox 2139 2739 2517 2801; x_wconf 76' lang='lat' dir='ltr'><strong>sanctiﬁcatio,</strong></span> <span class='ocrx_word' id='word_1_732' title='bbox 2557 2746 2613 2790; x_wconf 89' lang='lat' dir='ltr'><strong>et</strong></span> <span class='ocrx_word' id='word_1_733' title='bbox 2644 2736 2932 2804; x_wconf 85' lang='lat' dir='ltr'><strong>sapientia,</strong></span> <span class='ocrx_word' id='word_1_734' title='bbox 2960 2736 3102 2804; x_wconf 90' lang='lat' dir='ltr'><strong>quod</strong></span> <span class='ocrx_word' id='word_1_735' title='bbox 3129 2744 3299 2789; x_wconf 84' lang='lat' dir='ltr'><strong>totum</strong></span> <span class='ocrx_word' id='word_1_736' title='bbox 3333 2746 3417 2790; x_wconf 90' lang='lat' dir='ltr'><strong>est</strong></span> <span class='ocrx_word' id='word_1_737' title='bbox 3438 2790 3442 2797; x_wconf 89' lang='lat'><em>_</em></span> <span class='ocrx_word' id='word_1_738' title='bbox 3463 2738 3718 2790; x_wconf 74' lang='lat' dir='ltr'><strong>Christus</strong></span> 
     </span>
    </p>
   </div>
   <div class='ocr_carea' id='block_1_93' title="bbox 2140 2828 3712 2899">
    <p class='ocr_par' dir='ltr' id='par_1_93' title="bbox 2140 2828 3712 2899">
     <span class='ocr_line' id='line_1_93' title="bbox 2140 2828 3712 2899; baseline -0.005 -10"><span class='ocrx_word' id='word_1_739' title='bbox 2140 2835 2421 2895; x_wconf 88' lang='lat' dir='ltr'><strong>Dominus,</strong></span> <span class='ocrx_word' id='word_1_740' title='bbox 2443 2834 2768 2887; x_wconf 90' lang='lat' dir='ltr'><strong>dominetur.</strong></span> <span class='ocrx_word' id='word_1_741' title='bbox 2790 2829 2915 2884; x_wconf 69' lang='lat' dir='ltr'><strong>llzec</strong></span> <span class='ocrx_word' id='word_1_742' title='bbox 2941 2830 3084 2883; x_wconf 89' lang='lat' dir='ltr'><strong>enim</strong></span> <span class='ocrx_word' id='word_1_743' title='bbox 3106 2839 3231 2882; x_wconf 85' lang='lat' dir='ltr'><strong>sunt</strong></span> <span class='ocrx_word' id='word_1_744' title='bbox 3260 2829 3378 2896; x_wconf 89' lang='lat' dir='ltr'><strong>ejus</strong></span> <span class='ocrx_word' id='word_1_745' title='bbox 3397 2829 3596 2882; x_wconf 68' lang='lat' dir='ltr'><strong>divitia:</strong></span> <span class='ocrx_word' id='word_1_746' title='bbox 3613 2828 3712 2899; x_wconf 76' lang='grc'>(4),</span> 
     </span>
    </p>
   </div>
   <div class='ocr_carea' id='block_1_94' title="bbox 2143 2921 3716 2996">
    <p class='ocr_par' dir='ltr' id='par_1_94' title="bbox 2143 2921 3716 2996">
     <span class='ocr_line' id='line_1_94' title="bbox 2143 2921 3716 2996; baseline -0.003 -17"><span class='ocrx_word' id='word_1_747' title='bbox 2143 2937 2329 2996; x_wconf 89' lang='lat' dir='ltr'><strong>utpote</strong></span> <span class='ocrx_word' id='word_1_748' title='bbox 2364 2946 2381 2977; x_wconf 71' lang='grc' dir='ltr'>α</span> <span class='ocrx_word' id='word_1_749' title='bbox 2426 2926 2478 2980; x_wconf 96' lang='lat' dir='ltr'><strong>in</strong></span> <span class='ocrx_word' id='word_1_750' title='bbox 2511 2941 2619 2995; x_wconf 90' lang='lat' dir='ltr'><strong>quo</strong></span> <span class='ocrx_word' id='word_1_751' title='bbox 2653 2923 2893 2979; x_wconf 88' lang='lat' dir='ltr'><strong>thesauri</strong></span> <span class='ocrx_word' id='word_1_752' title='bbox 2922 2922 3203 2990; x_wconf 70' lang='lat' dir='ltr'><strong>sapientiae</strong></span> <span class='ocrx_word' id='word_1_753' title='bbox 3236 2932 3291 2974; x_wconf 93' lang='lat' dir='ltr'><strong>et</strong></span> <span class='ocrx_word' id='word_1_754' title='bbox 3317 2921 3561 2975; x_wconf 65' lang='lat' dir='ltr'><strong>scientia:</strong></span> <span class='ocrx_word' id='word_1_755' title='bbox 3587 2935 3716 2975; x_wconf 76' lang='lat' dir='ltr'><strong>sunt</strong></span> 
     </span>
    </p>
   </div>
   <div class='ocr_carea' id='block_1_95' title="bbox 2140 3012 3716 3083">
    <p class='ocr_par' dir='ltr' id='par_1_95' title="bbox 2140 3012 3716 3083">
     <span class='ocr_line' id='line_1_95' title="bbox 2140 3012 3716 3083; baseline -0.006 -10"><span class='ocrx_word' id='word_1_756' title='bbox 2140 3019 2440 3075; x_wconf 87' lang='lat' dir='ltr'><strong>absconditi</strong></span> <span class='ocrx_word' id='word_1_757' title='bbox 2474 3019 2538 3070; x_wconf 77' lang='lat'><strong>”.</strong></span> <span class='ocrx_word' id='word_1_758' title='bbox 2576 3039 2595 3070; x_wconf 72' lang='grc' dir='ltr'><strong><em>ι</em></strong></span> <span class='ocrx_word' id='word_1_759' title='bbox 2635 3016 2779 3083; x_wconf 85' lang='lat' dir='ltr'><strong>Quas</strong></span> <span class='ocrx_word' id='word_1_760' title='bbox 2811 3024 2987 3069; x_wconf 90' lang='lat' dir='ltr'><strong>tamen</strong></span> <span class='ocrx_word' id='word_1_761' title='bbox 3017 3014 3240 3067; x_wconf 90' lang='lat' dir='ltr'><strong>divitias</strong></span> <span class='ocrx_word' id='word_1_762' title='bbox 3282 3028 3387 3066; x_wconf 91' lang='lat' dir='ltr'><strong>non</strong></span> <span class='ocrx_word' id='word_1_763' title='bbox 3422 3012 3558 3067; x_wconf 77' lang='lat' dir='ltr'><strong>dixit</strong></span> <span class='ocrx_word' id='word_1_764' title='bbox 3601 3013 3716 3064; x_wconf 80' lang='lat' dir='ltr'><strong>lur-</strong></span> 
     </span>
    </p>
   </div>
   <div class='ocr_carea' id='block_1_96' title="bbox 2141 3105 3715 3187">
    <p class='ocr_par' dir='ltr' id='par_1_96' title="bbox 2141 3105 3715 3187">
     <span class='ocr_line' id='line_1_96' title="bbox 2141 3105 3715 3187; baseline -0.006 -21"><span class='ocrx_word' id='word_1_765' title='bbox 2141 3114 2241 3187; x_wconf 79' lang='lat' dir='ltr'><strong>giri</strong></span> <span class='ocrx_word' id='word_1_766' title='bbox 2265 3128 2391 3167; x_wconf 89' lang='lat' dir='ltr'><strong>eum</strong></span> <span class='ocrx_word' id='word_1_767' title='bbox 2422 3110 2674 3166; x_wconf 90' lang='lat' dir='ltr'><strong>omnibus</strong></span> <span class='ocrx_word' id='word_1_768' title='bbox 2696 3107 3034 3174; x_wconf 87' lang='lat' dir='ltr'><strong>hominibus,</strong></span> <span class='ocrx_word' id='word_1_769' title='bbox 3068 3106 3163 3160; x_wconf 88' lang='lat' dir='ltr'><strong>sed</strong></span> <span class='ocrx_word' id='word_1_770' title='bbox 3197 3106 3450 3160; x_wconf 89' lang='lat' dir='ltr'><strong>omnibus</strong></span> <span class='ocrx_word' id='word_1_771' title='bbox 3478 3105 3715 3174; x_wconf 88' lang='lat' dir='ltr'><strong>quicun-</strong></span> 
     </span>
    </p>
   </div>
   <div class='ocr_carea' id='block_1_97' title="bbox 2141 3196 3718 3275">
    <p class='ocr_par' dir='ltr' id='par_1_97' title="bbox 2141 3196 3718 3275">
     <span class='ocr_line' id='line_1_97' title="bbox 2141 3196 3718 3275; baseline -0.005 -18"><span class='ocrx_word' id='word_1_772' title='bbox 2141 3220 2245 3275; x_wconf 88' lang='lat' dir='ltr'><strong>que</strong></span> <span class='ocrx_word' id='word_1_773' title='bbox 2270 3201 2641 3258; x_wconf 88' lang='lat' dir='ltr'><strong>iuvocaverint</strong></span> <span class='ocrx_word' id='word_1_774' title='bbox 2665 3214 2860 3254; x_wconf 91' lang='lat' dir='ltr'><strong>nomen</strong></span> <span class='ocrx_word' id='word_1_775' title='bbox 2888 3198 3025 3266; x_wconf 86' lang='lat' dir='ltr'><strong>ejus.</strong></span> <span class='ocrx_word' id='word_1_776' title='bbox 3078 3196 3183 3251; x_wconf 87' lang='lat' dir='ltr'><strong>Sed</strong></span> <span class='ocrx_word' id='word_1_777' title='bbox 3212 3206 3266 3251; x_wconf 91' lang='lat' dir='ltr'><strong>et</strong></span> <span class='ocrx_word' id='word_1_778' title='bbox 3295 3199 3345 3249; x_wconf 92' lang='lat' dir='ltr'><strong>in</strong></span> <span class='ocrx_word' id='word_1_779' title='bbox 3374 3198 3476 3250; x_wconf 93' lang='lat' dir='ltr'><strong>hoc</strong></span> <span class='ocrx_word' id='word_1_780' title='bbox 3516 3196 3718 3251; x_wconf 84' lang='lat' dir='ltr'><strong>similis</strong></span> 
     </span>
    </p>
   </div>
   <div class='ocr_carea' id='block_1_98' title="bbox 2141 3286 3714 3361">
    <p class='ocr_par' dir='ltr' id='par_1_98' title="bbox 2141 3286 3714 3361">
     <span class='ocr_line' id='line_1_98' title="bbox 2141 3286 3714 3361; baseline -0.004 -14"><span class='ocrx_word' id='word_1_781' title='bbox 2141 3296 2355 3349; x_wconf 89' lang='lat' dir='ltr'><strong>videtur</strong></span> <span class='ocrx_word' id='word_1_782' title='bbox 2380 3292 2685 3361; x_wconf 61' lang='lat' dir='ltr'><strong>quaestiout</strong></span> <span class='ocrx_word' id='word_1_783' title='bbox 2710 3290 2762 3344; x_wconf 91' lang='lat' dir='ltr'><strong>in</strong></span> <span class='ocrx_word' id='word_1_784' title='bbox 2793 3289 3068 3359; x_wconf 89' lang='lat' dir='ltr'><strong>prioribus</strong></span> <span class='ocrx_word' id='word_1_785' title='bbox 3098 3287 3326 3343; x_wconf 89' lang='lat' dir='ltr'><strong>oboriri.</strong></span> <span class='ocrx_word' id='word_1_786' title='bbox 3351 3286 3539 3357; x_wconf 88' lang='lat' dir='ltr'><strong>Neque</strong></span> <span class='ocrx_word' id='word_1_787' title='bbox 3565 3288 3714 3341; x_wconf 91' lang='lat' dir='ltr'><strong>enim</strong></span> 
     </span>
    </p>
   </div>
   <div class='ocr_carea' id='block_1_99' title="bbox 2140 3379 3718 3453">
    <p class='ocr_par' dir='ltr' id='par_1_99' title="bbox 2140 3379 3718 3453">
     <span class='ocr_line' id='line_1_99' title="bbox 2140 3379 3718 3453; baseline -0.006 -13"><span class='ocrx_word' id='word_1_788' title='bbox 2140 3402 2329 3440; x_wconf 90' lang='lat' dir='ltr'><strong>omnes</strong></span> <span class='ocrx_word' id='word_1_789' title='bbox 2358 3387 2446 3453; x_wconf 90' lang='lat' dir='ltr'><strong>qui</strong></span> <span class='ocrx_word' id='word_1_790' title='bbox 2479 3398 2695 3453; x_wconf 88' lang='lat' dir='ltr'><strong>quoquo</strong></span> <span class='ocrx_word' id='word_1_791' title='bbox 2717 3382 2880 3436; x_wconf 90' lang='lat' dir='ltr'><strong>modo</strong></span> <span class='ocrx_word' id='word_1_792' title='bbox 2909 3380 3284 3435; x_wconf 88' lang='lat' dir='ltr'><strong>invocaverint</strong></span> <span class='ocrx_word' id='word_1_793' title='bbox 3314 3395 3508 3433; x_wconf 86' lang='lat' dir='ltr'><strong>nomen</strong></span> <span class='ocrx_word' id='word_1_794' title='bbox 3536 3379 3718 3433; x_wconf 79' lang='lat' dir='ltr'><strong>Domi-</strong></span> 
     </span>
    </p>
   </div>
   <div class='ocr_carea' id='block_1_100' title="bbox 2144 3473 3713 3550">
    <p class='ocr_par' dir='ltr' id='par_1_100' title="bbox 2144 3473 3713 3550">
     <span class='ocr_line' id='line_1_100' title="bbox 2144 3473 3713 3550; baseline -0.005 -18"><span class='ocrx_word' id='word_1_795' title='bbox 2144 3480 2194 3532; x_wconf 94' lang='lat' dir='ltr'><strong>ni</strong></span> <span class='ocrx_word' id='word_1_796' title='bbox 2222 3478 2300 3550; x_wconf 78' lang='grc'>(5)</span> <span class='ocrx_word' id='word_1_797' title='bbox 2324 3477 2457 3531; x_wconf 88' lang='lat' dir='ltr'><strong>salvi</strong></span> <span class='ocrx_word' id='word_1_798' title='bbox 2486 3492 2608 3532; x_wconf 86' lang='lat' dir='ltr'><strong>esse</strong></span> <span class='ocrx_word' id='word_1_799' title='bbox 2640 3483 2885 3544; x_wconf 89' lang='lat' dir='ltr'><strong>possunt,</strong></span> <span class='ocrx_word' id='word_1_800' title='bbox 2922 3473 3133 3527; x_wconf 90' lang='lat' dir='ltr'><strong>etiamsi</strong></span> <span class='ocrx_word' id='word_1_801' title='bbox 3169 3488 3277 3525; x_wconf 93' lang='lat' dir='ltr'><strong>non</strong></span> <span class='ocrx_word' id='word_1_802' title='bbox 3297 3474 3509 3541; x_wconf 87' lang='lat' dir='ltr'><strong>egerint</strong></span> <span class='ocrx_word' id='word_1_803' title='bbox 3546 3487 3713 3540; x_wconf 83' lang='lat' dir='ltr'><strong>opera</strong></span> 
     </span>
    </p>
   </div>
   <div class='ocr_carea' id='block_1_101' title="bbox 2143 3563 3713 3636">
    <p class='ocr_par' dir='ltr' id='par_1_101' title="bbox 2143 3563 3713 3636">
     <span class='ocr_line' id='line_1_101' title="bbox 2143 3563 3713 3636; baseline -0.004 -11"><span class='ocrx_word' id='word_1_804' title='bbox 2143 3570 2373 3625; x_wconf 88' lang='lat' dir='ltr'><strong>invocati</strong></span> <span class='ocrx_word' id='word_1_805' title='bbox 2407 3568 2641 3622; x_wconf 90' lang='lat' dir='ltr'><strong>nominis</strong></span> <span class='ocrx_word' id='word_1_806' title='bbox 2669 3567 2849 3636; x_wconf 78' lang='lat' dir='ltr'><strong>digna,</strong></span> <span class='ocrx_word' id='word_1_807' title='bbox 2892 3566 3131 3620; x_wconf 79' lang='lat' dir='ltr'><strong>maxime</strong></span> <span class='ocrx_word' id='word_1_808' title='bbox 3170 3578 3291 3617; x_wconf 87' lang='lat' dir='ltr'><strong>cum</strong></span> <span class='ocrx_word' id='word_1_809' title='bbox 3333 3572 3388 3617; x_wconf 91' lang='lat' dir='ltr'><strong>et</strong></span> <span class='ocrx_word' id='word_1_810' title='bbox 3437 3563 3713 3631; x_wconf 83' lang='lat' dir='ltr'><strong>Sapientia</strong></span> 
     </span>
    </p>
   </div>
   <div class='ocr_carea' id='block_1_102' title="bbox 2142 3654 3712 3715">
    <p class='ocr_par' dir='ltr' id='par_1_102' title="bbox 2142 3654 3712 3715">
     <span class='ocr_line' id='line_1_102' title="bbox 2142 3654 3712 3715; baseline -0.005 0"><span class='ocrx_word' id='word_1_811' title='bbox 2142 3662 2232 3715; x_wconf 91' lang='lat' dir='ltr'><strong>Dei</strong></span> <span class='ocrx_word' id='word_1_812' title='bbox 2266 3663 2318 3713; x_wconf 93' lang='lat' dir='ltr'><strong>in</strong></span> <span class='ocrx_word' id='word_1_813' title='bbox 2352 3658 2661 3713; x_wconf 89' lang='lat' dir='ltr'><strong>Proverbiis</strong></span> <span class='ocrx_word' id='word_1_814' title='bbox 2693 3658 2880 3712; x_wconf 89' lang='lat' dir='ltr'><strong>dicat:</strong></span> <span class='ocrx_word' id='word_1_815' title='bbox 2920 3675 2939 3707; x_wconf 74' lang='grc' dir='ltr'>ι</span> <span class='ocrx_word' id='word_1_816' title='bbox 2972 3654 3092 3709; x_wconf 84' lang='lat' dir='ltr'><strong>Erit</strong></span> <span class='ocrx_word' id='word_1_817' title='bbox 3132 3654 3277 3709; x_wconf 89' lang='lat' dir='ltr'><strong>enim</strong></span> <span class='ocrx_word' id='word_1_818' title='bbox 3308 3670 3433 3708; x_wconf 91' lang='lat' dir='ltr'><strong>cum</strong></span> <span class='ocrx_word' id='word_1_819' title='bbox 3486 3656 3712 3708; x_wconf 71' lang='lat' dir='ltr'><strong>invoca-—</strong></span> 
     </span>
    </p>
   </div>
   <div class='ocr_carea' id='block_1_103' title="bbox 2140 3744 3707 3822">
    <p class='ocr_par' dir='ltr' id='par_1_103' title="bbox 2140 3744 3707 3822">
     <span class='ocr_line' id='line_1_103' title="bbox 2140 3744 3707 3822; baseline -0.005 -19"><span class='ocrx_word' id='word_1_820' title='bbox 2140 3752 2331 3806; x_wconf 89' lang='lat' dir='ltr'><strong>veritis</strong></span> <span class='ocrx_word' id='word_1_821' title='bbox 2354 3749 2430 3822; x_wconf 83' lang='lat'><strong>(6)</strong></span> <span class='ocrx_word' id='word_1_822' title='bbox 2462 3764 2591 3803; x_wconf 91' lang='lat' dir='ltr'><strong>me:</strong></span> <span class='ocrx_word' id='word_1_823' title='bbox 2629 3762 2729 3816; x_wconf 83' lang='lat' dir='ltr'><strong>ego</strong></span> <span class='ocrx_word' id='word_1_824' title='bbox 2759 3756 2939 3800; x_wconf 89' lang='lat' dir='ltr'><strong>autem</strong></span> <span class='ocrx_word' id='word_1_825' title='bbox 2985 3761 3094 3800; x_wconf 91' lang='lat' dir='ltr'><strong>non</strong></span> <span class='ocrx_word' id='word_1_826' title='bbox 3128 3744 3413 3799; x_wconf 79' lang='lat' dir='ltr'><strong>exaudiam</strong></span> <span class='ocrx_word' id='word_1_827' title='bbox 3460 3760 3554 3799; x_wconf 88' lang='lat' dir='ltr'><strong>vos</strong></span> <span class='ocrx_word' id='word_1_828' title='bbox 3584 3745 3648 3798; x_wconf 79' lang='grc'><strong>¹⁶.</strong></span> <span class='ocrx_word' id='word_1_829' title='bbox 3686 3763 3707 3795; x_wconf 71' lang='grc' dir='ltr'><strong><em>ι</em></strong></span> 
     </span>
    </p>
   </div>
   <div class='ocr_carea' id='block_1_104' title="bbox 2139 3834 3713 3911">
    <p class='ocr_par' dir='ltr' id='par_1_104' title="bbox 2139 3834 3713 3911">
     <span class='ocr_line' id='line_1_104' title="bbox 2139 3834 3713 3911; baseline -0.007 -14"><span class='ocrx_word' id='word_1_830' title='bbox 2139 3843 2195 3897; x_wconf 93' lang='lat' dir='ltr'><strong>In</strong></span> <span class='ocrx_word' id='word_1_831' title='bbox 2225 3857 2332 3911; x_wconf 89' lang='lat' dir='ltr'><strong>quo</strong></span> <span class='ocrx_word' id='word_1_832' title='bbox 2366 3842 2576 3895; x_wconf 89' lang='lat' dir='ltr'><strong>videtur</strong></span> <span class='ocrx_word' id='word_1_833' title='bbox 2607 3839 2734 3892; x_wconf 91' lang='lat' dir='ltr'><strong>mihi</strong></span> <span class='ocrx_word' id='word_1_834' title='bbox 2766 3837 3041 3905; x_wconf 89' lang='lat' dir='ltr'><strong>Sapientia</strong></span> <span class='ocrx_word' id='word_1_835' title='bbox 3068 3835 3342 3891; x_wconf 90' lang='lat' dir='ltr'><strong>cohortari</strong></span> <span class='ocrx_word' id='word_1_836' title='bbox 3373 3834 3449 3905; x_wconf 82' lang='lat'><strong>(7)</strong></span> <span class='ocrx_word' id='word_1_837' title='bbox 3485 3843 3540 3889; x_wconf 90' lang='lat' dir='ltr'><strong>et</strong></span> <span class='ocrx_word' id='word_1_838' title='bbox 3585 3850 3713 3904; x_wconf 84' lang='lat' dir='ltr'><strong>per-</strong></span> 
     </span>
    </p>
   </div>
   <div class='ocr_carea' id='block_1_105' title="bbox 2140 3927 3713 4007">
    <p class='ocr_par' dir='ltr' id='par_1_105' title="bbox 2140 3927 3713 4007">
     <span class='ocr_line' id='line_1_105' title="bbox 2140 3927 3713 4007; baseline -0.006 -18"><span class='ocrx_word' id='word_1_839' title='bbox 2140 3951 2333 4007; x_wconf 89' lang='lat' dir='ltr'><strong>urgere</strong></span> <span class='ocrx_word' id='word_1_840' title='bbox 2378 3949 2473 3990; x_wconf 91' lang='lat' dir='ltr'><strong>eos</strong></span> <span class='ocrx_word' id='word_1_841' title='bbox 2515 3935 2607 4003; x_wconf 90' lang='lat' dir='ltr'><strong>qui</strong></span> <span class='ocrx_word' id='word_1_842' title='bbox 2649 3931 2852 3987; x_wconf 88' lang='lat' dir='ltr'><strong>salvari</strong></span> <span class='ocrx_word' id='word_1_843' title='bbox 2892 3930 3102 3993; x_wconf 90' lang='lat' dir='ltr'><strong>volunt,</strong></span> <span class='ocrx_word' id='word_1_844' title='bbox 3141 3936 3200 3982; x_wconf 89' lang='lat' dir='ltr'><strong>ut</strong></span> <span class='ocrx_word' id='word_1_845' title='bbox 3251 3929 3412 3983; x_wconf 91' lang='lat' dir='ltr'><strong>citius</strong></span> <span class='ocrx_word' id='word_1_846' title='bbox 3453 3927 3713 3981; x_wconf 89' lang='lat' dir='ltr'><strong>invocent</strong></span> 
     </span>
    </p>
   </div>
   <div class='ocr_carea' id='block_1_106' title="bbox 2141 4017 3713 4098">
    <p class='ocr_par' dir='ltr' id='par_1_106' title="bbox 2141 4017 3713 4098">
     <span class='ocr_line' id='line_1_106' title="bbox 2141 4017 3713 4098; baseline -0.006 -15"><span class='ocrx_word' id='word_1_847' title='bbox 2141 4028 2498 4098; x_wconf 88' lang='lat' dir='ltr'><strong>Sapientiam,</strong></span> <span class='ocrx_word' id='word_1_848' title='bbox 2548 4040 2649 4080; x_wconf 91' lang='lat' dir='ltr'><strong>nec</strong></span> <span class='ocrx_word' id='word_1_849' title='bbox 2700 4031 3001 4084; x_wconf 88' lang='lat' dir='ltr'><strong>morentur,</strong></span> <span class='ocrx_word' id='word_1_850' title='bbox 3060 4034 3234 4090; x_wconf 90' lang='lat' dir='ltr'><strong>neque</strong></span> <span class='ocrx_word' id='word_1_851' title='bbox 3290 4017 3593 4074; x_wconf 76' lang='lat' dir='ltr'><strong>dill‘erant:</strong></span> <span class='ocrx_word' id='word_1_852' title='bbox 3642 4033 3713 4073; x_wconf 82' lang='lat' dir='ltr'><strong>ne</strong></span> 
     </span>
    </p>
   </div>
   <div class='ocr_carea' id='block_1_107' title="bbox 2138 4111 3708 4184">
    <p class='ocr_par' dir='ltr' id='par_1_107' title="bbox 2138 4111 3708 4184">
     <span class='ocr_line' id='line_1_107' title="bbox 2138 4111 3708 4184; baseline -0.006 -11"><span class='ocrx_word' id='word_1_853' title='bbox 2138 4119 2283 4175; x_wconf 81' lang='lat' dir='ltr'><strong>forte</strong></span> <span class='ocrx_word' id='word_1_854' title='bbox 2309 4134 2431 4173; x_wconf 90' lang='lat' dir='ltr'><strong>cum</strong></span> <span class='ocrx_word' id='word_1_855' title='bbox 2463 4126 2725 4171; x_wconf 86' lang='lat' dir='ltr'><strong>statutum</strong></span> <span class='ocrx_word' id='word_1_856' title='bbox 2755 4125 2963 4184; x_wconf 84' lang='lat' dir='ltr'><strong>tempus</strong></span> <span class='ocrx_word' id='word_1_857' title='bbox 2992 4112 3326 4177; x_wconf 78' lang='lat' dir='ltr'><strong>excesserit,</strong></span> <span class='ocrx_word' id='word_1_858' title='bbox 3367 4113 3467 4165; x_wconf 89' lang='lat' dir='ltr'><strong>hoc</strong></span> <span class='ocrx_word' id='word_1_859' title='bbox 3491 4118 3607 4174; x_wconf 87' lang='lat' dir='ltr'><strong>est,</strong></span> <span class='ocrx_word' id='word_1_860' title='bbox 3652 4111 3708 4164; x_wconf 86' lang='lat' dir='ltr'><strong>in</strong></span> 
     </span>
    </p>
   </div>
   <div class='ocr_carea' id='block_1_108' title="bbox 2139 4203 3709 4282">
    <p class='ocr_par' dir='ltr' id='par_1_108' title="bbox 2139 4203 3709 4282">
     <span class='ocr_line' id='line_1_108' title="bbox 2139 4203 3709 4282; baseline -0.01 -14"><span class='ocrx_word' id='word_1_861' title='bbox 2139 4228 2248 4282; x_wconf 90' lang='lat' dir='ltr'><strong>quo</strong></span> <span class='ocrx_word' id='word_1_862' title='bbox 2273 4211 2350 4282; x_wconf 89' lang='lat'><strong>(8)</strong></span> <span class='ocrx_word' id='word_1_863' title='bbox 2384 4206 2679 4280; x_wconf 70' lang='lat' dir='ltr'><strong>pmnitendi</strong></span> <span class='ocrx_word' id='word_1_864' title='bbox 2707 4206 2938 4261; x_wconf 82' lang='lat' dir='ltr'><strong>facultas</strong></span> <span class='ocrx_word' id='word_1_865' title='bbox 2960 4213 3065 4270; x_wconf 89' lang='lat' dir='ltr'><strong>est,</strong></span> <span class='ocrx_word' id='word_1_866' title='bbox 3100 4203 3256 4258; x_wconf 89' lang='lat' dir='ltr'><strong>tarde</strong></span> <span class='ocrx_word' id='word_1_867' title='bbox 3285 4212 3409 4273; x_wconf 90' lang='lat' dir='ltr'><strong>post</strong></span> <span class='ocrx_word' id='word_1_868' title='bbox 3465 4204 3581 4257; x_wconf 69' lang='lat' dir='ltr'><strong>haec</strong></span> <span class='ocrx_word' id='word_1_869' title='bbox 3624 4203 3709 4255; x_wconf 78' lang='lat' dir='ltr'><strong>iu—</strong></span> 
     </span>
    </p>
   </div>
   <div class='ocr_carea' id='block_1_109' title="bbox 2769 4330 3710 4400">
    <p class='ocr_par' dir='ltr' id='par_1_109' title="bbox 2769 4330 3710 4400">
     <span class='ocr_line' id='line_1_109' title="bbox 2769 4330 3710 4400; baseline -0.004 -8"><span class='ocrx_word' id='word_1_870' title='bbox 2769 4336 2967 4392; x_wconf 80' lang='lat' dir='ltr'><strong>&quot;Gen.</strong></span> <span class='ocrx_word' id='word_1_871' title='bbox 2993 4352 3075 4400; x_wconf 85' lang='lat' dir='ltr'><strong>tu,</strong></span> <span class='ocrx_word' id='word_1_872' title='bbox 3111 4335 3164 4389; x_wconf 91' lang='lat'><strong>8.</strong></span> <span class='ocrx_word' id='word_1_873' title='bbox 3244 4337 3290 4367; x_wconf 75' lang='lat'>&quot;</span> <span class='ocrx_word' id='word_1_874' title='bbox 3321 4330 3475 4389; x_wconf 76' lang='lat' dir='ltr'><strong>Rom.</strong></span> <span class='ocrx_word' id='word_1_875' title='bbox 3515 4351 3570 4396; x_wconf 67' lang='grc' dir='ltr'>ι,</span> <span class='ocrx_word' id='word_1_876' title='bbox 3620 4334 3710 4388; x_wconf 77' lang='grc'><strong>12.</strong></span> 
     </span>
    </p>
   </div>
   <div class='ocr_carea' id='block_1_110' title="bbox 2139 4525 3510 4590">
    <p class='ocr_par' dir='ltr' id='par_1_110' title="bbox 2139 4525 3510 4590">
     <span class='ocr_line' id='line_1_110' title="bbox 2139 4525 3510 4590; baseline -0.004 -8"><span class='ocrx_word' id='word_1_877' title='bbox 2139 4528 2367 4589; x_wconf 83' lang='lat' dir='ltr'><strong>Deinde,</strong></span> <span class='ocrx_word' id='word_1_878' title='bbox 2395 4546 2414 4579; x_wconf 85' lang='grc'><strong><em>‹</em></strong></span> <span class='ocrx_word' id='word_1_879' title='bbox 2449 4528 2729 4590; x_wconf 82' lang='lat' dir='ltr'><strong>Quomodo</strong></span> <span class='ocrx_word' id='word_1_880' title='bbox 2759 4541 2863 4580; x_wconf 93' lang='lat' dir='ltr'><strong>non</strong></span> <span class='ocrx_word' id='word_1_881' title='bbox 2899 4535 2982 4579; x_wconf 85' lang='lat' dir='ltr'><strong>est</strong></span> <span class='ocrx_word' id='word_1_882' title='bbox 3009 4525 3305 4587; x_wconf 90' lang='lat' dir='ltr'><strong>distinctio,</strong></span> <span class='ocrx_word' id='word_1_883' title='bbox 3351 4543 3370 4575; x_wconf 72' lang='grc' dir='ltr'>ι</span> <span class='ocrx_word' id='word_1_884' title='bbox 3401 4533 3510 4577; x_wconf 89' lang='lat' dir='ltr'><strong>etc.</strong></span> 
     </span>
    </p>
   </div>
   <div class='ocr_carea' id='block_1_111' title="bbox 2208 4592 3710 4669">
    <p class='ocr_par' dir='ltr' id='par_1_111' title="bbox 2208 4592 3710 4669">
     <span class='ocr_line' id='line_1_111' title="bbox 2208 4592 3710 4669; baseline -0.004 -18"><span class='ocrx_word' id='word_1_885' title='bbox 2208 4598 2284 4669; x_wconf 75' lang='grc'>(4)</span> <span class='ocrx_word' id='word_1_886' title='bbox 2325 4600 2423 4653; x_wconf 86' lang='lat' dir='ltr'><strong>Ms.</strong></span> <span class='ocrx_word' id='word_1_887' title='bbox 2454 4598 2662 4665; x_wconf 80' lang='lat' dir='ltr'><strong>Regius</strong></span> <span class='ocrx_word' id='word_1_888' title='bbox 2696 4614 2856 4669; x_wconf 82' lang='lat' dir='ltr'><strong>nunt.</strong></span> <span class='ocrx_word' id='word_1_889' title='bbox 2897 4596 3054 4669; x_wconf 73' lang='lat'><strong>1939,</strong></span> <span class='ocrx_word' id='word_1_890' title='bbox 3089 4615 3107 4646; x_wconf 73' lang='grc' dir='ltr'><strong><em>ι</em></strong></span> <span class='ocrx_word' id='word_1_891' title='bbox 3141 4594 3231 4648; x_wconf 71' lang='lat' dir='ltr'><strong>lla:</strong></span> <span class='ocrx_word' id='word_1_892' title='bbox 3259 4597 3401 4669; x_wconf 85' lang='lat' dir='ltr'><strong>enim</strong></span> <span class='ocrx_word' id='word_1_893' title='bbox 3434 4604 3561 4669; x_wconf 73' lang='lat' dir='ltr'><strong>sunt</strong></span> <span class='ocrx_word' id='word_1_894' title='bbox 3589 4592 3710 4659; x_wconf 82' lang='lat' dir='ltr'><strong>ejus</strong></span> 
     </span>
    </p>
   </div>
   <div class='ocr_carea' id='block_1_112' title="bbox 2136 4664 3711 4736">
    <p class='ocr_par' dir='ltr' id='par_1_112' title="bbox 2136 4664 3711 4736">
     <span class='ocr_line' id='line_1_112' title="bbox 2136 4664 3711 4736; baseline -0.001 -17"><span class='ocrx_word' id='word_1_895' title='bbox 2136 4664 2355 4723; x_wconf 65' lang='lat' dir='ltr'><strong>divitiae.</strong></span> <span class='ocrx_word' id='word_1_896' title='bbox 2395 4689 2413 4721; x_wconf 75' lang='grc' dir='ltr'>ι</span> <span class='ocrx_word' id='word_1_897' title='bbox 2450 4664 2578 4723; x_wconf 80' lang='lat' dir='ltr'><strong>Mss.</strong></span> <span class='ocrx_word' id='word_1_898' title='bbox 2616 4667 2833 4736; x_wconf 88' lang='lat' dir='ltr'><strong>quidam</strong></span> <span class='ocrx_word' id='word_1_899' title='bbox 2866 4666 3121 4719; x_wconf 92' lang='lat' dir='ltr'><strong>omittunt</strong></span> <span class='ocrx_word' id='word_1_900' title='bbox 3148 4683 3167 4716; x_wconf 74' lang='grc' dir='ltr'>ι</span> <span class='ocrx_word' id='word_1_901' title='bbox 3199 4667 3366 4720; x_wconf 88' lang='lat' dir='ltr'><strong>enim.</strong></span> <span class='ocrx_word' id='word_1_902' title='bbox 3398 4683 3417 4715; x_wconf 83' lang='grc'><strong>›</strong></span> <span class='ocrx_word' id='word_1_903' title='bbox 3452 4664 3711 4717; x_wconf 80' lang='lat' dir='ltr'><strong>Rabanus</strong></span> 
     </span>
    </p>
   </div>
   <div class='ocr_carea' id='block_1_113' title="bbox 2133 4737 2600 4807">
    <p class='ocr_par' dir='ltr' id='par_1_113' title="bbox 2133 4737 2600 4807">
     <span class='ocr_line' id='line_1_113' title="bbox 2133 4737 2600 4807; baseline -0.006 -16"><span class='ocrx_word' id='word_1_904' title='bbox 2133 4737 2337 4793; x_wconf 90' lang='lat' dir='ltr'><strong>omittit</strong></span> <span class='ocrx_word' id='word_1_905' title='bbox 2363 4757 2382 4790; x_wconf 75' lang='grc' dir='ltr'>ι</span> <span class='ocrx_word' id='word_1_906' title='bbox 2408 4739 2543 4807; x_wconf 85' lang='lat' dir='ltr'><strong>ejus.</strong></span> <span class='ocrx_word' id='word_1_907' title='bbox 2582 4758 2600 4788; x_wconf 74' lang='grc' dir='ltr'>ι</span> 
     </span>
    </p>
   </div>
   <div class='ocr_carea' id='block_1_114' title="bbox 2201 4803 3710 4880">
    <p class='ocr_par' dir='ltr' id='par_1_114' title="bbox 2201 4803 3710 4880">
     <span class='ocr_line' id='line_1_114' title="bbox 2201 4803 3710 4880; baseline -0.003 -19"><span class='ocrx_word' id='word_1_908' title='bbox 2201 4807 2280 4880; x_wconf 78' lang='lat'><strong>(5)</strong></span> <span class='ocrx_word' id='word_1_909' title='bbox 2318 4803 2480 4872; x_wconf 84' lang='lat' dir='ltr'><strong>Editi,</strong></span> <span class='ocrx_word' id='word_1_910' title='bbox 2517 4827 2536 4859; x_wconf 86' lang='grc'><em>‹</em></span> <span class='ocrx_word' id='word_1_911' title='bbox 2577 4805 2760 4880; x_wconf 84' lang='lat' dir='ltr'><strong>Neque</strong></span> <span class='ocrx_word' id='word_1_912' title='bbox 2792 4803 2935 4859; x_wconf 88' lang='lat' dir='ltr'><strong>enim</strong></span> <span class='ocrx_word' id='word_1_913' title='bbox 2972 4819 3166 4860; x_wconf 91' lang='lat' dir='ltr'><strong>omnes</strong></span> <span class='ocrx_word' id='word_1_914' title='bbox 3197 4805 3506 4876; x_wconf 90' lang='lat' dir='ltr'><strong>quicunque</strong></span> <span class='ocrx_word' id='word_1_915' title='bbox 3551 4803 3710 4857; x_wconf 76' lang='lat' dir='ltr'><strong>invo-</strong></span> 
     </span>
    </p>
   </div>
   <div class='ocr_carea' id='block_1_115' title="bbox 2133 4877 2834 4942">
    <p class='ocr_par' dir='ltr' id='par_1_115' title="bbox 2133 4877 2834 4942">
     <span class='ocr_line' id='line_1_115' title="bbox 2133 4877 2834 4942; baseline -0.009 -11"><span class='ocrx_word' id='word_1_916' title='bbox 2133 4877 2382 4931; x_wconf 79' lang='lat' dir='ltr'><strong>caverint</strong></span> <span class='ocrx_word' id='word_1_917' title='bbox 2412 4892 2608 4931; x_wconf 90' lang='lat' dir='ltr'><strong>nomen</strong></span> <span class='ocrx_word' id='word_1_918' title='bbox 2636 4877 2775 4942; x_wconf 86' lang='lat' dir='ltr'><strong>ejus.</strong></span> <span class='ocrx_word' id='word_1_919' title='bbox 2815 4892 2834 4925; x_wconf 69' lang='grc' dir='ltr'><strong><em>ι</em></strong></span> 
     </span>
    </p>
   </div>
   <div class='ocr_carea' id='block_1_116' title="bbox 2204 4943 3705 5017">
    <p class='ocr_par' dir='ltr' id='par_1_116' title="bbox 2204 4943 3705 5017">
     <span class='ocr_line' id='line_1_116' title="bbox 2204 4943 3705 5017; baseline -0.004 -17"><span class='ocrx_word' id='word_1_920' title='bbox 2204 4946 2280 5017; x_wconf 85' lang='grc'><strong>(6)</strong></span> <span class='ocrx_word' id='word_1_921' title='bbox 2324 4948 2488 5010; x_wconf 90' lang='lat' dir='ltr'><strong>Editi,</strong></span> <span class='ocrx_word' id='word_1_922' title='bbox 2526 4965 2545 4997; x_wconf 83' lang='grc'><em>‹</em></span> <span class='ocrx_word' id='word_1_923' title='bbox 2581 4946 2696 5000; x_wconf 86' lang='lat' dir='ltr'><strong>Erit</strong></span> <span class='ocrx_word' id='word_1_924' title='bbox 2721 4945 2864 5000; x_wconf 90' lang='lat' dir='ltr'><strong>enim</strong></span> <span class='ocrx_word' id='word_1_925' title='bbox 2901 4953 3112 5017; x_wconf 86' lang='lat' dir='ltr'><strong>tempus</strong></span> <span class='ocrx_word' id='word_1_926' title='bbox 3138 4961 3263 5000; x_wconf 88' lang='lat' dir='ltr'><strong>cum</strong></span> <span class='ocrx_word' id='word_1_927' title='bbox 3304 4943 3648 5007; x_wconf 88' lang='lat' dir='ltr'><strong>iuvocabitis,</strong></span> <span class='ocrx_word' id='word_1_928' title='bbox 3682 4961 3705 4994; x_wconf 75' lang='grc' dir='ltr'><strong>ι</strong></span> 
     </span>
    </p>
   </div>
   <div class='ocr_carea' id='block_1_117' title="bbox 2131 5016 3708 5083">
    <p class='ocr_par' dir='ltr' id='par_1_117' title="bbox 2131 5016 3708 5083">
     <span class='ocr_line' id='line_1_117' title="bbox 2131 5016 3708 5083; baseline -0.003 -13"><span class='ocrx_word' id='word_1_929' title='bbox 2131 5016 2235 5071; x_wconf 74' lang='lat' dir='ltr'><strong>etc.</strong></span> <span class='ocrx_word' id='word_1_930' title='bbox 2259 5016 2365 5072; x_wconf 88' lang='lat' dir='ltr'><strong>Sed</strong></span> <span class='ocrx_word' id='word_1_931' title='bbox 2383 5031 2572 5071; x_wconf 86' lang='lat' dir='ltr'><strong>omnes</strong></span> <span class='ocrx_word' id='word_1_932' title='bbox 2594 5016 2915 5070; x_wconf 88' lang='lat' dir='ltr'><strong>mss.nostri</strong></span> <span class='ocrx_word' id='word_1_933' title='bbox 2961 5017 3222 5070; x_wconf 90' lang='lat' dir='ltr'><strong>omittunt</strong></span> <span class='ocrx_word' id='word_1_934' title='bbox 3255 5034 3275 5067; x_wconf 84' lang='grc'><em>‹</em></span> <span class='ocrx_word' id='word_1_935' title='bbox 3309 5027 3555 5083; x_wconf 86' lang='lat' dir='ltr'><strong>tempus;</strong></span> <span class='ocrx_word' id='word_1_936' title='bbox 3604 5032 3623 5064; x_wconf 74' lang='grc' dir='ltr'>ι</span> <span class='ocrx_word' id='word_1_937' title='bbox 3652 5022 3708 5065; x_wconf 91' lang='lat' dir='ltr'><strong>et</strong></span> 
     </span>
    </p>
   </div>
   <div class='ocr_carea' id='block_1_118' title="bbox 2129 5083 3700 5151">
    <p class='ocr_par' dir='ltr' id='par_1_118' title="bbox 2129 5083 3700 5151">
     <span class='ocr_line' id='line_1_118' title="bbox 2129 5083 3700 5151; baseline -0.003 -14"><span class='ocrx_word' id='word_1_938' title='bbox 2129 5087 2266 5138; x_wconf 75' lang='lat' dir='ltr'><strong>alius</strong></span> <span class='ocrx_word' id='word_1_939' title='bbox 2297 5087 2458 5141; x_wconf 91' lang='lat' dir='ltr'><strong>habet</strong></span> <span class='ocrx_word' id='word_1_940' title='bbox 2488 5105 2507 5138; x_wconf 75' lang='grc' dir='ltr'>ι</span> <span class='ocrx_word' id='word_1_941' title='bbox 2529 5087 2824 5151; x_wconf 90' lang='lat' dir='ltr'><strong>invocetis;</strong></span> <span class='ocrx_word' id='word_1_942' title='bbox 2849 5083 2961 5139; x_wconf 68' lang='lat' dir='ltr'><strong>ralii</strong></span> <span class='ocrx_word' id='word_1_943' title='bbox 2982 5101 3108 5140; x_wconf 88' lang='lat' dir='ltr'><strong>vero</strong></span> <span class='ocrx_word' id='word_1_944' title='bbox 3130 5086 3385 5140; x_wconf 91' lang='lat' dir='ltr'><strong>omittunt</strong></span> <span class='ocrx_word' id='word_1_945' title='bbox 3405 5102 3423 5134; x_wconf 72' lang='grc' dir='ltr'>ι</span> <span class='ocrx_word' id='word_1_946' title='bbox 3461 5094 3700 5137; x_wconf 62' lang='lat' dir='ltr'><strong>autem.»</strong></span> 
     </span>
    </p>
   </div>
   <div class='ocr_carea' id='block_1_119' title="bbox 2201 5154 3710 5230">
    <p class='ocr_par' dir='ltr' id='par_1_119' title="bbox 2201 5154 3710 5230">
     <span class='ocr_line' id='line_1_119' title="bbox 2201 5154 3710 5230; baseline -0.003 -20"><span class='ocrx_word' id='word_1_947' title='bbox 2201 5156 2277 5230; x_wconf 89' lang='lat'><strong>(7)</strong></span> <span class='ocrx_word' id='word_1_948' title='bbox 2317 5158 2483 5221; x_wconf 88' lang='lat' dir='ltr'><strong>Editi,</strong></span> <span class='ocrx_word' id='word_1_949' title='bbox 2524 5175 2542 5207; x_wconf 79' lang='grc' dir='ltr'>ι</span> <span class='ocrx_word' id='word_1_950' title='bbox 2575 5156 2866 5230; x_wconf 83' lang='lat' dir='ltr'><strong>coarctari,</strong></span> <span class='ocrx_word' id='word_1_951' title='bbox 2901 5174 2920 5207; x_wconf 77' lang='grc' dir='ltr'><strong><em>ι</em></strong></span> <span class='ocrx_word' id='word_1_952' title='bbox 2954 5156 3110 5219; x_wconf 86' lang='lat' dir='ltr'><strong>alias,</strong></span> <span class='ocrx_word' id='word_1_953' title='bbox 3147 5174 3166 5208; x_wconf 71' lang='grc' dir='ltr'><strong><em>ι</em></strong></span> <span class='ocrx_word' id='word_1_954' title='bbox 3195 5167 3499 5211; x_wconf 87' lang='lat' dir='ltr'><strong>coarctare.</strong></span> <span class='ocrx_word' id='word_1_955' title='bbox 3534 5171 3553 5204; x_wconf 76' lang='grc' dir='ltr'><strong><em>ι</em></strong></span> <span class='ocrx_word' id='word_1_956' title='bbox 3599 5154 3710 5206; x_wconf 87' lang='lat' dir='ltr'><strong>Sed</strong></span> 
     </span>
    </p>
   </div>
   <div class='ocr_carea' id='block_1_120' title="bbox 2131 5227 3074 5281">
    <p class='ocr_par' dir='ltr' id='par_1_120' title="bbox 2131 5227 3074 5281">
     <span class='ocr_line' id='line_1_120' title="bbox 2131 5227 3074 5281; baseline -0.002 -1"><span class='ocrx_word' id='word_1_957' title='bbox 2131 5227 2321 5281; x_wconf 82' lang='lat' dir='ltr'><strong>omnes</strong></span> <span class='ocrx_word' id='word_1_958' title='bbox 2350 5241 2482 5281; x_wconf 89' lang='lat' dir='ltr'><strong>mss.</strong></span> <span class='ocrx_word' id='word_1_959' title='bbox 2523 5227 2652 5279; x_wconf 90' lang='lat' dir='ltr'><strong>utin</strong></span> <span class='ocrx_word' id='word_1_960' title='bbox 2690 5236 2878 5279; x_wconf 89' lang='lat' dir='ltr'><strong>nostro</strong></span> <span class='ocrx_word' id='word_1_961' title='bbox 2904 5234 3074 5278; x_wconf 76' lang='lat' dir='ltr'><strong>textu.</strong></span> 
     </span>
    </p>
   </div>
   <div class='ocr_carea' id='block_1_121' title="bbox 2203 5295 3705 5368">
    <p class='ocr_par' dir='ltr' id='par_1_121' title="bbox 2203 5295 3705 5368">
     <span class='ocr_line' id='line_1_121' title="bbox 2203 5295 3705 5368; baseline -0.004 -17"><span class='ocrx_word' id='word_1_962' title='bbox 2203 5297 2281 5368; x_wconf 90' lang='lat'><strong>(8)</strong></span> <span class='ocrx_word' id='word_1_963' title='bbox 2321 5297 2483 5362; x_wconf 88' lang='lat' dir='ltr'><strong>Editi,</strong></span> <span class='ocrx_word' id='word_1_964' title='bbox 2514 5314 2532 5347; x_wconf 79' lang='lat' dir='ltr'><strong>t</strong></span> <span class='ocrx_word' id='word_1_965' title='bbox 2562 5295 2638 5348; x_wconf 87' lang='lat' dir='ltr'><strong>Ne</strong></span> <span class='ocrx_word' id='word_1_966' title='bbox 2662 5295 2800 5368; x_wconf 78' lang='lat' dir='ltr'><strong>forte</strong></span> <span class='ocrx_word' id='word_1_967' title='bbox 2826 5310 2948 5368; x_wconf 86' lang='lat' dir='ltr'><strong>cum</strong></span> <span class='ocrx_word' id='word_1_968' title='bbox 2990 5304 3250 5350; x_wconf 83' lang='lat' dir='ltr'><strong>statutum</strong></span> <span class='ocrx_word' id='word_1_969' title='bbox 3285 5303 3705 5368; x_wconf 78' lang='lat' dir='ltr'><strong>t_empns__ac_c_e-</strong></span> 
     </span>
    </p>
   </div>
   <div class='ocr_carea' id='block_1_122' title="bbox 2130 5362 3705 5439">
    <p class='ocr_par' dir='ltr' id='par_1_122' title="bbox 2130 5362 3705 5439">
     <span class='ocr_line' id='line_1_122' title="bbox 2130 5362 3705 5439; baseline -0.005 -16"><span class='ocrx_word' id='word_1_970' title='bbox 2130 5362 2439 5439; x_wconf 82' lang='lat' dir='ltr'><strong>ptabiieque</strong></span> <span class='ocrx_word' id='word_1_971' title='bbox 2509 5366 2852 5439; x_wconf 69' lang='lat' dir='ltr'><strong>praeterierit,</strong></span> <span class='ocrx_word' id='word_1_972' title='bbox 2922 5366 2974 5419; x_wconf 94' lang='lat' dir='ltr'><strong>in</strong></span> <span class='ocrx_word' id='word_1_973' title='bbox 3037 5380 3165 5434; x_wconf 92' lang='lat' dir='ltr'><strong>quo.</strong></span> <span class='ocrx_word' id='word_1_974' title='bbox 3202 5383 3220 5416; x_wconf 73' lang='grc' dir='ltr'><strong><em>ι</em></strong></span> <span class='ocrx_word' id='word_1_975' title='bbox 3275 5364 3452 5419; x_wconf 82' lang='lat' dir='ltr'><strong>Codex</strong></span> <span class='ocrx_word' id='word_1_976' title='bbox 3508 5362 3705 5439; x_wconf 74' lang='lat' dir='ltr'><strong>Vallis-</strong></span> 
     </span>
    </p>
   </div>
   <div class='ocr_carea' id='block_1_123' title="bbox 2128 5432 3707 5502">
    <p class='ocr_par' dir='ltr' id='par_1_123' title="bbox 2128 5432 3707 5502">
     <span class='ocr_line' id='line_1_123' title="bbox 2128 5432 3707 5502; baseline -0.006 -8"><span class='ocrx_word' id='word_1_977' title='bbox 2128 5432 2323 5501; x_wconf 73' lang='lat' dir='ltr'><strong>Clarze,</strong></span> <span class='ocrx_word' id='word_1_978' title='bbox 2349 5432 2379 5488; x_wconf 71' lang='grc' dir='ltr'><strong>ἐ</strong></span> <span class='ocrx_word' id='word_1_979' title='bbox 2419 5451 2485 5491; x_wconf 91' lang='lat' dir='ltr'><strong>ne</strong></span> <span class='ocrx_word' id='word_1_980' title='bbox 2509 5432 2648 5491; x_wconf 75' lang='lat' dir='ltr'><strong>forte</strong></span> <span class='ocrx_word' id='word_1_981' title='bbox 2678 5452 2800 5491; x_wconf 91' lang='lat' dir='ltr'><strong>cum</strong></span> <span class='ocrx_word' id='word_1_982' title='bbox 2828 5432 3089 5490; x_wconf 83' lang='lat' dir='ltr'><strong>statutum</strong></span> <span class='ocrx_word' id='word_1_983' title='bbox 3127 5449 3341 5502; x_wconf 87' lang='lat' dir='ltr'><strong>tempus</strong></span> <span class='ocrx_word' id='word_1_984' title='bbox 3364 5432 3707 5487; x_wconf 75' lang='lat' dir='ltr'><strong>excesserint</strong></span> 
     </span>
    </p>
   </div>
   <div class='ocr_carea' id='block_1_124' title="bbox 2130 5504 3705 5577">
    <p class='ocr_par' dir='ltr' id='par_1_124' title="bbox 2130 5504 3705 5577">
     <span class='ocr_line' id='line_1_124' title="bbox 2130 5504 3705 5577; baseline -0.008 -13"><span class='ocrx_word' id='word_1_985' title='bbox 2130 5511 2256 5571; x_wconf 86' lang='lat' dir='ltr'><strong>hoc,</strong></span> <span class='ocrx_word' id='word_1_986' title='bbox 2291 5509 2343 5562; x_wconf 93' lang='lat' dir='ltr'><strong>in</strong></span> <span class='ocrx_word' id='word_1_987' title='bbox 2375 5522 2505 5577; x_wconf 90' lang='lat' dir='ltr'><strong>quo.</strong></span> <span class='ocrx_word' id='word_1_988' title='bbox 2540 5526 2559 5559; x_wconf 72' lang='grc' dir='ltr'><strong><em>ι</em></strong></span> <span class='ocrx_word' id='word_1_989' title='bbox 2603 5505 2705 5577; x_wconf 90' lang='lat' dir='ltr'><strong>Sed</strong></span> <span class='ocrx_word' id='word_1_990' title='bbox 2741 5507 2922 5560; x_wconf 70' lang='lat' dir='ltr'><strong>caeteri</strong></span> <span class='ocrx_word' id='word_1_991' title='bbox 2955 5521 3087 5558; x_wconf 89' lang='lat' dir='ltr'><strong>mss.</strong></span> <span class='ocrx_word' id='word_1_992' title='bbox 3142 5514 3200 5557; x_wconf 93' lang='lat' dir='ltr'><strong>ut</strong></span> <span class='ocrx_word' id='word_1_993' title='bbox 3226 5504 3705 5577; x_wconf 33' lang='lat' dir='ltr'><strong>in_nostro‘te_xtt_i,</strong></span> 
     </span>
    </p>
   </div>
   <div class='ocr_carea' id='block_1_125' title="bbox 2133 5571 3709 5647">
    <p class='ocr_par' dir='ltr' id='par_1_125' title="bbox 2133 5571 3709 5647">
     <span class='ocr_line' id='line_1_125' title="bbox 2133 5571 3709 5647; baseline -0.006 -14"><span class='ocrx_word' id='word_1_994' title='bbox 2133 5580 2238 5633; x_wconf 89' lang='lat' dir='ltr'><strong>nisi</strong></span> <span class='ocrx_word' id='word_1_995' title='bbox 2266 5571 2412 5647; x_wconf 74' lang='lat' dir='ltr'><strong>quod</strong></span> <span class='ocrx_word' id='word_1_996' title='bbox 2445 5578 2551 5631; x_wconf 86' lang='lat' dir='ltr'><strong>duo</strong></span> <span class='ocrx_word' id='word_1_997' title='bbox 2581 5576 2838 5632; x_wconf 86' lang='lat' dir='ltr'><strong>omittam</strong></span> <span class='ocrx_word' id='word_1_998' title='bbox 2866 5592 2884 5625; x_wconf 70' lang='grc' dir='ltr'>ι</span> <span class='ocrx_word' id='word_1_999' title='bbox 2919 5585 3004 5630; x_wconf 90' lang='lat' dir='ltr'><strong>est</strong></span> <span class='ocrx_word' id='word_1_1000' title='bbox 3032 5594 3050 5627; x_wconf 77' lang='grc' dir='ltr'><strong><em>ι</em></strong></span> <span class='ocrx_word' id='word_1_1001' title='bbox 3083 5583 3206 5643; x_wconf 85' lang='lat' dir='ltr'><strong>post</strong></span> <span class='ocrx_word' id='word_1_1002' title='bbox 3234 5592 3252 5624; x_wconf 72' lang='grc' dir='ltr'><strong><em>ι</em></strong></span> <span class='ocrx_word' id='word_1_1003' title='bbox 3286 5574 3392 5627; x_wconf 88' lang='lat' dir='ltr'><strong>hoc</strong></span> <span class='ocrx_word' id='word_1_1004' title='bbox 3428 5591 3473 5625; x_wconf 76' lang='grc' dir='ltr'><strong>ι.</strong></span> <span class='ocrx_word' id='word_1_1005' title='bbox 3505 5571 3709 5647; x_wconf 83' lang='lat' dir='ltr'><strong>Deinde</strong></span> 
     </span>
    </p>
   </div>
   <div class='ocr_carea' id='block_1_126' title="bbox 2130 5642 3704 5714">
    <p class='ocr_par' dir='ltr' id='par_1_126' title="bbox 2130 5642 3704 5714">
     <span class='ocr_line' id='line_1_126' title="bbox 2130 5642 3704 5714; baseline -0.008 -11"><span class='ocrx_word' id='word_1_1006' title='bbox 2130 5642 2340 5714; x_wconf 64' lang='lat' dir='ltr'><strong>editi,&#39;c</strong></span> <span class='ocrx_word' id='word_1_1007' title='bbox 2377 5648 2526 5702; x_wconf 86' lang='lat' dir='ltr'><strong>tarde</strong></span> <span class='ocrx_word' id='word_1_1008' title='bbox 2552 5648 2606 5701; x_wconf 91' lang='lat' dir='ltr'><strong>hi</strong></span> <span class='ocrx_word' id='word_1_1009' title='bbox 2638 5655 2759 5714; x_wconf 88' lang='lat' dir='ltr'><strong>post</strong></span> <span class='ocrx_word' id='word_1_1010' title='bbox 2791 5648 2942 5709; x_wconf 82' lang='lat' dir='ltr'><strong>haec;</strong></span> <span class='ocrx_word' id='word_1_1011' title='bbox 2976 5662 2995 5695; x_wconf 72' lang='grc' dir='ltr'><strong>ι</strong></span> <span class='ocrx_word' id='word_1_1012' title='bbox 3022 5642 3287 5712; x_wconf 85' lang='lat' dir='ltr'><strong>etpostea</strong></span> <span class='ocrx_word' id='word_1_1013' title='bbox 3319 5657 3448 5697; x_wconf 86' lang='lat' dir='ltr'><strong>mss.</strong></span> <span class='ocrx_word' id='word_1_1014' title='bbox 3480 5642 3704 5714; x_wconf 68' lang='lat' dir='ltr'><strong>quidam</strong></span> 
     </span>
    </p>
   </div>
   <div class='ocr_carea' id='block_1_127' title="bbox 2129 5710 3706 5784">
    <p class='ocr_par' dir='ltr' id='par_1_127' title="bbox 2129 5710 3706 5784">
     <span class='ocr_line' id='line_1_127' title="bbox 2129 5710 3706 5784; baseline -0.005 -13"><span class='ocrx_word' id='word_1_1015' title='bbox 2129 5728 2183 5771; x_wconf 91' lang='lat' dir='ltr'><strong>et</strong></span> <span class='ocrx_word' id='word_1_1016' title='bbox 2212 5710 2360 5781; x_wconf 82' lang='lat' dir='ltr'><strong>editi,</strong></span> <span class='ocrx_word' id='word_1_1017' title='bbox 2411 5735 2429 5767; x_wconf 74' lang='grc' dir='ltr'>ι</span> <span class='ocrx_word' id='word_1_1018' title='bbox 2469 5729 2525 5771; x_wconf 91' lang='lat' dir='ltr'><strong>et</strong></span> <span class='ocrx_word' id='word_1_1019' title='bbox 2558 5710 2683 5771; x_wconf 80' lang='lat' dir='ltr'><strong>tunc</strong></span> <span class='ocrx_word' id='word_1_1020' title='bbox 2713 5716 2843 5769; x_wconf 91' lang='lat' dir='ltr'><strong>dicit</strong></span> <span class='ocrx_word' id='word_1_1021' title='bbox 2871 5716 2997 5784; x_wconf 79' lang='lat' dir='ltr'><strong>quia</strong></span> <span class='ocrx_word' id='word_1_1022' title='bbox 3025 5710 3371 5777; x_wconf 71' lang='lat' dir='ltr'><strong>invocabitis,</strong></span> <span class='ocrx_word' id='word_1_1023' title='bbox 3416 5730 3434 5764; x_wconf 82' lang='grc'>›</span> <span class='ocrx_word' id='word_1_1024' title='bbox 3457 5722 3568 5784; x_wconf 85' lang='lat' dir='ltr'><strong>etc.</strong></span> <span class='ocrx_word' id='word_1_1025' title='bbox 3600 5710 3706 5764; x_wconf 88' lang='lat' dir='ltr'><strong>Sed</strong></span> 
     </span>
    </p>
   </div>
   <div class='ocr_carea' id='block_1_128' title="bbox 2130 5782 3630 5856">
    <p class='ocr_par' dir='ltr' id='par_1_128' title="bbox 2130 5782 3630 5856">
     <span class='ocr_line' id='line_1_128' title="bbox 2130 5782 3630 5856; baseline -0.007 -13"><span class='ocrx_word' id='word_1_1026' title='bbox 2130 5804 2232 5844; x_wconf 86' lang='lat' dir='ltr'><strong>tns.</strong></span> <span class='ocrx_word' id='word_1_1027' title='bbox 2265 5787 2464 5856; x_wconf 81' lang='lat' dir='ltr'><strong>Regius</strong></span> <span class='ocrx_word' id='word_1_1028' title='bbox 2494 5802 2644 5842; x_wconf 89' lang='lat' dir='ltr'><strong>num.</strong></span> <span class='ocrx_word' id='word_1_1029' title='bbox 2673 5785 2832 5854; x_wconf 79' lang='grc'>1659,</span> <span class='ocrx_word' id='word_1_1030' title='bbox 2870 5782 3092 5851; x_wconf 82' lang='lat' dir='ltr'><strong>rectius,</strong></span> <span class='ocrx_word' id='word_1_1031' title='bbox 3129 5803 3146 5836; x_wconf 73' lang='grc' dir='ltr'>ι</span> <span class='ocrx_word' id='word_1_1032' title='bbox 3187 5795 3237 5839; x_wconf 89' lang='lat' dir='ltr'><strong>et</strong></span> <span class='ocrx_word' id='word_1_1033' title='bbox 3262 5783 3389 5838; x_wconf 86' lang='lat' dir='ltr'><strong>hinc</strong></span> <span class='ocrx_word' id='word_1_1034' title='bbox 3416 5782 3567 5837; x_wconf 85' lang='lat' dir='ltr'><strong>dicit.</strong></span> <span class='ocrx_word' id='word_1_1035' title='bbox 3608 5797 3630 5832; x_wconf 73' lang='grc' dir='ltr'><strong><em>ι</em></strong></span> 
     </span>
    </p>
   </div>
  </div>
