4146 6382
413 367 552 421 1165

1325 360 1688 418 COMMENT.
1731 360 1798 414 ΙΝ
1841 359 2066 417 EHST.
2104 360 2195 413 AD
2229 358 2406 415 ROM.
2448 359 2577 417 LIB.
2619 360 2751 415 Vl".

3515 363 3656 423 1166

409 494 604 540 vocent
633 485 722 539 ubi
753 484 1085 555 pmnitentim
1112 484 1264 536 locus
1290 498 1395 537 non
1452 494 1556 537 cst.
1593 482 1661 537 Εἰ
1689 483 1816 537 hinc
1849 483 1982 537 dicit
2009 490 2056 542 Α
2083 496 2179 536 eos
2209 483 2276 547 ³³,
2308 502 2327 534 ι
2364 483 2483 536 sine
2512 483 2678 536 dubio
2727 483 3001 536 Christum
3033 481 3222 535 Iesum
3259 483 3551 538 Dominum
3579 487 3667 538 in-

408 576 533 642 qnia
568 592 587 625 ι
625 573 951 628 invocabitis
989 588 1094 638 me,
1126 585 1180 625 ct
1217 587 1318 641 ego
1349 587 1455 625 non
1485 573 1769 626 exaudiam
1807 586 1925 626 vos.
1961 589 1980 623 ι

410 667 605 720 Sermo
654 675 831 719 tamen
895 665 987 720 hic
1028 679 1191 733 quem
1226 662 1378 732 ponit
1422 661 1731 730 Apostolus,
1768 660 1819 715 id
1847 671 1932 715 est
1969 677 1985 717 :

416 778 437 810 ο
472 759 790 827 Quicunque
850 758 1187 812 invocaverit
1232 770 1427 809 nomen
1486 755 1746 818 Domini,
1803 754 1987 808 salvus

408 852 533 912 erit,
556 869 574 901 ι
604 852 743 918 apud
772 847 885 903 Joel
920 851 1239 918 prophetam
1277 848 1379 901 hoc
1412 849 1571 901 modo
1611 847 1848 911 scriptus
1865 856 1987 900 est:

413 964 434 996 ι
470 944 535 997 Ει
568 943 705 996 dabo
756 942 998 1012 prodigia
1047 943 1097 993 in
1145 941 1286 996 creto
1333 954 1585 1003 sursum,
1641 948 1695 993 et
1737 940 1790 992 iit
1842 948 1987 993 terra

415 1034 695 1095 deorsum,
722 1032 1071 1103 sanguinem,
1108 1042 1161 1084 et
1191 1032 1368 1098 ignem
1389 1070 1405 1094 ,
1444 1041 1500 1083 et
1529 1044 1786 1099 vaporem
1828 1029 1982 1085 fumi.

418 1122 511 1174 Sol
537 1130 882 1176 convertetur
922 1121 976 1174 in
1035 1121 1306 1183 tenebras,
1333 1119 1528 1174 etluna
1566 1119 1617 1172 in
1645 1120 1986 1184 sanguinem,

416 1213 567 1282 prius
593 1228 753 1281 quam
773 1212 955 1266 veniat
972 1212 1090 1265 dies
1106 1212 1323 1264 Domini
1354 1227 1581 1281 magnus
1601 1222 1652 1264 et
1671 1210 1981 1276 nobilis(9).

418 1305 483 1356 Et
505 1303 611 1357 erit
633 1318 647 1356 :
673 1298 994 1371 Quicunque
1026 1302 1362 1355 invocaverit
1401 1316 1597 1355 nomen
1628 1301 1987 1365 Domini,sal—

417 1412 514 1450 vus
544 1398 651 1449 erit
679 1397 743 1450 ⁸⁷.
777 1416 795 1447 ι
830 1396 1057 1450 Videtur
1087 1405 1267 1448 tamen
1308 1392 1440 1446 mihi
1462 1392 1675 1461 grande
1693 1393 1902 1459 aliquid
1929 1393 1983 1445 in

418 1488 715 1556 Scripturis
741 1487 943 1541 divinis
974 1487 1076 1539 sub
1106 1486 1210 1539 hoc
1238 1485 1601 1538 invocationis
1642 1484 1863 1537 nomine
1892 1486 1986 1535 dc—

413 1580 639 1648 signari.
664 1578 777 1633 Non
803 1580 946 1634 enim
978 1576 1091 1649 (10)
1118 1580 1184 1631 de
1209 1576 1675 1645 qualibuscunque
1701 1576 1855 1636 viris,
1883 1575 1983 1629 sed

415 1673 483 1725 de
504 1670 809 1738 ingentibus
834 1682 887 1724 et
919 1670 1211 1739 principuis
1234 1668 1492 1723 scribitur
1513 1667 1639 1737 quia
1661 1685 1681 1717 ι
1712 1666 1854 1719 Enos
1874 1667 1985 1733 pri-

418 1776 537 1813 mus
570 1760 809 1826 speravit
857 1758 969 1829 (ll)
1001 1758 1255 1812 invocare
1286 1772 1482 1811 nomen
1518 1756 1728 1810 Domini
1762 1755 1840 1821 ης
1874 1775 1895 1807 ι
1928 1764 1984 1809 et

417 1853 471 1903 in
502 1852 729 1905 Psalmis
758 1867 770 1903 :
796 1870 814 1902 ι
844 1851 1055 1921 Moyses
1078 1858 1132 1904 et
1152 1853 1333 1904 Aaron
1363 1848 1418 1902 in
1457 1849 1827 1903 sacerdotibus
1846 1848 1984 1917 ejus,
2019 1832 2060 1886 Β

416 1952 473 1996 et
501 1942 718 1997 Samuel
752 1944 805 1997 in
839 1945 924 1997 his
955 1943 1044 2012 qui
1077 1944 1329 1995 invocant
1366 1955 1563 1999 nomen
1593 1941 1730 2010 ejus.
1760 1941 1986 1995 invoca-

416 2034 548 2087 bant
576 2034 887 2097 Dominum,
916 2047 970 2088 et
1003 2036 1115 2103 ipse
1148 2033 1472 2086 exaudiebat
1497 2049 1625 2088 eos:
1658 2035 1708 2087 in
1734 2035 1984 2089 columna

418 2125 577 2178 nubis
604 2124 931 2192 loquebatur
958 2124 1023 2175 ad
1053 2138 1147 2175 eos
1177 2121 1240 2171 ".
1282 2138 1301 2170 ι

489 2212 545 2266 5.
582 2230 602 2263 ι
625 2212 906 2276 Quomodo
933 2228 1063 2280 ergo
1086 2215 1439 2273 invocabant,
1478 2213 1529 2263 in
1554 2228 1713 2281 quem
1740 2228 1843 2266 non
1868 2229 1987 2267 cre-

417 2303 706 2358 diderunt?
742 2304 851 2357 Aut
898 2303 1172 2371 quomodo
1203 2305 1424 2356 credent
1455 2304 1526 2365 ei,
1569 2318 1727 2370 quem
1758 2320 1862 2357 non
1889 2321 1985 2358 au-

421 2395 679 2448 dierunt?
701 2394 981 2460 Quomodo
1010 2403 1186 2445 autem
1219 2393 1441 2446 audient
1472 2395 1591 2446 sine
1622 2395 1988 2461 priedicante?

420 2487 699 2550 Quomodo
741 2497 870 2539 vero
919 2482 1294 2553 prmdicabunt
1339 2483 1443 2537 nisi
1482 2484 1800 2537 mittantur?
1837 2484 1989 2539 Sicut

421 2578 683 2643 scxiptunt
715 2584 799 2630 est
825 2591 840 2627 :
871 2576 1041 2642 Quam
1060 2577 1286 2646 speciosi
1311 2576 1474 2646 pedes
1496 2577 1984 2647 evangelizantinm

409 2661 554 2715 bona
580 2663 625 2693 ⁸ο
655 2664 798 2732 (12)!
836 2684 853 2714 ι
891 2666 1170 2721 Manifeste
1193 2668 1244 2721 in
1272 2669 1357 2723 his
1385 2686 1485 2739 per
1514 2672 1618 2726 hoc
1642 2674 1787 2741 quod
1818 2673 1947 2727 dicit
1972 2690 1985 2725 :

419 2774 437 2805 ‹
472 2753 754 2818 Quomodo
781 2771 908 2826 ergo
936 2756 1289 2822 invocabunt,
1324 2760 1380 2815 in
1410 2777 1570 2830 quem
1598 2778 1710 2817 non
1743 2765 1989 2819 credide-

414 2844 573 2897 runt?
609 2863 628 2895 ι
663 2845 791 2900 illud
821 2848 965 2916 quod
996 2850 1244 2919 superius
1282 2853 1463 2920 posuit
1502 2853 1569 2907 de
1602 2855 1866 2923 prOphcta
1900 2856 1988 2910 di-

411 2945 593 3000 ctum,
623 2939 748 3006 quia
786 2958 805 2989 ι
843 2940 1021 2994 omnis
1066 2941 1377 3011 quicunque
1424 2943 1759 3000 invocaverit
1787 2961 1988 3001 nomen

406 3025 655 3092 Domini,
686 3031 866 3085 salvus
906 3031 1041 3092 erit,
1079 3051 1097 3083 ι
1132 3034 1199 3087 ad
1242 3034 1517 3090 Christum
1557 3037 1848 3095 Dominum
1884 3039 1990 3095 dov-

421 3120 534 3171 cuit
587 3118 949 3177 referendum.
1004 3121 1297 3192 Postquam
1339 3122 1482 3176 enim
1523 3121 1704 3177 dixit:
1741 3142 1759 3174 ι
1793 3127 1980 3179 Omnis

419 3210 726 3279 quicunque
787 3212 1126 3266 invocaverit
1192 3228 1386 3268 nomen
1462 3214 1718 3278 Domini,
1803 3218 1983 3270 salvus

414 3301 524 3354 erit
552 3299 685 3370 (15),
711 3320 729 3352 ι
751 3300 1071 3370 subiungit:
1101 3321 1125 3356 tt
1161 3304 1442 3370 Quomodo
1477 3320 1608 3374 ergo
1634 3305 1983 3369 invocabunt,

418 3392 473 3447 in
503 3406 660 3459 quem
688 3408 794 3447 non
822 3394 1212 3448 crediderunt?
1240 3414 1258 3446 ι
1281 3394 1499 3449 Christo
1513 3396 1656 3450 enim
1684 3395 1850 3450 Judaei
1878 3412 1982 3450 non

416 3484 784 3548 crediderunt,
816 3494 870 3539 et
901 3486 1020 3538 ideo
1053 3501 1152 3539 nec
1174 3486 1431 3542 invocant
1457 3503 1578 3540 eum
1610 3488 1694 3540 cui
1729 3502 1830 3540 non
1857 3502 1982 3540 ere-

418 3572 694 3628 diderunt.
728 3573 832 3630 Sed
862 3586 916 3629 et
948 3575 1003 3629 in
1039 3577 1305 3646 principio
1333 3576 1581 3645 Epistola:
1607 3593 1767 3645 quam
1791 3577 1854 3628 ad
1878 3576 1977 3630 Co-

420 3667 653 3721 rinthios
687 3668 902 3732 scribit,
935 3669 1023 3722 ubi
1068 3670 1200 3725 dicit
1235 3691 1246 3724 :
1283 3690 1300 3721 ι
1329 3670 1464 3725 Cum
1488 3670 1744 3723 omnibus
1773 3669 1865 3737 qui
1901 3669 1982 3721 in-

420 3765 613 3809 vocant
632 3772 824 3813 nomen
842 3757 1052 3813 Domini
1076 3761 1246 3815 nostri
1271 3760 1382 3832 (11)
1397 3760 1527 3815 Jesu
1546 3760 1742 3815 Christi
1765 3760 1815 3811 in
1831 3759 1979 3811 omni

419 3850 538 3905 loco
578 3853 815 3922 ipsorum
843 3863 899 3910 et
925 3865 1112 3910 nostro
1134 3856 1203 3916 ²¹,
1247 3874 1265 3906 ι
1299 3872 1421 3909 enni
1450 3854 1608 3921 cujus
1658 3866 1853 3907 nomen
1884 3852 1975 3905 ins

416 3954 664 4007 vocatur,
718 3945 1001 3999 Dominum
1023 3946 1211 4002 Jesntn
1246 3948 1520 4002 Christum
1552 3946 1660 4015 (15)
1691 3960 1811 4000 esse
1853 3959 1977 4014 pro-

420 4037 649 4091 nuntiat.
695 4036 753 4091 Si
786 4052 915 4105 ergo
941 4041 1184 4104 etEnos,
1218 4048 1273 4094 et
1318 4039 1553 4109 Moyses,
1585 4051 1639 4093 et
1676 4039 1878 4102 AarOn,
1925 4046 1981 4090 et

418 4128 636 4180 Samuel
670 4145 689 4179 ι
721 4129 1047 4184 invocabant
1082 4132 1389 4194 Dominmn,
1434 4143 1488 4185 et
1512 4134 1623 4198 ipse
1656 4128 1982 4182 exaudiebat

488 4262 531 4293 "
552 4260 685 4316 Joel.
714 4279 773 4326 ιι,
800 4264 895 4319 5οο
919 4264 1008 4319 32.
1086 4266 1129 4298 ¹⁸
1154 4265 1288 4321 Gen.
1317 4281 1392 4327 tv,
1421 4264 1510 4320 96.
1572 4267 1615 4297 ν’
1639 4264 1780 4320 Psal.
1824 4274 2005 4325 xcvtn,
2032 4259 2084 4311 6.

1294 4337 1381 4389 “l
1412 4335 1537 4391 Cor.
1564 4352 1602 4401 t,
1633 4336 1689 4389 2.
1764 4335 1808 4366 ⁸⁸
1826 4334 1960 4390 ibid.

2090 4335 2107 4356 "
2136 4331 2293 4385 Rom.
2328 4349 2380 4395 it,
2414 4332 2502 4386 14.
2579 4334 2624 4364 ²⁶
2654 4332 2817 4387 Hebr.
2847 4350 2945 4398 λιι,
2970 4334 3060 4387 25.
3137 4337 3179 4366 ³⁷
3209 4336 3408 4405 Ephes.
3442 4352 3531 4404 xv,
3553 4338 3645 4393 27.

412 4346 602 4397 scvni,
628 4334 682 4388 6.
753 4336 806 4367 ’³
824 4334 982 4393 Joan.
1019 4351 1072 4400 v,
1098 4335 1188 4390 25.

2091 577 2389 629 vocabant:
2422 586 2476 628 ct
2509 574 2555 629 si
2601 574 2861 628 invocare
2890 589 3083 627 nomen
3124 575 3361 637 Domini,
3405 584 3460 627 et
3501 589 3665 629 orare

2093 667 2405 730 Dominum,
2435 682 2601 720 unum
2634 675 2800 734 atque
2832 666 2973 721 idem
3006 676 3126 731 est;
3182 666 3326 721 sicut
3378 667 3665 724 invocatur

2091 757 2254 821 Deus,
2272 756 2612 809 invocandus
2633 765 2718 809 est
2739 753 3023 820 Christus;
3047 757 3258 811 etsicut
3285 768 3477 810 oratur
3501 758 3664 819 Deus,

2091 850 2161 901 ita
2188 858 2242 899 et
2271 847 2511 901 orandus
2545 858 2629 901 est
2663 846 2957 909 Christus;
2990 856 3043 900 et
3066 848 3208 901 sicut
3242 846 3524 902 offerimus
3549 848 3662 920 (16)

2092 938 2201 991 Deo
2231 936 2380 990 Patri
2427 937 2604 1007 primo
2637 937 2883 990 omnium
2911 938 3206 1001 orationes,
3249 940 3323 993 ita
3348 949 3406 995 et
3434 940 3663 995 Domino

2086 1025 2216 1082 Jesu
2248 1026 2496 1090 Christo;
2533 1036 2588 1080 et
2619 1029 2763 1081 sicut
2806 1024 3085 1081 offerimus
3120 1029 3513 1097 posmlationes
3560 1029 3663 1084 Pa-

2094 1119 2185 1174 tri.
2213 1118 2287 1173 ita
2318 1116 2603 1172 oli‘erimus
2657 1120 3053 1188 postulationes
3103 1129 3158 1172 et
3192 1118 3365 1184 Filio;
3416 1128 3475 1174 et
3518 1121 3664 1179 sicut

2088 1208 2368 1265 oli'erimus
2399 1210 2699 1278 gratiarum
2746 1210 2990 1263 actiones
3033 1210 3176 1272 Deo.
3230 1210 3302 1264 ita
3352 1219 3409 1264 et
3456 1213 3663 1280 gratias

2088 1298 2370 1353 oﬂ‘erimus
2411 1300 2701 1354 Salvatori.
2745 1300 2921 1355 Unum
2957 1303 3448 1370 namquentrique
3485 1303 3661 1357 hono-

2090 1405 2204 1444 rem
2236 1389 2609 1454 deferendum,
2658 1391 2713 1444 id
2763 1402 2848 1446 est
2910 1391 3078 1454 Patri,
3128 1403 3184 1446 et
3239 1392 3393 1456 Filio,
3446 1396 3661 1449 divinus

2088 1483 2278 1535 edocet
2311 1495 2490 1534 sermo
2523 1496 2646 1534 cum
2674 1483 2801 1536 dicit
2837 1500 2848 1534 :
2889 1502 2906 1533 ι
2946 1482 3016 1537 Ut
3041 1498 3228 1535 omnes
3258 1484 3369 1551 (17)
3401 1486 3662 1540 honoriﬁ.

2087 1583 2212 1627 cent
2251 1571 2476 1636 Filium,
2530 1573 2671 1628 sicut
2700 1574 3067 1629 honoriﬁcam
3110 1574 3329 1628 Patrem
3354 1576 3421 1630 ".
3458 1596 3476 1628 ι
3506 1576 3660 1643 Quod

2088 1663 2249 1716 modo
2279 1662 2391 1733 (18)
2426 1674 2610 1716 autem
2634 1662 2703 1717 de
2736 1663 2975 1729 Epistola
3016 1664 3083 1716 ad
3117 1663 3433 1719 Corinthios
3464 1681 3660 1736 propo-

2089 1753 2321 1815 suimus,
2345 1754 2431 1805 tibi
2452 1752 2742 1819 Apostolus
2778 1754 2952 1822 primo
2980 1753 3197 1822 quidem
3233 1755 3393 1809 dicit:
3416 1773 3443 1806 .c
3472 1755 3660 1810 Ecclr.

2088 1844 2182 1899 sia;
2225 1844 2341 1906 Dei,
2374 1861 2492 1911 quzr
2536 1852 2621 1899 est
2648 1845 2917 1908 Corinthi,
2960 1846 3314 1901 sanetilicatis
3350 1848 3401 1900 in
3438 1846 3661 1905 Christo

2087 1935 2237 1999 Jcsn,
2265 1937 2473 1990 vocatis
2505 1938 2788 2001 sanctis",
2830 1956 2851 1990 ι
2877 1947 2935 1992 et
2966 1946 3085 2006 post
3108 1938 3413 2006 haec,quasi
3433 1940 3660 1998 alterius

2089 2025 2290 2096 gradus
2339 2035 2396 2080 et
2434 2027 2660 2080 alterius
2703 2028 2913 2083 ordinis
2942 2028 3051 2083 sint
3078 2027 3217 2098 (l9),
3272 2030 3344 2082 ita
3378 2029 3661 2102 subiungit

2087 2118 2377 2186 quosdam,
2425 2118 2491 2171 de
2542 2120 2738 2187 quibus
2772 2121 2943 2174 dicit:
2994 2138 3013 2171 ι
3045 2120 3180 2175 Cum
3238 2122 3510 2178 universis
3564 2125 3659 2194 qui

2088 2208 2343 2261 invocant
2387 2222 2584 2261 nomen
2643 2209 2858 2263 Domini
2902 2210 3074 2265 nostri
3128 2210 3239 2281 (20)
3275 2210 3403 2268 Jesu
3453 2213 3659 2275 Christi

2089 2298 2143 2350 in
2203 2298 2348 2351 omni
2395 2298 2513 2353 loco
2557 2300 2799 2367 ipsorum
2852 2310 2910 2355 et
2945 2312 3130 2356 nostro
3162 2304 3207 2335 "
3250 2322 3264 2356 :
3318 2324 3337 2355 ι
3385 2306 3658 2364 videbitur

2089 2388 2340 2445 fortassis
2388 2392 2589 2445 habere
2644 2392 2845 2459 aliquid
2906 2393 3273 2461 differentiae,
3329 2398 3476 2467 quod
3534 2398 3656 2457 illos

2087 2480 2305 2549 quidem
2354 2480 2651 2536 Ecclesium
2706 2483 2801 2537 Dei
2856 2485 3123 2550 nominat,
3168 2498 3222 2539 ct
3264 2488 3634 2544 sanctiﬁcatos

2088 2579 2142 2622 et
2197 2580 2415 2624 vocatos
2466 2582 2680 2626 sanctos
2718 2589 2732 2625 :
2766 2575 2898 2627 istos
2957 2583 3137 2628 autem
3189 2585 3445 2641 tantum,
3505 2594 3525 2629 ι
3559 2582 3651 2647 qui

2085 2659 2249 2735 625
2283 2662 2535 2716 invocant
2567 2678 2760 2718 nomen
2795 2664 3005 2719 Domini
3035 2669 3203 2720 nostri
3234 2666 3359 2723 Jesu
3390 2669 3652 2732 Christi.)

2088 2753 2154 2807 Et
2188 2752 2314 2807 vide
2340 2768 2407 2807 ne
2437 2751 2578 2807 forte
2622 2756 2722 2808 ista
2767 2755 3058 2811 diversitas
3092 2758 3197 2811 tale
3225 2758 3428 2827 aliquid
3467 2770 3659 2817 osten-

2090 2846 2199 2906 dat,
2231 2843 2393 2914 quale
2420 2855 2477 2899 et
2514 2860 2750 2912 praesens
2780 2850 2991 2902 videtur
3016 2848 3216 2902 habere
3246 2852 3565 2919 capitulum,
3601 2857 3658 2911 in

2088 2952 2194 3004 quo
2222 2937 2379 2991 docet
2425 2953 2534 2992 non
2580 2954 2739 3006 posse
2773 2939 3011 2994 invocari
3037 2939 3150 3011 (21)
3183 2957 3377 2996 nomen
3422 2943 3655 3004 Domini,

2088 3028 2188 3079 nisi
2217 3027 2366 3096 prius
2392 3028 2641 3083 credatur
2667 3029 2717 3081 in
2752 3028 3024 3087 Christum
3050 3030 3138 3085 η’.
3161 3032 3295 3092 Cum
3324 3042 3501 3089 autem
3521 3051 3646 3097 ere.

2089 3115 2287 3175 diderit
2315 3116 2435 3184 quis
2464 3108 2684 3173 Christo
2710 3156 2725 3181 ,
2755 3120 2967 3175 etiamsi
3020 3124 3256 3175 nondum
3284 3125 3654 3188 sanctiﬁcatus

2087 3208 2179 3269 sit,
2214 3216 2267 3261 et
2293 3208 2549 3262 Ecclesia:
2577 3210 2787 3276 corporei
2817 3209 3071 3275 sociatus,
3111 3224 3286 3269 tamen
3323 3230 3547 3272 necesse
3568 3229 3655 3281 est

2082 3299 2268 3365 utjatn
2302 3299 2515 3357 invocet
2545 3314 2667 3353 eum
2697 3302 2783 3353 cui
2815 3302 3065 3359 credidit.
3109 3305 3356 3362 Christus
3384 3310 3529 3362 enim
3561 3325 3654 3364 rev

2081 3393 2161 3444 nit
2193 3391 2450 3445 mundum
2482 3392 2834 3447 reconciliare
2874 3393 3006 3456 Deo,
3040 3406 3096 3449 et
3123 3399 3406 3452 credentes
3436 3399 3539 3453 sibi
3564 3402 3651 3454 of-

2078 3481 2226 3538 ferre
2258 3483 2428 3539 Patri.
2468 3485 2614 3552 Quos
2650 3497 2827 3541 autem
2860 3486 3014 3548 oﬁ'ert
3049 3489 3238 3557 Patri,
3268 3493 3501 3562 Spiritus
3526 3511 3654 3550 san-

2078 3587 2200 3629 ctus
2242 3577 2488 3646 suscipit,
2538 3588 2596 3631 ut
2639 3581 2939 3635 sanctiﬁcet
2966 3596 3081 3644 eos,
3115 3593 3171 3637 et
3200 3592 3453 3653 tanquam
3485 3587 3652 3641 cmlcv

2087 3669 2186 3721 stis
2207 3668 2323 3740 (2'2)
2351 3668 3017 3740 Ecclesiaeprimitivnrum
3045 3675 3091 3706 “
3123 3677 3362 3731 membra
3387 3678 3648 3744 viviﬂcet,

2086 3769 2248 3828 atque
2290 3760 2342 3813 iu
2375 3761 2700 3814 soliditatem
2736 3763 2898 3816 totius
2942 3765 3191 3831 corporis
3231 3767 3650 3834 perfectionem-

2090 3868 2196 3921 que
2248 3852 2533 3913 restituat,
2566 3862 2621 3906 et
2646 3853 2715 3906 ita
2744 3855 2956 3908 demum
3004 3856 3249 3912 Ecclesia
3285 3858 3377 3913 Dei
3413 3875 3520 3913 non
3549 3861 3648 3915 ha-

2088 3945 2221 3999 bens
2270 3946 2532 3998 maculam
2568 3958 2741 4013 neque
2787 3960 2970 4014 rugam
2999 3946 3042 3977 ³⁷
3072 3946 3187 4018 (25)
3234 3949 3490 4017 appeIlali
3538 3963 3651 4005 nm.

2088 4047 2330 4090 reantur.
2367 4036 2523 4091 Prius
2552 4053 2687 4108 ergo
2720 4054 2881 4107 quam
2913 4042 2981 4093 ad
3010 4043 3233 4108 gradum
3266 4043 3422 4097 istius
3469 4046 3649 4113 perfe-

2088 4126 2283 4181 CIionis
2329 4134 2586 4182 accedant
2624 4130 2773 4201 (214),
2812 4144 3061 4199 tanquam
3101 4135 3411 4188 mediatoris
3451 4133 3545 4190 Dei
3593 4146 3651 4197 et

2256 4234 2803 4329 '°Rom.s,14,15.
2916 4264 3320 4324 “ICor.t.2.
3432 4267 3647 4329 "Psal,

476 4451 559 4524 "(9)
602 4449 693 4524 Sic
722 4466 849 4524 mss.
889 4449 1240 4524 pleriqueuet
1291 4452 1444 4524 editi.
1483 4451 1599 4524 iis.
1634 4462 1811 4524 tamen
1847 4451 1970 4524 qui-
2001 4454 2051 4512 Β
2078 4466 2226 4524 num.
2246 4449 2397 4524 A1659
2420 4461 2473 4504 et
2504 4450 2778 4524 Babanus,
2813 4469 2831 4501 ι
2855 4463 2919 4524 et
2961 4467 3123 4507 orare
3150 4454 3435 4511 Dominum
3471 4494 3486 4510 .
3523 4495 3538 4510 .
3574 4499 3590 4513 .
3624 4505 3645 4520 ,

412 4520 535 4574 dam
563 4529 617 4591 et
645 4520 922 4591 Babanus,
958 4541 977 4573 ι
1012 4520 1314 4576 horribilis.
1345 4540 1364 4573 ι
1406 4521 1606 4575 Deinde
1637 4537 1739 4575 ms.
1769 4520 1973 4591 Regius

415 4606 565 4661 num.
598 4589 735 4661 16§9
756 4602 811 4645 et
839 4593 991 4655 editi,
1036 4609 1056 4642 ι
1085 4602 1140 4645 et
1169 4592 1348 4645 omnis
1372 4591 1701 4661 quicunque,
1736 4610 1755 4642 υ
1794 4589 1902 4661 etc.

478 4659 600 4727 (10)
655 4659 796 4714 Editi
841 4669 896 4715 et
928 4678 1063 4715 mss.
1093 4663 1309 4725 quidam
1336 4659 1595 4714 omittunt
1632 4659 1974 4715 «animatis.

413 4743 552 4781 unus
602 4727 823 4803 Regius
851 4747 998 4785 num.
1028 4730 1186 4803 1639,
1222 4728 1400 4803 {Non
1432 4731 1574 4784 enim
1601 4732 1667 4803 de
1696 4731 1978 4803 qualibus-

414 4812 626 4870 cunque
652 4796 878 4870 _verbis,
911 4803 1006 4854 sed
1057 4800 1363 4870 ingentibus
1393 4809 1448 4853 et
1496 4796 1785 4868 praecipuis
1818 4797 1973 4853 Scri-

414 4867 609 4934 pturis,
645 4866 785 4920 Enos
826 4870 1052 4935 primus,
1088 4866 1249 4924 i—etc.
1295 4868 1450 4923 Male.

484 4936 597 5005 (11)
635 4936 798 5000 Editi,
830 4955 849 4988 ι
888 4939 1037 5005 prius
1061 4940 1316 5006 speravit,
1356 4958 1375 4991 ι
1405 4949 1510 4994 etc.

483 5006 593 5075 (12)
634 5006 725 5059 Sic
771 5021 960 5059 omnes
994 5023 1123 5061 mss.
1154 5008 1346 5063 nostri.
1401 5008 1541 5063 Editi
1574 5023 1707 5062 vero
1742 5008 1969 5070 habent,

415 5092 455 5146 g_
480 5075 968 5146 evangelizantium
1003 5093 1185 5144 pacem
1207 5117 1225 5141 ,
1267 5079 1750 5146 evangelizantimn
1785 5083 1920 5132 bona
1951 5080 1964 5133 !

410 5144 692 5215 Manifesta
739 5156 962 5212 apparet
990 5147 1043 5199 in
1074 5147 1162 5215 his
1182 5161 1278 5213 per
1304 5144 1581 5215 hocvquod
1613 5149 1765 5211 dicit,
1800 5165 1818 5197 ι
1861 5159 1965 5203 etc.

481 5214 595 5285 (15)
630 5215 711 5267 Ad
746 5215 1010 5267 Christum
1064 5213 1342 5285 Dominum
1392 5213 1571 5273 docuit
1617 5218 1964 5285 referendum.

411 5283 701 5355 Postquam
739 5286 877 5355 enim
903 5285 1039 5337 dixit
1074 5303 1092 5340 :
1122 5283 1305 5355 Omnis
1328 5286 1620 5355 quicunque
1656 5283 1967 5341 invocarent

410 5353 596 5425 nomen
628 5353 839 5407 Domini
871 5356 1046 5408 salvus
1090 5356 1214 5408 erit.
1251 5353 1375 5410 Haec
1407 5356 1458 5409 in
1487 5353 1650 5411 editis
1696 5371 1964 5425 nusquam

411 5424 771 5491 reperiuntur.

413 5554 417 5559 _
481 5492 593 5559 (14)
634 5492 794 5546 Deest
832 5512 852 5545 ι
882 5493 1051 5547 nostri
1092 5513 1111 5544 ι
1147 5493 1199 5547 in
1232 5503 1390 5547 antea
1419 5493 1599 5548 editis.

505 5563 592 5630 15)
632 5562 795 5626 Editi,
834 5580 852 5613 ι
894 5563 1055 5616 Deum
1083 5562 1265 5618 Jesum
1296 5563 1590 5617 Christum.
1627 5583 1645 5615 ι

480 5633 592 5701 (16)
620 5632 796 5702 Editi,
826 5650 844 5683 ι
881 5643 936 5687 et
968 5637 1194 5688 adorare
1225 5634 1389 5687 Deum
1415 5650 1577 5687 unum
1626 5643 1786 5702 atque
1816 5636 1957 5688 idem

410 5712 512 5762 est,
574 5700 728 5759 'sicut
808 5703 1092 5757 invocatur
1124 5704 1392 5767 Christus,
1424 5713 1478 5757 et
1521 5700 1825 5757 adorandus
1873 5715 1956 5759 est

410 5770 676 5842 Christus,
711 5781 765 5829 et
790 5773 930 5830 sicut
957 5771 1252 5843 olferimus,
1286 5793 1304 5827 ι
1336 5782 1443 5835 etc.
1471 5772 1568 5831 Ms.
1593 5788 1730 5833 unus
1754 5774 1956 5846 Regius

2080 4522 2220 4573 sicut
2244 4522 2527 4575 invocatur
2549 4520 2818 4582 Christus,
2854 4522 2929 4576 ita
2954 4532 3008 4576 et
3038 4528 3278 4578 orandus
3299 4526 3573 4582 Christus.
3616 4549 3637 4580 ι

2080 4589 2338 4644 Rabanus
2371 4602 2552 4643 tamen
2577 4591 2779 4643 omittit
2813 4609 2832 4641 ‹
2864 4593 2958 4645 ita.
2996 4611 3015 4643 ι
3052 4595 3156 4646 Sed
3206 4596 3386 4649 caeteri
3421 4612 3552 4652 mss.
3585 4608 3646 4655 ut

2081 4661 2376 4734 in_nostru
2410 4670 2581 4734 textu,
2622 4661 2722 4714 nisi
2751 4663 2891 4729 quod
2944 4661 3099 4716 initio
3133 4679 3322 4718 omnes
3355 4680 3638 4734 perperam

2081 4727 2314 4804 habeant
2357 4730 2718 4804 rDomiqmn,
2761 4727 2781 4784 ἰ
2827 4746 2948 4784 cum
3002 4735 3311 4788 necessario
3355 4727 3639 4804 iegendutn

2076 4801 2147 4853 sit
2176 4815 2298 4853 cum
2332 4801 2487 4853 editis
2526 4816 2544 4847 ι
2577 4798 2766 4856 Dcmn.
2806 4819 2827 4851 ι

2144 4869 2259 4992 (17)
2301 4869 2514 4923 Omnes.
2542 4870 2699 4951 Deest
2724 4872 2775 4951 in
2805 4870 2957 4925 libris
2983 4882 3140 4923 antea
3172 4871 3353 4952 editis.

2174 4939 2258 4992 18)
2301 4937 2482 4992 Modo.
2518 4936 2840 4992 Restituitnr
2860 4955 2927 4992 ex
2952 4957 3054 4992 ms.
3090 4938 3259 4992 Beato
3290 4957 3353 4992 nu

2174 4939 2258 5010 18)
2301 4937 2482 5010 Modo.
2518 4936 2840 5010 Restituitur
2860 4955 2927 4998 ex
2952 4957 3054 4992 ms.
3090 4938 3259 5010 Regio
3290 4956 3438 4995 num.
3472 4944 3632 5002 1639.

2146 5006 2255 5078 (19)
2294 5009 2455 5078 Deest
2482 5025 2500 5057 ι
2538 5008 2649 5078 sint
2684 5027 2701 5058 ι
2736 5009 2789 5061 in
2815 5010 2994 5064 editis.

2142 5075 2257 5148 (20)
2300 5075 2802 5148 (γυμνὴριηίιιίιιιι-
2826 5079 2878 5131 in
2915 5080 3097 5134 editis.

2169 5146 2260 5210 21')
2303 5147 2442 5201 Editi
2473 5155 2527 5200 et
2549 5146 2824 5210 Rabanus,
2859 5166 2878 5199 ι
2914 5150 3185 5214 invocare,
3223 5168 3241 5201 ι
3280 5150 3439 5209 male.

2169 5152 2260 5210 21)
2303 5152 2442 5201 Editi
2473 5155 2527 5200 et
2549 5152 2824 5210 ﬂabanus,
2859 5166 2878 5199 ι
2914 5152 3185 5214 invocare,
3223 5168 3241 5201 ι
3280 5152 3439 5209 male.

2142 5152 2256 5290 £22)
2301 5216 2461 5292 Editi,
2496 5234 2515 5267 ι
2541 5218 2782 5292 Spiritus
2807 5221 3055 5289 suscipit,
3099 5230 3157 5273 ut
3186 5221 3490 5278 sanctiticet
3513 5238 3629 5292 eos,

2071 5286 2326 5354 tanquam
2350 5286 2606 5345 caelestis.
2646 5307 2665 5338 ι
2703 5296 2807 5342 etc.

2136 5356 2251 5428 (23)
2292 5356 2431 5412 Editi
2454 5396 2470 5422 ,
2506 5375 2525 5407 ι
2566 5365 2623 5408 ιιι
2646 5357 2720 5411 ita
2754 5358 2967 5411 demum
2997 5357 3233 5413 Ecclesia
3271 5360 3364 5416 Dei
3393 5378 3498 5418 non
3529 5365 3634 5422 lia.

2064 5426 2199 5482 bens
2224 5426 2487 5479 maculam
2522 5436 2616 5478 aut
2641 5443 2850 5495 rugam,
2887 5446 2905 5478 ι
2932 5441 3039 5481 etc.

2137 5496 2249 5569 (21)
2291 5496 2366 5548 Ita
2399 5496 2673 5550 liabanus.
2704 5496 2801 5552 Ms.
2834 5497 3033 5566 Regius
3064 5513 3211 5569 num.
3240 5499 3403 5567 1659,
3435 5504 3632 5568 «Prius

2063 5570 2210 5622 enim
2234 5581 2489 5642 quat_i_t._...
2521 5570 2841 5642 ascendant,
2873 5586 2891 5618 ι
2930 5568 3207 5642 etc.,ttt_in
3234 5578 3402 5642 textu.
3436 5575 3631 5642 (ἔπιθι)

2062 5652 2196 5709 mss.
2217 5646 2280 5709 et
2303 5635 2467 5709 editi,
2509 5654 2528 5686 ι
2557 5634 2712 5690 Prius
2733 5651 2865 5709 ergo
2911 5635 2977 5689 ad
3012 5640 3234 5705 gradmn
3267 5639 3424 5697 istius
3450 5634 3631 5709 peric;

2059 5708 2259 5763 ctionis
2304 5706 2687 5763 accedant.-.
2714 5748 2730 5764 .
2759 5706 3010 5765 invocent
3061 5724 3257 5770 nomen
3308 5706 3552 5782 Domini,
3594 5733 3625 5780 ο

2061 5785 2167 5841 με.
