  <div class='ocr_page' id='page_1' title='image "/cluster/home/n/w/nwhite01/storage/ocr_20150623/14:no.4/coo.31924054872928/595.png"; bbox 0 0 4146 6376; ppageno 0'>
   <div class='ocr_carea' id='block_1_1' title="bbox 479 348 619 405">
    <p class='ocr_par' dir='ltr' id='par_1_1' title="bbox 479 348 619 405">
     <span class='ocr_line' id='line_1_1' title="bbox 479 348 619 405; baseline 0.007 -4"><span class='ocrx_word' id='word_1_1' title='bbox 479 348 619 405; x_wconf 79' lang='grc'><strong>1167</strong></span> 
     </span>
    </p>
   </div>
   <div class='ocr_carea' id='block_1_2' title="bbox 1958 349 2283 399">
    <p class='ocr_par' dir='ltr' id='par_1_2' title="bbox 1958 349 2283 399">
     <span class='ocr_line' id='line_1_2' title="bbox 1958 349 2283 399; baseline 0.009 -3"><span class='ocrx_word' id='word_1_2' title='bbox 1958 349 2283 399; x_wconf 67' lang='grc' dir='ltr'>ιιιίιιιωιδ</span> 
     </span>
    </p>
   </div>
   <div class='ocr_carea' id='block_1_3' title="bbox 3613 362 3749 419">
    <p class='ocr_par' dir='ltr' id='par_1_3' title="bbox 3613 362 3749 419">
     <span class='ocr_line' id='line_1_3' title="bbox 3613 362 3749 419; baseline 0.037 -5"><span class='ocrx_word' id='word_1_3' title='bbox 3613 362 3749 419; x_wconf 82' lang='grc'><strong>1168</strong></span> 
     </span>
    </p>
   </div>
   <div class='ocr_carea' id='block_1_4' title="bbox 476 460 3750 541">
    <p class='ocr_par' dir='ltr' id='par_1_4' title="bbox 476 460 3750 541">
     <span class='ocr_line' id='line_1_4' title="bbox 476 460 3750 541; baseline 0.002 -17"><span class='ocrx_word' id='word_1_4' title='bbox 476 469 762 524; x_wconf 79' lang='lat' dir='ltr'><strong>hominum</strong></span> <span class='ocrx_word' id='word_1_5' title='bbox 796 467 1051 519; x_wconf 92' lang='lat' dir='ltr'><strong>invocant</strong></span> <span class='ocrx_word' id='word_1_6' title='bbox 1085 478 1283 519; x_wconf 86' lang='lat' dir='ltr'><strong>nomen</strong></span> <span class='ocrx_word' id='word_1_7' title='bbox 1308 462 1521 517; x_wconf 87' lang='lat' dir='ltr'><strong>Domini</strong></span> <span class='ocrx_word' id='word_1_8' title='bbox 1556 462 1727 515; x_wconf 91' lang='lat' dir='ltr'><strong>nostri</strong></span> <span class='ocrx_word' id='word_1_9' title='bbox 1756 462 1881 518; x_wconf 79' lang='lat' dir='ltr'><strong>Jesu</strong></span> <span class='ocrx_word' id='word_1_10' title='bbox 1913 462 2066 518; x_wconf 86' lang='lat' dir='ltr'><strong>Cbri-</strong></span> <span class='ocrx_word' id='word_1_11' title='bbox 2093 466 2141 523; x_wconf 83' lang='grc' dir='ltr'><strong>Α</strong></span> <span class='ocrx_word' id='word_1_12' title='bbox 2168 460 2383 530; x_wconf 86' lang='lat' dir='ltr'><strong>piamus</strong></span> <span class='ocrx_word' id='word_1_13' title='bbox 2433 461 2590 527; x_wconf 87' lang='lat' dir='ltr'><strong>quasi</strong></span> <span class='ocrx_word' id='word_1_14' title='bbox 2641 463 2788 519; x_wconf 88' lang='lat' dir='ltr'><strong>dicat</strong></span> <span class='ocrx_word' id='word_1_15' title='bbox 2835 465 3125 535; x_wconf 79' lang='lat' dir='ltr'><strong>Apostolus</strong></span> <span class='ocrx_word' id='word_1_16' title='bbox 3171 485 3186 523; x_wconf 93' lang='lat'><strong>:</strong></span> <span class='ocrx_word' id='word_1_17' title='bbox 3227 469 3334 527; x_wconf 92' lang='lat' dir='ltr'><strong>Nos</strong></span> <span class='ocrx_word' id='word_1_18' title='bbox 3379 487 3659 541; x_wconf 62' lang='lat' dir='ltr'><strong>praecones</strong></span> <span class='ocrx_word' id='word_1_19' title='bbox 3697 491 3750 531; x_wconf 72' lang='lat' dir='ltr'><strong>et</strong></span> 
     </span>
    </p>
   </div>
   <div class='ocr_carea' id='block_1_5' title="bbox 472 556 2068 629">
    <p class='ocr_par' dir='ltr' id='par_1_5' title="bbox 472 556 2068 629">
     <span class='ocr_line' id='line_1_5' title="bbox 472 556 2068 629; baseline -0.002 -13"><span class='ocrx_word' id='word_1_20' title='bbox 472 561 544 616; x_wconf 85' lang='lat' dir='ltr'><strong>sti</strong></span> <span class='ocrx_word' id='word_1_21' title='bbox 572 580 584 613; x_wconf 91' lang='lat'>:</span> <span class='ocrx_word' id='word_1_22' title='bbox 622 571 805 629; x_wconf 86' lang='lat' dir='ltr'><strong>postea</strong></span> <span class='ocrx_word' id='word_1_23' title='bbox 838 574 967 615; x_wconf 89' lang='lat' dir='ltr'><strong>vero</strong></span> <span class='ocrx_word' id='word_1_24' title='bbox 996 572 1160 628; x_wconf 88' lang='lat' dir='ltr'><strong>quam</strong></span> <span class='ocrx_word' id='word_1_25' title='bbox 1207 556 1446 627; x_wconf 88' lang='lat' dir='ltr'><strong>Spiritus</strong></span> <span class='ocrx_word' id='word_1_26' title='bbox 1494 557 1589 612; x_wconf 87' lang='lat' dir='ltr'><strong>Dei</strong></span> <span class='ocrx_word' id='word_1_27' title='bbox 1623 556 1784 612; x_wconf 90' lang='lat' dir='ltr'><strong>fuerit</strong></span> <span class='ocrx_word' id='word_1_28' title='bbox 1817 559 1871 612; x_wconf 91' lang='lat' dir='ltr'><strong>in</strong></span> <span class='ocrx_word' id='word_1_29' title='bbox 1899 559 2068 614; x_wconf 87' lang='lat' dir='ltr'><strong>corde</strong></span> 
     </span>
    </p>
   </div>
   <div class='ocr_carea' id='block_1_6' title="bbox 471 650 2065 721">
    <p class='ocr_par' dir='ltr' id='par_1_6' title="bbox 471 650 2065 721">
     <span class='ocr_line' id='line_1_6' title="bbox 471 650 2065 721; baseline -0.003 -12"><span class='ocrx_word' id='word_1_30' title='bbox 471 668 663 709; x_wconf 86' lang='lat' dir='ltr'><strong>eorum</strong></span> <span class='ocrx_word' id='word_1_31' title='bbox 697 654 961 717; x_wconf 86' lang='lat' dir='ltr'><strong>clamans,</strong></span> <span class='ocrx_word' id='word_1_32' title='bbox 996 670 1015 702; x_wconf 81' lang='grc' dir='ltr'><strong>ι</strong></span> <span class='ocrx_word' id='word_1_33' title='bbox 1048 651 1197 705; x_wconf 80' lang='lat' dir='ltr'><strong>Abba</strong></span> <span class='ocrx_word' id='word_1_34' title='bbox 1226 661 1384 719; x_wconf 90' lang='lat' dir='ltr'><strong>pater</strong></span> <span class='ocrx_word' id='word_1_35' title='bbox 1410 652 1477 716; x_wconf 81' lang='grc'><strong>³⁸,</strong></span> <span class='ocrx_word' id='word_1_36' title='bbox 1513 671 1531 704; x_wconf 73' lang='grc' dir='ltr'><strong>ι</strong></span> <span class='ocrx_word' id='word_1_37' title='bbox 1565 652 1680 721; x_wconf 88' lang='lat' dir='ltr'><strong>ipse</strong></span> <span class='ocrx_word' id='word_1_38' title='bbox 1708 650 1942 721; x_wconf 83' lang='lat' dir='ltr'><strong>Spiritus</strong></span> <span class='ocrx_word' id='word_1_39' title='bbox 1969 666 2065 706; x_wconf 84' lang='lat' dir='ltr'><strong>eos</strong></span> 
     </span>
    </p>
   </div>
   <div class='ocr_carea' id='block_1_7' title="bbox 474 744 2065 812">
    <p class='ocr_par' dir='ltr' id='par_1_7' title="bbox 474 744 2065 812">
     <span class='ocr_line' id='line_1_7' title="bbox 474 744 2065 812; baseline -0.003 -10"><span class='ocrx_word' id='word_1_40' title='bbox 474 747 641 802; x_wconf 79' lang='lat' dir='ltr'><strong>etiam</strong></span> <span class='ocrx_word' id='word_1_41' title='bbox 690 760 884 800; x_wconf 86' lang='lat' dir='ltr'><strong>nomen</strong></span> <span class='ocrx_word' id='word_1_42' title='bbox 939 744 1119 799; x_wconf 83' lang='lat' dir='ltr'><strong>Patris</strong></span> <span class='ocrx_word' id='word_1_43' title='bbox 1171 744 1366 798; x_wconf 86' lang='lat' dir='ltr'><strong>edocet</strong></span> <span class='ocrx_word' id='word_1_44' title='bbox 1410 744 1685 798; x_wconf 83' lang='lat' dir='ltr'><strong>invocare.</strong></span> <span class='ocrx_word' id='word_1_45' title='bbox 1760 744 1885 800; x_wconf 91' lang='lat' dir='ltr'><strong>Ideo</strong></span> <span class='ocrx_word' id='word_1_46' title='bbox 1931 760 2065 812; x_wconf 74' lang='lat' dir='ltr'><strong>ergo</strong></span> 
     </span>
    </p>
   </div>
   <div class='ocr_carea' id='block_1_8' title="bbox 481 835 2061 907">
    <p class='ocr_par' dir='ltr' id='par_1_8' title="bbox 481 835 2061 907">
     <span class='ocr_line' id='line_1_8' title="bbox 481 835 2061 907; baseline 0.001 -18"><span class='ocrx_word' id='word_1_47' title='bbox 481 855 501 889; x_wconf 85' lang='lat' dir='ltr'><strong>t</strong></span> <span class='ocrx_word' id='word_1_48' title='bbox 535 837 846 907; x_wconf 86' lang='lat' dir='ltr'><strong>quomodo,</strong></span> <span class='ocrx_word' id='word_1_49' title='bbox 886 855 905 889; x_wconf 73' lang='grc' dir='ltr'><strong>ι</strong></span> <span class='ocrx_word' id='word_1_50' title='bbox 941 836 1137 905; x_wconf 92' lang='lat' dir='ltr'><strong>inquit,</strong></span> <span class='ocrx_word' id='word_1_51' title='bbox 1179 855 1198 885; x_wconf 83' lang='lat' dir='ltr'><strong>t</strong></span> <span class='ocrx_word' id='word_1_52' title='bbox 1237 835 1568 890; x_wconf 89' lang='lat' dir='ltr'><strong>invocabunt</strong></span> <span class='ocrx_word' id='word_1_53' title='bbox 1612 835 1771 907; x_wconf 83' lang='grc'>(25),</span> <span class='ocrx_word' id='word_1_54' title='bbox 1808 837 1862 890; x_wconf 94' lang='lat' dir='ltr'><strong>in</strong></span> <span class='ocrx_word' id='word_1_55' title='bbox 1898 852 2061 907; x_wconf 84' lang='lat' dir='ltr'><strong>quem</strong></span> 
     </span>
    </p>
   </div>
   <div class='ocr_carea' id='block_1_9' title="bbox 474 928 2061 986">
    <p class='ocr_par' dir='ltr' id='par_1_9' title="bbox 474 928 2061 986">
     <span class='ocr_line' id='line_1_9' title="bbox 474 928 2061 986; baseline 0.001 -5"><span class='ocrx_word' id='word_1_56' title='bbox 474 944 584 984; x_wconf 69' lang='lat' dir='ltr'><strong>non</strong></span> <span class='ocrx_word' id='word_1_57' title='bbox 631 928 1021 986; x_wconf 76' lang='lat' dir='ltr'><strong>crediderunt?</strong></span> <span class='ocrx_word' id='word_1_58' title='bbox 1054 946 1073 978; x_wconf 74' lang='grc' dir='ltr'><strong>ι</strong></span> <span class='ocrx_word' id='word_1_59' title='bbox 1130 936 1186 982; x_wconf 88' lang='lat' dir='ltr'><strong>et</strong></span> <span class='ocrx_word' id='word_1_60' title='bbox 1227 930 1281 981; x_wconf 91' lang='lat' dir='ltr'><strong>in</strong></span> <span class='ocrx_word' id='word_1_61' title='bbox 1328 929 1431 982; x_wconf 91' lang='lat' dir='ltr'><strong>hoc</strong></span> <span class='ocrx_word' id='word_1_62' title='bbox 1459 929 1767 984; x_wconf 88' lang='lat' dir='ltr'><strong>arctissima</strong></span> <span class='ocrx_word' id='word_1_63' title='bbox 1799 945 1893 985; x_wconf 84' lang='lat' dir='ltr'><strong>eos</strong></span> <span class='ocrx_word' id='word_1_64' title='bbox 1924 946 2061 984; x_wconf 85' lang='lat' dir='ltr'><strong>con-</strong></span> 
     </span>
    </p>
   </div>
   <div class='ocr_carea' id='block_1_10' title="bbox 472 1016 2061 1087">
    <p class='ocr_par' dir='ltr' id='par_1_10' title="bbox 472 1016 2061 1087">
     <span class='ocr_line' id='line_1_10' title="bbox 472 1016 2061 1087; baseline -0.003 -14"><span class='ocrx_word' id='word_1_65' title='bbox 472 1020 713 1074; x_wconf 77' lang='lat' dir='ltr'><strong>clusione</strong></span> <span class='ocrx_word' id='word_1_66' title='bbox 738 1018 1082 1087; x_wconf 80' lang='lat' dir='ltr'><strong>constringit.</strong></span> <span class='ocrx_word' id='word_1_67' title='bbox 1128 1016 1287 1071; x_wconf 85' lang='lat' dir='ltr'><strong>Salus</strong></span> <span class='ocrx_word' id='word_1_68' title='bbox 1309 1057 1323 1079; x_wconf 86' lang='lat'><strong>,</strong></span> <span class='ocrx_word' id='word_1_69' title='bbox 1355 1018 1562 1086; x_wconf 85' lang='lat' dir='ltr'><strong>inquit,</strong></span> <span class='ocrx_word' id='word_1_70' title='bbox 1596 1032 1703 1071; x_wconf 92' lang='lat' dir='ltr'><strong>non</strong></span> <span class='ocrx_word' id='word_1_71' title='bbox 1730 1026 1815 1071; x_wconf 90' lang='lat' dir='ltr'><strong>est</strong></span> <span class='ocrx_word' id='word_1_72' title='bbox 1845 1018 1948 1071; x_wconf 85' lang='lat' dir='ltr'><strong>nisi</strong></span> <span class='ocrx_word' id='word_1_73' title='bbox 1980 1018 2061 1070; x_wconf 87' lang='lat' dir='ltr'><strong>in-</strong></span> 
     </span>
    </p>
   </div>
   <div class='ocr_carea' id='block_1_11' title="bbox 470 1108 2059 1176">
    <p class='ocr_par' dir='ltr' id='par_1_11' title="bbox 470 1108 2059 1176">
     <span class='ocr_line' id='line_1_11' title="bbox 470 1108 2059 1176; baseline -0.001 -13"><span class='ocrx_word' id='word_1_74' title='bbox 470 1110 712 1167; x_wconf 71' lang='lat' dir='ltr'><strong>vocanti.</strong></span> <span class='ocrx_word' id='word_1_75' title='bbox 754 1108 926 1163; x_wconf 82' lang='lat' dir='ltr'><strong>Nemo</strong></span> <span class='ocrx_word' id='word_1_76' title='bbox 973 1123 1103 1162; x_wconf 88' lang='lat' dir='ltr'><strong>vero</strong></span> <span class='ocrx_word' id='word_1_77' title='bbox 1150 1109 1369 1162; x_wconf 86' lang='lat' dir='ltr'><strong>invocat</strong></span> <span class='ocrx_word' id='word_1_78' title='bbox 1418 1109 1507 1176; x_wconf 86' lang='lat' dir='ltr'><strong>qui</strong></span> <span class='ocrx_word' id='word_1_79' title='bbox 1541 1123 1647 1161; x_wconf 93' lang='lat' dir='ltr'><strong>non</strong></span> <span class='ocrx_word' id='word_1_80' title='bbox 1681 1109 1875 1164; x_wconf 88' lang='lat' dir='ltr'><strong>credit.</strong></span> <span class='ocrx_word' id='word_1_81' title='bbox 1913 1108 2059 1175; x_wconf 69' lang='lat' dir='ltr'><strong>Ergo</strong></span> 
     </span>
    </p>
   </div>
   <div class='ocr_carea' id='block_1_12' title="bbox 471 1199 2060 1270">
    <p class='ocr_par' dir='ltr' id='par_1_12' title="bbox 471 1199 2060 1270">
     <span class='ocr_line' id='line_1_12' title="bbox 471 1199 2060 1270; baseline -0.003 -16"><span class='ocrx_word' id='word_1_82' title='bbox 471 1202 597 1270; x_wconf 76' lang='lat' dir='ltr'><strong>quia</strong></span> <span class='ocrx_word' id='word_1_83' title='bbox 626 1217 730 1255; x_wconf 90' lang='lat' dir='ltr'><strong>non</strong></span> <span class='ocrx_word' id='word_1_84' title='bbox 766 1200 1015 1264; x_wconf 90' lang='lat' dir='ltr'><strong>creditis,</strong></span> <span class='ocrx_word' id='word_1_85' title='bbox 1048 1213 1155 1252; x_wconf 92' lang='lat' dir='ltr'><strong>non</strong></span> <span class='ocrx_word' id='word_1_86' title='bbox 1185 1199 1480 1265; x_wconf 80' lang='lat' dir='ltr'><strong>invocatis;</strong></span> <span class='ocrx_word' id='word_1_87' title='bbox 1514 1211 1570 1253; x_wconf 90' lang='lat' dir='ltr'><strong>et</strong></span> <span class='ocrx_word' id='word_1_88' title='bbox 1596 1201 1719 1269; x_wconf 88' lang='lat' dir='ltr'><strong>quia</strong></span> <span class='ocrx_word' id='word_1_89' title='bbox 1757 1217 1861 1255; x_wconf 93' lang='lat' dir='ltr'><strong>non</strong></span> <span class='ocrx_word' id='word_1_90' title='bbox 1906 1202 2060 1255; x_wconf 83' lang='lat' dir='ltr'><strong>invo-</strong></span> 
     </span>
    </p>
   </div>
   <div class='ocr_carea' id='block_1_13' title="bbox 469 1293 2052 1363">
    <p class='ocr_par' dir='ltr' id='par_1_13' title="bbox 469 1293 2052 1363">
     <span class='ocr_line' id='line_1_13' title="bbox 469 1293 2052 1363; baseline 0 -15"><span class='ocrx_word' id='word_1_91' title='bbox 469 1294 630 1356; x_wconf 86' lang='lat' dir='ltr'><strong>catis,</strong></span> <span class='ocrx_word' id='word_1_92' title='bbox 659 1308 770 1347; x_wconf 92' lang='lat' dir='ltr'><strong>non</strong></span> <span class='ocrx_word' id='word_1_93' title='bbox 800 1294 1107 1348; x_wconf 86' lang='lat' dir='ltr'><strong>salvamiui.</strong></span> <span class='ocrx_word' id='word_1_94' title='bbox 1153 1294 1259 1348; x_wconf 89' lang='lat' dir='ltr'><strong>Sed</strong></span> <span class='ocrx_word' id='word_1_95' title='bbox 1298 1312 1316 1344; x_wconf 87' lang='lat' dir='ltr'><strong>t</strong></span> <span class='ocrx_word' id='word_1_96' title='bbox 1344 1293 1667 1362; x_wconf 74' lang='lat' dir='ltr'><strong>quomodo.)</strong></span> <span class='ocrx_word' id='word_1_97' title='bbox 1709 1293 1886 1363; x_wconf 91' lang='lat' dir='ltr'><strong>inquit</strong></span> <span class='ocrx_word' id='word_1_98' title='bbox 1916 1294 2052 1363; x_wconf 84' lang='grc'>(26),</span> 
     </span>
    </p>
   </div>
   <div class='ocr_carea' id='block_1_14' title="bbox 477 1386 2053 1456">
    <p class='ocr_par' dir='ltr' id='par_1_14' title="bbox 477 1386 2053 1456">
     <span class='ocr_line' id='line_1_14' title="bbox 477 1386 2053 1456; baseline 0 -15"><span class='ocrx_word' id='word_1_99' title='bbox 477 1407 495 1441; x_wconf 83' lang='lat' dir='ltr'><strong>t</strong></span> <span class='ocrx_word' id='word_1_100' title='bbox 532 1387 757 1440; x_wconf 81' lang='lat' dir='ltr'><strong>credent</strong></span> <span class='ocrx_word' id='word_1_101' title='bbox 784 1388 859 1449; x_wconf 93' lang='lat' dir='ltr'><strong>ei,</strong></span> <span class='ocrx_word' id='word_1_102' title='bbox 887 1401 1045 1456; x_wconf 90' lang='lat' dir='ltr'><strong>quem</strong></span> <span class='ocrx_word' id='word_1_103' title='bbox 1082 1402 1187 1439; x_wconf 90' lang='lat' dir='ltr'><strong>non</strong></span> <span class='ocrx_word' id='word_1_104' title='bbox 1226 1386 1555 1439; x_wconf 87' lang='lat' dir='ltr'><strong>audierunt?</strong></span> <span class='ocrx_word' id='word_1_105' title='bbox 1584 1405 1603 1437; x_wconf 76' lang='grc' dir='ltr'><strong>ι</strong></span> <span class='ocrx_word' id='word_1_106' title='bbox 1641 1387 1793 1452; x_wconf 86' lang='lat' dir='ltr'><strong>Quod</strong></span> <span class='ocrx_word' id='word_1_107' title='bbox 1820 1402 1927 1440; x_wconf 92' lang='lat' dir='ltr'><strong>non</strong></span> <span class='ocrx_word' id='word_1_108' title='bbox 1960 1401 2053 1440; x_wconf 88' lang='lat' dir='ltr'><strong>au-</strong></span> 
     </span>
    </p>
   </div>
   <div class='ocr_carea' id='block_1_15' title="bbox 474 1478 2054 1549">
    <p class='ocr_par' dir='ltr' id='par_1_15' title="bbox 474 1478 2054 1549">
     <span class='ocr_line' id='line_1_15' title="bbox 474 1478 2054 1549; baseline 0.002 -17"><span class='ocrx_word' id='word_1_109' title='bbox 474 1479 696 1534; x_wconf 85' lang='lat' dir='ltr'><strong>dierunt</strong></span> <span class='ocrx_word' id='word_1_110' title='bbox 725 1492 1015 1548; x_wconf 89' lang='lat' dir='ltr'><strong>possumus</strong></span> <span class='ocrx_word' id='word_1_111' title='bbox 1047 1481 1127 1534; x_wconf 91' lang='lat' dir='ltr'><strong>sic</strong></span> <span class='ocrx_word' id='word_1_112' title='bbox 1156 1479 1478 1549; x_wconf 88' lang='lat' dir='ltr'><strong>intelligere.</strong></span> <span class='ocrx_word' id='word_1_113' title='bbox 1516 1480 1641 1545; x_wconf 87' lang='lat' dir='ltr'><strong>quia</strong></span> <span class='ocrx_word' id='word_1_114' title='bbox 1672 1478 1758 1534; x_wconf 88' lang='lat' dir='ltr'><strong>vel</strong></span> <span class='ocrx_word' id='word_1_115' title='bbox 1788 1479 1963 1548; x_wconf 88' lang='lat' dir='ltr'><strong>ipsum</strong></span> <span class='ocrx_word' id='word_1_116' title='bbox 2003 1480 2054 1535; x_wconf 89' lang='lat' dir='ltr'><strong>in</strong></span> 
     </span>
    </p>
   </div>
   <div class='ocr_carea' id='block_1_16' title="bbox 472 1568 2055 1642">
    <p class='ocr_par' dir='ltr' id='par_1_16' title="bbox 472 1568 2055 1642">
     <span class='ocr_line' id='line_1_16' title="bbox 472 1568 2055 1642; baseline 0.001 -17"><span class='ocrx_word' id='word_1_117' title='bbox 472 1587 640 1626; x_wconf 83' lang='lat' dir='ltr'><strong>carne</strong></span> <span class='ocrx_word' id='word_1_118' title='bbox 670 1573 929 1641; x_wconf 90' lang='lat' dir='ltr'><strong>positum,</strong></span> <span class='ocrx_word' id='word_1_119' title='bbox 976 1571 1058 1625; x_wconf 85' lang='lat' dir='ltr'><strong>vel</strong></span> <span class='ocrx_word' id='word_1_120' title='bbox 1090 1571 1365 1642; x_wconf 86' lang='lat' dir='ltr'><strong>apostolos</strong></span> <span class='ocrx_word' id='word_1_121' title='bbox 1400 1570 1517 1637; x_wconf 89' lang='lat' dir='ltr'><strong>ejus</strong></span> <span class='ocrx_word' id='word_1_122' title='bbox 1545 1568 1659 1641; x_wconf 84' lang='grc'>(27)</span> <span class='ocrx_word' id='word_1_123' title='bbox 1695 1572 2055 1639; x_wconf 65' lang='lat' dir='ltr'><strong>praedicantes</strong></span> 
     </span>
    </p>
   </div>
   <div class='ocr_carea' id='block_1_17' title="bbox 470 1662 2054 1733">
    <p class='ocr_par' dir='ltr' id='par_1_17' title="bbox 470 1662 2054 1733">
     <span class='ocr_line' id='line_1_17' title="bbox 470 1662 2054 1733; baseline -0.001 -15"><span class='ocrx_word' id='word_1_124' title='bbox 470 1666 538 1718; x_wconf 90' lang='lat' dir='ltr'><strong>de</strong></span> <span class='ocrx_word' id='word_1_125' title='bbox 565 1679 630 1718; x_wconf 89' lang='lat' dir='ltr'><strong>eo</strong></span> <span class='ocrx_word' id='word_1_126' title='bbox 656 1664 847 1719; x_wconf 88' lang='lat' dir='ltr'><strong>audire</strong></span> <span class='ocrx_word' id='word_1_127' title='bbox 893 1665 1185 1719; x_wconf 89' lang='lat' dir='ltr'><strong>noluerint.</strong></span> <span class='ocrx_word' id='word_1_128' title='bbox 1229 1662 1322 1717; x_wconf 91' lang='lat' dir='ltr'><strong>Sic</strong></span> <span class='ocrx_word' id='word_1_129' title='bbox 1367 1664 1510 1717; x_wconf 89' lang='lat' dir='ltr'><strong>enim</strong></span> <span class='ocrx_word' id='word_1_130' title='bbox 1559 1672 1613 1717; x_wconf 90' lang='lat' dir='ltr'><strong>et</strong></span> <span class='ocrx_word' id='word_1_131' title='bbox 1653 1664 1766 1733; x_wconf 81' lang='lat' dir='ltr'><strong>ipse</strong></span> <span class='ocrx_word' id='word_1_132' title='bbox 1796 1662 2054 1717; x_wconf 84' lang='lat' dir='ltr'><strong>Dominus</strong></span> 
     </span>
    </p>
   </div>
   <div class='ocr_carea' id='block_1_18' title="bbox 469 1757 2051 1826">
    <p class='ocr_par' dir='ltr' id='par_1_18' title="bbox 469 1757 2051 1826">
     <span class='ocr_line' id='line_1_18' title="bbox 469 1757 2051 1826; baseline -0.001 -15"><span class='ocrx_word' id='word_1_133' title='bbox 469 1759 603 1813; x_wconf 81' lang='lat' dir='ltr'><strong>dicit</strong></span> <span class='ocrx_word' id='word_1_134' title='bbox 628 1759 673 1791; x_wconf 81' lang='grc'><strong>⁹⁹</strong></span> <span class='ocrx_word' id='word_1_135' title='bbox 702 1778 714 1812; x_wconf 91' lang='lat'>:</span> <span class='ocrx_word' id='word_1_136' title='bbox 746 1758 874 1824; x_wconf 71' lang='lat' dir='ltr'><strong>«Qui</strong></span> <span class='ocrx_word' id='word_1_137' title='bbox 903 1773 999 1812; x_wconf 87' lang='lat' dir='ltr'><strong>vos</strong></span> <span class='ocrx_word' id='word_1_138' title='bbox 1030 1758 1199 1819; x_wconf 90' lang='lat' dir='ltr'><strong>audit,</strong></span> <span class='ocrx_word' id='word_1_139' title='bbox 1222 1772 1308 1809; x_wconf 92' lang='lat' dir='ltr'><strong>me</strong></span> <span class='ocrx_word' id='word_1_140' title='bbox 1341 1757 1488 1809; x_wconf 88' lang='lat' dir='ltr'><strong>audit</strong></span> <span class='ocrx_word' id='word_1_141' title='bbox 1519 1776 1531 1810; x_wconf 89' lang='lat'><strong>:</strong></span> <span class='ocrx_word' id='word_1_142' title='bbox 1562 1768 1616 1810; x_wconf 91' lang='lat' dir='ltr'><strong>et</strong></span> <span class='ocrx_word' id='word_1_143' title='bbox 1644 1758 1735 1824; x_wconf 85' lang='lat' dir='ltr'><strong>qui</strong></span> <span class='ocrx_word' id='word_1_144' title='bbox 1769 1773 1868 1811; x_wconf 81' lang='lat' dir='ltr'><strong>vos</strong></span> <span class='ocrx_word' id='word_1_145' title='bbox 1899 1772 2051 1826; x_wconf 86' lang='lat' dir='ltr'><strong>sper-</strong></span> 
     </span>
    </p>
   </div>
   <div class='ocr_carea' id='block_1_19' title="bbox 2168 551 3751 634">
    <p class='ocr_par' dir='ltr' id='par_1_19' title="bbox 2168 551 3751 634">
     <span class='ocr_line' id='line_1_19' title="bbox 2168 551 3751 634; baseline 0.013 -30"><span class='ocrx_word' id='word_1_146' title='bbox 2168 551 2555 619; x_wconf 66' lang='lat' dir='ltr'><strong>prazdicatores</strong></span> <span class='ocrx_word' id='word_1_147' title='bbox 2576 551 2783 610; x_wconf 86' lang='lat' dir='ltr'><strong>Christi</strong></span> <span class='ocrx_word' id='word_1_148' title='bbox 2815 572 2921 612; x_wconf 92' lang='lat' dir='ltr'><strong>non</strong></span> <span class='ocrx_word' id='word_1_149' title='bbox 2954 575 3239 628; x_wconf 89' lang='lat' dir='ltr'><strong>possemus</strong></span> <span class='ocrx_word' id='word_1_150' title='bbox 3273 566 3575 632; x_wconf 61' lang='lat' dir='ltr'><strong>praedicare</strong></span> <span class='ocrx_word' id='word_1_151' title='bbox 3595 608 3611 634; x_wconf 91' lang='lat'><strong>,</strong></span> <span class='ocrx_word' id='word_1_152' title='bbox 3651 585 3751 623; x_wconf 89' lang='lat' dir='ltr'><strong>nec</strong></span> 
     </span>
    </p>
   </div>
   <div class='ocr_carea' id='block_1_20' title="bbox 2168 641 3753 721">
    <p class='ocr_par' dir='ltr' id='par_1_20' title="bbox 2168 641 3753 721">
     <span class='ocr_line' id='line_1_20' title="bbox 2168 641 3753 721; baseline 0.013 -26"><span class='ocrx_word' id='word_1_153' title='bbox 2168 641 2525 698; x_wconf 88' lang='lat' dir='ltr'><strong>annuntiandi</strong></span> <span class='ocrx_word' id='word_1_154' title='bbox 2562 646 2720 702; x_wconf 88' lang='lat' dir='ltr'><strong>nobis</strong></span> <span class='ocrx_word' id='word_1_155' title='bbox 2747 648 2921 707; x_wconf 88' lang='lat' dir='ltr'><strong>virtus</strong></span> <span class='ocrx_word' id='word_1_156' title='bbox 2942 652 3048 706; x_wconf 81' lang='lat' dir='ltr'><strong>ulla</strong></span> <span class='ocrx_word' id='word_1_157' title='bbox 3079 655 3422 721; x_wconf 87' lang='lat' dir='ltr'><strong>subsisteret,</strong></span> <span class='ocrx_word' id='word_1_158' title='bbox 3457 658 3563 713; x_wconf 84' lang='lat' dir='ltr'><strong>nisi</strong></span> <span class='ocrx_word' id='word_1_159' title='bbox 3596 660 3753 714; x_wconf 86' lang='lat' dir='ltr'><strong>ades-</strong></span> 
     </span>
    </p>
   </div>
   <div class='ocr_carea' id='block_1_21' title="bbox 2166 739 3749 819">
    <p class='ocr_par' dir='ltr' id='par_1_21' title="bbox 2166 739 3749 819">
     <span class='ocr_line' id='line_1_21' title="bbox 2166 739 3749 819; baseline 0.013 -29"><span class='ocrx_word' id='word_1_160' title='bbox 2166 746 2250 793; x_wconf 87' lang='lat' dir='ltr'><strong>set</strong></span> <span class='ocrx_word' id='word_1_161' title='bbox 2280 739 2434 793; x_wconf 90' lang='lat' dir='ltr'><strong>nobis</strong></span> <span class='ocrx_word' id='word_1_162' title='bbox 2461 740 2578 809; x_wconf 89' lang='lat' dir='ltr'><strong>ipse</strong></span> <span class='ocrx_word' id='word_1_163' title='bbox 2607 744 2699 810; x_wconf 91' lang='lat' dir='ltr'><strong>qui</strong></span> <span class='ocrx_word' id='word_1_164' title='bbox 2737 746 2878 799; x_wconf 90' lang='lat' dir='ltr'><strong>misit</strong></span> <span class='ocrx_word' id='word_1_165' title='bbox 2915 746 3047 816; x_wconf 82' lang='grc'>(52).</span> <span class='ocrx_word' id='word_1_166' title='bbox 3103 749 3258 815; x_wconf 84' lang='lat' dir='ltr'><strong>Quod</strong></span> <span class='ocrx_word' id='word_1_167' title='bbox 3308 752 3353 805; x_wconf 89' lang='lat' dir='ltr'><strong>si</strong></span> <span class='ocrx_word' id='word_1_168' title='bbox 3402 752 3749 819; x_wconf 72' lang='lat' dir='ltr'><strong>przedicanti-</strong></span> 
     </span>
    </p>
   </div>
   <div class='ocr_carea' id='block_1_22' title="bbox 2166 831 3741 913">
    <p class='ocr_par' dir='ltr' id='par_1_22' title="bbox 2166 831 3741 913">
     <span class='ocr_line' id='line_1_22' title="bbox 2166 831 3741 913; baseline 0.01 -30"><span class='ocrx_word' id='word_1_169' title='bbox 2166 831 2266 884; x_wconf 90' lang='lat' dir='ltr'><strong>bus</strong></span> <span class='ocrx_word' id='word_1_170' title='bbox 2299 831 2453 886; x_wconf 89' lang='lat' dir='ltr'><strong>nobis</strong></span> <span class='ocrx_word' id='word_1_171' title='bbox 2486 835 2676 889; x_wconf 84' lang='lat' dir='ltr'><strong>audire</strong></span> <span class='ocrx_word' id='word_1_172' title='bbox 2708 850 2815 891; x_wconf 91' lang='lat' dir='ltr'><strong>non</strong></span> <span class='ocrx_word' id='word_1_173' title='bbox 2848 840 3013 895; x_wconf 89' lang='lat' dir='ltr'><strong>vultis</strong></span> <span class='ocrx_word' id='word_1_174' title='bbox 3039 881 3053 904; x_wconf 93' lang='lat'><strong>,</strong></span> <span class='ocrx_word' id='word_1_175' title='bbox 3088 852 3264 895; x_wconf 83' lang='lat' dir='ltr'><strong>vestra</strong></span> <span class='ocrx_word' id='word_1_176' title='bbox 3305 842 3415 909; x_wconf 87' lang='lat' dir='ltr'><strong>jam</strong></span> <span class='ocrx_word' id='word_1_177' title='bbox 3444 844 3601 913; x_wconf 91' lang='lat' dir='ltr'><strong>culpa</strong></span> <span class='ocrx_word' id='word_1_178' title='bbox 3635 857 3741 910; x_wconf 91' lang='lat' dir='ltr'><strong>est,</strong></span> 
     </span>
    </p>
   </div>
   <div class='ocr_carea' id='block_1_23' title="bbox 2164 922 3741 991">
    <p class='ocr_par' dir='ltr' id='par_1_23' title="bbox 2164 922 3741 991">
     <span class='ocr_line' id='line_1_23' title="bbox 2164 922 3741 991; baseline 0.011 -18"><span class='ocrx_word' id='word_1_179' title='bbox 2164 930 2219 974; x_wconf 89' lang='lat' dir='ltr'><strong>et</strong></span> <span class='ocrx_word' id='word_1_180' title='bbox 2248 922 2293 974; x_wconf 89' lang='lat' dir='ltr'><strong>si</strong></span> <span class='ocrx_word' id='word_1_181' title='bbox 2319 924 2605 979; x_wconf 85' lang='lat' dir='ltr'><strong>audientes</strong></span> <span class='ocrx_word' id='word_1_182' title='bbox 2653 940 2761 982; x_wconf 90' lang='lat' dir='ltr'><strong>non</strong></span> <span class='ocrx_word' id='word_1_183' title='bbox 2809 929 3053 991; x_wconf 82' lang='lat' dir='ltr'><strong>creditis,</strong></span> <span class='ocrx_word' id='word_1_184' title='bbox 3087 942 3140 985; x_wconf 91' lang='lat' dir='ltr'><strong>et</strong></span> <span class='ocrx_word' id='word_1_185' title='bbox 3177 948 3283 987; x_wconf 93' lang='lat' dir='ltr'><strong>non</strong></span> <span class='ocrx_word' id='word_1_186' title='bbox 3317 935 3603 989; x_wconf 84' lang='lat' dir='ltr'><strong>credentes</strong></span> <span class='ocrx_word' id='word_1_187' title='bbox 3636 954 3741 991; x_wconf 91' lang='lat' dir='ltr'><strong>nou</strong></span> 
     </span>
    </p>
   </div>
   <div class='ocr_carea' id='block_1_24' title="bbox 2164 1015 3741 1096">
    <p class='ocr_par' dir='ltr' id='par_1_24' title="bbox 2164 1015 3741 1096">
     <span class='ocr_line' id='line_1_24' title="bbox 2164 1015 3741 1096; baseline 0.011 -29"><span class='ocrx_word' id='word_1_188' title='bbox 2164 1015 2469 1078; x_wconf 88' lang='lat' dir='ltr'><strong>invocatis,</strong></span> <span class='ocrx_word' id='word_1_189' title='bbox 2507 1027 2561 1069; x_wconf 88' lang='lat' dir='ltr'><strong>et</strong></span> <span class='ocrx_word' id='word_1_190' title='bbox 2608 1033 2716 1072; x_wconf 92' lang='lat' dir='ltr'><strong>non</strong></span> <span class='ocrx_word' id='word_1_191' title='bbox 2767 1020 3086 1076; x_wconf 85' lang='lat' dir='ltr'><strong>invocantes</strong></span> <span class='ocrx_word' id='word_1_192' title='bbox 3129 1024 3266 1078; x_wconf 87' lang='lat' dir='ltr'><strong>salvi</strong></span> <span class='ocrx_word' id='word_1_193' title='bbox 3320 1042 3441 1081; x_wconf 88' lang='lat' dir='ltr'><strong>esse</strong></span> <span class='ocrx_word' id='word_1_194' title='bbox 3484 1030 3741 1096; x_wconf 74' lang='lat' dir='ltr'><strong>nequitis.</strong></span> 
     </span>
    </p>
   </div>
   <div class='ocr_carea' id='block_1_25' title="bbox 2161 1107 3741 1183">
    <p class='ocr_par' dir='ltr' id='par_1_25' title="bbox 2161 1107 3741 1183">
     <span class='ocr_line' id='line_1_25' title="bbox 2161 1107 3741 1183; baseline 0.011 -28"><span class='ocrx_word' id='word_1_195' title='bbox 2161 1107 2296 1171; x_wconf 82' lang='lat' dir='ltr'><strong>Quia</strong></span> <span class='ocrx_word' id='word_1_196' title='bbox 2333 1123 2466 1179; x_wconf 87' lang='lat' dir='ltr'><strong>ergo</strong></span> <span class='ocrx_word' id='word_1_197' title='bbox 2493 1110 2642 1165; x_wconf 88' lang='lat' dir='ltr'><strong>missi</strong></span> <span class='ocrx_word' id='word_1_198' title='bbox 2676 1120 2804 1165; x_wconf 92' lang='lat' dir='ltr'><strong>sunt</strong></span> <span class='ocrx_word' id='word_1_199' title='bbox 2845 1114 2912 1165; x_wconf 86' lang='lat' dir='ltr'><strong>ad</strong></span> <span class='ocrx_word' id='word_1_200' title='bbox 2941 1115 3401 1183; x_wconf 67' lang='lat' dir='ltr'><strong>praedicationem,</strong></span> <span class='ocrx_word' id='word_1_201' title='bbox 3437 1118 3646 1174; x_wconf 92' lang='lat' dir='ltr'><strong>idcirco</strong></span> <span class='ocrx_word' id='word_1_202' title='bbox 3674 1122 3741 1173; x_wconf 90' lang='lat' dir='ltr'><strong>de</strong></span> 
     </span>
    </p>
   </div>
   <div class='ocr_carea' id='block_1_26' title="bbox 2164 1199 3739 1275">
    <p class='ocr_par' dir='ltr' id='par_1_26' title="bbox 2164 1199 3739 1275">
     <span class='ocr_line' id='line_1_26' title="bbox 2164 1199 3739 1275; baseline 0.01 -26"><span class='ocrx_word' id='word_1_203' title='bbox 2164 1200 2247 1250; x_wconf 87' lang='lat' dir='ltr'><strong>his</strong></span> <span class='ocrx_word' id='word_1_204' title='bbox 2296 1199 2388 1267; x_wconf 91' lang='lat' dir='ltr'><strong>qui</strong></span> <span class='ocrx_word' id='word_1_205' title='bbox 2433 1200 2502 1253; x_wconf 88' lang='lat' dir='ltr'><strong>ab</strong></span> <span class='ocrx_word' id='word_1_206' title='bbox 2531 1200 2646 1268; x_wconf 90' lang='lat' dir='ltr'><strong>ipso</strong></span> <span class='ocrx_word' id='word_1_207' title='bbox 2677 1202 2830 1255; x_wconf 85' lang='lat' dir='ltr'><strong>missi</strong></span> <span class='ocrx_word' id='word_1_208' title='bbox 2866 1214 2992 1257; x_wconf 89' lang='lat' dir='ltr'><strong>sunt</strong></span> <span class='ocrx_word' id='word_1_209' title='bbox 3019 1206 3287 1273; x_wconf 88' lang='lat' dir='ltr'><strong>scriptum</strong></span> <span class='ocrx_word' id='word_1_210' title='bbox 3331 1218 3416 1261; x_wconf 86' lang='lat' dir='ltr'><strong>est</strong></span> <span class='ocrx_word' id='word_1_211' title='bbox 3456 1226 3470 1261; x_wconf 88' lang='lat'><strong>:</strong></span> <span class='ocrx_word' id='word_1_212' title='bbox 3511 1228 3531 1260; x_wconf 84' lang='lat' dir='ltr'><strong>t</strong></span> <span class='ocrx_word' id='word_1_213' title='bbox 3566 1210 3739 1275; x_wconf 90' lang='lat' dir='ltr'><strong>Quam</strong></span> 
     </span>
    </p>
   </div>
   <div class='ocr_carea' id='block_1_27' title="bbox 2161 1294 3739 1369">
    <p class='ocr_par' dir='ltr' id='par_1_27' title="bbox 2161 1294 3739 1369">
     <span class='ocr_line' id='line_1_27' title="bbox 2161 1294 3739 1369; baseline 0.008 -25"><span class='ocrx_word' id='word_1_214' title='bbox 2161 1294 2395 1359; x_wconf 86' lang='lat' dir='ltr'><strong>speciosi</strong></span> <span class='ocrx_word' id='word_1_215' title='bbox 2444 1295 2609 1362; x_wconf 87' lang='lat' dir='ltr'><strong>pedes</strong></span> <span class='ocrx_word' id='word_1_216' title='bbox 2658 1297 3147 1366; x_wconf 80' lang='lat' dir='ltr'><strong>evangelizamium</strong></span> <span class='ocrx_word' id='word_1_217' title='bbox 3201 1300 3337 1353; x_wconf 88' lang='lat' dir='ltr'><strong>bona</strong></span> <span class='ocrx_word' id='word_1_218' title='bbox 3379 1302 3468 1355; x_wconf 77' lang='lat' dir='ltr'><strong>“l</strong></span> <span class='ocrx_word' id='word_1_219' title='bbox 3510 1323 3529 1355; x_wconf 78' lang='grc' dir='ltr'><strong>ι</strong></span> <span class='ocrx_word' id='word_1_220' title='bbox 3585 1304 3739 1369; x_wconf 85' lang='lat' dir='ltr'><strong>Quod</strong></span> 
     </span>
    </p>
   </div>
   <div class='ocr_carea' id='block_1_28' title="bbox 2159 1384 3741 1461">
    <p class='ocr_par' dir='ltr' id='par_1_28' title="bbox 2159 1384 3741 1461">
     <span class='ocr_line' id='line_1_28' title="bbox 2159 1384 3741 1461; baseline 0.008 -25"><span class='ocrx_word' id='word_1_221' title='bbox 2159 1384 2325 1451; x_wconf 89' lang='lat' dir='ltr'><strong>pedes</strong></span> <span class='ocrx_word' id='word_1_222' title='bbox 2363 1384 2455 1439; x_wconf 80' lang='lat' dir='ltr'><strong>hic.</strong></span> <span class='ocrx_word' id='word_1_223' title='bbox 2497 1386 2774 1455; x_wconf 78' lang='lat' dir='ltr'><strong>Speciosos</strong></span> <span class='ocrx_word' id='word_1_224' title='bbox 2819 1404 2924 1441; x_wconf 91' lang='lat' dir='ltr'><strong>non</strong></span> <span class='ocrx_word' id='word_1_225' title='bbox 2959 1391 3273 1458; x_wconf 80' lang='lat' dir='ltr'><strong>corporales</strong></span> <span class='ocrx_word' id='word_1_226' title='bbox 3296 1431 3311 1455; x_wconf 89' lang='lat'><strong>,</strong></span> <span class='ocrx_word' id='word_1_227' title='bbox 3341 1394 3434 1445; x_wconf 90' lang='lat' dir='ltr'><strong>sed</strong></span> <span class='ocrx_word' id='word_1_228' title='bbox 3467 1394 3741 1461; x_wconf 81' lang='lat' dir='ltr'><strong>spiritales</strong></span> 
     </span>
    </p>
   </div>
   <div class='ocr_carea' id='block_1_29' title="bbox 2157 1473 3737 1551">
    <p class='ocr_par' dir='ltr' id='par_1_29' title="bbox 2157 1473 3737 1551">
     <span class='ocr_line' id='line_1_29' title="bbox 2157 1473 3737 1551; baseline 0.006 -23"><span class='ocrx_word' id='word_1_229' title='bbox 2157 1473 2329 1539; x_wconf 84' lang='lat' dir='ltr'><strong>dicat,</strong></span> <span class='ocrx_word' id='word_1_230' title='bbox 2367 1486 2498 1544; x_wconf 90' lang='lat' dir='ltr'><strong>puto</strong></span> <span class='ocrx_word' id='word_1_231' title='bbox 2541 1478 2686 1544; x_wconf 89' lang='lat' dir='ltr'><strong>quod</strong></span> <span class='ocrx_word' id='word_1_232' title='bbox 2731 1480 2980 1545; x_wconf 85' lang='lat' dir='ltr'><strong>quamvis</strong></span> <span class='ocrx_word' id='word_1_233' title='bbox 3022 1481 3230 1536; x_wconf 87' lang='lat' dir='ltr'><strong>amicus</strong></span> <span class='ocrx_word' id='word_1_234' title='bbox 3273 1482 3343 1536; x_wconf 90' lang='lat' dir='ltr'><strong>sit</strong></span> <span class='ocrx_word' id='word_1_235' title='bbox 3373 1484 3494 1551; x_wconf 83' lang='lat' dir='ltr'><strong>quis</strong></span> <span class='ocrx_word' id='word_1_236' title='bbox 3522 1484 3737 1551; x_wconf 61' lang='lat' dir='ltr'><strong>litteras,</strong></span> 
     </span>
    </p>
   </div>
   <div class='ocr_carea' id='block_1_30' title="bbox 2157 1570 3741 1639">
    <p class='ocr_par' dir='ltr' id='par_1_30' title="bbox 2157 1570 3741 1639">
     <span class='ocr_line' id='line_1_30' title="bbox 2157 1570 3741 1639; baseline 0.006 -17"><span class='ocrx_word' id='word_1_237' title='bbox 2157 1582 2358 1635; x_wconf 86' lang='lat' dir='ltr'><strong>negare</strong></span> <span class='ocrx_word' id='word_1_238' title='bbox 2397 1584 2506 1622; x_wconf 90' lang='lat' dir='ltr'><strong>non</strong></span> <span class='ocrx_word' id='word_1_239' title='bbox 2538 1573 2731 1637; x_wconf 88' lang='lat' dir='ltr'><strong>possit.</strong></span> <span class='ocrx_word' id='word_1_240' title='bbox 2764 1570 2947 1639; x_wconf 88' lang='lat' dir='ltr'><strong>Neque</strong></span> <span class='ocrx_word' id='word_1_241' title='bbox 2971 1571 3114 1625; x_wconf 92' lang='lat' dir='ltr'><strong>enim</strong></span> <span class='ocrx_word' id='word_1_242' title='bbox 3146 1573 3197 1626; x_wconf 94' lang='lat' dir='ltr'><strong>in</strong></span> <span class='ocrx_word' id='word_1_243' title='bbox 3233 1574 3284 1627; x_wconf 91' lang='lat' dir='ltr'><strong>id</strong></span> <span class='ocrx_word' id='word_1_244' title='bbox 3319 1575 3533 1630; x_wconf 90' lang='lat' dir='ltr'><strong>ridiculi</strong></span> <span class='ocrx_word' id='word_1_245' title='bbox 3570 1578 3741 1631; x_wconf 84' lang='lat' dir='ltr'><strong>dedu-</strong></span> 
     </span>
    </p>
   </div>
   <div class='ocr_carea' id='block_1_31' title="bbox 2156 1657 3737 1736">
    <p class='ocr_par' dir='ltr' id='par_1_31' title="bbox 2156 1657 3737 1736">
     <span class='ocr_line' id='line_1_31' title="bbox 2156 1657 3737 1736; baseline 0.008 -27"><span class='ocrx_word' id='word_1_246' title='bbox 2156 1666 2243 1709; x_wconf 89' lang='lat' dir='ltr'><strong>cet</strong></span> <span class='ocrx_word' id='word_1_247' title='bbox 2273 1657 2633 1724; x_wconf 88' lang='lat' dir='ltr'><strong>apostolicum</strong></span> <span class='ocrx_word' id='word_1_248' title='bbox 2684 1674 2926 1724; x_wconf 90' lang='lat' dir='ltr'><strong>sensum,</strong></span> <span class='ocrx_word' id='word_1_249' title='bbox 2963 1671 3020 1713; x_wconf 89' lang='grc' dir='ltr'><strong>ιιι</strong></span> <span class='ocrx_word' id='word_1_250' title='bbox 3065 1664 3523 1733; x_wconf 84' lang='lat' dir='ltr'><strong>evangelistarum</strong></span> <span class='ocrx_word' id='word_1_251' title='bbox 3571 1669 3737 1736; x_wconf 84' lang='lat' dir='ltr'><strong>pedes</strong></span> 
     </span>
    </p>
   </div>
   <div class='ocr_carea' id='block_1_32' title="bbox 2156 1749 3736 1828">
    <p class='ocr_par' dir='ltr' id='par_1_32' title="bbox 2156 1749 3736 1828">
     <span class='ocr_line' id='line_1_32' title="bbox 2156 1749 3736 1828; baseline 0.008 -28"><span class='ocrx_word' id='word_1_252' title='bbox 2156 1749 2247 1816; x_wconf 90' lang='lat' dir='ltr'><strong>qui</strong></span> <span class='ocrx_word' id='word_1_253' title='bbox 2272 1749 2556 1816; x_wconf 87' lang='lat' dir='ltr'><strong>corporeis</strong></span> <span class='ocrx_word' id='word_1_254' title='bbox 2577 1750 2749 1803; x_wconf 89' lang='lat' dir='ltr'><strong>oculis</strong></span> <span class='ocrx_word' id='word_1_255' title='bbox 2780 1751 2952 1804; x_wconf 88' lang='lat' dir='ltr'><strong>videri</strong></span> <span class='ocrx_word' id='word_1_256' title='bbox 2982 1764 3227 1819; x_wconf 91' lang='lat' dir='ltr'><strong>possunt,</strong></span> <span class='ocrx_word' id='word_1_257' title='bbox 3255 1764 3405 1823; x_wconf 91' lang='lat' dir='ltr'><strong>putet</strong></span> <span class='ocrx_word' id='word_1_258' title='bbox 3433 1757 3546 1828; x_wconf 90' lang='grc'>(55)</span> <span class='ocrx_word' id='word_1_259' title='bbox 3571 1760 3638 1813; x_wconf 89' lang='lat' dir='ltr'><strong>ab</strong></span> <span class='ocrx_word' id='word_1_260' title='bbox 3669 1776 3736 1813; x_wconf 85' lang='lat' dir='ltr'><strong>eo</strong></span> 
     </span>
    </p>
   </div>
   <div class='ocr_carea' id='block_1_33' title="bbox 469 1822 3736 1924">
    <p class='ocr_par' dir='ltr' id='par_1_33' title="bbox 469 1822 3736 1924">
     <span class='ocr_line' id='line_1_33' title="bbox 469 1822 3736 1924; baseline 0.001 -20"><span class='ocrx_word' id='word_1_261' title='bbox 469 1852 586 1916; x_wconf 87' lang='lat' dir='ltr'><strong>uit,</strong></span> <span class='ocrx_word' id='word_1_262' title='bbox 633 1866 719 1905; x_wconf 86' lang='lat' dir='ltr'><strong>me</strong></span> <span class='ocrx_word' id='word_1_263' title='bbox 763 1852 991 1918; x_wconf 80' lang='lat' dir='ltr'><strong>spernit.</strong></span> <span class='ocrx_word' id='word_1_264' title='bbox 1035 1869 1053 1902; x_wconf 78' lang='grc' dir='ltr'><strong>ι</strong></span> <span class='ocrx_word' id='word_1_265' title='bbox 1091 1849 1276 1904; x_wconf 87' lang='lat' dir='ltr'><strong>Potest</strong></span> <span class='ocrx_word' id='word_1_266' title='bbox 1312 1860 1492 1904; x_wconf 87' lang='lat' dir='ltr'><strong>autem</strong></span> <span class='ocrx_word' id='word_1_267' title='bbox 1544 1863 1596 1924; x_wconf 82' lang='lat' dir='ltr'><strong>et</strong></span> <span class='ocrx_word' id='word_1_268' title='bbox 1644 1851 1747 1903; x_wconf 87' lang='lat' dir='ltr'><strong>hoc</strong></span> <span class='ocrx_word' id='word_1_269' title='bbox 1797 1850 2047 1920; x_wconf 75' lang='lat' dir='ltr'><strong>intelligi,</strong></span> <span class='ocrx_word' id='word_1_270' title='bbox 2082 1822 2125 1881; x_wconf 79' lang='grc' dir='ltr'><strong>Β</strong></span> <span class='ocrx_word' id='word_1_271' title='bbox 2156 1839 2383 1894; x_wconf 83' lang='lat' dir='ltr'><strong>decoros</strong></span> <span class='ocrx_word' id='word_1_272' title='bbox 2429 1841 2533 1893; x_wconf 87' lang='lat' dir='ltr'><strong>dici</strong></span> <span class='ocrx_word' id='word_1_273' title='bbox 2589 1850 2646 1895; x_wconf 79' lang='lat' dir='ltr'><strong>et</strong></span> <span class='ocrx_word' id='word_1_274' title='bbox 2692 1843 3003 1910; x_wconf 80' lang='lat' dir='ltr'><strong>speciosos;</strong></span> <span class='ocrx_word' id='word_1_275' title='bbox 3038 1844 3131 1897; x_wconf 85' lang='lat' dir='ltr'><strong>sed</strong></span> <span class='ocrx_word' id='word_1_276' title='bbox 3181 1845 3256 1899; x_wconf 88' lang='lat' dir='ltr'><strong>illi</strong></span> <span class='ocrx_word' id='word_1_277' title='bbox 3298 1858 3426 1902; x_wconf 83' lang='lat' dir='ltr'><strong>sunt</strong></span> <span class='ocrx_word' id='word_1_278' title='bbox 3468 1850 3652 1904; x_wconf 84' lang='lat' dir='ltr'><strong>decori</strong></span> <span class='ocrx_word' id='word_1_279' title='bbox 3680 1862 3736 1905; x_wconf 84' lang='lat' dir='ltr'><strong>et</strong></span> 
     </span>
    </p>
   </div>
   <div class='ocr_carea' id='block_1_34' title="bbox 466 1939 2047 2010">
    <p class='ocr_par' dir='ltr' id='par_1_34' title="bbox 466 1939 2047 2010">
     <span class='ocr_line' id='line_1_34' title="bbox 466 1939 2047 2010; baseline 0.004 -22"><span class='ocrx_word' id='word_1_280' title='bbox 466 1941 609 2007; x_wconf 84' lang='lat' dir='ltr'><strong>quod</strong></span> <span class='ocrx_word' id='word_1_281' title='bbox 655 1942 817 1994; x_wconf 82' lang='lat' dir='ltr'><strong>etiam</strong></span> <span class='ocrx_word' id='word_1_282' title='bbox 870 1949 923 1994; x_wconf 91' lang='lat' dir='ltr'><strong>et</strong></span> <span class='ocrx_word' id='word_1_283' title='bbox 973 1955 1119 1994; x_wconf 90' lang='lat' dir='ltr'><strong>nunc</strong></span> <span class='ocrx_word' id='word_1_284' title='bbox 1163 1950 1217 1994; x_wconf 91' lang='lat' dir='ltr'><strong>et</strong></span> <span class='ocrx_word' id='word_1_285' title='bbox 1263 1956 1478 2010; x_wconf 87' lang='lat' dir='ltr'><strong>semper</strong></span> <span class='ocrx_word' id='word_1_286' title='bbox 1512 1939 1763 1994; x_wconf 87' lang='lat' dir='ltr'><strong>Christus</strong></span> <span class='ocrx_word' id='word_1_287' title='bbox 1788 1949 2047 2009; x_wconf 89' lang='lat' dir='ltr'><strong>tanquam</strong></span> 
     </span>
    </p>
   </div>
   <div class='ocr_carea' id='block_1_35' title="bbox 468 2031 2050 2103">
    <p class='ocr_par' dir='ltr' id='par_1_35' title="bbox 468 2031 2050 2103">
     <span class='ocr_line' id='line_1_35' title="bbox 468 2031 2050 2103; baseline 0.003 -18"><span class='ocrx_word' id='word_1_288' title='bbox 468 2034 703 2088; x_wconf 81' lang='lat' dir='ltr'><strong>Verbum</strong></span> <span class='ocrx_word' id='word_1_289' title='bbox 734 2043 789 2087; x_wconf 87' lang='lat' dir='ltr'><strong>et</strong></span> <span class='ocrx_word' id='word_1_290' title='bbox 820 2031 980 2086; x_wconf 79' lang='lat' dir='ltr'><strong>Ratio</strong></span> <span class='ocrx_word' id='word_1_291' title='bbox 1009 2035 1300 2103; x_wconf 90' lang='lat' dir='ltr'><strong>unicuique</strong></span> <span class='ocrx_word' id='word_1_292' title='bbox 1325 2034 1578 2102; x_wconf 87' lang='lat' dir='ltr'><strong>loquatur</strong></span> <span class='ocrx_word' id='word_1_293' title='bbox 1606 2035 1659 2088; x_wconf 93' lang='lat' dir='ltr'><strong>in</strong></span> <span class='ocrx_word' id='word_1_294' title='bbox 1692 2036 1877 2098; x_wconf 88' lang='lat' dir='ltr'><strong>corde,</strong></span> <span class='ocrx_word' id='word_1_295' title='bbox 1899 2044 1952 2087; x_wconf 89' lang='lat' dir='ltr'><strong>et</strong></span> <span class='ocrx_word' id='word_1_296' title='bbox 1981 2033 2050 2089; x_wconf 90' lang='lat' dir='ltr'><strong>de</strong></span> 
     </span>
    </p>
   </div>
   <div class='ocr_carea' id='block_1_36' title="bbox 467 2113 2050 2194">
    <p class='ocr_par' dir='ltr' id='par_1_36' title="bbox 467 2113 2050 2194">
     <span class='ocr_line' id='line_1_36' title="bbox 467 2113 2050 2194; baseline 0.003 -19"><span class='ocrx_word' id='word_1_297' title='bbox 467 2113 917 2192; x_wconf 28' lang='lat' dir='ltr'><strong>pietate’doceat,</strong></span> <span class='ocrx_word' id='word_1_298' title='bbox 950 2126 1015 2178; x_wconf 84' lang='lat' dir='ltr'><strong>de.</strong></span> <span class='ocrx_word' id='word_1_299' title='bbox 1038 2124 1247 2194; x_wconf 84' lang='lat' dir='ltr'><strong>jnstitia</strong></span> <span class='ocrx_word' id='word_1_300' title='bbox 1286 2126 1532 2187; x_wconf 80' lang='lat' dir='ltr'><strong>suadeat,</strong></span> <span class='ocrx_word' id='word_1_301' title='bbox 1566 2125 1630 2177; x_wconf 88' lang='lat' dir='ltr'><strong>de</strong></span> <span class='ocrx_word' id='word_1_302' title='bbox 1656 2125 1932 2187; x_wconf 86' lang='lat' dir='ltr'><strong>castitate,</strong></span> <span class='ocrx_word' id='word_1_303' title='bbox 1979 2123 2050 2180; x_wconf 92' lang='lat' dir='ltr'><strong>de</strong></span> 
     </span>
    </p>
   </div>
   <div class='ocr_carea' id='block_1_37' title="bbox 466 2215 2047 2285">
    <p class='ocr_par' dir='ltr' id='par_1_37' title="bbox 466 2215 2047 2285">
     <span class='ocr_line' id='line_1_37' title="bbox 466 2215 2047 2285; baseline 0 -16"><span class='ocrx_word' id='word_1_304' title='bbox 466 2215 724 2285; x_wconf 80' lang='lat' dir='ltr'><strong>pudicitia</strong></span> <span class='ocrx_word' id='word_1_305' title='bbox 772 2225 827 2271; x_wconf 92' lang='lat' dir='ltr'><strong>et</strong></span> <span class='ocrx_word' id='word_1_306' title='bbox 855 2216 920 2269; x_wconf 87' lang='lat' dir='ltr'><strong>de</strong></span> <span class='ocrx_word' id='word_1_307' title='bbox 959 2217 1211 2271; x_wconf 89' lang='lat' dir='ltr'><strong>omnibus</strong></span> <span class='ocrx_word' id='word_1_308' title='bbox 1255 2215 1421 2269; x_wconf 85' lang='lat' dir='ltr'><strong>simul</strong></span> <span class='ocrx_word' id='word_1_309' title='bbox 1449 2215 1744 2269; x_wconf 87' lang='lat' dir='ltr'><strong>virtutibus</strong></span> <span class='ocrx_word' id='word_1_310' title='bbox 1774 2224 2047 2284; x_wconf 82' lang='lat' dir='ltr'><strong>proteste-</strong></span> 
     </span>
    </p>
   </div>
   <div class='ocr_carea' id='block_1_38' title="bbox 469 2308 2046 2377">
    <p class='ocr_par' dir='ltr' id='par_1_38' title="bbox 469 2308 2046 2377">
     <span class='ocr_line' id='line_1_38' title="bbox 469 2308 2046 2377; baseline 0.001 -16"><span class='ocrx_word' id='word_1_311' title='bbox 469 2322 576 2372; x_wconf 91' lang='lat' dir='ltr'><strong>tur,</strong></span> <span class='ocrx_word' id='word_1_312' title='bbox 610 2310 755 2364; x_wconf 84' lang='lat' dir='ltr'><strong>sicut</strong></span> <span class='ocrx_word' id='word_1_313' title='bbox 778 2317 833 2364; x_wconf 88' lang='lat' dir='ltr'><strong>et</strong></span> <span class='ocrx_word' id='word_1_314' title='bbox 861 2308 976 2377; x_wconf 89' lang='lat' dir='ltr'><strong>ipse</strong></span> <span class='ocrx_word' id='word_1_315' title='bbox 998 2310 1129 2364; x_wconf 87' lang='lat' dir='ltr'><strong>dicit</strong></span> <span class='ocrx_word' id='word_1_316' title='bbox 1152 2311 1196 2342; x_wconf 78' lang='lat'><strong>&#39;°</strong></span> <span class='ocrx_word' id='word_1_317' title='bbox 1232 2329 1245 2364; x_wconf 91' lang='lat'><strong>:</strong></span> <span class='ocrx_word' id='word_1_318' title='bbox 1288 2309 1459 2366; x_wconf 87' lang='lat' dir='ltr'><strong>t0ves</strong></span> <span class='ocrx_word' id='word_1_319' title='bbox 1496 2323 1628 2363; x_wconf 78' lang='lat' dir='ltr'><strong>meae</strong></span> <span class='ocrx_word' id='word_1_320' title='bbox 1653 2323 1843 2363; x_wconf 86' lang='lat' dir='ltr'><strong>vocem</strong></span> <span class='ocrx_word' id='word_1_321' title='bbox 1872 2324 2046 2363; x_wconf 88' lang='lat' dir='ltr'><strong>meam</strong></span> 
     </span>
    </p>
   </div>
   <div class='ocr_carea' id='block_1_39' title="bbox 463 2400 2046 2473">
    <p class='ocr_par' dir='ltr' id='par_1_39' title="bbox 463 2400 2046 2473">
     <span class='ocr_line' id='line_1_39' title="bbox 463 2400 2046 2473; baseline 0.001 -18"><span class='ocrx_word' id='word_1_322' title='bbox 463 2401 713 2455; x_wconf 85' lang='lat' dir='ltr'><strong>audiunt.</strong></span> <span class='ocrx_word' id='word_1_323' title='bbox 749 2419 767 2452; x_wconf 75' lang='grc' dir='ltr'><strong>ι</strong></span> <span class='ocrx_word' id='word_1_324' title='bbox 809 2400 903 2455; x_wconf 93' lang='lat' dir='ltr'><strong>Sic</strong></span> <span class='ocrx_word' id='word_1_325' title='bbox 938 2403 1173 2473; x_wconf 89' lang='lat' dir='ltr'><strong>denique</strong></span> <span class='ocrx_word' id='word_1_326' title='bbox 1205 2414 1260 2457; x_wconf 90' lang='lat' dir='ltr'><strong>et</strong></span> <span class='ocrx_word' id='word_1_327' title='bbox 1292 2404 1346 2457; x_wconf 90' lang='lat' dir='ltr'><strong>in</strong></span> <span class='ocrx_word' id='word_1_328' title='bbox 1372 2404 1538 2456; x_wconf 90' lang='lat' dir='ltr'><strong>corde</strong></span> <span class='ocrx_word' id='word_1_329' title='bbox 1582 2400 1730 2455; x_wconf 83' lang='lat' dir='ltr'><strong>Pauli</strong></span> <span class='ocrx_word' id='word_1_330' title='bbox 1782 2400 2046 2470; x_wconf 86' lang='lat' dir='ltr'><strong>loqueba-</strong></span> 
     </span>
    </p>
   </div>
   <div class='ocr_carea' id='block_1_40' title="bbox 465 2494 2047 2561">
    <p class='ocr_par' dir='ltr' id='par_1_40' title="bbox 465 2494 2047 2561">
     <span class='ocr_line' id='line_1_40' title="bbox 465 2494 2047 2561; baseline 0.001 -14"><span class='ocrx_word' id='word_1_331' title='bbox 465 2503 586 2559; x_wconf 89' lang='lat' dir='ltr'><strong>tur,</strong></span> <span class='ocrx_word' id='word_1_332' title='bbox 635 2494 708 2547; x_wconf 84' lang='lat' dir='ltr'><strong>ita</strong></span> <span class='ocrx_word' id='word_1_333' title='bbox 759 2502 819 2547; x_wconf 91' lang='lat' dir='ltr'><strong>ut</strong></span> <span class='ocrx_word' id='word_1_334' title='bbox 864 2495 955 2549; x_wconf 83' lang='lat' dir='ltr'><strong>ille</strong></span> <span class='ocrx_word' id='word_1_335' title='bbox 986 2495 1238 2549; x_wconf 87' lang='lat' dir='ltr'><strong>diceret:</strong></span> <span class='ocrx_word' id='word_1_336' title='bbox 1281 2514 1299 2547; x_wconf 84' lang='lat' dir='ltr'><strong>t</strong></span> <span class='ocrx_word' id='word_1_337' title='bbox 1336 2494 1418 2549; x_wconf 78' lang='lat' dir='ltr'><strong>Au</strong></span> <span class='ocrx_word' id='word_1_338' title='bbox 1450 2495 1883 2559; x_wconf 78' lang='lat' dir='ltr'><strong>experimentum</strong></span> <span class='ocrx_word' id='word_1_339' title='bbox 1930 2495 2047 2561; x_wconf 86' lang='lat' dir='ltr'><strong>ejus</strong></span> 
     </span>
    </p>
   </div>
   <div class='ocr_carea' id='block_1_41' title="bbox 462 2582 2041 2656">
    <p class='ocr_par' dir='ltr' id='par_1_41' title="bbox 462 2582 2041 2656">
     <span class='ocr_line' id='line_1_41' title="bbox 462 2582 2041 2656; baseline 0 -18"><span class='ocrx_word' id='word_1_340' title='bbox 462 2589 707 2643; x_wconf 72' lang='lat' dir='ltr'><strong>ruteritis</strong></span> <span class='ocrx_word' id='word_1_341' title='bbox 748 2585 839 2656; x_wconf 91' lang='lat' dir='ltr'><strong>qui</strong></span> <span class='ocrx_word' id='word_1_342' title='bbox 883 2586 935 2640; x_wconf 90' lang='lat' dir='ltr'><strong>in</strong></span> <span class='ocrx_word' id='word_1_343' title='bbox 979 2600 1066 2641; x_wconf 92' lang='lat' dir='ltr'><strong>me</strong></span> <span class='ocrx_word' id='word_1_344' title='bbox 1113 2585 1358 2656; x_wconf 91' lang='lat' dir='ltr'><strong>loquitur</strong></span> <span class='ocrx_word' id='word_1_345' title='bbox 1399 2584 1653 2640; x_wconf 91' lang='lat' dir='ltr'><strong>Christus</strong></span> <span class='ocrx_word' id='word_1_346' title='bbox 1686 2584 1766 2638; x_wconf 71' lang='lat'><strong>“1&#39;</strong></span> <span class='ocrx_word' id='word_1_347' title='bbox 1798 2602 1817 2637; x_wconf 76' lang='grc' dir='ltr'><strong>ι</strong></span> <span class='ocrx_word' id='word_1_348' title='bbox 1848 2582 2041 2653; x_wconf 85' lang='lat' dir='ltr'><strong>Sequi—</strong></span> 
     </span>
    </p>
   </div>
   <div class='ocr_carea' id='block_1_42' title="bbox 464 2676 2039 2747">
    <p class='ocr_par' dir='ltr' id='par_1_42' title="bbox 464 2676 2039 2747">
     <span class='ocr_line' id='line_1_42' title="bbox 464 2676 2039 2747; baseline -0.001 -15"><span class='ocrx_word' id='word_1_349' title='bbox 464 2676 552 2733; x_wconf 80' lang='lat' dir='ltr'><strong>tur</strong></span> <span class='ocrx_word' id='word_1_350' title='bbox 585 2697 599 2733; x_wconf 92' lang='lat'><strong>:</strong></span> <span class='ocrx_word' id='word_1_351' title='bbox 636 2697 655 2729; x_wconf 78' lang='grc' dir='ltr'><strong>ι</strong></span> <span class='ocrx_word' id='word_1_352' title='bbox 692 2678 977 2747; x_wconf 84' lang='lat' dir='ltr'><strong>Quomodo</strong></span> <span class='ocrx_word' id='word_1_353' title='bbox 1008 2684 1190 2732; x_wconf 90' lang='lat' dir='ltr'><strong>autem</strong></span> <span class='ocrx_word' id='word_1_354' title='bbox 1222 2676 1445 2731; x_wconf 89' lang='lat' dir='ltr'><strong>audient</strong></span> <span class='ocrx_word' id='word_1_355' title='bbox 1475 2677 1592 2731; x_wconf 89' lang='lat' dir='ltr'><strong>sine</strong></span> <span class='ocrx_word' id='word_1_356' title='bbox 1624 2676 1991 2746; x_wconf 64' lang='lat' dir='ltr'><strong>praedicante?</strong></span> <span class='ocrx_word' id='word_1_357' title='bbox 2019 2696 2039 2730; x_wconf 74' lang='grc' dir='ltr'><strong>ι</strong></span> 
     </span>
    </p>
   </div>
   <div class='ocr_carea' id='block_1_43' title="bbox 462 2767 2043 2839">
    <p class='ocr_par' dir='ltr' id='par_1_43' title="bbox 462 2767 2043 2839">
     <span class='ocr_line' id='line_1_43' title="bbox 462 2767 2043 2839; baseline -0.003 -14"><span class='ocrx_word' id='word_1_358' title='bbox 462 2769 521 2825; x_wconf 86' lang='grc' dir='ltr'><strong>1η</strong></span> <span class='ocrx_word' id='word_1_359' title='bbox 546 2771 652 2825; x_wconf 92' lang='lat' dir='ltr'><strong>hoc</strong></span> <span class='ocrx_word' id='word_1_360' title='bbox 674 2770 849 2839; x_wconf 84' lang='lat' dir='ltr'><strong>magis</strong></span> <span class='ocrx_word' id='word_1_361' title='bbox 877 2784 975 2839; x_wconf 91' lang='lat' dir='ltr'><strong>per</strong></span> <span class='ocrx_word' id='word_1_362' title='bbox 995 2768 1404 2838; x_wconf 75' lang='lat' dir='ltr'><strong>prtedicautinm</strong></span> <span class='ocrx_word' id='word_1_363' title='bbox 1434 2781 1740 2822; x_wconf 85' lang='lat' dir='ltr'><strong>sermonem</strong></span> <span class='ocrx_word' id='word_1_364' title='bbox 1768 2767 2043 2822; x_wconf 88' lang='lat' dir='ltr'><strong>Christum</strong></span> 
     </span>
    </p>
   </div>
   <div class='ocr_carea' id='block_1_44' title="bbox 462 2860 2044 2933">
    <p class='ocr_par' dir='ltr' id='par_1_44' title="bbox 462 2860 2044 2933">
     <span class='ocr_line' id='line_1_44' title="bbox 462 2860 2044 2933; baseline -0.002 -14"><span class='ocrx_word' id='word_1_365' title='bbox 462 2864 703 2919; x_wconf 85' lang='lat' dir='ltr'><strong>ostendit</strong></span> <span class='ocrx_word' id='word_1_366' title='bbox 756 2862 931 2916; x_wconf 85' lang='lat' dir='ltr'><strong>audiri</strong></span> <span class='ocrx_word' id='word_1_367' title='bbox 976 2860 1113 2933; x_wconf 80' lang='grc'>(28).</span> <span class='ocrx_word' id='word_1_368' title='bbox 1152 2862 1202 2914; x_wconf 92' lang='lat' dir='ltr'><strong>in</strong></span> <span class='ocrx_word' id='word_1_369' title='bbox 1235 2861 1463 2930; x_wconf 89' lang='lat' dir='ltr'><strong>quibus,</strong></span> <span class='ocrx_word' id='word_1_370' title='bbox 1501 2863 1797 2916; x_wconf 91' lang='lat' dir='ltr'><strong>secundum</strong></span> <span class='ocrx_word' id='word_1_371' title='bbox 1823 2876 1888 2917; x_wconf 86' lang='lat' dir='ltr'><strong>ea</strong></span> <span class='ocrx_word' id='word_1_372' title='bbox 1922 2877 2044 2931; x_wconf 74' lang='lat' dir='ltr'><strong>qua:</strong></span> 
     </span>
    </p>
   </div>
   <div class='ocr_carea' id='block_1_45' title="bbox 463 2951 2045 3026">
    <p class='ocr_par' dir='ltr' id='par_1_45' title="bbox 463 2951 2045 3026">
     <span class='ocr_line' id='line_1_45' title="bbox 463 2951 2045 3026; baseline -0.004 -15"><span class='ocrx_word' id='word_1_373' title='bbox 463 2971 623 3026; x_wconf 81' lang='lat' dir='ltr'><strong>supra</strong></span> <span class='ocrx_word' id='word_1_374' title='bbox 671 2955 945 3017; x_wconf 78' lang='lat' dir='ltr'><strong>diximus,</strong></span> <span class='ocrx_word' id='word_1_375' title='bbox 978 2951 1233 3008; x_wconf 87' lang='lat' dir='ltr'><strong>Christus</strong></span> <span class='ocrx_word' id='word_1_376' title='bbox 1270 2951 1413 3019; x_wconf 89' lang='lat' dir='ltr'><strong>loqui</strong></span> <span class='ocrx_word' id='word_1_377' title='bbox 1442 2962 1497 3005; x_wconf 91' lang='lat' dir='ltr'><strong>et</strong></span> <span class='ocrx_word' id='word_1_378' title='bbox 1540 2952 1741 3008; x_wconf 91' lang='lat' dir='ltr'><strong>docere</strong></span> <span class='ocrx_word' id='word_1_379' title='bbox 1772 2962 2045 3008; x_wconf 86' lang='lat' dir='ltr'><strong>monstra-</strong></span> 
     </span>
    </p>
   </div>
   <div class='ocr_carea' id='block_1_46' title="bbox 464 3042 2042 3111">
    <p class='ocr_par' dir='ltr' id='par_1_46' title="bbox 464 3042 2042 3111">
     <span class='ocr_line' id='line_1_46' title="bbox 464 3042 2042 3111; baseline -0.003 -10"><span class='ocrx_word' id='word_1_380' title='bbox 464 3044 571 3101; x_wconf 83' lang='lat' dir='ltr'><strong>tur.</strong></span> <span class='ocrx_word' id='word_1_381' title='bbox 624 3063 643 3097; x_wconf 85' lang='lat' dir='ltr'><strong>t</strong></span> <span class='ocrx_word' id='word_1_382' title='bbox 674 3044 955 3110; x_wconf 88' lang='lat' dir='ltr'><strong>Quomodo</strong></span> <span class='ocrx_word' id='word_1_383' title='bbox 1000 3051 1183 3096; x_wconf 88' lang='lat' dir='ltr'><strong>autem</strong></span> <span class='ocrx_word' id='word_1_384' title='bbox 1236 3042 1630 3111; x_wconf 67' lang='lat' dir='ltr'><strong>praedicabunt,</strong></span> <span class='ocrx_word' id='word_1_385' title='bbox 1678 3044 1781 3098; x_wconf 91' lang='lat' dir='ltr'><strong>nisi</strong></span> <span class='ocrx_word' id='word_1_386' title='bbox 1819 3044 2042 3097; x_wconf 85' lang='lat' dir='ltr'><strong>mittan-</strong></span> 
     </span>
    </p>
   </div>
   <div class='ocr_carea' id='block_1_47' title="bbox 2153 1932 3736 2004">
    <p class='ocr_par' dir='ltr' id='par_1_47' title="bbox 2153 1932 3736 2004">
     <span class='ocr_line' id='line_1_47' title="bbox 2153 1932 3736 2004; baseline 0.008 -20"><span class='ocrx_word' id='word_1_387' title='bbox 2153 1932 2383 1998; x_wconf 85' lang='lat' dir='ltr'><strong>speciosi</strong></span> <span class='ocrx_word' id='word_1_388' title='bbox 2409 1936 2592 2001; x_wconf 89' lang='lat' dir='ltr'><strong>pedes.</strong></span> <span class='ocrx_word' id='word_1_389' title='bbox 2619 1932 2712 2001; x_wconf 90' lang='lat' dir='ltr'><strong>qui</strong></span> <span class='ocrx_word' id='word_1_390' title='bbox 2747 1933 3025 1986; x_wconf 87' lang='lat' dir='ltr'><strong>ambulant</strong></span> <span class='ocrx_word' id='word_1_391' title='bbox 3053 1950 3150 2004; x_wconf 88' lang='lat' dir='ltr'><strong>per</strong></span> <span class='ocrx_word' id='word_1_392' title='bbox 3172 1937 3314 1991; x_wconf 83' lang='lat' dir='ltr'><strong>viam</strong></span> <span class='ocrx_word' id='word_1_393' title='bbox 3345 1940 3491 1996; x_wconf 54' lang='lat' dir='ltr'><strong>vite.</strong></span> <span class='ocrx_word' id='word_1_394' title='bbox 3533 1941 3736 1997; x_wconf 86' lang='lat' dir='ltr'><strong>Secun-</strong></span> 
     </span>
    </p>
   </div>
   <div class='ocr_carea' id='block_1_48' title="bbox 2151 2022 3726 2097">
    <p class='ocr_par' dir='ltr' id='par_1_48' title="bbox 2151 2022 3726 2097">
     <span class='ocr_line' id='line_1_48' title="bbox 2151 2022 3726 2097; baseline 0.008 -22"><span class='ocrx_word' id='word_1_395' title='bbox 2151 2022 2279 2075; x_wconf 93' lang='lat' dir='ltr'><strong>dum</strong></span> <span class='ocrx_word' id='word_1_396' title='bbox 2310 2023 2464 2075; x_wconf 91' lang='lat' dir='ltr'><strong>illum</strong></span> <span class='ocrx_word' id='word_1_397' title='bbox 2500 2024 2645 2077; x_wconf 91' lang='lat' dir='ltr'><strong>enim</strong></span> <span class='ocrx_word' id='word_1_398' title='bbox 2681 2024 2796 2095; x_wconf 72' lang='grc'>(54)</span> <span class='ocrx_word' id='word_1_399' title='bbox 2828 2026 2918 2093; x_wconf 90' lang='lat' dir='ltr'><strong>qui</strong></span> <span class='ocrx_word' id='word_1_400' title='bbox 2948 2023 3106 2091; x_wconf 81' lang='lat' dir='ltr'><strong>dixit,</strong></span> <span class='ocrx_word' id='word_1_401' title='bbox 3143 2047 3162 2079; x_wconf 85' lang='lat' dir='ltr'><strong>t</strong></span> <span class='ocrx_word' id='word_1_402' title='bbox 3194 2029 3304 2097; x_wconf 86' lang='lat' dir='ltr'><strong>Ego</strong></span> <span class='ocrx_word' id='word_1_403' title='bbox 3331 2046 3449 2085; x_wconf 80' lang='lat' dir='ltr'><strong>sum</strong></span> <span class='ocrx_word' id='word_1_404' title='bbox 3485 2034 3567 2086; x_wconf 87' lang='lat' dir='ltr'><strong>via</strong></span> <span class='ocrx_word' id='word_1_405' title='bbox 3606 2034 3674 2097; x_wconf 80' lang='lat'><strong>”,</strong></span> <span class='ocrx_word' id='word_1_406' title='bbox 3704 2054 3726 2088; x_wconf 73' lang='grc' dir='ltr'><strong>ι</strong></span> 
     </span>
    </p>
   </div>
   <div class='ocr_carea' id='block_1_49' title="bbox 2152 2115 3734 2194">
    <p class='ocr_par' dir='ltr' id='par_1_49' title="bbox 2152 2115 3734 2194">
     <span class='ocr_line' id='line_1_49' title="bbox 2152 2115 3734 2194; baseline 0.009 -27"><span class='ocrx_word' id='word_1_407' title='bbox 2152 2115 2391 2185; x_wconf 89' lang='lat' dir='ltr'><strong>intellige</strong></span> <span class='ocrx_word' id='word_1_408' title='bbox 2426 2117 2655 2171; x_wconf 84' lang='lat' dir='ltr'><strong>decoros</strong></span> <span class='ocrx_word' id='word_1_409' title='bbox 2684 2127 2740 2169; x_wconf 91' lang='lat' dir='ltr'><strong>et</strong></span> <span class='ocrx_word' id='word_1_410' title='bbox 2771 2119 3051 2185; x_wconf 83' lang='lat' dir='ltr'><strong>speciosus</strong></span> <span class='ocrx_word' id='word_1_411' title='bbox 3097 2122 3598 2190; x_wconf 78' lang='lat' dir='ltr'><strong>evangelizantium‘</strong></span> <span class='ocrx_word' id='word_1_412' title='bbox 3636 2142 3734 2194; x_wconf 81' lang='lat' dir='ltr'><strong>pe-</strong></span> 
     </span>
    </p>
   </div>
   <div class='ocr_carea' id='block_1_50' title="bbox 2150 2208 3725 2282">
    <p class='ocr_par' dir='ltr' id='par_1_50' title="bbox 2150 2208 3725 2282">
     <span class='ocr_line' id='line_1_50' title="bbox 2150 2208 3725 2282; baseline 0.008 -20"><span class='ocrx_word' id='word_1_413' title='bbox 2150 2208 2248 2262; x_wconf 87' lang='lat' dir='ltr'><strong>des</strong></span> <span class='ocrx_word' id='word_1_414' title='bbox 2275 2249 2287 2273; x_wconf 93' lang='lat'><strong>,</strong></span> <span class='ocrx_word' id='word_1_415' title='bbox 2336 2210 2429 2278; x_wconf 90' lang='lat' dir='ltr'><strong>qui</strong></span> <span class='ocrx_word' id='word_1_416' title='bbox 2485 2226 2584 2279; x_wconf 77' lang='lat' dir='ltr'><strong>per</strong></span> <span class='ocrx_word' id='word_1_417' title='bbox 2621 2210 2779 2265; x_wconf 87' lang='lat' dir='ltr'><strong>talem</strong></span> <span class='ocrx_word' id='word_1_418' title='bbox 2809 2212 2949 2265; x_wconf 88' lang='lat' dir='ltr'><strong>viam</strong></span> <span class='ocrx_word' id='word_1_419' title='bbox 2983 2213 3097 2282; x_wconf 83' lang='lat'><strong>(55)</strong></span> <span class='ocrx_word' id='word_1_420' title='bbox 3134 2225 3412 2270; x_wconf 83' lang='lat' dir='ltr'><strong>merentur</strong></span> <span class='ocrx_word' id='word_1_421' title='bbox 3453 2217 3725 2274; x_wconf 90' lang='lat' dir='ltr'><strong>incedere.</strong></span> 
     </span>
    </p>
   </div>
   <div class='ocr_carea' id='block_1_51' title="bbox 2157 2300 3726 2371">
    <p class='ocr_par' dir='ltr' id='par_1_51' title="bbox 2157 2300 3726 2371">
     <span class='ocr_line' id='line_1_51' title="bbox 2157 2300 3726 2371; baseline 0.008 -18"><span class='ocrx_word' id='word_1_422' title='bbox 2157 2300 2246 2353; x_wconf 81' lang='lat' dir='ltr'><strong>Isti</strong></span> <span class='ocrx_word' id='word_1_423' title='bbox 2284 2311 2408 2354; x_wconf 90' lang='lat' dir='ltr'><strong>sunt</strong></span> <span class='ocrx_word' id='word_1_424' title='bbox 2452 2302 2616 2369; x_wconf 82' lang='lat' dir='ltr'><strong>pedes</strong></span> <span class='ocrx_word' id='word_1_425' title='bbox 2638 2302 2833 2371; x_wconf 89' lang='lat' dir='ltr'><strong>quibus</strong></span> <span class='ocrx_word' id='word_1_426' title='bbox 2855 2314 2910 2357; x_wconf 91' lang='lat' dir='ltr'><strong>et</strong></span> <span class='ocrx_word' id='word_1_427' title='bbox 2942 2304 3140 2360; x_wconf 85' lang='lat' dir='ltr'><strong>Paulus</strong></span> <span class='ocrx_word' id='word_1_428' title='bbox 3163 2309 3475 2363; x_wconf 90' lang='lat' dir='ltr'><strong>cucurrisse</strong></span> <span class='ocrx_word' id='word_1_429' title='bbox 3508 2325 3726 2366; x_wconf 88' lang='lat' dir='ltr'><strong>cursum</strong></span> 
     </span>
    </p>
   </div>
   <div class='ocr_carea' id='block_1_52' title="bbox 2149 2393 3729 2466">
    <p class='ocr_par' dir='ltr' id='par_1_52' title="bbox 2149 2393 3729 2466">
     <span class='ocr_line' id='line_1_52' title="bbox 2149 2393 3729 2466; baseline 0.006 -20"><span class='ocrx_word' id='word_1_430' title='bbox 2149 2407 2208 2446; x_wconf 90' lang='lat' dir='ltr'><strong>se</strong></span> <span class='ocrx_word' id='word_1_431' title='bbox 2239 2393 2414 2456; x_wconf 82' lang='lat' dir='ltr'><strong>dixit,</strong></span> <span class='ocrx_word' id='word_1_432' title='bbox 2448 2403 2504 2445; x_wconf 87' lang='lat' dir='ltr'><strong>et</strong></span> <span class='ocrx_word' id='word_1_433' title='bbox 2527 2395 2605 2447; x_wconf 86' lang='lat' dir='ltr'><strong>sic</strong></span> <span class='ocrx_word' id='word_1_434' title='bbox 2633 2409 2860 2450; x_wconf 90' lang='lat' dir='ltr'><strong>currere</strong></span> <span class='ocrx_word' id='word_1_435' title='bbox 2893 2406 2952 2449; x_wconf 91' lang='lat' dir='ltr'><strong>ut</strong></span> <span class='ocrx_word' id='word_1_436' title='bbox 2987 2400 3416 2466; x_wconf 88' lang='lat' dir='ltr'><strong>comprehendat</strong></span> <span class='ocrx_word' id='word_1_437' title='bbox 3440 2400 3516 2464; x_wconf 76' lang='lat'><strong>“,</strong></span> <span class='ocrx_word' id='word_1_438' title='bbox 3562 2402 3614 2456; x_wconf 91' lang='lat' dir='ltr'><strong>id</strong></span> <span class='ocrx_word' id='word_1_439' title='bbox 3642 2412 3729 2456; x_wconf 90' lang='lat' dir='ltr'><strong>est</strong></span> 
     </span>
    </p>
   </div>
   <div class='ocr_carea' id='block_1_53' title="bbox 2150 2484 3724 2559">
    <p class='ocr_par' dir='ltr' id='par_1_53' title="bbox 2150 2484 3724 2559">
     <span class='ocr_line' id='line_1_53' title="bbox 2150 2484 3724 2559; baseline 0.01 -26"><span class='ocrx_word' id='word_1_440' title='bbox 2150 2484 2308 2552; x_wconf 87' lang='lat' dir='ltr'><strong>vigor</strong></span> <span class='ocrx_word' id='word_1_441' title='bbox 2339 2484 2534 2538; x_wconf 71' lang='lat' dir='ltr'><strong>anima:</strong></span> <span class='ocrx_word' id='word_1_442' title='bbox 2561 2500 2668 2552; x_wconf 91' lang='lat' dir='ltr'><strong>quo</strong></span> <span class='ocrx_word' id='word_1_443' title='bbox 2698 2486 2938 2540; x_wconf 90' lang='lat' dir='ltr'><strong>tenditur</strong></span> <span class='ocrx_word' id='word_1_444' title='bbox 2976 2498 3028 2543; x_wconf 92' lang='lat' dir='ltr'><strong>et</strong></span> <span class='ocrx_word' id='word_1_445' title='bbox 3058 2500 3378 2559; x_wconf 87' lang='lat' dir='ltr'><strong>properatur</strong></span> <span class='ocrx_word' id='word_1_446' title='bbox 3408 2493 3474 2545; x_wconf 89' lang='lat' dir='ltr'><strong>ad</strong></span> <span class='ocrx_word' id='word_1_447' title='bbox 3501 2492 3724 2550; x_wconf 76' lang='lat' dir='ltr'><strong>ctelum.</strong></span> 
     </span>
    </p>
   </div>
   <div class='ocr_carea' id='block_1_54' title="bbox 2148 2574 3727 2653">
    <p class='ocr_par' dir='ltr' id='par_1_54' title="bbox 2148 2574 3727 2653">
     <span class='ocr_line' id='line_1_54' title="bbox 2148 2574 3727 2653; baseline 0.006 -25"><span class='ocrx_word' id='word_1_448' title='bbox 2148 2574 2408 2629; x_wconf 80' lang='lat' dir='ltr'><strong>Gratilice</strong></span> <span class='ocrx_word' id='word_1_449' title='bbox 2435 2587 2617 2629; x_wconf 88' lang='lat' dir='ltr'><strong>autem</strong></span> <span class='ocrx_word' id='word_1_450' title='bbox 2646 2578 2970 2643; x_wconf 72' lang='lat' dir='ltr'><strong>pedes~istos</strong></span> <span class='ocrx_word' id='word_1_451' title='bbox 2995 2594 3114 2634; x_wconf 91' lang='lat' dir='ltr'><strong>esse</strong></span> <span class='ocrx_word' id='word_1_452' title='bbox 3146 2581 3391 2635; x_wconf 84' lang='lat' dir='ltr'><strong>firmabis</strong></span> <span class='ocrx_word' id='word_1_453' title='bbox 3418 2582 3553 2653; x_wconf 88' lang='grc'>(56),</span> <span class='ocrx_word' id='word_1_454' title='bbox 3586 2598 3727 2653; x_wconf 90' lang='lat' dir='ltr'><strong>quos</strong></span> 
     </span>
    </p>
   </div>
   <div class='ocr_carea' id='block_1_55' title="bbox 2146 2666 3727 2742">
    <p class='ocr_par' dir='ltr' id='par_1_55' title="bbox 2146 2666 3727 2742">
     <span class='ocr_line' id='line_1_55' title="bbox 2146 2666 3727 2742; baseline 0.008 -21"><span class='ocrx_word' id='word_1_455' title='bbox 2146 2666 2305 2722; x_wconf 82' lang='lat' dir='ltr'><strong>Jesus</strong></span> <span class='ocrx_word' id='word_1_456' title='bbox 2330 2667 2614 2736; x_wconf 89' lang='lat' dir='ltr'><strong>discipulis</strong></span> <span class='ocrx_word' id='word_1_457' title='bbox 2644 2666 2809 2733; x_wconf 89' lang='lat' dir='ltr'><strong>lavat,</strong></span> <span class='ocrx_word' id='word_1_458' title='bbox 2859 2681 2915 2724; x_wconf 90' lang='lat' dir='ltr'><strong>et</strong></span> <span class='ocrx_word' id='word_1_459' title='bbox 2941 2670 3106 2726; x_wconf 88' lang='lat' dir='ltr'><strong>linteo</strong></span> <span class='ocrx_word' id='word_1_460' title='bbox 3129 2687 3240 2741; x_wconf 91' lang='lat' dir='ltr'><strong>quo</strong></span> <span class='ocrx_word' id='word_1_461' title='bbox 3282 2676 3612 2742; x_wconf 71' lang='lat' dir='ltr'><strong>praecinctus</strong></span> <span class='ocrx_word' id='word_1_462' title='bbox 3643 2690 3727 2733; x_wconf 92' lang='lat' dir='ltr'><strong>est</strong></span> 
     </span>
    </p>
   </div>
   <div class='ocr_carea' id='block_1_56' title="bbox 2149 2758 3726 2835">
    <p class='ocr_par' dir='ltr' id='par_1_56' title="bbox 2149 2758 3726 2835">
     <span class='ocr_line' id='line_1_56' title="bbox 2149 2758 3726 2835; baseline 0.008 -25"><span class='ocrx_word' id='word_1_463' title='bbox 2149 2759 2314 2829; x_wconf 79' lang='lat' dir='ltr'><strong>tergit</strong></span> <span class='ocrx_word' id='word_1_464' title='bbox 2340 2758 2518 2813; x_wconf 85' lang='grc' dir='ltr'><strong>⁸⁵..Ει</strong></span> <span class='ocrx_word' id='word_1_465' title='bbox 2559 2760 2808 2827; x_wconf 89' lang='lat' dir='ltr'><strong>quamvis</strong></span> <span class='ocrx_word' id='word_1_466' title='bbox 2852 2762 3119 2831; x_wconf 89' lang='lat' dir='ltr'><strong>corporali</strong></span> <span class='ocrx_word' id='word_1_467' title='bbox 3174 2775 3301 2819; x_wconf 90' lang='lat' dir='ltr'><strong>tunc</strong></span> <span class='ocrx_word' id='word_1_468' title='bbox 3345 2768 3528 2835; x_wconf 88' lang='lat' dir='ltr'><strong>specie</strong></span> <span class='ocrx_word' id='word_1_469' title='bbox 3564 2769 3726 2823; x_wconf 88' lang='lat' dir='ltr'><strong>fuerit</strong></span> 
     </span>
    </p>
   </div>
   <div class='ocr_carea' id='block_1_57' title="bbox 2148 2852 3722 2928">
    <p class='ocr_par' dir='ltr' id='par_1_57' title="bbox 2148 2852 3722 2928">
     <span class='ocr_line' id='line_1_57' title="bbox 2148 2852 3722 2928; baseline 0.006 -23"><span class='ocrx_word' id='word_1_470' title='bbox 2148 2852 2426 2923; x_wconf 86' lang='lat' dir='ltr'><strong>impletum</strong></span> <span class='ocrx_word' id='word_1_471' title='bbox 2453 2893 2469 2917; x_wconf 96' lang='lat'><strong>,</strong></span> <span class='ocrx_word' id='word_1_472' title='bbox 2500 2863 2677 2907; x_wconf 89' lang='lat' dir='ltr'><strong>tamen</strong></span> <span class='ocrx_word' id='word_1_473' title='bbox 2706 2854 2874 2925; x_wconf 75' lang='lat'><strong>626</strong></span> <span class='ocrx_word' id='word_1_474' title='bbox 2898 2853 3060 2908; x_wconf 88' lang='lat' dir='ltr'><strong>Petro</strong></span> <span class='ocrx_word' id='word_1_475' title='bbox 3092 2856 3192 2909; x_wconf 91' lang='lat' dir='ltr'><strong>hoc</strong></span> <span class='ocrx_word' id='word_1_476' title='bbox 3217 2857 3389 2911; x_wconf 88' lang='lat' dir='ltr'><strong>solum</strong></span> <span class='ocrx_word' id='word_1_477' title='bbox 3421 2862 3566 2928; x_wconf 85' lang='lat' dir='ltr'><strong>quod</strong></span> <span class='ocrx_word' id='word_1_478' title='bbox 3607 2861 3722 2916; x_wconf 82' lang='lat' dir='ltr'><strong>fieri</strong></span> 
     </span>
    </p>
   </div>
   <div class='ocr_carea' id='block_1_58' title="bbox 2146 2945 3722 3016">
    <p class='ocr_par' dir='ltr' id='par_1_58' title="bbox 2146 2945 3722 3016">
     <span class='ocr_line' id='line_1_58' title="bbox 2146 2945 3722 3016; baseline 0.008 -20"><span class='ocrx_word' id='word_1_479' title='bbox 2146 2945 2363 3000; x_wconf 88' lang='lat' dir='ltr'><strong>videbat</strong></span> <span class='ocrx_word' id='word_1_480' title='bbox 2411 2945 2721 3014; x_wconf 71' lang='lat' dir='ltr'><strong>intelligenti</strong></span> <span class='ocrx_word' id='word_1_481' title='bbox 2762 2946 2896 3016; x_wconf 87' lang='grc'>(57),</span> <span class='ocrx_word' id='word_1_482' title='bbox 2934 2956 2988 3000; x_wconf 88' lang='lat' dir='ltr'><strong>et</strong></span> <span class='ocrx_word' id='word_1_483' title='bbox 3024 2948 3178 3016; x_wconf 90' lang='lat' dir='ltr'><strong>quasi</strong></span> <span class='ocrx_word' id='word_1_484' title='bbox 3209 2948 3432 3005; x_wconf 89' lang='lat' dir='ltr'><strong>honoris</strong></span> <span class='ocrx_word' id='word_1_485' title='bbox 3459 2967 3621 3008; x_wconf 79' lang='lat' dir='ltr'><strong>causa</strong></span> <span class='ocrx_word' id='word_1_486' title='bbox 3656 2971 3722 3009; x_wconf 86' lang='lat' dir='ltr'><strong>ne</strong></span> 
     </span>
    </p>
   </div>
   <div class='ocr_carea' id='block_1_59' title="bbox 2146 3039 3721 3111">
    <p class='ocr_par' dir='ltr' id='par_1_59' title="bbox 2146 3039 3721 3111">
     <span class='ocr_line' id='line_1_59' title="bbox 2146 3039 3721 3111; baseline 0.007 -19"><span class='ocrx_word' id='word_1_487' title='bbox 2146 3039 2247 3092; x_wconf 88' lang='lat' dir='ltr'><strong>sibi</strong></span> <span class='ocrx_word' id='word_1_488' title='bbox 2279 3054 2443 3093; x_wconf 89' lang='lat' dir='ltr'><strong>servo</strong></span> <span class='ocrx_word' id='word_1_489' title='bbox 2467 3041 2637 3107; x_wconf 87' lang='lat' dir='ltr'><strong>pedes</strong></span> <span class='ocrx_word' id='word_1_490' title='bbox 2680 3039 2889 3093; x_wconf 88' lang='lat' dir='ltr'><strong>lavaret</strong></span> <span class='ocrx_word' id='word_1_491' title='bbox 2933 3039 3191 3095; x_wconf 89' lang='lat' dir='ltr'><strong>Dominus</strong></span> <span class='ocrx_word' id='word_1_492' title='bbox 3217 3048 3542 3111; x_wconf 83' lang='lat' dir='ltr'><strong>excusanti,</strong></span> <span class='ocrx_word' id='word_1_493' title='bbox 3594 3050 3721 3103; x_wconf 90' lang='lat' dir='ltr'><strong>audi</strong></span> 
     </span>
    </p>
   </div>
   <div class='ocr_carea' id='block_1_60' title="bbox 467 3131 3717 3225">
    <p class='ocr_par' dir='ltr' id='par_1_60' title="bbox 467 3131 3717 3225">
     <span class='ocr_line' id='line_1_60' title="bbox 467 3131 3717 3225; baseline 0 -31"><span class='ocrx_word' id='word_1_494' title='bbox 467 3141 591 3196; x_wconf 79' lang='lat' dir='ltr'><strong>tur?</strong></span> <span class='ocrx_word' id='word_1_495' title='bbox 624 3160 643 3192; x_wconf 73' lang='grc' dir='ltr'><strong>ι</strong></span> <span class='ocrx_word' id='word_1_496' title='bbox 681 3137 975 3193; x_wconf 73' lang='lat' dir='ltr'><strong>Difﬁcultas</strong></span> <span class='ocrx_word' id='word_1_497' title='bbox 1008 3136 1136 3190; x_wconf 82' lang='lat' dir='ltr'><strong>inihi</strong></span> <span class='ocrx_word' id='word_1_498' title='bbox 1182 3138 1429 3202; x_wconf 61' lang='lat' dir='ltr'><strong>quaedam</strong></span> <span class='ocrx_word' id='word_1_499' title='bbox 1467 3137 1518 3191; x_wconf 92' lang='lat' dir='ltr'><strong>in</strong></span> <span class='ocrx_word' id='word_1_500' title='bbox 1552 3139 1654 3191; x_wconf 90' lang='lat' dir='ltr'><strong>hoc</strong></span> <span class='ocrx_word' id='word_1_501' title='bbox 1680 3152 1932 3194; x_wconf 88' lang='lat' dir='ltr'><strong>sermone</strong></span> <span class='ocrx_word' id='word_1_502' title='bbox 1962 3140 2041 3193; x_wconf 87' lang='lat' dir='ltr'><strong>vi-</strong></span> <span class='ocrx_word' id='word_1_503' title='bbox 2070 3168 2111 3225; x_wconf 65' lang='grc' dir='ltr'>ο</span> <span class='ocrx_word' id='word_1_504' title='bbox 2145 3146 2309 3201; x_wconf 88' lang='lat' dir='ltr'><strong>quam</strong></span> <span class='ocrx_word' id='word_1_505' title='bbox 2344 3131 2594 3199; x_wconf 82' lang='lat' dir='ltr'><strong>profundi</strong></span> <span class='ocrx_word' id='word_1_506' title='bbox 2627 3132 2867 3202; x_wconf 88' lang='lat' dir='ltr'><strong>mysterii</strong></span> <span class='ocrx_word' id='word_1_507' title='bbox 2918 3134 3165 3201; x_wconf 88' lang='lat' dir='ltr'><strong>proditur</strong></span> <span class='ocrx_word' id='word_1_508' title='bbox 3198 3150 3398 3190; x_wconf 87' lang='lat' dir='ltr'><strong>sermo.</strong></span> <span class='ocrx_word' id='word_1_509' title='bbox 3443 3156 3463 3189; x_wconf 79' lang='grc' dir='ltr'><strong>ι</strong></span> <span class='ocrx_word' id='word_1_510' title='bbox 3504 3139 3561 3192; x_wconf 94' lang='lat' dir='ltr'><strong>Si</strong></span> <span class='ocrx_word' id='word_1_511' title='bbox 3589 3148 3661 3203; x_wconf 92' lang='lat' dir='ltr'><strong>te,</strong></span> <span class='ocrx_word' id='word_1_512' title='bbox 3699 3162 3717 3193; x_wconf 73' lang='grc' dir='ltr'><strong>ι</strong></span> 
     </span>
    </p>
   </div>
   <div class='ocr_carea' id='block_1_61' title="bbox 462 3227 2036 3301">
    <p class='ocr_par' dir='ltr' id='par_1_61' title="bbox 462 3227 2036 3301">
     <span class='ocr_line' id='line_1_61' title="bbox 462 3227 2036 3301; baseline -0.001 -14"><span class='ocrx_word' id='word_1_513' title='bbox 462 3239 621 3288; x_wconf 90' lang='lat' dir='ltr'><strong>detur</strong></span> <span class='ocrx_word' id='word_1_514' title='bbox 669 3246 987 3301; x_wconf 78' lang='lat' dir='ltr'><strong>exsurgere.</strong></span> <span class='ocrx_word' id='word_1_515' title='bbox 1055 3227 1112 3281; x_wconf 91' lang='lat' dir='ltr'><strong>Si</strong></span> <span class='ocrx_word' id='word_1_516' title='bbox 1157 3229 1301 3283; x_wconf 85' lang='lat' dir='ltr'><strong>enim</strong></span> <span class='ocrx_word' id='word_1_517' title='bbox 1352 3228 1424 3282; x_wconf 88' lang='lat' dir='ltr'><strong>ita</strong></span> <span class='ocrx_word' id='word_1_518' title='bbox 1475 3230 1839 3300; x_wconf 87' lang='lat' dir='ltr'><strong>intelligamus</strong></span> <span class='ocrx_word' id='word_1_519' title='bbox 1891 3234 2036 3300; x_wconf 86' lang='lat' dir='ltr'><strong>quod</strong></span> 
     </span>
    </p>
   </div>
   <div class='ocr_carea' id='block_1_62' title="bbox 461 3322 2035 3396">
    <p class='ocr_par' dir='ltr' id='par_1_62' title="bbox 461 3322 2035 3396">
     <span class='ocr_line' id='line_1_62' title="bbox 461 3322 2035 3396; baseline 0 -18"><span class='ocrx_word' id='word_1_520' title='bbox 461 3334 746 3395; x_wconf 79' lang='lat' dir='ltr'><strong>prapterea</strong></span> <span class='ocrx_word' id='word_1_521' title='bbox 779 3339 883 3377; x_wconf 87' lang='lat' dir='ltr'><strong>non</strong></span> <span class='ocrx_word' id='word_1_522' title='bbox 917 3322 1230 3393; x_wconf 68' lang='lat' dir='ltr'><strong>praedicent,</strong></span> <span class='ocrx_word' id='word_1_523' title='bbox 1276 3323 1402 3393; x_wconf 86' lang='lat' dir='ltr'><strong>quia</strong></span> <span class='ocrx_word' id='word_1_524' title='bbox 1438 3337 1542 3376; x_wconf 92' lang='lat' dir='ltr'><strong>non</strong></span> <span class='ocrx_word' id='word_1_525' title='bbox 1568 3323 1856 3378; x_wconf 88' lang='lat' dir='ltr'><strong>mittuntur</strong></span> <span class='ocrx_word' id='word_1_526' title='bbox 1885 3323 2035 3396; x_wconf 76' lang='lat'><strong>(29);</strong></span> 
     </span>
    </p>
   </div>
   <div class='ocr_carea' id='block_1_63' title="bbox 465 3413 2036 3483">
    <p class='ocr_par' dir='ltr' id='par_1_63' title="bbox 465 3413 2036 3483">
     <span class='ocr_line' id='line_1_63' title="bbox 465 3413 2036 3483; baseline -0.001 -13"><span class='ocrx_word' id='word_1_527' title='bbox 465 3417 609 3471; x_wconf 89' lang='lat' dir='ltr'><strong>nullo</strong></span> <span class='ocrx_word' id='word_1_528' title='bbox 636 3427 815 3470; x_wconf 88' lang='lat' dir='ltr'><strong>autem</strong></span> <span class='ocrx_word' id='word_1_529' title='bbox 844 3415 1176 3483; x_wconf 63' lang='lat' dir='ltr'><strong>praedicante</strong></span> <span class='ocrx_word' id='word_1_530' title='bbox 1224 3428 1332 3468; x_wconf 90' lang='lat' dir='ltr'><strong>non</strong></span> <span class='ocrx_word' id='word_1_531' title='bbox 1386 3413 1637 3477; x_wconf 88' lang='lat' dir='ltr'><strong>audient;</strong></span> <span class='ocrx_word' id='word_1_532' title='bbox 1670 3429 1776 3468; x_wconf 87' lang='lat' dir='ltr'><strong>non</strong></span> <span class='ocrx_word' id='word_1_533' title='bbox 1810 3416 2036 3471; x_wconf 87' lang='lat' dir='ltr'><strong>audien-</strong></span> 
     </span>
    </p>
   </div>
   <div class='ocr_carea' id='block_1_64' title="bbox 463 3503 2036 3576">
    <p class='ocr_par' dir='ltr' id='par_1_64' title="bbox 463 3503 2036 3576">
     <span class='ocr_line' id='line_1_64' title="bbox 463 3503 2036 3576; baseline 0.001 -16"><span class='ocrx_word' id='word_1_534' title='bbox 463 3517 544 3563; x_wconf 90' lang='lat' dir='ltr'><strong>tes</strong></span> <span class='ocrx_word' id='word_1_535' title='bbox 588 3521 720 3561; x_wconf 86' lang='lat' dir='ltr'><strong>vero</strong></span> <span class='ocrx_word' id='word_1_536' title='bbox 766 3521 872 3559; x_wconf 92' lang='lat' dir='ltr'><strong>non</strong></span> <span class='ocrx_word' id='word_1_537' title='bbox 918 3506 1144 3561; x_wconf 90' lang='lat' dir='ltr'><strong>credent</strong></span> <span class='ocrx_word' id='word_1_538' title='bbox 1188 3503 1331 3576; x_wconf 78' lang='lat'><strong>(30);</strong></span> <span class='ocrx_word' id='word_1_539' title='bbox 1386 3520 1490 3559; x_wconf 90' lang='lat' dir='ltr'><strong>non</strong></span> <span class='ocrx_word' id='word_1_540' title='bbox 1526 3504 1810 3561; x_wconf 89' lang='lat' dir='ltr'><strong>credentes</strong></span> <span class='ocrx_word' id='word_1_541' title='bbox 1858 3517 2036 3562; x_wconf 80' lang='lat' dir='ltr'><strong>autem</strong></span> 
     </span>
    </p>
   </div>
   <div class='ocr_carea' id='block_1_65' title="bbox 461 3597 2035 3662">
    <p class='ocr_par' dir='ltr' id='par_1_65' title="bbox 461 3597 2035 3662">
     <span class='ocr_line' id='line_1_65' title="bbox 461 3597 2035 3662; baseline -0.002 -7"><span class='ocrx_word' id='word_1_542' title='bbox 461 3615 568 3655; x_wconf 86' lang='lat' dir='ltr'><strong>non</strong></span> <span class='ocrx_word' id='word_1_543' title='bbox 600 3599 961 3662; x_wconf 86' lang='lat' dir='ltr'><strong>invocahunt;</strong></span> <span class='ocrx_word' id='word_1_544' title='bbox 995 3613 1101 3651; x_wconf 91' lang='lat' dir='ltr'><strong>non</strong></span> <span class='ocrx_word' id='word_1_545' title='bbox 1134 3597 1448 3651; x_wconf 83' lang='lat' dir='ltr'><strong>invocantes</strong></span> <span class='ocrx_word' id='word_1_546' title='bbox 1492 3613 1598 3652; x_wconf 93' lang='lat' dir='ltr'><strong>non</strong></span> <span class='ocrx_word' id='word_1_547' title='bbox 1631 3598 1990 3653; x_wconf 85' lang='lat' dir='ltr'><strong>salvabuntur</strong></span> <span class='ocrx_word' id='word_1_548' title='bbox 2023 3617 2035 3651; x_wconf 95' lang='lat'>:</span> 
     </span>
    </p>
   </div>
   <div class='ocr_carea' id='block_1_66' title="bbox 461 3686 2034 3758">
    <p class='ocr_par' dir='ltr' id='par_1_66' title="bbox 461 3686 2034 3758">
     <span class='ocr_line' id='line_1_66' title="bbox 461 3686 2034 3758; baseline 0.001 -17"><span class='ocrx_word' id='word_1_549' title='bbox 461 3688 731 3758; x_wconf 83' lang='lat' dir='ltr'><strong>colligitur</strong></span> <span class='ocrx_word' id='word_1_550' title='bbox 752 3701 818 3739; x_wconf 81' lang='lat' dir='ltr'><strong>ex</strong></span> <span class='ocrx_word' id='word_1_551' title='bbox 850 3686 958 3751; x_wconf 88' lang='lat' dir='ltr'><strong>his,</strong></span> <span class='ocrx_word' id='word_1_552' title='bbox 991 3696 1051 3740; x_wconf 94' lang='lat' dir='ltr'><strong>ut</strong></span> <span class='ocrx_word' id='word_1_553' title='bbox 1083 3699 1246 3739; x_wconf 86' lang='lat' dir='ltr'><strong>causa</strong></span> <span class='ocrx_word' id='word_1_554' title='bbox 1276 3700 1381 3754; x_wconf 91' lang='lat' dir='ltr'><strong>qua</strong></span> <span class='ocrx_word' id='word_1_555' title='bbox 1419 3702 1525 3741; x_wconf 90' lang='lat' dir='ltr'><strong>non</strong></span> <span class='ocrx_word' id='word_1_556' title='bbox 1559 3698 1686 3741; x_wconf 92' lang='lat' dir='ltr'><strong>sunt</strong></span> <span class='ocrx_word' id='word_1_557' title='bbox 1718 3687 1935 3753; x_wconf 85' lang='lat' dir='ltr'><strong>salvati,</strong></span> <span class='ocrx_word' id='word_1_558' title='bbox 1966 3688 2034 3742; x_wconf 90' lang='lat' dir='ltr'><strong>ad</strong></span> 
     </span>
    </p>
   </div>
   <div class='ocr_carea' id='block_1_67' title="bbox 461 3777 2039 3851">
    <p class='ocr_par' dir='ltr' id='par_1_67' title="bbox 461 3777 2039 3851">
     <span class='ocr_line' id='line_1_67' title="bbox 461 3777 2039 3851; baseline -0.001 -17"><span class='ocrx_word' id='word_1_559' title='bbox 461 3781 654 3834; x_wconf 80' lang='lat' dir='ltr'><strong>vitium</strong></span> <span class='ocrx_word' id='word_1_560' title='bbox 680 3777 790 3851; x_wconf 89' lang='grc'>(51)</span> <span class='ocrx_word' id='word_1_561' title='bbox 826 3780 1012 3833; x_wconf 86' lang='lat' dir='ltr'><strong>redeat</strong></span> <span class='ocrx_word' id='word_1_562' title='bbox 1036 3777 1302 3841; x_wconf 84' lang='lat' dir='ltr'><strong>auctoris,</strong></span> <span class='ocrx_word' id='word_1_563' title='bbox 1337 3779 1432 3847; x_wconf 94' lang='lat' dir='ltr'><strong>qui</strong></span> <span class='ocrx_word' id='word_1_564' title='bbox 1467 3793 1571 3833; x_wconf 91' lang='lat' dir='ltr'><strong>non</strong></span> <span class='ocrx_word' id='word_1_565' title='bbox 1601 3779 1811 3832; x_wconf 80' lang='lat' dir='ltr'><strong>miserit</strong></span> <span class='ocrx_word' id='word_1_566' title='bbox 1839 3779 2039 3846; x_wconf 69' lang='lat' dir='ltr'><strong>praedi-</strong></span> 
     </span>
    </p>
   </div>
   <div class='ocr_carea' id='block_1_68' title="bbox 460 3869 2034 3939">
    <p class='ocr_par' dir='ltr' id='par_1_68' title="bbox 460 3869 2034 3939">
     <span class='ocr_line' id='line_1_68' title="bbox 460 3869 2034 3939; baseline -0.003 -13"><span class='ocrx_word' id='word_1_567' title='bbox 460 3881 668 3926; x_wconf 86' lang='lat' dir='ltr'><strong>cantes.</strong></span> <span class='ocrx_word' id='word_1_568' title='bbox 730 3870 837 3925; x_wconf 87' lang='lat' dir='ltr'><strong>Sed</strong></span> <span class='ocrx_word' id='word_1_569' title='bbox 871 3870 1042 3939; x_wconf 86' lang='lat' dir='ltr'><strong>magis</strong></span> <span class='ocrx_word' id='word_1_570' title='bbox 1085 3870 1152 3925; x_wconf 88' lang='lat' dir='ltr'><strong>ad</strong></span> <span class='ocrx_word' id='word_1_571' title='bbox 1201 3871 1350 3925; x_wconf 89' lang='lat' dir='ltr'><strong>illum</strong></span> <span class='ocrx_word' id='word_1_572' title='bbox 1384 3883 1504 3935; x_wconf 90' lang='lat' dir='ltr'><strong>nos,</strong></span> <span class='ocrx_word' id='word_1_573' title='bbox 1553 3869 1644 3938; x_wconf 91' lang='lat' dir='ltr'><strong>qui</strong></span> <span class='ocrx_word' id='word_1_574' title='bbox 1700 3870 1899 3922; x_wconf 87' lang='lat' dir='ltr'><strong>rectior</strong></span> <span class='ocrx_word' id='word_1_575' title='bbox 1929 3880 2034 3934; x_wconf 83' lang='lat' dir='ltr'><strong>est,</strong></span> 
     </span>
    </p>
   </div>
   <div class='ocr_carea' id='block_1_69' title="bbox 461 3958 2032 4033">
    <p class='ocr_par' dir='ltr' id='par_1_69' title="bbox 461 3958 2032 4033">
     <span class='ocr_line' id='line_1_69' title="bbox 461 3958 2032 4033; baseline -0.004 -15"><span class='ocrx_word' id='word_1_576' title='bbox 461 3963 829 4033; x_wconf 74' lang='lat' dir='ltr'><strong>intelligentia:</strong></span> <span class='ocrx_word' id='word_1_577' title='bbox 858 3962 1130 4016; x_wconf 86' lang='lat' dir='ltr'><strong>tramitem</strong></span> <span class='ocrx_word' id='word_1_578' title='bbox 1182 3960 1534 4016; x_wconf 84' lang='lat' dir='ltr'><strong>deﬂectamus</strong></span> <span class='ocrx_word' id='word_1_579' title='bbox 1569 3979 1582 4012; x_wconf 94' lang='lat'>:</span> <span class='ocrx_word' id='word_1_580' title='bbox 1620 3969 1674 4013; x_wconf 92' lang='lat' dir='ltr'><strong>et</strong></span> <span class='ocrx_word' id='word_1_581' title='bbox 1700 3958 1841 4029; x_wconf 90' lang='lat' dir='ltr'><strong>quod</strong></span> <span class='ocrx_word' id='word_1_582' title='bbox 1875 3959 2032 4024; x_wconf 82' lang='lat' dir='ltr'><strong>dixit,</strong></span> 
     </span>
    </p>
   </div>
   <div class='ocr_carea' id='block_1_70' title="bbox 465 4050 2034 4125">
    <p class='ocr_par' dir='ltr' id='par_1_70' title="bbox 465 4050 2034 4125">
     <span class='ocr_line' id='line_1_70' title="bbox 465 4050 2034 4125; baseline -0.003 -18"><span class='ocrx_word' id='word_1_583' title='bbox 465 4075 482 4107; x_wconf 86' lang='lat' dir='ltr'><strong>t</strong></span> <span class='ocrx_word' id='word_1_584' title='bbox 518 4054 796 4123; x_wconf 88' lang='lat' dir='ltr'><strong>Quomodo</strong></span> <span class='ocrx_word' id='word_1_585' title='bbox 829 4053 1217 4125; x_wconf 69' lang='lat' dir='ltr'><strong>praedicabunt,</strong></span> <span class='ocrx_word' id='word_1_586' title='bbox 1247 4053 1350 4105; x_wconf 84' lang='lat' dir='ltr'><strong>nisi</strong></span> <span class='ocrx_word' id='word_1_587' title='bbox 1378 4051 1681 4116; x_wconf 90' lang='lat' dir='ltr'><strong>mittantur,</strong></span> <span class='ocrx_word' id='word_1_588' title='bbox 1721 4069 1739 4102; x_wconf 78' lang='grc' dir='ltr'><strong>ι</strong></span> <span class='ocrx_word' id='word_1_589' title='bbox 1781 4052 1859 4104; x_wconf 91' lang='lat' dir='ltr'><strong>sic</strong></span> <span class='ocrx_word' id='word_1_590' title='bbox 1889 4050 2034 4103; x_wconf 80' lang='lat' dir='ltr'><strong>act-i-</strong></span> 
     </span>
    </p>
   </div>
   <div class='ocr_carea' id='block_1_71' title="bbox 531 4192 1029 4257">
    <p class='ocr_par' dir='ltr' id='par_1_71' title="bbox 531 4192 1029 4257">
     <span class='ocr_line' id='line_1_71' title="bbox 531 4192 1029 4257; baseline -0.002 -9"><span class='ocrx_word' id='word_1_591' title='bbox 531 4194 575 4225; x_wconf 77' lang='lat'><strong>’°</strong></span> <span class='ocrx_word' id='word_1_592' title='bbox 605 4192 763 4248; x_wconf 86' lang='lat' dir='ltr'><strong>Rom.</strong></span> <span class='ocrx_word' id='word_1_593' title='bbox 789 4207 911 4257; x_wconf 86' lang='lat' dir='ltr'><strong>vm,</strong></span> <span class='ocrx_word' id='word_1_594' title='bbox 941 4192 1029 4247; x_wconf 82' lang='grc'><strong>15.</strong></span> 
     </span>
    </p>
   </div>
   <div class='ocr_carea' id='block_1_72' title="bbox 460 4263 1038 4329">
    <p class='ocr_par' dir='ltr' id='par_1_72' title="bbox 460 4263 1038 4329">
     <span class='ocr_line' id='line_1_72' title="bbox 460 4263 1038 4329; baseline -0.003 -10"><span class='ocrx_word' id='word_1_595' title='bbox 460 4265 504 4297; x_wconf 74' lang='grc'>³⁸</span> <span class='ocrx_word' id='word_1_596' title='bbox 528 4267 549 4319; x_wconf 90' lang='lat' dir='ltr'><strong>l</strong></span> <span class='ocrx_word' id='word_1_597' title='bbox 573 4264 696 4321; x_wconf 88' lang='lat' dir='ltr'><strong>Cor.</strong></span> <span class='ocrx_word' id='word_1_598' title='bbox 728 4278 801 4323; x_wconf 71' lang='lat' dir='ltr'><strong>is,</strong></span> <span class='ocrx_word' id='word_1_599' title='bbox 828 4263 920 4329; x_wconf 76' lang='grc'><strong>24,</strong></span> <span class='ocrx_word' id='word_1_600' title='bbox 947 4263 1038 4317; x_wconf 85' lang='grc'><strong>26.</strong></span> 
     </span>
    </p>
   </div>
   <div class='ocr_carea' id='block_1_73' title="bbox 530 4377 1703 4465">
    <p class='ocr_par' dir='ltr' id='par_1_73' title="bbox 530 4377 1703 4465">
     <span class='ocr_line' id='line_1_73' title="bbox 530 4377 1703 4465; baseline -0.006 -28"><span class='ocrx_word' id='word_1_601' title='bbox 530 4383 646 4465; x_wconf 83' lang='grc'>(25)</span> <span class='ocrx_word' id='word_1_602' title='bbox 688 4383 827 4465; x_wconf 31' lang='lat' dir='ltr'><strong>Mssa</strong></span> <span class='ocrx_word' id='word_1_603' title='bbox 867 4381 1089 4465; x_wconf 80' lang='lat' dir='ltr'><strong>quidam</strong></span> <span class='ocrx_word' id='word_1_604' title='bbox 1119 4423 1134 4445; x_wconf 93' lang='lat'><strong>,</strong></span> <span class='ocrx_word' id='word_1_605' title='bbox 1184 4400 1217 4465; x_wconf 46' lang='lat' dir='ltr'><strong>ft‘</strong></span> <span class='ocrx_word' id='word_1_606' title='bbox 1251 4380 1415 4465; x_wconf 80' lang='lat' dir='ltr'><strong>Ideo,</strong></span> <span class='ocrx_word' id='word_1_607' title='bbox 1458 4377 1655 4465; x_wconf 52' lang='lat' dir='ltr'><strong>inquit</strong></span> <span class='ocrx_word' id='word_1_608' title='bbox 1688 4394 1703 4465; x_wconf 59' lang='grc' dir='ltr'><strong><em>ς</em></strong></span> 
     </span>
    </p>
   </div>
   <div class='ocr_carea' id='block_1_74' title="bbox 462 4444 2029 4520">
    <p class='ocr_par' dir='ltr' id='par_1_74' title="bbox 462 4444 2029 4520">
     <span class='ocr_line' id='line_1_74' title="bbox 462 4444 2029 4520; baseline -0.006 -12"><span class='ocrx_word' id='word_1_609' title='bbox 462 4468 593 4520; x_wconf 83' lang='lat' dir='ltr'><strong>ergo</strong></span> <span class='ocrx_word' id='word_1_610' title='bbox 622 4444 1001 4514; x_wconf 57' lang='lat' dir='ltr'><strong>invocabu&#39;nt,»</strong></span> <span class='ocrx_word' id='word_1_611' title='bbox 1037 4444 1145 4506; x_wconf 83' lang='lat' dir='ltr'><strong>etc.</strong></span> <span class='ocrx_word' id='word_1_612' title='bbox 1184 4449 1290 4505; x_wconf 91' lang='lat' dir='ltr'><strong>Sed</strong></span> <span class='ocrx_word' id='word_1_613' title='bbox 1314 4448 1415 4503; x_wconf 84' lang='lat' dir='ltr'><strong>ms.</strong></span> <span class='ocrx_word' id='word_1_614' title='bbox 1458 4444 1659 4519; x_wconf 81' lang='lat' dir='ltr'><strong>Regius</strong></span> <span class='ocrx_word' id='word_1_615' title='bbox 1686 4462 1835 4501; x_wconf 88' lang='lat' dir='ltr'><strong>num.</strong></span> <span class='ocrx_word' id='word_1_616' title='bbox 1870 4444 2029 4513; x_wconf 86' lang='grc'><strong>1659,</strong></span> 
     </span>
    </p>
   </div>
   <div class='ocr_carea' id='block_1_75' title="bbox 406 4520 1535 4578">
    <p class='ocr_par' dir='ltr' id='par_1_75' title="bbox 406 4520 1535 4578">
     <span class='ocr_line' id='line_1_75' title="bbox 406 4520 1535 4578; baseline -0.005 0"><span class='ocrx_word' id='word_1_617' title='bbox 406 4550 411 4555; x_wconf 56' lang='grc'><strong>’</strong></span> <span class='ocrx_word' id='word_1_618' title='bbox 462 4524 721 4578; x_wconf 74' lang='lat' dir='ltr'><strong>Rabanus</strong></span> <span class='ocrx_word' id='word_1_619' title='bbox 748 4533 803 4576; x_wconf 92' lang='lat' dir='ltr'><strong>et</strong></span> <span class='ocrx_word' id='word_1_620' title='bbox 832 4520 961 4575; x_wconf 91' lang='lat' dir='ltr'><strong>editi</strong></span> <span class='ocrx_word' id='word_1_621' title='bbox 988 4529 1047 4574; x_wconf 92' lang='lat' dir='ltr'><strong>ut</strong></span> <span class='ocrx_word' id='word_1_622' title='bbox 1074 4521 1125 4573; x_wconf 91' lang='lat' dir='ltr'><strong>in</strong></span> <span class='ocrx_word' id='word_1_623' title='bbox 1153 4529 1340 4574; x_wconf 91' lang='lat' dir='ltr'><strong>nostro</strong></span> <span class='ocrx_word' id='word_1_624' title='bbox 1367 4527 1535 4573; x_wconf 79' lang='lat' dir='ltr'><strong>textu.</strong></span> 
     </span>
    </p>
   </div>
   <div class='ocr_carea' id='block_1_76' title="bbox 532 4588 1372 4663">
    <p class='ocr_par' dir='ltr' id='par_1_76' title="bbox 532 4588 1372 4663">
     <span class='ocr_line' id='line_1_76' title="bbox 532 4588 1372 4663; baseline -0.004 -18"><span class='ocrx_word' id='word_1_625' title='bbox 532 4592 642 4663; x_wconf 80' lang='grc'>(26)</span> <span class='ocrx_word' id='word_1_626' title='bbox 682 4591 889 4663; x_wconf 61' lang='lat' dir='ltr'><strong>inquit.</strong></span> <span class='ocrx_word' id='word_1_627' title='bbox 926 4591 1082 4663; x_wconf 84' lang='lat' dir='ltr'><strong>Deest</strong></span> <span class='ocrx_word' id='word_1_628' title='bbox 1114 4588 1168 4645; x_wconf 89' lang='lat' dir='ltr'><strong>in</strong></span> <span class='ocrx_word' id='word_1_629' title='bbox 1192 4590 1372 4663; x_wconf 83' lang='lat' dir='ltr'><strong>editis.</strong></span> 
     </span>
    </p>
   </div>
   <div class='ocr_carea' id='block_1_77' title="bbox 553 4659 1411 4727">
    <p class='ocr_par' dir='ltr' id='par_1_77' title="bbox 553 4659 1411 4727">
     <span class='ocr_line' id='line_1_77' title="bbox 553 4659 1411 4727; baseline -0.006 -12"><span class='ocrx_word' id='word_1_630' title='bbox 553 4659 645 4727; x_wconf 83' lang='grc'><strong>27)</strong></span> <span class='ocrx_word' id='word_1_631' title='bbox 690 4659 908 4727; x_wconf 65' lang='grc' dir='ltr'><strong>ΕὶιιεᾸη</strong></span> <span class='ocrx_word' id='word_1_632' title='bbox 933 4659 1096 4714; x_wconf 88' lang='lat' dir='ltr'><strong>editis</strong></span> <span class='ocrx_word' id='word_1_633' title='bbox 1121 4661 1411 4713; x_wconf 88' lang='lat' dir='ltr'><strong>omittitur.</strong></span> 
     </span>
    </p>
   </div>
   <div class='ocr_carea' id='block_1_78' title="bbox 532 4669 2032 4806">
    <p class='ocr_par' dir='ltr' id='par_1_78' title="bbox 532 4669 2032 4806">
     <span class='ocr_line' id='line_1_78' title="bbox 553 4669 1411 4734; baseline -0.006 -19"><span class='ocrx_word' id='word_1_634' title='bbox 553 4669 645 4734; x_wconf 77' lang='grc'><strong>27)</strong></span> <span class='ocrx_word' id='word_1_635' title='bbox 690 4669 908 4727; x_wconf 77' lang='lat' dir='ltr'><strong>Ejuan</strong></span> <span class='ocrx_word' id='word_1_636' title='bbox 933 4669 1096 4714; x_wconf 85' lang='lat' dir='ltr'><strong>editis</strong></span> <span class='ocrx_word' id='word_1_637' title='bbox 1121 4669 1411 4713; x_wconf 88' lang='lat' dir='ltr'><strong>omittitur.</strong></span> 
     </span>
     <span class='ocr_line' id='line_1_79' title="bbox 532 4669 2032 4806; baseline -0.005 -19"><span class='ocrx_word' id='word_1_638' title='bbox 532 4669 858 4806; x_wconf 47' lang='lat' dir='ltr'><strong>£28LEditi,</strong></span> <span class='ocrx_word' id='word_1_639' title='bbox 899 4747 919 4781; x_wconf 83' lang='lat' dir='ltr'><strong>t</strong></span> <span class='ocrx_word' id='word_1_640' title='bbox 959 4730 1016 4783; x_wconf 95' lang='lat' dir='ltr'><strong>In</strong></span> <span class='ocrx_word' id='word_1_641' title='bbox 1044 4730 1149 4806; x_wconf 81' lang='lat' dir='ltr'><strong>hoc</strong></span> <span class='ocrx_word' id='word_1_642' title='bbox 1177 4730 1353 4806; x_wconf 81' lang='lat' dir='ltr'><strong>magis</strong></span> <span class='ocrx_word' id='word_1_643' title='bbox 1394 4726 1801 4806; x_wconf 62' lang='lat' dir='ltr'><strong>praedicandum</strong></span> <span class='ocrx_word' id='word_1_644' title='bbox 1828 4740 2032 4781; x_wconf 89' lang='lat' dir='ltr'><strong>sermo-</strong></span> 
     </span>
    </p>
   </div>
   <div class='ocr_carea' id='block_1_79' title="bbox 464 4796 2032 4857">
    <p class='ocr_par' dir='ltr' id='par_1_79' title="bbox 464 4796 2032 4857">
     <span class='ocr_line' id='line_1_80' title="bbox 464 4796 2032 4857; baseline -0.004 0"><span class='ocrx_word' id='word_1_645' title='bbox 464 4796 585 4857; x_wconf 77' lang='lat' dir='ltr'><strong>nein</strong></span> <span class='ocrx_word' id='word_1_646' title='bbox 615 4796 893 4857; x_wconf 87' lang='lat' dir='ltr'><strong>Christum</strong></span> <span class='ocrx_word' id='word_1_647' title='bbox 928 4800 1167 4855; x_wconf 90' lang='lat' dir='ltr'><strong>ostendit</strong></span> <span class='ocrx_word' id='word_1_648' title='bbox 1211 4796 1419 4855; x_wconf 71' lang='lat' dir='ltr'><strong>audire.</strong></span> <span class='ocrx_word' id='word_1_649' title='bbox 1451 4817 1472 4851; x_wconf 73' lang='grc' dir='ltr'><strong>ι</strong></span> <span class='ocrx_word' id='word_1_650' title='bbox 1518 4796 1627 4851; x_wconf 88' lang='lat' dir='ltr'><strong>Sed</strong></span> <span class='ocrx_word' id='word_1_651' title='bbox 1659 4811 1849 4851; x_wconf 91' lang='lat' dir='ltr'><strong>omnes</strong></span> <span class='ocrx_word' id='word_1_652' title='bbox 1899 4812 2032 4851; x_wconf 88' lang='lat' dir='ltr'><strong>mss.</strong></span> 
     </span>
    </p>
   </div>
   <div class='ocr_carea' id='block_1_80' title="bbox 462 4869 1159 4927">
    <p class='ocr_par' dir='ltr' id='par_1_80' title="bbox 462 4869 1159 4927">
     <span class='ocr_line' id='line_1_81' title="bbox 462 4869 1159 4927; baseline -0.003 0"><span class='ocrx_word' id='word_1_653' title='bbox 462 4884 516 4927; x_wconf 91' lang='lat' dir='ltr'><strong>et</strong></span> <span class='ocrx_word' id='word_1_654' title='bbox 539 4872 792 4927; x_wconf 84' lang='lat' dir='ltr'><strong>Rabanus</strong></span> <span class='ocrx_word' id='word_1_655' title='bbox 827 4879 886 4926; x_wconf 88' lang='lat' dir='ltr'><strong>ut</strong></span> <span class='ocrx_word' id='word_1_656' title='bbox 908 4869 964 4923; x_wconf 90' lang='lat' dir='ltr'><strong>in</strong></span> <span class='ocrx_word' id='word_1_657' title='bbox 991 4879 1159 4925; x_wconf 82' lang='lat' dir='ltr'><strong>textu.</strong></span> 
     </span>
    </p>
   </div>
   <div class='ocr_carea' id='block_1_81' title="bbox 532 4935 2036 5015">
    <p class='ocr_par' dir='ltr' id='par_1_81' title="bbox 532 4935 2036 5015">
     <span class='ocr_line' id='line_1_82' title="bbox 532 4935 2036 5015; baseline -0.006 -18"><span class='ocrx_word' id='word_1_658' title='bbox 532 4941 645 5015; x_wconf 89' lang='grc'>(29)</span> <span class='ocrx_word' id='word_1_659' title='bbox 685 4939 863 5007; x_wconf 86' lang='lat' dir='ltr'><strong>Editi,</strong></span> <span class='ocrx_word' id='word_1_660' title='bbox 905 4959 925 4992; x_wconf 76' lang='grc' dir='ltr'><strong>ι</strong></span> <span class='ocrx_word' id='word_1_661' title='bbox 954 4939 1303 5010; x_wconf 83' lang='lat' dir='ltr'><strong>intelligimus</strong></span> <span class='ocrx_word' id='word_1_662' title='bbox 1327 4978 1340 4991; x_wconf 93' lang='lat'><strong>.</strong></span> <span class='ocrx_word' id='word_1_663' title='bbox 1370 4977 1385 4992; x_wconf 96' lang='lat'><strong>.</strong></span> <span class='ocrx_word' id='word_1_664' title='bbox 1414 4978 1426 4991; x_wconf 98' lang='lat'><strong>.</strong></span> <span class='ocrx_word' id='word_1_665' title='bbox 1453 4975 1469 4991; x_wconf 94' lang='lat'><strong>.</strong></span> <span class='ocrx_word' id='word_1_666' title='bbox 1495 4935 1623 5006; x_wconf 89' lang='lat' dir='ltr'><strong>quia</strong></span> <span class='ocrx_word' id='word_1_667' title='bbox 1668 4950 1775 4992; x_wconf 91' lang='lat' dir='ltr'><strong>non</strong></span> <span class='ocrx_word' id='word_1_668' title='bbox 1817 4935 2036 4989; x_wconf 90' lang='lat' dir='ltr'><strong>mittan-</strong></span> 
     </span>
    </p>
   </div>
   <div class='ocr_carea' id='block_1_82' title="bbox 465 5024 629 5067">
    <p class='ocr_par' dir='ltr' id='par_1_82' title="bbox 465 5024 629 5067">
     <span class='ocr_line' id='line_1_83' title="bbox 465 5024 629 5067; baseline -0.006 0"><span class='ocrx_word' id='word_1_669' title='bbox 465 5024 569 5067; x_wconf 74' lang='lat' dir='ltr'><strong>llll&#39;.</strong></span> <span class='ocrx_word' id='word_1_670' title='bbox 609 5031 629 5060; x_wconf 67' lang='grc' dir='ltr'><strong>Ι</strong></span> 
     </span>
    </p>
   </div>
   <div class='ocr_carea' id='block_1_83' title="bbox 534 5076 1694 5151">
    <p class='ocr_par' dir='ltr' id='par_1_83' title="bbox 534 5076 1694 5151">
     <span class='ocr_line' id='line_1_84' title="bbox 534 5076 1694 5151; baseline -0.004 -15"><span class='ocrx_word' id='word_1_671' title='bbox 534 5080 646 5151; x_wconf 86' lang='grc'>(50)</span> <span class='ocrx_word' id='word_1_672' title='bbox 689 5080 813 5134; x_wconf 83' lang='lat' dir='ltr'><strong>Non</strong></span> <span class='ocrx_word' id='word_1_673' title='bbox 854 5080 1147 5151; x_wconf 69' lang='lat' dir='ltr'><strong>audientes</strong></span> <span class='ocrx_word' id='word_1_674' title='bbox 1176 5095 1294 5132; x_wconf 77' lang='lat' dir='ltr'><strong>vero</strong></span> <span class='ocrx_word' id='word_1_675' title='bbox 1326 5076 1694 5151; x_wconf 58' lang='lat' dir='ltr'><strong>noucredent.</strong></span> 
     </span>
    </p>
   </div>
   <div class='ocr_carea' id='block_1_84' title="bbox 462 5146 1560 5217">
    <p class='ocr_par' dir='ltr' id='par_1_84' title="bbox 462 5146 1560 5217">
     <span class='ocr_line' id='line_1_85' title="bbox 462 5146 1560 5217; baseline -0.005 -9"><span class='ocrx_word' id='word_1_676' title='bbox 462 5146 761 5208; x_wconf 56' lang='lat' dir='ltr'><strong>Stittttt&#39;ntur</strong></span> <span class='ocrx_word' id='word_1_677' title='bbox 785 5166 853 5205; x_wconf 85' lang='lat' dir='ltr'><strong>ex</strong></span> <span class='ocrx_word' id='word_1_678' title='bbox 885 5166 989 5205; x_wconf 90' lang='lat' dir='ltr'><strong>ms.</strong></span> <span class='ocrx_word' id='word_1_679' title='bbox 1018 5149 1187 5217; x_wconf 81' lang='lat' dir='ltr'><strong>Regio</strong></span> <span class='ocrx_word' id='word_1_680' title='bbox 1214 5164 1363 5202; x_wconf 90' lang='lat' dir='ltr'><strong>num.</strong></span> <span class='ocrx_word' id='word_1_681' title='bbox 1399 5146 1560 5202; x_wconf 87' lang='grc'><strong>1659.</strong></span> 
     </span>
    </p>
   </div>
   <div class='ocr_carea' id='block_1_85' title="bbox 535 5214 2038 5293">
    <p class='ocr_par' dir='ltr' id='par_1_85' title="bbox 535 5214 2038 5293">
     <span class='ocr_line' id='line_1_86' title="bbox 535 5214 2038 5293; baseline -0.003 -16"><span class='ocrx_word' id='word_1_682' title='bbox 535 5220 650 5293; x_wconf 89' lang='grc'>(51)</span> <span class='ocrx_word' id='word_1_683' title='bbox 691 5219 784 5276; x_wconf 89' lang='lat' dir='ltr'><strong>Sic</strong></span> <span class='ocrx_word' id='word_1_684' title='bbox 835 5231 985 5275; x_wconf 90' lang='lat' dir='ltr'><strong>recte</strong></span> <span class='ocrx_word' id='word_1_685' title='bbox 1033 5214 1188 5273; x_wconf 81' lang='lat' dir='ltr'><strong>editi.</strong></span> <span class='ocrx_word' id='word_1_686' title='bbox 1244 5218 1532 5293; x_wconf 72' lang='lat' dir='ltr'><strong>Mss._vero</strong></span> <span class='ocrx_word' id='word_1_687' title='bbox 1558 5214 1732 5293; x_wconf 79' lang='lat' dir='ltr'><strong>nostri</strong></span> <span class='ocrx_word' id='word_1_688' title='bbox 1764 5226 2038 5293; x_wconf 26' lang='lat' dir='ltr'><strong>omnes‘et</strong></span> 
     </span>
    </p>
   </div>
   <div class='ocr_carea' id='block_1_86' title="bbox 466 5285 2033 5359">
    <p class='ocr_par' dir='ltr' id='par_1_86' title="bbox 466 5285 2033 5359">
     <span class='ocr_line' id='line_1_87' title="bbox 466 5285 2033 5359; baseline -0.004 -12"><span class='ocrx_word' id='word_1_689' title='bbox 466 5285 757 5355; x_wconf 67' lang='lat' dir='ltr'><strong>(tabanus,</strong></span> <span class='ocrx_word' id='word_1_690' title='bbox 800 5305 1083 5359; x_wconf 89' lang='lat' dir='ltr'><strong>perperam</strong></span> <span class='ocrx_word' id='word_1_691' title='bbox 1106 5330 1121 5354; x_wconf 96' lang='lat'><strong>,</strong></span> <span class='ocrx_word' id='word_1_692' title='bbox 1160 5307 1178 5338; x_wconf 86' lang='lat' dir='ltr'><strong>t</strong></span> <span class='ocrx_word' id='word_1_693' title='bbox 1211 5289 1277 5341; x_wconf 89' lang='lat' dir='ltr'><strong>ad</strong></span> <span class='ocrx_word' id='word_1_694' title='bbox 1310 5288 1545 5359; x_wconf 84' lang='lat' dir='ltr'><strong>initium.</strong></span> <span class='ocrx_word' id='word_1_695' title='bbox 1581 5304 1600 5337; x_wconf 75' lang='grc' dir='ltr'><strong>ι</strong></span> <span class='ocrx_word' id='word_1_696' title='bbox 1642 5285 1844 5359; x_wconf 77' lang='lat' dir='ltr'><strong>Deinde</strong></span> <span class='ocrx_word' id='word_1_697' title='bbox 1878 5288 2033 5359; x_wconf 87' lang='lat' dir='ltr'><strong>editi,</strong></span> 
     </span>
    </p>
   </div>
   <div class='ocr_carea' id='block_1_87' title="bbox 467 5355 2037 5431">
    <p class='ocr_par' dir='ltr' id='par_1_87' title="bbox 467 5355 2037 5431">
     <span class='ocr_line' id='line_1_88' title="bbox 467 5355 2037 5431; baseline -0.001 -18"><span class='ocrx_word' id='word_1_698' title='bbox 467 5383 484 5413; x_wconf 83' lang='lat' dir='ltr'><strong>t</strong></span> <span class='ocrx_word' id='word_1_699' title='bbox 521 5363 627 5417; x_wconf 77' lang='lat' dir='ltr'><strong>Sed</strong></span> <span class='ocrx_word' id='word_1_700' title='bbox 656 5355 828 5431; x_wconf 82' lang='lat' dir='ltr'><strong>magis</strong></span> <span class='ocrx_word' id='word_1_701' title='bbox 848 5355 914 5431; x_wconf 81' lang='lat' dir='ltr'><strong>ad</strong></span> <span class='ocrx_word' id='word_1_702' title='bbox 940 5360 1098 5431; x_wconf 82' lang='lat' dir='ltr'><strong>illum</strong></span> <span class='ocrx_word' id='word_1_703' title='bbox 1118 5372 1217 5431; x_wconf 85' lang='lat' dir='ltr'><strong>nos</strong></span> <span class='ocrx_word' id='word_1_704' title='bbox 1241 5358 1331 5425; x_wconf 90' lang='lat' dir='ltr'><strong>qui</strong></span> <span class='ocrx_word' id='word_1_705' title='bbox 1360 5356 1645 5412; x_wconf 89' lang='lat' dir='ltr'><strong>rectioretn</strong></span> <span class='ocrx_word' id='word_1_706' title='bbox 1669 5355 2037 5425; x_wconf 79' lang='lat' dir='ltr'><strong>intelligentia:</strong></span> 
     </span>
    </p>
   </div>
   <div class='ocr_carea' id='block_1_88' title="bbox 464 5428 1469 5493">
    <p class='ocr_par' dir='ltr' id='par_1_88' title="bbox 464 5428 1469 5493">
     <span class='ocr_line' id='line_1_89' title="bbox 464 5428 1469 5493; baseline -0.007 -8"><span class='ocrx_word' id='word_1_707' title='bbox 464 5432 736 5486; x_wconf 88' lang='lat' dir='ltr'><strong>tramitem</strong></span> <span class='ocrx_word' id='word_1_708' title='bbox 752 5428 1029 5493; x_wconf 59' lang='lat' dir='ltr'><strong>&#39;contiuet,</strong></span> <span class='ocrx_word' id='word_1_709' title='bbox 1068 5428 1435 5483; x_wconf 81' lang='lat' dir='ltr'><strong>deﬂectamus.</strong></span> <span class='ocrx_word' id='word_1_710' title='bbox 1450 5446 1469 5478; x_wconf 79' lang='grc' dir='ltr'><strong>ι</strong></span> 
     </span>
    </p>
   </div>
   <div class='ocr_carea' id='block_1_89' title="bbox 537 5498 2037 5572">
    <p class='ocr_par' dir='ltr' id='par_1_89' title="bbox 537 5498 2037 5572">
     <span class='ocr_line' id='line_1_90' title="bbox 537 5498 2037 5572; baseline -0.004 -18"><span class='ocrx_word' id='word_1_711' title='bbox 537 5500 648 5572; x_wconf 85' lang='grc'>(52)</span> <span class='ocrx_word' id='word_1_712' title='bbox 684 5498 784 5555; x_wconf 91' lang='lat' dir='ltr'><strong>Ms.</strong></span> <span class='ocrx_word' id='word_1_713' title='bbox 810 5498 1011 5570; x_wconf 84' lang='lat' dir='ltr'><strong>Regius</strong></span> <span class='ocrx_word' id='word_1_714' title='bbox 1032 5513 1181 5572; x_wconf 79' lang='lat' dir='ltr'><strong>num.</strong></span> <span class='ocrx_word' id='word_1_715' title='bbox 1216 5498 1376 5572; x_wconf 75' lang='lat' dir='ltr'><strong>i639,</strong></span> <span class='ocrx_word' id='word_1_716' title='bbox 1414 5515 1434 5549; x_wconf 82' lang='lat' dir='ltr'><strong>t</strong></span> <span class='ocrx_word' id='word_1_717' title='bbox 1464 5513 1572 5572; x_wconf 12' lang='lat' dir='ltr'><strong>non!</strong></span> <span class='ocrx_word' id='word_1_718' title='bbox 1597 5512 1879 5570; x_wconf 73' lang='lat' dir='ltr'><strong>possemus</strong></span> <span class='ocrx_word' id='word_1_719' title='bbox 1905 5514 2037 5572; x_wconf 67' lang='lat' dir='ltr'><strong>prae-</strong></span> 
     </span>
    </p>
   </div>
   <div class='ocr_carea' id='block_1_90' title="bbox 465 5568 2036 5641">
    <p class='ocr_par' dir='ltr' id='par_1_90' title="bbox 465 5568 2036 5641">
     <span class='ocr_line' id='line_1_91' title="bbox 465 5568 2036 5641; baseline 0.001 -18"><span class='ocrx_word' id='word_1_720' title='bbox 465 5568 684 5634; x_wconf 82' lang='lat' dir='ltr'><strong>dicare,</strong></span> <span class='ocrx_word' id='word_1_721' title='bbox 738 5585 839 5624; x_wconf 90' lang='lat' dir='ltr'><strong>nec</strong></span> <span class='ocrx_word' id='word_1_722' title='bbox 883 5568 1206 5623; x_wconf 78' lang='lat' dir='ltr'><strong>annuntiare</strong></span> <span class='ocrx_word' id='word_1_723' title='bbox 1250 5569 1438 5633; x_wconf 90' lang='lat' dir='ltr'><strong>vobis,</strong></span> <span class='ocrx_word' id='word_1_724' title='bbox 1474 5568 1611 5625; x_wconf 42' lang='lat' dir='ltr'><strong>nisi_</strong></span> <span class='ocrx_word' id='word_1_725' title='bbox 1637 5573 1753 5641; x_wconf 88' lang='lat' dir='ltr'><strong>ipse</strong></span> <span class='ocrx_word' id='word_1_726' title='bbox 1799 5568 2036 5626; x_wconf 29' lang='lat' dir='ltr'><strong>nos’mi—</strong></span> 
     </span>
    </p>
   </div>
   <div class='ocr_carea' id='block_1_91' title="bbox 464 5642 697 5695">
    <p class='ocr_par' dir='ltr' id='par_1_91' title="bbox 464 5642 697 5695">
     <span class='ocr_line' id='line_1_92' title="bbox 464 5642 697 5695; baseline -0.013 0"><span class='ocrx_word' id='word_1_727' title='bbox 464 5642 644 5695; x_wconf 62' lang='lat' dir='ltr'><strong>uisset.</strong></span> <span class='ocrx_word' id='word_1_728' title='bbox 675 5657 697 5692; x_wconf 73' lang='grc' dir='ltr'><strong>ι</strong></span> 
     </span>
    </p>
   </div>
   <div class='ocr_carea' id='block_1_92' title="bbox 537 5707 1788 5781">
    <p class='ocr_par' dir='ltr' id='par_1_92' title="bbox 537 5707 1788 5781">
     <span class='ocr_line' id='line_1_93' title="bbox 537 5707 1788 5781; baseline 0.003 -20"><span class='ocrx_word' id='word_1_729' title='bbox 537 5710 649 5781; x_wconf 72' lang='grc'>(55)</span> <span class='ocrx_word' id='word_1_730' title='bbox 690 5707 856 5781; x_wconf 58' lang='grc' dir='ltr'>ξιιίιί,</span> <span class='ocrx_word' id='word_1_731' title='bbox 888 5708 1113 5781; x_wconf 85' lang='lat' dir='ltr'><strong>t_videri</strong></span> <span class='ocrx_word' id='word_1_732' title='bbox 1133 5709 1364 5781; x_wconf 83' lang='lat' dir='ltr'><strong>possint,</strong></span> <span class='ocrx_word' id='word_1_733' title='bbox 1392 5718 1601 5781; x_wconf 89' lang='lat' dir='ltr'><strong>putem,</strong></span> <span class='ocrx_word' id='word_1_734' title='bbox 1634 5729 1653 5764; x_wconf 75' lang='grc' dir='ltr'><strong>ο</strong></span> <span class='ocrx_word' id='word_1_735' title='bbox 1681 5717 1788 5766; x_wconf 88' lang='lat' dir='ltr'><strong>etc.</strong></span> 
     </span>
    </p>
   </div>
   <div class='ocr_carea' id='block_1_93' title="bbox 538 5778 1371 5849">
    <p class='ocr_par' dir='ltr' id='par_1_93' title="bbox 538 5778 1371 5849">
     <span class='ocr_line' id='line_1_94' title="bbox 538 5778 1371 5849; baseline 0.001 -18"><span class='ocrx_word' id='word_1_736' title='bbox 538 5778 649 5849; x_wconf 68' lang='grc'>(51)</span> <span class='ocrx_word' id='word_1_737' title='bbox 691 5778 869 5834; x_wconf 81' lang='lat' dir='ltr'><strong>Enim.</strong></span> <span class='ocrx_word' id='word_1_738' title='bbox 912 5778 1070 5833; x_wconf 88' lang='lat' dir='ltr'><strong>Deest</strong></span> <span class='ocrx_word' id='word_1_739' title='bbox 1105 5779 1155 5833; x_wconf 90' lang='lat' dir='ltr'><strong>in</strong></span> <span class='ocrx_word' id='word_1_740' title='bbox 1191 5779 1371 5834; x_wconf 86' lang='lat' dir='ltr'><strong>editis.</strong></span> 
     </span>
    </p>
   </div>
   <div class='ocr_carea' id='block_1_94' title="bbox 1787 5076 2034 5132">
    <p class='ocr_par' dir='ltr' id='par_1_94' title="bbox 1787 5076 2034 5132">
     <span class='ocr_line' id='line_1_95' title="bbox 1787 5076 2034 5132; baseline 0.004 -1"><span class='ocrx_word' id='word_1_741' title='bbox 1787 5076 1913 5131; x_wconf 63' lang='lat' dir='ltr'><strong>Haec</strong></span> <span class='ocrx_word' id='word_1_742' title='bbox 1954 5091 2034 5132; x_wconf 83' lang='lat' dir='ltr'><strong>re-</strong></span> 
     </span>
    </p>
   </div>
   <div class='ocr_carea' id='block_1_95' title="bbox 1117 4184 2045 4258">
    <p class='ocr_par' dir='ltr' id='par_1_95' title="bbox 1117 4184 2045 4258">
     <span class='ocr_line' id='line_1_96' title="bbox 1117 4184 2045 4258; baseline -0.005 -12"><span class='ocrx_word' id='word_1_743' title='bbox 1117 4194 1161 4226; x_wconf 77' lang='lat'>”</span> <span class='ocrx_word' id='word_1_744' title='bbox 1192 4191 1323 4246; x_wconf 90' lang='lat' dir='ltr'><strong>Luc.</strong></span> <span class='ocrx_word' id='word_1_745' title='bbox 1362 4206 1414 4254; x_wconf 74' lang='grc' dir='ltr'>ιι,</span> <span class='ocrx_word' id='word_1_746' title='bbox 1449 4188 1535 4244; x_wconf 88' lang='grc'><strong>16.</strong></span> <span class='ocrx_word' id='word_1_747' title='bbox 1612 4184 1837 4258; x_wconf 24' lang='grc' dir='ltr'>³⁰Α1ιιιιιι</span> <span class='ocrx_word' id='word_1_748' title='bbox 1880 4203 1933 4253; x_wconf 79' lang='lat' dir='ltr'><strong>x,</strong></span> <span class='ocrx_word' id='word_1_749' title='bbox 1961 4186 2045 4241; x_wconf 86' lang='grc'>27.</span> 
     </span>
    </p>
   </div>
   <div class='ocr_carea' id='block_1_96' title="bbox 2150 4184 3140 4258">
    <p class='ocr_par' dir='ltr' id='par_1_96' title="bbox 2159 4188 3140 4258">
     <span class='ocr_line' id='line_1_97' title="bbox 2159 4188 3140 4258; baseline 0.004 -17"><span class='ocrx_word' id='word_1_750' title='bbox 2159 4188 2240 4241; x_wconf 77' lang='lat' dir='ltr'><strong>‘ll</strong></span> <span class='ocrx_word' id='word_1_751' title='bbox 2274 4188 2400 4244; x_wconf 89' lang='lat' dir='ltr'><strong>Cor.</strong></span> <span class='ocrx_word' id='word_1_752' title='bbox 2436 4204 2555 4253; x_wconf 83' lang='lat' dir='ltr'><strong>xm,</strong></span> <span class='ocrx_word' id='word_1_753' title='bbox 2595 4188 2648 4241; x_wconf 89' lang='grc'><strong>5.</strong></span> <span class='ocrx_word' id='word_1_754' title='bbox 2726 4190 2770 4222; x_wconf 81' lang='grc'><strong>⁸¹</strong></span> <span class='ocrx_word' id='word_1_755' title='bbox 2814 4190 2915 4245; x_wconf 85' lang='lat' dir='ltr'><strong>lsa.</strong></span> <span class='ocrx_word' id='word_1_756' title='bbox 2964 4208 3058 4258; x_wconf 78' lang='lat' dir='ltr'><strong>LII,</strong></span> <span class='ocrx_word' id='word_1_757' title='bbox 3090 4191 3140 4245; x_wconf 92' lang='lat'><strong>7.</strong></span> 
     </span>
    </p>
   </div>
   <div class='ocr_carea' id='block_1_97' title="bbox 1134 4256 2100 4325">
    <p class='ocr_par' dir='ltr' id='par_1_97' title="bbox 1134 4256 2100 4325">
     <span class='ocr_line' id='line_1_98' title="bbox 1134 4256 2100 4325; baseline -0.005 -8"><span class='ocrx_word' id='word_1_758' title='bbox 1134 4262 1179 4294; x_wconf 84' lang='grc'><strong>³⁵</strong></span> <span class='ocrx_word' id='word_1_759' title='bbox 1204 4260 1361 4317; x_wconf 82' lang='lat' dir='ltr'><strong>Joan.</strong></span> <span class='ocrx_word' id='word_1_760' title='bbox 1387 4275 1505 4325; x_wconf 77' lang='lat' dir='ltr'><strong>xui,</strong></span> <span class='ocrx_word' id='word_1_761' title='bbox 1528 4259 1584 4314; x_wconf 86' lang='lat'><strong>5.</strong></span> <span class='ocrx_word' id='word_1_762' title='bbox 1659 4256 1704 4288; x_wconf 82' lang='grc'><strong>³⁸</strong></span> <span class='ocrx_word' id='word_1_763' title='bbox 1730 4256 2013 4323; x_wconf 70' lang='grc' dir='ltr'>Ιοιιιι.ιιιιι,</span> <span class='ocrx_word' id='word_1_764' title='bbox 2045 4257 2100 4312; x_wconf 87' lang='grc'><strong>8.</strong></span> 
     </span>
    </p>
   </div>
   <div class='ocr_carea' id='block_1_98' title="bbox 1757 4376 2116 4442">
    <p class='ocr_par' dir='ltr' id='par_1_98' title="bbox 1757 4376 2116 4442">
     <span class='ocr_line' id='line_1_99' title="bbox 1757 4376 2116 4442; baseline -0.014 -14"><span class='ocrx_word' id='word_1_765' title='bbox 1757 4376 2040 4442; x_wconf 85' lang='lat' dir='ltr'><strong>Quomodo</strong></span> <span class='ocrx_word' id='word_1_766' title='bbox 2072 4381 2116 4434; x_wconf 82' lang='grc' dir='ltr'>Ι)</span> 
     </span>
    </p>
   </div>
   <div class='ocr_carea' id='block_1_99' title="bbox 2150 3223 3719 3298">
    <p class='ocr_par' dir='ltr' id='par_1_99' title="bbox 2150 3223 3719 3298">
     <span class='ocr_line' id='line_1_100' title="bbox 2150 3223 3719 3298; baseline 0.006 -21"><span class='ocrx_word' id='word_1_767' title='bbox 2150 3225 2345 3292; x_wconf 89' lang='lat' dir='ltr'><strong>inquit,</strong></span> <span class='ocrx_word' id='word_1_768' title='bbox 2368 3239 2506 3278; x_wconf 87' lang='lat' dir='ltr'><strong>tnon</strong></span> <span class='ocrx_word' id='word_1_769' title='bbox 2542 3223 2747 3291; x_wconf 86' lang='lat' dir='ltr'><strong>lavero,</strong></span> <span class='ocrx_word' id='word_1_770' title='bbox 2772 3240 2875 3279; x_wconf 86' lang='lat' dir='ltr'><strong>non</strong></span> <span class='ocrx_word' id='word_1_771' title='bbox 2905 3227 3130 3282; x_wconf 88' lang='lat' dir='ltr'><strong>habebis</strong></span> <span class='ocrx_word' id='word_1_772' title='bbox 3152 3237 3361 3298; x_wconf 83' lang='lat' dir='ltr'><strong>partem</strong></span> <span class='ocrx_word' id='word_1_773' title='bbox 3394 3236 3719 3287; x_wconf 63' lang='lat' dir='ltr'><strong>mecum“.-</strong></span> 
     </span>
    </p>
   </div>
   <div class='ocr_carea' id='block_1_100' title="bbox 2148 3316 3723 3393">
    <p class='ocr_par' dir='ltr' id='par_1_100' title="bbox 2148 3316 3723 3393">
     <span class='ocr_line' id='line_1_101' title="bbox 2148 3316 3723 3393; baseline 0.008 -23"><span class='ocrx_word' id='word_1_774' title='bbox 2148 3316 2212 3370; x_wconf 88' lang='lat' dir='ltr'><strong>Et</strong></span> <span class='ocrx_word' id='word_1_775' title='bbox 2243 3317 2437 3370; x_wconf 91' lang='lat' dir='ltr'><strong>iterum</strong></span> <span class='ocrx_word' id='word_1_776' title='bbox 2478 3316 2638 3370; x_wconf 88' lang='lat' dir='ltr'><strong>aliam</strong></span> <span class='ocrx_word' id='word_1_777' title='bbox 2679 3318 2908 3372; x_wconf 89' lang='lat' dir='ltr'><strong>similem</strong></span> <span class='ocrx_word' id='word_1_778' title='bbox 2961 3321 3090 3375; x_wconf 93' lang='lat' dir='ltr'><strong>huic</strong></span> <span class='ocrx_word' id='word_1_779' title='bbox 3139 3336 3323 3375; x_wconf 88' lang='lat' dir='ltr'><strong>vocem</strong></span> <span class='ocrx_word' id='word_1_780' title='bbox 3366 3333 3624 3393; x_wconf 87' lang='lat' dir='ltr'><strong>tauquam</strong></span> <span class='ocrx_word' id='word_1_781' title='bbox 3656 3328 3723 3382; x_wconf 88' lang='lat' dir='ltr'><strong>de</strong></span> 
     </span>
    </p>
   </div>
   <div class='ocr_carea' id='block_1_101' title="bbox 2147 3407 3719 3479">
    <p class='ocr_par' dir='ltr' id='par_1_101' title="bbox 2147 3407 3719 3479">
     <span class='ocr_line' id='line_1_102' title="bbox 2147 3407 3719 3479; baseline 0.009 -19"><span class='ocrx_word' id='word_1_782' title='bbox 2147 3407 2375 3461; x_wconf 83' lang='lat' dir='ltr'><strong>secretis</strong></span> <span class='ocrx_word' id='word_1_783' title='bbox 2416 3408 2660 3462; x_wconf 70' lang='lat' dir='ltr'><strong>scientiae</strong></span> <span class='ocrx_word' id='word_1_784' title='bbox 2706 3410 2913 3478; x_wconf 82' lang='lat' dir='ltr'><strong>profert</strong></span> <span class='ocrx_word' id='word_1_785' title='bbox 2965 3413 3239 3467; x_wconf 88' lang='lat' dir='ltr'><strong>thesauris</strong></span> <span class='ocrx_word' id='word_1_786' title='bbox 3290 3414 3373 3479; x_wconf 82' lang='lat'><strong>&quot;,</strong></span> <span class='ocrx_word' id='word_1_787' title='bbox 3430 3426 3484 3469; x_wconf 92' lang='lat' dir='ltr'><strong>et</strong></span> <span class='ocrx_word' id='word_1_788' title='bbox 3525 3419 3658 3472; x_wconf 91' lang='lat' dir='ltr'><strong>dicit</strong></span> <span class='ocrx_word' id='word_1_789' title='bbox 3703 3436 3719 3474; x_wconf 91' lang='lat'><strong>:</strong></span> 
     </span>
    </p>
   </div>
   <div class='ocr_carea' id='block_1_102' title="bbox 2150 3499 3726 3579">
    <p class='ocr_par' dir='ltr' id='par_1_102' title="bbox 2150 3499 3726 3579">
     <span class='ocr_line' id='line_1_103' title="bbox 2150 3499 3726 3579; baseline 0.008 -27"><span class='ocrx_word' id='word_1_790' title='bbox 2150 3518 2171 3552; x_wconf 83' lang='lat' dir='ltr'><strong>t</strong></span> <span class='ocrx_word' id='word_1_791' title='bbox 2193 3499 2346 3567; x_wconf 89' lang='lat' dir='ltr'><strong>Quod</strong></span> <span class='ocrx_word' id='word_1_792' title='bbox 2369 3518 2468 3573; x_wconf 89' lang='lat' dir='ltr'><strong>ego</strong></span> <span class='ocrx_word' id='word_1_793' title='bbox 2484 3502 2584 3558; x_wconf 89' lang='lat' dir='ltr'><strong>feci</strong></span> <span class='ocrx_word' id='word_1_794' title='bbox 2604 3520 2698 3558; x_wconf 87' lang='lat' dir='ltr'><strong>vos</strong></span> <span class='ocrx_word' id='word_1_795' title='bbox 2719 3506 2939 3560; x_wconf 89' lang='lat' dir='ltr'><strong>nescitis</strong></span> <span class='ocrx_word' id='word_1_796' title='bbox 2955 3506 3116 3560; x_wconf 93' lang='lat' dir='ltr'><strong>modo</strong></span> <span class='ocrx_word' id='word_1_797' title='bbox 3138 3525 3149 3559; x_wconf 91' lang='lat'>:</span> <span class='ocrx_word' id='word_1_798' title='bbox 3175 3508 3359 3562; x_wconf 89' lang='lat' dir='ltr'><strong>scietis</strong></span> <span class='ocrx_word' id='word_1_799' title='bbox 3379 3517 3558 3562; x_wconf 88' lang='lat' dir='ltr'><strong>autem</strong></span> <span class='ocrx_word' id='word_1_800' title='bbox 3583 3520 3726 3579; x_wconf 88' lang='lat' dir='ltr'><strong>post-</strong></span> 
     </span>
    </p>
   </div>
   <div class='ocr_carea' id='block_1_103' title="bbox 2143 3593 3719 3679">
    <p class='ocr_par' dir='ltr' id='par_1_103' title="bbox 2143 3593 3719 3679">
     <span class='ocr_line' id='line_1_104' title="bbox 2143 3593 3719 3679; baseline 0.011 -34"><span class='ocrx_word' id='word_1_801' title='bbox 2143 3593 2396 3660; x_wconf 88' lang='lat' dir='ltr'><strong>modum;</strong></span> <span class='ocrx_word' id='word_1_802' title='bbox 2437 3614 2455 3645; x_wconf 74' lang='grc' dir='ltr'><strong>ι</strong></span> <span class='ocrx_word' id='word_1_803' title='bbox 2492 3605 2545 3650; x_wconf 90' lang='lat' dir='ltr'><strong>et</strong></span> <span class='ocrx_word' id='word_1_804' title='bbox 2573 3597 2748 3660; x_wconf 86' lang='lat' dir='ltr'><strong>addit,</strong></span> <span class='ocrx_word' id='word_1_805' title='bbox 2782 3598 2906 3666; x_wconf 90' lang='lat' dir='ltr'><strong>quia</strong></span> <span class='ocrx_word' id='word_1_806' title='bbox 2942 3617 2959 3648; x_wconf 82' lang='lat' dir='ltr'><strong>t</strong></span> <span class='ocrx_word' id='word_1_807' title='bbox 2998 3599 3137 3653; x_wconf 89' lang='lat' dir='ltr'><strong>sicut</strong></span> <span class='ocrx_word' id='word_1_808' title='bbox 3170 3615 3269 3671; x_wconf 82' lang='lat' dir='ltr'><strong>ego</strong></span> <span class='ocrx_word' id='word_1_809' title='bbox 3314 3601 3575 3659; x_wconf 90' lang='lat' dir='ltr'><strong>Dominus</strong></span> <span class='ocrx_word' id='word_1_810' title='bbox 3609 3610 3719 3679; x_wconf 88' lang='grc'>(58)</span> 
     </span>
    </p>
   </div>
   <div class='ocr_carea' id='block_1_104' title="bbox 2143 3686 3721 3770">
    <p class='ocr_par' dir='ltr' id='par_1_104' title="bbox 2143 3686 3721 3770">
     <span class='ocr_line' id='line_1_105' title="bbox 2143 3686 3721 3770; baseline 0.01 -33"><span class='ocrx_word' id='word_1_811' title='bbox 2143 3692 2198 3737; x_wconf 90' lang='lat' dir='ltr'><strong>et</strong></span> <span class='ocrx_word' id='word_1_812' title='bbox 2226 3686 2480 3757; x_wconf 88' lang='lat' dir='ltr'><strong>magister</strong></span> <span class='ocrx_word' id='word_1_813' title='bbox 2509 3689 2609 3743; x_wconf 84' lang='lat' dir='ltr'><strong>lavi</strong></span> <span class='ocrx_word' id='word_1_814' title='bbox 2644 3690 2808 3756; x_wconf 81' lang='lat' dir='ltr'><strong>pedes</strong></span> <span class='ocrx_word' id='word_1_815' title='bbox 2840 3700 3049 3745; x_wconf 84' lang='lat' dir='ltr'><strong>vestros</strong></span> <span class='ocrx_word' id='word_1_816' title='bbox 3086 3709 3098 3744; x_wconf 95' lang='lat'><strong>:</strong></span> <span class='ocrx_word' id='word_1_817' title='bbox 3131 3703 3183 3746; x_wconf 93' lang='lat' dir='ltr'><strong>et</strong></span> <span class='ocrx_word' id='word_1_818' title='bbox 3217 3709 3310 3747; x_wconf 86' lang='lat' dir='ltr'><strong>vos</strong></span> <span class='ocrx_word' id='word_1_819' title='bbox 3343 3695 3575 3752; x_wconf 83' lang='lat' dir='ltr'><strong>invicem</strong></span> <span class='ocrx_word' id='word_1_820' title='bbox 3608 3701 3721 3770; x_wconf 87' lang='grc'>(59)</span> 
     </span>
    </p>
   </div>
   <div class='ocr_carea' id='block_1_105' title="bbox 2141 3772 3720 3843">
    <p class='ocr_par' dir='ltr' id='par_1_105' title="bbox 2141 3772 3720 3843">
     <span class='ocr_line' id='line_1_106' title="bbox 2141 3772 3720 3843; baseline 0.005 -16"><span class='ocrx_word' id='word_1_821' title='bbox 2141 3777 2317 3828; x_wconf 78' lang='lat' dir='ltr'><strong>lavate</strong></span> <span class='ocrx_word' id='word_1_822' title='bbox 2345 3774 2515 3843; x_wconf 88' lang='lat' dir='ltr'><strong>pedes</strong></span> <span class='ocrx_word' id='word_1_823' title='bbox 2548 3772 2892 3828; x_wconf 86' lang='lat' dir='ltr'><strong>alterutrum.</strong></span> <span class='ocrx_word' id='word_1_824' title='bbox 2951 3774 3263 3843; x_wconf 75' lang='lat' dir='ltr'><strong>Exemplum</strong></span> <span class='ocrx_word' id='word_1_825' title='bbox 3290 3779 3434 3831; x_wconf 91' lang='lat' dir='ltr'><strong>enim</strong></span> <span class='ocrx_word' id='word_1_826' title='bbox 3469 3782 3589 3835; x_wconf 90' lang='lat' dir='ltr'><strong>dedi</strong></span> <span class='ocrx_word' id='word_1_827' title='bbox 3627 3797 3720 3835; x_wconf 74' lang='lat' dir='ltr'><strong>vo~</strong></span> 
     </span>
    </p>
   </div>
   <div class='ocr_carea' id='block_1_106' title="bbox 2139 3869 3716 3945">
    <p class='ocr_par' dir='ltr' id='par_1_106' title="bbox 2139 3869 3716 3945">
     <span class='ocr_line' id='line_1_107' title="bbox 2139 3869 3716 3945; baseline 0.003 -23"><span class='ocrx_word' id='word_1_828' title='bbox 2139 3870 2222 3922; x_wconf 79' lang='lat' dir='ltr'><strong>his</strong></span> <span class='ocrx_word' id='word_1_829' title='bbox 2253 3869 2321 3923; x_wconf 84' lang='grc'><strong>³⁸.</strong></span> <span class='ocrx_word' id='word_1_830' title='bbox 2359 3888 2378 3922; x_wconf 75' lang='grc' dir='ltr'><strong>ι</strong></span> <span class='ocrx_word' id='word_1_831' title='bbox 2421 3870 2712 3926; x_wconf 76' lang='lat' dir='ltr'><strong>Videamus</strong></span> <span class='ocrx_word' id='word_1_832' title='bbox 2762 3887 2889 3943; x_wconf 84' lang='lat' dir='ltr'><strong>ergo</strong></span> <span class='ocrx_word' id='word_1_833' title='bbox 2935 3874 3078 3941; x_wconf 88' lang='lat' dir='ltr'><strong>quod</strong></span> <span class='ocrx_word' id='word_1_834' title='bbox 3109 3875 3180 3927; x_wconf 90' lang='lat' dir='ltr'><strong>sit</strong></span> <span class='ocrx_word' id='word_1_835' title='bbox 3211 3875 3352 3929; x_wconf 90' lang='lat' dir='ltr'><strong>istud</strong></span> <span class='ocrx_word' id='word_1_836' title='bbox 3385 3878 3716 3945; x_wconf 77' lang='lat' dir='ltr'><strong>exemplum,</strong></span> 
     </span>
    </p>
   </div>
   <div class='ocr_carea' id='block_1_107' title="bbox 2138 3963 3718 4037">
    <p class='ocr_par' dir='ltr' id='par_1_107' title="bbox 2138 3963 3718 4037">
     <span class='ocr_line' id='line_1_108' title="bbox 2138 3963 3718 4037; baseline 0.007 -26"><span class='ocrx_word' id='word_1_837' title='bbox 2138 3975 2247 4030; x_wconf 91' lang='lat' dir='ltr'><strong>quo</strong></span> <span class='ocrx_word' id='word_1_838' title='bbox 2277 3963 2525 4030; x_wconf 88' lang='lat' dir='ltr'><strong>magistri</strong></span> <span class='ocrx_word' id='word_1_839' title='bbox 2576 3963 2966 4032; x_wconf 90' lang='lat' dir='ltr'><strong>discipulorum</strong></span> <span class='ocrx_word' id='word_1_840' title='bbox 3017 3965 3199 4018; x_wconf 80' lang='lat' dir='ltr'><strong>lavare</strong></span> <span class='ocrx_word' id='word_1_841' title='bbox 3250 3965 3482 4020; x_wconf 86' lang='lat' dir='ltr'><strong>debeant</strong></span> <span class='ocrx_word' id='word_1_842' title='bbox 3531 3969 3718 4037; x_wconf 89' lang='lat' dir='ltr'><strong>pedes,</strong></span> 
     </span>
    </p>
   </div>
   <div class='ocr_carea' id='block_1_108' title="bbox 2139 4052 3721 4128">
    <p class='ocr_par' dir='ltr' id='par_1_108' title="bbox 2139 4052 3721 4128">
     <span class='ocr_line' id='line_1_109' title="bbox 2139 4052 3721 4128; baseline 0.006 -24"><span class='ocrx_word' id='word_1_843' title='bbox 2139 4061 2235 4106; x_wconf 89' lang='lat' dir='ltr'><strong>aut</strong></span> <span class='ocrx_word' id='word_1_844' title='bbox 2268 4052 2335 4107; x_wconf 88' lang='lat' dir='ltr'><strong>de</strong></span> <span class='ocrx_word' id='word_1_845' title='bbox 2366 4067 2471 4122; x_wconf 89' lang='lat' dir='ltr'><strong>qua</strong></span> <span class='ocrx_word' id='word_1_846' title='bbox 2502 4068 2640 4123; x_wconf 88' lang='lat' dir='ltr'><strong>aqua</strong></span> <span class='ocrx_word' id='word_1_847' title='bbox 2675 4054 2752 4108; x_wconf 72' lang='lat' dir='ltr'><strong>las</strong></span> <span class='ocrx_word' id='word_1_848' title='bbox 2767 4069 2882 4110; x_wconf 91' lang='lat' dir='ltr'><strong>are.</strong></span> <span class='ocrx_word' id='word_1_849' title='bbox 2925 4053 2982 4109; x_wconf 93' lang='lat' dir='ltr'><strong>Si</strong></span> <span class='ocrx_word' id='word_1_850' title='bbox 3009 4056 3131 4122; x_wconf 90' lang='lat' dir='ltr'><strong>quis</strong></span> <span class='ocrx_word' id='word_1_851' title='bbox 3152 4054 3394 4111; x_wconf 86' lang='lat' dir='ltr'><strong>inveniat</strong></span> <span class='ocrx_word' id='word_1_852' title='bbox 3421 4072 3617 4128; x_wconf 87' lang='lat' dir='ltr'><strong>aquam</strong></span> <span class='ocrx_word' id='word_1_853' title='bbox 3640 4061 3721 4114; x_wconf 86' lang='lat' dir='ltr'><strong>vi-</strong></span> 
     </span>
    </p>
   </div>
   <div class='ocr_carea' id='block_1_109' title="bbox 3241 4191 3715 4261">
    <p class='ocr_par' dir='ltr' id='par_1_109' title="bbox 3241 4191 3715 4261">
     <span class='ocr_line' id='line_1_110' title="bbox 3241 4191 3715 4261; baseline 0.006 -14"><span class='ocrx_word' id='word_1_854' title='bbox 3241 4192 3286 4223; x_wconf 76' lang='lat'><strong><em>”</em></strong></span> <span class='ocrx_word' id='word_1_855' title='bbox 3318 4191 3473 4247; x_wconf 79' lang='lat' dir='ltr'><strong>Joan.</strong></span> <span class='ocrx_word' id='word_1_856' title='bbox 3518 4210 3628 4261; x_wconf 81' lang='lat' dir='ltr'><strong>xw,</strong></span> <span class='ocrx_word' id='word_1_857' title='bbox 3659 4194 3715 4251; x_wconf 83' lang='lat'><strong>6.</strong></span> 
     </span>
    </p>
   </div>
   <div class='ocr_carea' id='block_1_110' title="bbox 2196 4258 3034 4327">
    <p class='ocr_par' dir='ltr' id='par_1_110' title="bbox 2196 4258 3034 4327">
     <span class='ocr_line' id='line_1_111' title="bbox 2196 4258 3034 4327; baseline 0.008 -15"><span class='ocrx_word' id='word_1_858' title='bbox 2196 4258 2238 4290; x_wconf 78' lang='lat'><strong>&quot;</strong></span> <span class='ocrx_word' id='word_1_859' title='bbox 2270 4261 2401 4315; x_wconf 84' lang='lat' dir='ltr'><strong>ibid.</strong></span> <span class='ocrx_word' id='word_1_860' title='bbox 2437 4261 2491 4313; x_wconf 88' lang='lat'><strong>7.</strong></span> <span class='ocrx_word' id='word_1_861' title='bbox 2580 4260 2625 4291; x_wconf 77' lang='grc'><strong>³⁸</strong></span> <span class='ocrx_word' id='word_1_862' title='bbox 2659 4260 2790 4316; x_wconf 86' lang='lat' dir='ltr'><strong>ibid.</strong></span> <span class='ocrx_word' id='word_1_863' title='bbox 2819 4262 2907 4327; x_wconf 75' lang='grc'><strong>14,</strong></span> <span class='ocrx_word' id='word_1_864' title='bbox 2946 4264 3034 4319; x_wconf 79' lang='grc'><strong>15.</strong></span> 
     </span>
    </p>
   </div>
   <div class='ocr_carea' id='block_1_111' title="bbox 2218 4376 3720 4450">
    <p class='ocr_par' dir='ltr' id='par_1_111' title="bbox 2218 4376 3720 4450">
     <span class='ocr_line' id='line_1_112' title="bbox 2218 4376 3720 4450; baseline 0.003 -17"><span class='ocrx_word' id='word_1_865' title='bbox 2218 4379 2333 4450; x_wconf 85' lang='grc'>(55)</span> <span class='ocrx_word' id='word_1_866' title='bbox 2375 4376 2477 4450; x_wconf 14' lang='grc' dir='ltr'><strong>δῖοί</strong></span> <span class='ocrx_word' id='word_1_867' title='bbox 2518 4393 2651 4433; x_wconf 86' lang='lat' dir='ltr'><strong>mss.</strong></span> <span class='ocrx_word' id='word_1_868' title='bbox 2697 4384 2866 4434; x_wconf 88' lang='lat' dir='ltr'><strong>nostri</strong></span> <span class='ocrx_word' id='word_1_869' title='bbox 2920 4395 3108 4435; x_wconf 90' lang='lat' dir='ltr'><strong>omnes</strong></span> <span class='ocrx_word' id='word_1_870' title='bbox 3156 4387 3213 4435; x_wconf 71' lang='lat' dir='ltr'><strong>et.</strong></span> <span class='ocrx_word' id='word_1_871' title='bbox 3259 4380 3411 4435; x_wconf 90' lang='lat' dir='ltr'><strong>editi.</strong></span> <span class='ocrx_word' id='word_1_872' title='bbox 3464 4380 3720 4443; x_wconf 74' lang='lat' dir='ltr'><strong>Rubanus</strong></span> 
     </span>
    </p>
   </div>
   <div class='ocr_carea' id='block_1_112' title="bbox 2144 4449 3715 4531">
    <p class='ocr_par' dir='ltr' id='par_1_112' title="bbox 2144 4449 3715 4531">
     <span class='ocr_line' id='line_1_113' title="bbox 2144 4449 3715 4531; baseline 0.005 -29"><span class='ocrx_word' id='word_1_873' title='bbox 2144 4462 2311 4531; x_wconf 40' lang='lat' dir='ltr'><strong>vero;</strong></span> <span class='ocrx_word' id='word_1_874' title='bbox 2342 4466 2361 4499; x_wconf 84' lang='lat' dir='ltr'><strong>t</strong></span> <span class='ocrx_word' id='word_1_875' title='bbox 2387 4449 2481 4531; x_wconf 77' lang='lat' dir='ltr'><strong>qui</strong></span> <span class='ocrx_word' id='word_1_876' title='bbox 2511 4450 2939 4531; x_wconf 65' lang='lat' dir='ltr'><strong>perspiritaletn</strong></span> <span class='ocrx_word' id='word_1_877' title='bbox 2963 4453 3126 4531; x_wconf 81' lang='lat' dir='ltr'><strong>viam,</strong></span> <span class='ocrx_word' id='word_1_878' title='bbox 3156 4468 3173 4502; x_wconf 80' lang='grc' dir='ltr'><strong>ι</strong></span> <span class='ocrx_word' id='word_1_879' title='bbox 3210 4460 3332 4531; x_wconf 88' lang='lat' dir='ltr'><strong>etc._</strong></span> <span class='ocrx_word' id='word_1_880' title='bbox 3360 4452 3559 4531; x_wconf 75' lang='lat' dir='ltr'><strong>Deinde</strong></span> <span class='ocrx_word' id='word_1_881' title='bbox 3584 4472 3715 4510; x_wconf 64' lang='lat' dir='ltr'><strong>Illas.</strong></span> 
     </span>
    </p>
   </div>
   <div class='ocr_carea' id='block_1_113' title="bbox 2141 4518 3713 4591">
    <p class='ocr_par' dir='ltr' id='par_1_113' title="bbox 2141 4518 3713 4591">
     <span class='ocr_line' id='line_1_114' title="bbox 2141 4518 3713 4591; baseline 0.004 -19"><span class='ocrx_word' id='word_1_882' title='bbox 2141 4519 2248 4591; x_wconf 82' lang='lat' dir='ltr'><strong>duo</strong></span> <span class='ocrx_word' id='word_1_883' title='bbox 2271 4518 2442 4591; x_wconf 83' lang='lat' dir='ltr'><strong>Regii,</strong></span> <span class='ocrx_word' id='word_1_884' title='bbox 2473 4526 2530 4573; x_wconf 89' lang='lat' dir='ltr'><strong>et</strong></span> <span class='ocrx_word' id='word_1_885' title='bbox 2550 4518 2700 4583; x_wconf 91' lang='lat' dir='ltr'><strong>editi,</strong></span> <span class='ocrx_word' id='word_1_886' title='bbox 2743 4538 2762 4570; x_wconf 88' lang='lat' dir='ltr'><strong>t</strong></span> <span class='ocrx_word' id='word_1_887' title='bbox 2801 4519 3054 4591; x_wconf 90' lang='lat' dir='ltr'><strong>Istisunt</strong></span> <span class='ocrx_word' id='word_1_888' title='bbox 3075 4534 3204 4589; x_wconf 86' lang='lat' dir='ltr'><strong>ergo</strong></span> <span class='ocrx_word' id='word_1_889' title='bbox 3235 4521 3399 4591; x_wconf 87' lang='lat' dir='ltr'><strong>pedes</strong></span> <span class='ocrx_word' id='word_1_890' title='bbox 3426 4523 3713 4591; x_wconf 91' lang='lat' dir='ltr'><strong>quibus....</strong></span> 
     </span>
    </p>
   </div>
   <div class='ocr_carea' id='block_1_114' title="bbox 2141 4588 3718 4665">
    <p class='ocr_par' dir='ltr' id='par_1_114' title="bbox 2141 4588 3718 4665">
     <span class='ocr_line' id='line_1_115' title="bbox 2141 4588 3718 4665; baseline 0.004 -24"><span class='ocrx_word' id='word_1_891' title='bbox 2141 4588 2236 4665; x_wconf 81' lang='lat' dir='ltr'><strong>sed</strong></span> <span class='ocrx_word' id='word_1_892' title='bbox 2263 4597 2317 4665; x_wconf 81' lang='lat' dir='ltr'><strong>et</strong></span> <span class='ocrx_word' id='word_1_893' title='bbox 2345 4589 2675 4665; x_wconf 75' lang='lat' dir='ltr'><strong>siccurrere</strong></span> <span class='ocrx_word' id='word_1_894' title='bbox 2700 4607 2726 4665; x_wconf 72' lang='grc' dir='ltr'><strong>Δι</strong></span> <span class='ocrx_word' id='word_1_895' title='bbox 2763 4590 2941 4665; x_wconf 75' lang='lat' dir='ltr'><strong>(editi,</strong></span> <span class='ocrx_word' id='word_1_896' title='bbox 2979 4609 2997 4640; x_wconf 78' lang='grc' dir='ltr'><strong>ι</strong></span> <span class='ocrx_word' id='word_1_897' title='bbox 3022 4588 3351 4665; x_wconf 73' lang='lat' dir='ltr'><strong>cucurrisse)</strong></span> <span class='ocrx_word' id='word_1_898' title='bbox 3388 4588 3718 4665; x_wconf 57' lang='lat' dir='ltr'><strong>ut&#39;compre-</strong></span> 
     </span>
    </p>
   </div>
   <div class='ocr_carea' id='block_1_115' title="bbox 2144 4658 3716 4733">
    <p class='ocr_par' dir='ltr' id='par_1_115' title="bbox 2144 4658 3716 4733">
     <span class='ocr_line' id='line_1_116' title="bbox 2144 4658 3716 4733; baseline 0.005 -22"><span class='ocrx_word' id='word_1_899' title='bbox 2144 4658 2367 4733; x_wconf 79' lang='lat' dir='ltr'><strong>hendat,</strong></span> <span class='ocrx_word' id='word_1_900' title='bbox 2405 4658 2455 4712; x_wconf 93' lang='lat' dir='ltr'><strong>id</strong></span> <span class='ocrx_word' id='word_1_901' title='bbox 2483 4669 2601 4723; x_wconf 90' lang='lat' dir='ltr'><strong>est,</strong></span> <span class='ocrx_word' id='word_1_902' title='bbox 2626 4660 2820 4733; x_wconf 60' lang='lat' dir='ltr'><strong>animm</strong></span> <span class='ocrx_word' id='word_1_903' title='bbox 2853 4660 3007 4733; x_wconf 72' lang='lat' dir='ltr'><strong>vigor</strong></span> <span class='ocrx_word' id='word_1_904' title='bbox 3038 4678 3073 4733; x_wconf 65' lang='grc' dir='ltr'><strong>ιΔ</strong></span> <span class='ocrx_word' id='word_1_905' title='bbox 3099 4658 3286 4730; x_wconf 90' lang='lat' dir='ltr'><strong>(editi,</strong></span> <span class='ocrx_word' id='word_1_906' title='bbox 3322 4658 3716 4733; x_wconf 57' lang='lat' dir='ltr'><strong>ianimofquo</strong></span> 
     </span>
    </p>
   </div>
   <div class='ocr_carea' id='block_1_116' title="bbox 2144 4680 3714 4809">
    <p class='ocr_par' dir='ltr' id='par_1_116' title="bbox 2144 4680 3714 4809">
     <span class='ocr_line' id='line_1_117' title="bbox 2144 4680 3714 4733; baseline 0.002 -23"><span class='ocrx_word' id='word_1_907' title='bbox 2144 4680 2367 4722; x_wconf 80' lang='lat' dir='ltr'><strong>nenuat,</strong></span> <span class='ocrx_word' id='word_1_908' title='bbox 2405 4680 2455 4712; x_wconf 85' lang='lat' dir='ltr'><strong>lu</strong></span> <span class='ocrx_word' id='word_1_909' title='bbox 2483 4680 2601 4723; x_wconf 71' lang='grc' dir='ltr'><em>εει,</em></span> <span class='ocrx_word' id='word_1_910' title='bbox 2626 4680 2820 4713; x_wconf 74' lang='lat' dir='ltr'><strong>anima:</strong></span> <span class='ocrx_word' id='word_1_911' title='bbox 2853 4680 3007 4728; x_wconf 66' lang='grc' dir='ltr'>νιεοτ</span> <span class='ocrx_word' id='word_1_912' title='bbox 3038 4680 3057 4711; x_wconf 74' lang='grc'><strong>1</strong></span> <span class='ocrx_word' id='word_1_913' title='bbox 3099 4680 3249 4730; x_wconf 67' lang='lat' dir='ltr'><strong>(eum</strong></span> <span class='ocrx_word' id='word_1_914' title='bbox 3270 4703 3286 4727; x_wconf 77' lang='lat'><strong><em>,</em></strong></span> <span class='ocrx_word' id='word_1_915' title='bbox 3322 4680 3340 4711; x_wconf 79' lang='lat' dir='ltr'><strong>I</strong></span> <span class='ocrx_word' id='word_1_916' title='bbox 3377 4680 3581 4733; x_wconf 79' lang='lat' dir='ltr'><strong>animo)</strong></span> <span class='ocrx_word' id='word_1_917' title='bbox 3607 4684 3618 4713; x_wconf 83' lang='lat' dir='ltr'><strong>t</strong></span> <span class='ocrx_word' id='word_1_918' title='bbox 3646 4681 3714 4721; x_wconf 79' lang='grc' dir='ltr'>ιω</span> 
     </span>
     <span class='ocr_line' id='line_1_118' title="bbox 2144 4680 3714 4809; baseline 0.005 -28"><span class='ocrx_word' id='word_1_919' title='bbox 2144 4728 2403 4809; x_wconf 71' lang='lat' dir='ltr'><strong>tenditur,</strong></span> <span class='ocrx_word' id='word_1_920' title='bbox 2436 4745 2460 4809; x_wconf 60' lang='grc' dir='ltr'><em>ρ</em></span> <span class='ocrx_word' id='word_1_921' title='bbox 2510 4738 2631 4809; x_wconf 87' lang='lat' dir='ltr'><strong>etc.</strong></span> <span class='ocrx_word' id='word_1_922' title='bbox 2793 4743 2897 4809; x_wconf 73' lang='lat' dir='ltr'><strong>nis.</strong></span> <span class='ocrx_word' id='word_1_923' title='bbox 2944 4729 3146 4799; x_wconf 74' lang='lat' dir='ltr'><strong>Regius</strong></span> <span class='ocrx_word' id='word_1_924' title='bbox 3173 4746 3324 4786; x_wconf 91' lang='lat' dir='ltr'><strong>num.</strong></span> <span class='ocrx_word' id='word_1_925' title='bbox 3350 4732 3491 4789; x_wconf 82' lang='grc'><strong>1659</strong></span> <span class='ocrx_word' id='word_1_926' title='bbox 3522 4743 3576 4788; x_wconf 91' lang='lat' dir='ltr'><strong>et</strong></span> <span class='ocrx_word' id='word_1_927' title='bbox 3602 4680 3714 4789; x_wconf 64' lang='lat' dir='ltr'><strong>Ra-</strong></span> 
     </span>
    </p>
   </div>
   <div class='ocr_carea' id='block_1_117' title="bbox 2140 4797 2902 4853">
    <p class='ocr_par' dir='ltr' id='par_1_117' title="bbox 2140 4797 2902 4853">
     <span class='ocr_line' id='line_1_119' title="bbox 2140 4797 2902 4853; baseline -0.001 -1"><span class='ocrx_word' id='word_1_928' title='bbox 2140 4797 2314 4852; x_wconf 86' lang='lat' dir='ltr'><strong>hanus</strong></span> <span class='ocrx_word' id='word_1_929' title='bbox 2343 4807 2403 4851; x_wconf 93' lang='lat' dir='ltr'><strong>ut</strong></span> <span class='ocrx_word' id='word_1_930' title='bbox 2435 4798 2487 4851; x_wconf 91' lang='lat' dir='ltr'><strong>in</strong></span> <span class='ocrx_word' id='word_1_931' title='bbox 2513 4808 2703 4853; x_wconf 91' lang='lat' dir='ltr'><strong>nostro</strong></span> <span class='ocrx_word' id='word_1_932' title='bbox 2728 4807 2902 4852; x_wconf 81' lang='lat' dir='ltr'><strong>textu.</strong></span> 
     </span>
    </p>
   </div>
   <div class='ocr_carea' id='block_1_118' title="bbox 2214 4867 3716 4938">
    <p class='ocr_par' dir='ltr' id='par_1_118' title="bbox 2214 4867 3716 4938">
     <span class='ocr_line' id='line_1_120' title="bbox 2214 4867 3716 4938; baseline 0.005 -18"><span class='ocrx_word' id='word_1_933' title='bbox 2214 4868 2328 4938; x_wconf 80' lang='lat'><strong>(56)</strong></span> <span class='ocrx_word' id='word_1_934' title='bbox 2368 4867 2531 4938; x_wconf 79' lang='lat' dir='ltr'><strong>Editi,</strong></span> <span class='ocrx_word' id='word_1_935' title='bbox 2571 4886 2589 4918; x_wconf 86' lang='lat' dir='ltr'><strong>t</strong></span> <span class='ocrx_word' id='word_1_936' title='bbox 2623 4868 2881 4922; x_wconf 86' lang='lat' dir='ltr'><strong>Gratiftce</strong></span> <span class='ocrx_word' id='word_1_937' title='bbox 2908 4875 3089 4921; x_wconf 91' lang='lat' dir='ltr'><strong>autem</strong></span> <span class='ocrx_word' id='word_1_938' title='bbox 3120 4867 3288 4937; x_wconf 90' lang='lat' dir='ltr'><strong>pedes</strong></span> <span class='ocrx_word' id='word_1_939' title='bbox 3316 4869 3449 4924; x_wconf 92' lang='lat' dir='ltr'><strong>istos</strong></span> <span class='ocrx_word' id='word_1_940' title='bbox 3470 4885 3593 4927; x_wconf 90' lang='lat' dir='ltr'><strong>esse</strong></span> <span class='ocrx_word' id='word_1_941' title='bbox 3625 4874 3716 4928; x_wconf 88' lang='lat' dir='ltr'><strong>fir-</strong></span> 
     </span>
    </p>
   </div>
   <div class='ocr_carea' id='block_1_119' title="bbox 2142 4937 3717 5009">
    <p class='ocr_par' dir='ltr' id='par_1_119' title="bbox 2142 4937 3717 5009">
     <span class='ocr_line' id='line_1_121' title="bbox 2142 4937 3717 5009; baseline 0.006 -18"><span class='ocrx_word' id='word_1_942' title='bbox 2142 4937 2332 4991; x_wconf 89' lang='lat' dir='ltr'><strong>mavit.</strong></span> <span class='ocrx_word' id='word_1_943' title='bbox 2370 4956 2389 4989; x_wconf 77' lang='grc' dir='ltr'><strong>ι</strong></span> <span class='ocrx_word' id='word_1_944' title='bbox 2446 4937 2701 4991; x_wconf 83' lang='lat' dir='ltr'><strong>Rabanus</strong></span> <span class='ocrx_word' id='word_1_945' title='bbox 2740 4952 2868 4991; x_wconf 88' lang='lat' dir='ltr'><strong>vero</strong></span> <span class='ocrx_word' id='word_1_946' title='bbox 2886 4978 2905 5009; x_wconf 14' lang='grc' dir='ltr'><strong>,γ</strong></span> <span class='ocrx_word' id='word_1_947' title='bbox 2939 4939 3290 5009; x_wconf 71' lang='lat' dir='ltr'><strong>«Speciosos</strong></span> <span class='ocrx_word' id='word_1_948' title='bbox 3333 4953 3513 4995; x_wconf 90' lang='lat' dir='ltr'><strong>autem</strong></span> <span class='ocrx_word' id='word_1_949' title='bbox 3549 4946 3717 5009; x_wconf 86' lang='lat' dir='ltr'><strong>pedes</strong></span> 
     </span>
    </p>
   </div>
   <div class='ocr_carea' id='block_1_120' title="bbox 2143 5008 3714 5080">
    <p class='ocr_par' dir='ltr' id='par_1_120' title="bbox 2143 5008 3714 5080">
     <span class='ocr_line' id='line_1_122' title="bbox 2143 5008 3714 5080; baseline 0.004 -20"><span class='ocrx_word' id='word_1_950' title='bbox 2143 5009 2276 5062; x_wconf 88' lang='lat' dir='ltr'><strong>istos</strong></span> <span class='ocrx_word' id='word_1_951' title='bbox 2320 5023 2443 5080; x_wconf 84' lang='lat' dir='ltr'><strong>esse</strong></span> <span class='ocrx_word' id='word_1_952' title='bbox 2489 5008 2852 5080; x_wconf 65' lang='lat' dir='ltr'><strong>lirmabitur.»</strong></span> <span class='ocrx_word' id='word_1_953' title='bbox 2895 5008 3097 5063; x_wconf 89' lang='lat' dir='ltr'><strong>Deinde</strong></span> <span class='ocrx_word' id='word_1_954' title='bbox 3125 5009 3285 5074; x_wconf 91' lang='lat' dir='ltr'><strong>editi,</strong></span> <span class='ocrx_word' id='word_1_955' title='bbox 3323 5028 3341 5060; x_wconf 82' lang='grc' dir='ltr'><strong>ι</strong></span> <span class='ocrx_word' id='word_1_956' title='bbox 3384 5023 3441 5065; x_wconf 90' lang='lat' dir='ltr'><strong>et</strong></span> <span class='ocrx_word' id='word_1_957' title='bbox 3468 5008 3714 5080; x_wconf 84' lang='lat' dir='ltr'><strong>quamvis</strong></span> 
     </span>
    </p>
   </div>
   <div class='ocr_carea' id='block_1_121' title="bbox 2142 5078 3712 5152">
    <p class='ocr_par' dir='ltr' id='par_1_121' title="bbox 2142 5078 3712 5152">
     <span class='ocr_line' id='line_1_123' title="bbox 2142 5078 3712 5152; baseline 0.004 -21"><span class='ocrx_word' id='word_1_958' title='bbox 2142 5078 2745 5152; x_wconf 74' lang='lat' dir='ltr'><strong>corporaliterspecie,</strong></span> <span class='ocrx_word' id='word_1_959' title='bbox 2779 5096 2798 5129; x_wconf 74' lang='grc' dir='ltr'><strong>ι</strong></span> <span class='ocrx_word' id='word_1_960' title='bbox 2828 5088 2937 5133; x_wconf 90' lang='lat' dir='ltr'><strong>etc.</strong></span> <span class='ocrx_word' id='word_1_961' title='bbox 2958 5119 2974 5143; x_wconf 94' lang='lat'><strong>,</strong></span> <span class='ocrx_word' id='word_1_962' title='bbox 3019 5080 3222 5152; x_wconf 84' lang='lat' dir='ltr'><strong>omisso</strong></span> <span class='ocrx_word' id='word_1_963' title='bbox 3253 5098 3272 5129; x_wconf 76' lang='grc' dir='ltr'><strong>ι</strong></span> <span class='ocrx_word' id='word_1_964' title='bbox 3309 5091 3439 5152; x_wconf 86' lang='lat' dir='ltr'><strong>tunc</strong></span> <span class='ocrx_word' id='word_1_965' title='bbox 3461 5078 3532 5146; x_wconf 67' lang='grc'><strong>,⁷)</strong></span> <span class='ocrx_word' id='word_1_966' title='bbox 3568 5087 3712 5152; x_wconf 86' lang='lat' dir='ltr'><strong>quod</strong></span> 
     </span>
    </p>
   </div>
   <div class='ocr_carea' id='block_1_122' title="bbox 2140 5147 3717 5228">
    <p class='ocr_par' dir='ltr' id='par_1_122' title="bbox 2140 5147 3717 5228">
     <span class='ocr_line' id='line_1_124' title="bbox 2140 5147 3717 5228; baseline 0.005 -29"><span class='ocrx_word' id='word_1_967' title='bbox 2140 5148 2303 5228; x_wconf 77' lang='lat' dir='ltr'><strong>etiam</strong></span> <span class='ocrx_word' id='word_1_968' title='bbox 2330 5148 2572 5228; x_wconf 40' lang='lat' dir='ltr'><strong>deestnin‘</strong></span> <span class='ocrx_word' id='word_1_969' title='bbox 2585 5147 2827 5228; x_wconf 76' lang='lat' dir='ltr'><strong>pluribus</strong></span> <span class='ocrx_word' id='word_1_970' title='bbox 2851 5164 3015 5228; x_wconf 47' lang='lat' dir='ltr'><strong>ills-8.,</strong></span> <span class='ocrx_word' id='word_1_971' title='bbox 3045 5150 3137 5203; x_wconf 91' lang='lat' dir='ltr'><strong>sed</strong></span> <span class='ocrx_word' id='word_1_972' title='bbox 3173 5159 3352 5204; x_wconf 78' lang='lat' dir='ltr'><strong>exstat</strong></span> <span class='ocrx_word' id='word_1_973' title='bbox 3390 5151 3445 5205; x_wconf 90' lang='lat' dir='ltr'><strong>in</strong></span> <span class='ocrx_word' id='word_1_974' title='bbox 3481 5147 3717 5208; x_wconf 51' lang='lat' dir='ltr'><strong>msflie-</strong></span> 
     </span>
    </p>
   </div>
   <div class='ocr_carea' id='block_1_123' title="bbox 2142 5216 3633 5358">
    <p class='ocr_par' dir='ltr' id='par_1_123' title="bbox 2142 5216 3633 5358">
     <span class='ocr_line' id='line_1_125' title="bbox 2142 5216 3153 5287; baseline 0 -16"><span class='ocrx_word' id='word_1_975' title='bbox 2142 5218 2229 5287; x_wconf 89' lang='lat' dir='ltr'><strong>gio</strong></span> <span class='ocrx_word' id='word_1_976' title='bbox 2256 5233 2406 5271; x_wconf 90' lang='lat' dir='ltr'><strong>num.</strong></span> <span class='ocrx_word' id='word_1_977' title='bbox 2436 5216 2574 5272; x_wconf 90' lang='grc'><strong>1659</strong></span> <span class='ocrx_word' id='word_1_978' title='bbox 2600 5226 2655 5271; x_wconf 92' lang='lat' dir='ltr'><strong>et</strong></span> <span class='ocrx_word' id='word_1_979' title='bbox 2678 5219 2816 5287; x_wconf 90' lang='lat' dir='ltr'><strong>apud</strong></span> <span class='ocrx_word' id='word_1_980' title='bbox 2849 5218 3153 5273; x_wconf 85' lang='lat' dir='ltr'><strong>Rabanum.</strong></span> 
     </span>
     <span class='ocr_line' id='line_1_126' title="bbox 2212 5287 3633 5358; baseline 0.002 -17"><span class='ocrx_word' id='word_1_981' title='bbox 2212 5287 2323 5358; x_wconf 85' lang='grc'>(57)</span> <span class='ocrx_word' id='word_1_982' title='bbox 2364 5288 2493 5343; x_wconf 90' lang='lat' dir='ltr'><strong>Mss.</strong></span> <span class='ocrx_word' id='word_1_983' title='bbox 2526 5290 2654 5351; x_wconf 91' lang='lat' dir='ltr'><strong>duo,</strong></span> <span class='ocrx_word' id='word_1_984' title='bbox 2685 5302 2992 5357; x_wconf 84' lang='lat' dir='ltr'><strong>perperam,</strong></span> <span class='ocrx_word' id='word_1_985' title='bbox 3028 5304 3048 5339; x_wconf 80' lang='grc' dir='ltr'><strong>ι</strong></span> <span class='ocrx_word' id='word_1_986' title='bbox 3095 5304 3200 5343; x_wconf 83' lang='grc' dir='ltr'>ιιοιι</span> <span class='ocrx_word' id='word_1_987' title='bbox 3231 5288 3576 5358; x_wconf 80' lang='lat' dir='ltr'><strong>intelligenti.</strong></span> <span class='ocrx_word' id='word_1_988' title='bbox 3612 5310 3633 5344; x_wconf 74' lang='grc' dir='ltr'><strong>ι</strong></span> 
     </span>
    </p>
   </div>
   <div class='ocr_carea' id='block_1_124' title="bbox 2236 5358 3713 5426">
    <p class='ocr_par' dir='ltr' id='par_1_124' title="bbox 2236 5358 3713 5426">
     <span class='ocr_line' id='line_1_127' title="bbox 2236 5358 3713 5426; baseline 0.003 -15"><span class='ocrx_word' id='word_1_989' title='bbox 2236 5358 2326 5426; x_wconf 84' lang='grc'>58)</span> <span class='ocrx_word' id='word_1_990' title='bbox 2366 5359 2504 5411; x_wconf 86' lang='lat' dir='ltr'><strong>Editi</strong></span> <span class='ocrx_word' id='word_1_991' title='bbox 2531 5396 2547 5421; x_wconf 91' lang='lat'><strong>,</strong></span> <span class='ocrx_word' id='word_1_992' title='bbox 2601 5376 2621 5408; x_wconf 83' lang='lat' dir='ltr'><strong>t</strong></span> <span class='ocrx_word' id='word_1_993' title='bbox 2653 5367 2910 5426; x_wconf 86' lang='lat' dir='ltr'><strong>tanquam</strong></span> <span class='ocrx_word' id='word_1_994' title='bbox 2953 5359 3021 5411; x_wconf 91' lang='lat' dir='ltr'><strong>de</strong></span> <span class='ocrx_word' id='word_1_995' title='bbox 3053 5372 3111 5411; x_wconf 90' lang='lat' dir='ltr'><strong>se</strong></span> <span class='ocrx_word' id='word_1_996' title='bbox 3156 5359 3430 5413; x_wconf 83' lang='lat' dir='ltr'><strong>credentis</strong></span> <span class='ocrx_word' id='word_1_997' title='bbox 3473 5363 3713 5416; x_wconf 75' lang='lat' dir='ltr'><strong>scientia:</strong></span> 
     </span>
    </p>
   </div>
   <div class='ocr_carea' id='block_1_125' title="bbox 2142 5426 3712 5498">
    <p class='ocr_par' dir='ltr' id='par_1_125' title="bbox 2142 5426 3712 5498">
     <span class='ocr_line' id='line_1_128' title="bbox 2142 5426 3712 5498; baseline 0.005 -18"><span class='ocrx_word' id='word_1_998' title='bbox 2142 5426 2348 5497; x_wconf 82' lang='lat' dir='ltr'><strong>prel&#39;ert</strong></span> <span class='ocrx_word' id='word_1_999' title='bbox 2381 5430 2702 5492; x_wconf 87' lang='lat' dir='ltr'><strong>thesaurus,</strong></span> <span class='ocrx_word' id='word_1_1000' title='bbox 2740 5446 2759 5479; x_wconf 73' lang='grc' dir='ltr'><strong>ι</strong></span> <span class='ocrx_word' id='word_1_1001' title='bbox 2815 5427 2960 5498; x_wconf 43' lang='lat' dir='ltr'><strong>(Ms,</strong></span> <span class='ocrx_word' id='word_1_1002' title='bbox 2984 5426 3184 5496; x_wconf 81' lang='lat' dir='ltr'><strong>Regius</strong></span> <span class='ocrx_word' id='word_1_1003' title='bbox 3223 5443 3371 5481; x_wconf 94' lang='lat' dir='ltr'><strong>num.</strong></span> <span class='ocrx_word' id='word_1_1004' title='bbox 3424 5430 3611 5488; x_wconf 78' lang='grc' dir='ltr'><strong>1659,ι</strong></span> <span class='ocrx_word' id='word_1_1005' title='bbox 3645 5438 3712 5488; x_wconf 87' lang='lat' dir='ltr'><strong>de</strong></span> 
     </span>
    </p>
   </div>
   <div class='ocr_carea' id='block_1_126' title="bbox 2145 5497 3707 5568">
    <p class='ocr_par' dir='ltr' id='par_1_126' title="bbox 2145 5497 3707 5568">
     <span class='ocr_line' id='line_1_129' title="bbox 2145 5497 3707 5568; baseline 0.004 -17"><span class='ocrx_word' id='word_1_1006' title='bbox 2145 5510 2252 5568; x_wconf 87' lang='lat' dir='ltr'><strong>tam</strong></span> <span class='ocrx_word' id='word_1_1007' title='bbox 2286 5499 2513 5552; x_wconf 91' lang='lat' dir='ltr'><strong>secretis</strong></span> <span class='ocrx_word' id='word_1_1008' title='bbox 2555 5499 2795 5552; x_wconf 78' lang='lat' dir='ltr'><strong>scientia:</strong></span> <span class='ocrx_word' id='word_1_1009' title='bbox 2828 5497 3044 5568; x_wconf 80' lang='lat' dir='ltr'><strong>profert</strong></span> <span class='ocrx_word' id='word_1_1010' title='bbox 3097 5499 3390 5568; x_wconf 87' lang='lat' dir='ltr'><strong>thesauris)</strong></span> <span class='ocrx_word' id='word_1_1011' title='bbox 3437 5511 3494 5554; x_wconf 93' lang='lat' dir='ltr'><strong>et</strong></span> <span class='ocrx_word' id='word_1_1012' title='bbox 3527 5501 3707 5559; x_wconf 87' lang='lat' dir='ltr'><strong>dicit:</strong></span> 
     </span>
    </p>
   </div>
   <div class='ocr_carea' id='block_1_127' title="bbox 2143 5567 3706 5637">
    <p class='ocr_par' dir='ltr' id='par_1_127' title="bbox 2143 5567 3706 5637">
     <span class='ocr_line' id='line_1_130' title="bbox 2143 5567 3706 5637; baseline 0.003 -17"><span class='ocrx_word' id='word_1_1013' title='bbox 2143 5567 2297 5633; x_wconf 90' lang='lat' dir='ltr'><strong>Quod</strong></span> <span class='ocrx_word' id='word_1_1014' title='bbox 2322 5583 2421 5637; x_wconf 89' lang='lat' dir='ltr'><strong>ego</strong></span> <span class='ocrx_word' id='word_1_1015' title='bbox 2449 5568 2546 5623; x_wconf 85' lang='lat' dir='ltr'><strong>feci</strong></span> <span class='ocrx_word' id='word_1_1016' title='bbox 2578 5570 2751 5631; x_wconf 87' lang='lat' dir='ltr'><strong>vobis,</strong></span> <span class='ocrx_word' id='word_1_1017' title='bbox 2786 5567 3026 5637; x_wconf 86' lang='lat' dir='ltr'><strong>nescitis</strong></span> <span class='ocrx_word' id='word_1_1018' title='bbox 3066 5569 3262 5633; x_wconf 90' lang='lat' dir='ltr'><strong>modo;</strong></span> <span class='ocrx_word' id='word_1_1019' title='bbox 3308 5567 3492 5623; x_wconf 89' lang='lat' dir='ltr'><strong>scietis</strong></span> <span class='ocrx_word' id='word_1_1020' title='bbox 3526 5580 3706 5625; x_wconf 90' lang='lat' dir='ltr'><strong>autem</strong></span> 
     </span>
    </p>
   </div>
   <div class='ocr_carea' id='block_1_128' title="bbox 2143 5636 3705 5706">
    <p class='ocr_par' dir='ltr' id='par_1_128' title="bbox 2143 5636 3705 5706">
     <span class='ocr_line' id='line_1_131' title="bbox 2143 5636 3705 5706; baseline 0.006 -19"><span class='ocrx_word' id='word_1_1021' title='bbox 2143 5647 2327 5705; x_wconf 77' lang='lat' dir='ltr'><strong>puStea</strong></span> <span class='ocrx_word' id='word_1_1022' title='bbox 2355 5636 2375 5690; x_wconf 75' lang='grc' dir='ltr'>ξ</span> <span class='ocrx_word' id='word_1_1023' title='bbox 2395 5647 2451 5691; x_wconf 92' lang='lat' dir='ltr'><strong>et</strong></span> <span class='ocrx_word' id='word_1_1024' title='bbox 2477 5638 2658 5700; x_wconf 88' lang='lat' dir='ltr'><strong>addit,</strong></span> <span class='ocrx_word' id='word_1_1025' title='bbox 2703 5636 2831 5705; x_wconf 83' lang='lat' dir='ltr'><strong>quia</strong></span> <span class='ocrx_word' id='word_1_1026' title='bbox 2865 5638 2909 5692; x_wconf 90' lang='lat' dir='ltr'><strong>si</strong></span> <span class='ocrx_word' id='word_1_1027' title='bbox 2936 5652 3038 5706; x_wconf 76' lang='lat' dir='ltr'><strong>ego</strong></span> <span class='ocrx_word' id='word_1_1028' title='bbox 3064 5638 3345 5694; x_wconf 89' lang='lat' dir='ltr'><strong>Dominus.</strong></span> <span class='ocrx_word' id='word_1_1029' title='bbox 3380 5657 3399 5691; x_wconf 77' lang='grc' dir='ltr'><strong>ι</strong></span> <span class='ocrx_word' id='word_1_1030' title='bbox 3433 5638 3531 5695; x_wconf 81' lang='lat' dir='ltr'><strong>Ms.</strong></span> <span class='ocrx_word' id='word_1_1031' title='bbox 3566 5656 3705 5696; x_wconf 83' lang='lat' dir='ltr'><strong>unus</strong></span> 
     </span>
    </p>
   </div>
   <div class='ocr_carea' id='block_1_129' title="bbox 2146 5707 3285 5777">
    <p class='ocr_par' dir='ltr' id='par_1_129' title="bbox 2146 5707 3285 5777">
     <span class='ocr_line' id='line_1_132' title="bbox 2146 5707 3285 5777; baseline -0.002 -15"><span class='ocrx_word' id='word_1_1032' title='bbox 2146 5707 2347 5775; x_wconf 87' lang='lat' dir='ltr'><strong>Regius</strong></span> <span class='ocrx_word' id='word_1_1033' title='bbox 2372 5708 2571 5777; x_wconf 87' lang='lat' dir='ltr'><strong>omittit</strong></span> <span class='ocrx_word' id='word_1_1034' title='bbox 2602 5726 2622 5758; x_wconf 77' lang='grc' dir='ltr'><strong>ι</strong></span> <span class='ocrx_word' id='word_1_1035' title='bbox 2654 5709 2779 5777; x_wconf 91' lang='lat' dir='ltr'><strong>quia</strong></span> <span class='ocrx_word' id='word_1_1036' title='bbox 2812 5724 2832 5757; x_wconf 75' lang='grc' dir='ltr'><strong>ι</strong></span> <span class='ocrx_word' id='word_1_1037' title='bbox 2858 5718 2985 5761; x_wconf 88' lang='lat' dir='ltr'><strong>ante</strong></span> <span class='ocrx_word' id='word_1_1038' title='bbox 3014 5723 3034 5756; x_wconf 77' lang='grc' dir='ltr'><strong>ι</strong></span> <span class='ocrx_word' id='word_1_1039' title='bbox 3066 5708 3230 5763; x_wconf 85' lang='lat' dir='ltr'><strong>sicut.</strong></span> <span class='ocrx_word' id='word_1_1040' title='bbox 3264 5727 3285 5760; x_wconf 81' lang='grc' dir='ltr'><strong>ι</strong></span> 
     </span>
    </p>
   </div>
   <div class='ocr_carea' id='block_1_130' title="bbox 2215 5775 3105 5846">
    <p class='ocr_par' dir='ltr' id='par_1_130' title="bbox 2215 5775 3105 5846">
     <span class='ocr_line' id='line_1_133' title="bbox 2215 5775 3105 5846; baseline 0.001 -15"><span class='ocrx_word' id='word_1_1041' title='bbox 2215 5777 2328 5846; x_wconf 86' lang='grc'>(59)</span> <span class='ocrx_word' id='word_1_1042' title='bbox 2368 5775 2620 5832; x_wconf 79' lang='lat' dir='ltr'><strong>Invicem.</strong></span> <span class='ocrx_word' id='word_1_1043' title='bbox 2659 5775 2817 5833; x_wconf 83' lang='lat' dir='ltr'><strong>Deest</strong></span> <span class='ocrx_word' id='word_1_1044' title='bbox 2849 5778 2903 5831; x_wconf 91' lang='lat' dir='ltr'><strong>in</strong></span> <span class='ocrx_word' id='word_1_1045' title='bbox 2925 5778 3105 5833; x_wconf 86' lang='lat' dir='ltr'><strong>editis.</strong></span> 
     </span>
    </p>
   </div>
   <div class='ocr_carea' id='block_1_131' title="bbox 3751 5743 3768 5787">
    <p class='ocr_par' dir='ltr' id='par_1_131' title="bbox 3751 5743 3768 5787">
     <span class='ocr_line' id='line_1_134' title="bbox 3751 5743 3768 5787; baseline 0 0"><span class='ocrx_word' id='word_1_1046' title='bbox 3751 5743 3768 5787; x_wconf 62' lang='grc' dir='ltr'><strong><em>ἲ</em></strong></span> 
     </span>
    </p>
   </div>
  </div>
