4146 6406
421 395 563 449 1167)

1340 382 1704 439 COMMENT.
1743 383 1808 436 IN
1844 382 2062 437 EPIST.
2101 380 2193 435 AD
2226 379 2395 436 ROM.
2435 380 2565 434 LIB.
2604 380 2743 434 VIII.

3535 384 3680 438 1170

409 522 536 563 vam
557 545 575 571 ,
606 513 665 559 et
692 504 737 559 si
761 503 884 571 quis
914 501 1148 570 accipiat
1175 500 1362 554 bibere
1396 516 1425 553 a
1454 498 1582 555 Iesu
1602 539 1618 565 ,
1654 510 1709 554 et
1739 515 1877 568 aqua
1908 500 1996 553 illa
2026 504 2075 563 Α,
2103 498 2244 553 tiant
2269 538 2284 564 ,
2316 499 2411 552 sed
2437 497 2574 552 bene
2597 506 2653 552 et
2679 497 2888 565 integre
2918 500 3240 553 annuntiant
3265 499 3424 554 bona.
3485 500 3685 554 Exem-

417 599 509 652 Iiat
550 598 606 651 in
639 611 705 651 eo
734 594 852 650 I'ons
875 609 1029 664 aquae
1065 592 1310 647 salientis
1342 592 1393 644 in
1436 592 1605 644 vitam
1635 601 1897 646 aeternam
1923 592 1989 655 '9,

415 691 520 742 iste
558 688 626 742 de
655 687 760 741 hac
804 699 945 754 aqua
980 684 1244 736 doctrina:
1291 681 1556 749 spiritalis
1583 692 1761 749 potest
1809 680 1996 734 lavare

418 780 585 848 pedes
617 776 1048 847 discipulorum,
1083 785 1137 829 et
1168 789 1359 829 omnes
1404 789 1471 829 ex
1519 772 1699 825 anima
1752 773 1993 840 ipsorum

414 871 794 929 immunditias
834 870 1131 936 sordesque
1158 866 1367 922 diluere
1400 884 1413 920 :
1449 874 1503 919 et
1533 865 1636 919 hoc
1667 862 1871 917 faciens
1901 864 1995 917 da-

415 976 530 1020 tum
585 978 613 1016 a
662 960 925 1029 magistro
954 957 1201 1026 implebit
1247 955 1579 1024 exemplum.
1629 972 1650 1005 ‹
1684 953 1929 1023 Speciosi
1969 972 1988 1003 ι

411 1070 544 1127 ergo
581 1073 600 1107 ε
634 1062 762 1108 sunt
782 1052 946 1121 pedes
982 1047 1476 1114 evangelizanlium
1504 1047 1666 1100 bona.
1696 1065 1715 1096 ι
1755 1045 1831 1100 De
1864 1046 1995 1113 ipsis

412 1156 547 1218 puto
596 1144 827 1216 pedibus
874 1143 1038 1197 etiam
1086 1139 1196 1209 (40)
1250 1139 1301 1190 in
1350 1137 1595 1192 Canticis
1657 1138 1991 1191 canticorum

416 1240 628 1307 Sponsa
677 1234 811 1289 dicit
839 1233 907 1287 ad
937 1231 1174 1286 Verbum
1218 1228 1309 1283 Dei
1343 1242 1359 1280 :
1397 1246 1416 1278 ι
1452 1227 1580 1281 Lavi
1623 1228 1790 1298 pedes
1817 1241 1991 1291 meos,

410 1325 688 1397 quomodo
718 1322 1014 1389 inquinabo
1045 1336 1141 1373 eos
1169 1318 1256 1372 ’⁵θῖ
1291 1337 1310 1371 ι
1353 1319 1418 1372 Ει
1456 1320 1524 1373 de
1569 1319 1698 1387 ipsis
1722 1319 1994 1373 nihilomi-

410 1435 513 1474 nus
542 1417 744 1473 dicitur
768 1433 781 1469 :
827 1431 847 1465 ε
878 1412 1051 1467 Tibiae
1082 1420 1187 1465 tuae
1212 1411 1351 1466 sicut
1377 1411 1641 1466 columna:
1670 1426 1994 1466 marmoreae

410 1528 533 1568 cum
585 1508 808 1564 basibus
852 1504 1126 1575 argenteis
1154 1503 1222 1554 ιι.
1257 1522 1279 1555 ι
1321 1504 1389 1558 Et
1419 1503 1671 1558 fortassis
1716 1503 1843 1572 quia
1878 1505 1993 1559 haec

410 1601 755 1674 pulchritudo
790 1607 874 1653 est
905 1597 960 1650 in
986 1596 1213 1665 pedibus
1259 1595 1995 1667 evangelistarum,propter—

402 1712 467 1750 ea
504 1707 613 1749 non
669 1691 786 1744 vult
812 1703 909 1743 eos
941 1688 1200 1744 Dominus
1218 1685 1399 1765 'Jesus
1442 1687 1829 1741 calceamentis
1861 1701 1992 1755 ope-

407 1789 538 1851 rire,
587 1796 640 1840 et
669 1780 946 1839 occultare
976 1781 1214 1849 speciem
1251 1779 1567 1848 pulchram;
1613 1781 1709 1833 sed
1741 1778 1988 1849 praecipit

404 1881 487 1931 eis
523 1892 700 1946 neque
723 1878 1152 1933 calceamentum
1183 1872 1390 1926 habere
1423 1871 1474 1925 in
1516 1872 1602 1923 via
1628 1869 1694 1924 “.
1737 1870 1868 1936 Quae
1894 1885 1988 1924 au-
2021 1851 2060 1904 Β

408 1978 516 2022 tem
548 1969 688 2023 bona
721 1969 832 2023 sint
874 1981 996 2037 quae
1024 1964 1438 2033 evangelizant,
1470 1961 1577 2016 hoc
1604 1972 1683 2016 est
1705 2003 1720 2028 ,
1749 1977 1870 2029 quae
1895 1978 1990 2015 an-

406 2060 679 2126 nuntiant,
723 2061 1028 2114 videamus.
1070 2055 1332 2123 Quamvis
1363 2054 1467 2108 hoc
1495 2054 1670 2123 ipsum
1698 2054 1838 2123 quod
1863 2055 1993 2108 dicit

402 2152 785 2223 evangelizare
809 2192 825 2218 ,
876 2150 1273 2219 interpretetur
1323 2164 1341 2199 ι
1377 2147 1519 2200 bona
1567 2146 1893 2199 annuntiare
1917 2187 1931 2211 ,
1968 2165 1986 2197 ι

404 2260 525 2311 qua:
553 2245 661 2298 sint
687 2254 863 2298 tamen
895 2244 1033 2298 bona
1058 2258 1175 2311 qua:
1199 2239 1358 2294 bonis
1375 2237 1607 2305 addidit,
1626 2239 1991 2306 requiramus.

406 2334 582 2389 Unum
633 2343 689 2388 et
734 2346 927 2386 verum
970 2333 1174 2386 bonum
1204 2340 1288 2384 est
1334 2330 1477 2383 Deus
1499 2327 1583 2394 ⁸³,
1617 2326 1772 2395 cujus
1815 2328 1996 2398 imago

402 2424 662 2479 bonitatis
687 2433 770 2478 est
801 2423 969 2477 Filius
992 2423 1038 2454 “
1058 2461 1076 2487 ,
1116 2430 1171 2476 et
1197 2421 1435 2488 Spiritus
1456 2420 1573 2490 eju‘s
1597 2461 1613 2487 ,
1646 2420 1738 2489 qui
1791 2423 1992 2476 dicitur

403 2518 579 2571 bonus
606 2516 673 2571 ”.
716 2516 863 2571 Istud
897 2530 1029 2584 ergo
1061 2513 1173 2582 (41)
1199 2528 1363 2566 unum
1394 2514 1617 2578 bonum,
1645 2513 1771 2581 quia
1805 2512 1857 2565 in
1887 2511 1993 2565 Deo

403 2607 585 2671 Patre,
618 2616 673 2661 et
702 2605 875 2673 Filio,
904 2616 960 2660 et
992 2603 1197 2672 Spiritu
1228 2612 1421 2656 sancto
1451 2612 1572 2669 est,
1608 2620 1628 2653 ι
1665 2604 1800 2656 bona
1832 2621 1852 2654 ›
1892 2618 1992 2655 no-

401 2700 654 2754 minavit.
714 2697 831 2754 Hoc
860 2707 944 2753 est
978 2701 1121 2752 enim
1151 2698 1293 2764 quod
1336 2696 1669 2749 annuntiant
1716 2694 1993 2765 evangeli—

400 2803 537 2854 sue,
594 2790 891 2845 secundum
940 2796 1268 2858 praeceptum
1322 2787 1532 2841 Domini
1582 2795 1638 2841 et
1683 2786 1993 2841 Salvatoris

400 2881 579 2935 nostri
622 2881 854 2936 dicentis
888 2899 903 2934 :
940 2899 959 2932 ι
996 2880 1094 2945 Ite,
1128 2881 1314 2933 docete
1339 2893 1528 2933 omnes
1571 2887 1783 2947 gentes,
1814 2879 1983 2947 bapti-

398 2984 591 3028 zantes
637 2988 733 3029 eos
772 2975 827 3027 in
874 2974 1094 3028 nomine
1138 2973 1352 3039 Patris,
1386 2983 1441 3026 et
1467 2971 1623 3035 Filii,
1660 2982 1716 3026 et
1744 2970 1986 3040 Spiritus

402 3067 579 3120 sancti
605 3064 671 3119 “.
713 3083 732 3116 ι
767 3063 892 3118 Haec
914 3075 1042 3119 sunt
1072 3079 1201 3135 ergo
1229 3061 1716 3133 evangelizantium
1745 3063 1885 3117 bona
1919 3061 1984 3116 ".

400 3157 509 3212 Sed
538 3158 798 3229 quoniam
825 3166 881 3212 et
910 3157 1027 3227 ipse
1057 3156 1234 3211 bonus
1262 3157 1484 3211 nuntius
1507 3157 1730 3221 dicitur,
1764 3167 1821 3210 et
1849 3172 1989 3210 nun-

404 3252 544 3304 tiare
571 3250 637 3304 de
665 3249 822 3305 bonis
843 3290 859 3315 ,
906 3249 995 3302 illa
1034 3251 1107 3304 sit
1149 3249 1284 3303 ratio
1311 3248 1455 3317 quod
1497 3263 1605 3303 non
1640 3249 1814 3303 solum
1844 3249 1986 3303 bona

402 3341 683 3406 muttiant,
721 3341 817 3395 sed
865 3350 918 3394 et
960 3340 1101 3395 bene
1151 3341 1289 3395 bona
1327 3339 1602 3393 nuntiant.
1668 3338 1808 3395 Sunt
1841 3339 1985 3394 enim

398 3433 647 3490 nonnulli
690 3434 783 3504 qui
833 3436 1161 3490 annuntiant
1206 3434 1423 3504 quidem
1461 3433 1576 3505 (42)
1604 3443 1659 3491 et
1688 3436 1989 3505 praedicant

401 3527 468 3579 de
496 3524 660 3580 Patre
682 3567 696 3587 ,
729 3535 786 3580 et
812 3525 976 3592 Filio,
1027 3536 1081 3580 et
1112 3526 1318 3595 Spiritu
1356 3535 1585 3594 sancto;
1619 3527 1715 3581 sed
1745 3541 1848 3581 non
1878 3525 1989 3579 sin-

400 3632 548 3683 cere,
582 3633 691 3672 non
729 3620 973 3688 integre:
1009 3628 1068 3673 ut
1090 3630 1221 3675 sunt
1251 3634 1441 3675 omnes
1470 3618 1735 3681 haeretici,
1763 3619 1853 3687 qui
1890 3618 1990 3671 Pa-

404 3718 542 3761 trem
571 3708 816 3777 quidem,
853 3721 906 3766 et
938 3710 1159 3777 Filium,
1197 3722 1250 3765 et
1292 3711 1560 3781 Spiritum
1612 3720 1859 3765 sanctum
1890 3726 1989 3763 an-

404 3799 689 3868 nuntiant;
722 3801 816 3855 sed
844 3817 952 3855 non
987 3805 1143 3867 bene,
1171 3818 1344 3869 neque
1378 3800 1616 3855 lideliter
1641 3802 1983 3855 annuntiant.

320 3928 323 3931 -
398 3891 510 3941 Aut
534 3890 679 3943 enim
709 3890 850 3944 male
882 3901 1140 3961 separant
1165 3891 1365 3946 Filium
1389 3907 1419 3945 a
1447 3891 1609 3946 Patre
1630 3932 1647 3959 ,
1677 3902 1737 3946 ut
1762 3892 1988 3946 alterius

404 3993 611 4037 natura:
655 3981 870 4037 Patrem
894 4021 910 4048 ,
945 3985 1174 4039 alterius
1203 3984 1400 4039 Filium
1432 3984 1617 4039 dicant
1660 4002 1675 4039 :
1726 3994 1820 4039 aut
1851 3985 1988 4040 male

401 4072 765 4141 confundunt,
795 4084 854 4130 ut
876 4077 962 4131 vel
985 4092 1051 4131 ex
1088 4077 1264 4131 tribus
1290 4078 1653 4146 compositum
1685 4076 1878 4142 Deum,
1905 4077 1988 4133 vel

403 4169 565 4222 trinae
596 4172 975 4226 tantummodo
1004 4171 1383 4242 appellationis
1421 4173 1476 4227 in
1506 4187 1571 4227 eo
1599 4187 1723 4228 esse
1750 4174 1987 4228 vocabu-

401 4260 513 4314 lum
553 4270 764 4329 putent.
808 4261 908 4328 Qui
936 4274 1119 4317 autem
1152 4265 1290 4319 bene
1332 4264 1625 4318 annuntiat
1667 4263 1833 4331 bona,
1863 4280 1989 4334 pro-

400 4353 665 4423 prietates
695 4355 916 4422 quidem
954 4354 1128 4421 Patri,
1162 4367 1217 4411 et
1249 4356 1412 4422 Filio,
1442 4368 1498 4413 et
1539 4358 1764 4430 Spiritui
1796 4366 1988 4412 sancto

403 4458 535 4498 suas
580 4446 782 4515 cuique
832 4448 1014 4513 dabit;
1069 4447 1203 4502 nihil
1248 4459 1428 4504 autem
1474 4450 1817 4505 diversitatis
1866 4464 1987 4506 esse

2096 591 2247 660 plum
2280 605 2413 644 vero
2443 590 2547 645 hoc
2590 590 2656 645 de
2700 588 2838 643 Isaia
2871 590 2983 660 (45)
3024 590 3238 644 videtur
3287 600 3622 660 assumptum
3662 606 3679 645 :

2101 681 2194 734 sed
2227 682 2300 736 ibi
2329 683 2592 751 propheta
2629 681 2697 736 ad
2742 682 2917 750 ipsum
2957 683 3240 736 Dominum
3273 682 3679 750 evangelizandi

2100 771 2337 827 oﬂicium
2364 773 2572 827 retulit.
2608 771 2688 826 Ita
2737 773 2880 827 enim
2912 772 2987 826 ait
3017 790 3032 825 :
3066 789 3085 823 ι
3123 773 3386 837 Quoniam
3420 788 3522 841 ego
3568 775 3683 843 ipse

2099 866 2191 935 qui
2216 864 2501 934 loquebar,
2533 865 2751 927 adsum,
2779 875 3037 932 tanquam
3062 878 3191 917 aura
3223 864 3273 916 in
3303 865 3597 928 montibus,
3624 875 3683 918 ut

2099 959 2263 1027 pedes
2296 958 2725 1027 evangelizantis
2757 957 2867 1027 (44)
2914 957 3156 1011 auditum
3206 957 3355 1027 pacis
3376 997 3391 1018 ,
3427 968 3483 1010 ut
3516 973 3684 1012 evan-

2097 1050 2342 1119 gelizans
2389 1050 2529 1103 bona
2577 1049 2648 1103 ⁴⁸.
2687 1068 2708 1102 ι
2771 1049 2968 1104 Verum
3018 1050 3237 1103 videtur
3281 1049 3409 1102 mihi
3460 1048 3678 1112 Paulus,

2097 1140 2225 1208 quia
2274 1142 2541 1209 propheta
2592 1140 2841 1205 dixerat,
2883 1158 2901 1192 σ
2932 1151 2992 1194 ut
3041 1141 3206 1208 pedes
3255 1141 3681 1211 evangelizantis

2098 1230 2342 1283 audilmn
2372 1231 2546 1298 pacis,
2578 1239 2636 1284 ut
2666 1229 3053 1299 evangelizans
3083 1230 3281 1291 bona,»
3321 1241 3373 1284 et
3403 1232 3505 1284 hoc
3526 1232 3679 1295 quasi

2097 1339 2162 1377 ex
2192 1323 2418 1377 alterius
2468 1323 2876 1391 comparatione
2924 1336 3297 1385 memorasse;
3338 1321 3488 1375 velut
3522 1322 3568 1375 si
3600 1322 3683 1375 di-

2097 1422 2293 1468 ceret:
2336 1412 2410 1466 Ita
2442 1414 2609 1467 adero
2653 1423 2713 1467 ut
2760 1413 2923 1466 homo
2952 1414 3042 1482 qui
3080 1414 3419 1483 evangelizat
3467 1428 3677 1483 pacem,

2096 1517 2151 1561 et
2181 1506 2527 1576 evangelizat
2560 1509 2728 1561 bona.
2788 1502 2906 1559 Hoc
2945 1517 3129 1560 autem
3157 1504 3366 1561 faciunt
3396 1505 3625 1575 apostoli
3663 1523 3676 1559 :

2096 1599 2301 1654 idcirco
2335 1601 2402 1653 de
2436 1599 2750 1669 semetipsis
2777 1598 2880 1653 hoc
2905 1598 3130 1662 dictum,
3163 1600 3215 1653 id
3243 1610 3348 1661 est,
3379 1600 3446 1654 de
3470 1608 3682 1668 aposto-

2095 1692 2182 1751 lis.
2221 1691 2500 1758 accepisse
2528 1691 2742 1745 videtur
2773 1690 2908 1760 (45),
2943 1693 3011 1744 ad
3043 1706 3275 1760 quorum
3307 1693 3678 1759 comparatio-

2093 1799 2216 1837 nem
2254 1783 2568 1837 adfuturunt
2597 1792 2652 1837 et
2678 1783 3180 1852 evangelizaturum
3220 1785 3361 1837 bona
3405 1797 3500 1851 per
3548 1797 3679 1851 pro-

2095 1879 2287 1948 phetas
2317 1892 2377 1932 se
2407 1878 2621 1931 dixerat
2645 1875 2917 1931 Christus.

2163 1968 2216 2022 6.
2266 1986 2286 2019 ‹
2322 1968 2428 2022 Sed
2460 1982 2569 2020 non
2599 1982 2793 2022 omnes
2838 1966 3099 2021 obediunt
3131 1965 3444 2036 Evangelia.
3508 1964 3680 2020 Isaias

2095 2062 2243 2115 enim
2277 2060 2410 2113 dicit
2443 2078 2454 2112 :
2492 2059 2741 2125 Domine,
2777 2060 2904 2130 quis
2930 2060 3167 2113 credidit
3210 2059 3419 2113 auditui
3448 2069 3635 2113 nostro
3655 2060 3680 2101 ⁸ο

2098 2151 2239 2221 Ergo
2287 2150 2421 2204 Iides
2461 2164 2528 2204 ex
2578 2150 2803 2214 auditu;
2840 2149 3062 2204 auditus
3108 2159 3290 2205 autem
3332 2165 3429 2218 per
3455 2150 3678 2203 verbum

2095 2241 2322 2295 Christi.
2387 2239 2497 2295 Sed
2547 2239 2669 2295 dico
2719 2256 2735 2296 :
2787 2236 3045 2308 Nunquid
3090 2255 3196 2294 non
3249 2239 3583 2294 audierunt?
3622 2239 3677 2293 In

2094 2346 2311 2385 omnem
2349 2340 2554 2386 terram
2576 2331 2714 2385 exiit
2740 2345 2909 2385 sonus
2936 2346 3159 2398 eorum;
3194 2340 3248 2385 et
3277 2332 3331 2385 iu
3363 2331 3498 2386 lines
3529 2331 3681 2387 orbis

2104 2434 2264 2476 terra:
2290 2422 2459 2477 verba
2487 2437 2701 2477 eorum.
2743 2421 2849 2477 Sed
2876 2421 3000 2476 dico
3046 2440 3058 2474 :
3097 2420 3347 2489 Nunquid
3376 2422 3537 2475 Israel
3573 2436 3680 2475 non

2095 2514 2385 2586 cognovit?
2404 2516 2616 2570 Primus
2638 2513 2853 2586 Moyses
2874 2513 3006 2569 dicit
3026 2534 3040 2569 :
3060 2515 3173 2585 Ego
3193 2516 3259 2569 ad
3276 2514 3677 2569 aenmlationem

2096 2623 2190 2662 vos
2212 2607 2479 2662 adducam
2511 2609 2562 2661 in
2594 2622 2700 2661 non
2733 2616 2970 2676 gentem,
2999 2607 3053 2661 in
3079 2618 3295 2678 gentem
3321 2608 3676 2669 iusensatam.

2096 2702 2148 2753 in
2185 2699 2321 2753 iram
2366 2712 2463 2754 vos
2484 2698 2760 2754 inducam.
2800 2697 2968 2754 Isaias
2997 2709 3178 2754 autem
3216 2701 3380 2754 audet
3417 2700 3625 2755 etdicit
3661 2718 3677 2756 :

2093 2792 2350 2847 Inventus
2380 2806 2498 2846 sum
2546 2806 2576 2844 a
2625 2805 2730 2845 non
2774 2792 3144 2862 quaerentibus
3191 2807 3324 2846 me:
3380 2792 3557 2861 palam
3582 2808 3682 2862 ap-

2094 2883 2250 2952 parui
2303 2882 2447 2936 inter
2500 2895 2596 2936 eos
2648 2882 2737 2951 qui
2796 2899 2885 2937 me
2927 2897 3033 2937 non
3084 2883 3521 2952 interrogabant.
3593 2887 3676 2938 Ad

2094 2973 2260 3028 Israel
2309 2985 2488 3027 autem
2539 2972 2671 3042 quid
2704 2972 2882 3028 dicit?
2933 2971 3069 3027 Tota
3098 2974 3185 3029 die
3210 2976 3441 3045 expandi
3489 2991 3680 3029 manus

2092 3081 2243 3121 meas
2274 3066 2340 3120 ad
2369 3064 2625 3135 populum
2659 3080 2765 3120 non
2800 3067 3148 3133 credentem,
3194 3076 3251 3120 et
3295 3069 3680 3123 contradicen-

2093 3166 2201 3211 tem
2249 3157 2297 3189 ”
2343 3155 2479 3226 (46).
2539 3175 2559 3209 ι
2606 3154 2834 3224 .Neque
2888 3170 3080 3211 omnes
3127 3154 3240 3227 (47)
3293 3170 3362 3212 ex
3428 3159 3680 3227 gentibus

2088 3247 2382 3317 Evangelio
2429 3248 2823 3313 crediderunt,
2876 3262 3054 3316 neque
3101 3262 3293 3303 omnes
3341 3263 3411 3303 ex
3460 3249 3674 3304 Israel:

2086 3340 2251 3412 627
2299 3339 2482 3408 plures
2520 3349 2722 3403 tamen,
2772 3350 2829 3395 et
2861 3341 3029 3395 multo
3071 3340 3253 3409 plures
3291 3355 3357 3396 ex
3397 3343 3672 3411 gentibus,

2088 3448 2253 3502 quam
2293 3447 2361 3486 ex
2411 3430 2597 3486 Israel.
2630 3431 2784 3499 Quod
2829 3446 2959 3501 ergo
3004 3431 3157 3501 ponit
3199 3434 3496 3501 Apostolus
3545 3437 3674 3503 quia

2088 3525 2258 3579 Isaias
2286 3524 2483 3578 dixerit
2513 3542 2526 3578 :
2563 3547 2580 3572 ι
2620 3523 2872 3589 Domine,
2907 3526 3031 3593 quis
3066 3523 3299 3578 credidit
3326 3523 3531 3577 auditui
3565 3539 3668 3578 no-

2090 3628 2204 3671 stro
2227 3616 2309 3670 ao?
2340 3638 2360 3668 ι
2388 3614 2543 3682 Quis,
2587 3632 2685 3685 pro
2725 3632 2851 3669 raro
2886 3616 3093 3670 dictum
3129 3626 3253 3670 est:
3292 3624 3346 3670 et
3378 3617 3675 3672 observate

2090 3712 2351 3766 debemus
2399 3711 2541 3778 Quod
2587 3724 2770 3764 sermo
2819 3710 2908 3764 hic
2951 3710 3005 3764 in
3053 3709 3352 3776 Scripturis
3394 3709 3668 3762 interdum

2091 3818 2189 3871 pro
2246 3819 2390 3867 raro,
2451 3802 2719 3855 iuterdmn
2775 3815 2871 3868 pro
2922 3800 3071 3853 nullo
3121 3800 3344 3853 omnino
3408 3799 3669 3869 ponitur;

2089 3895 2241 3949 verbi
2269 3895 2463 3966 gratia,
2495 3902 2551 3948 ut
2584 3909 2704 3948 cum
2732 3892 2865 3946 dicit
2893 3911 2905 3945 :
2942 3911 2961 3944 ι
3001 3891 3134 3959 Quis
3162 3893 3401 3960 sapiens,
3429 3899 3482 3946 et
3506 3891 3668 3946 intel—

2089 3987 2217 4057 liget
2247 3988 2361 4042 luec
2383 3986 2469 4040 “?
2510 4006 2529 4038 ι
2564 3996 2641 4049 et,
2679 4004 2697 4037 ί
2738 3984 2874 4051 Quis
2910 3985 3166 4039 ascendet
3197 3985 3247 4038 in
3279 3994 3519 4039 montem
3560 3982 3668 4038 Do-

2091 4082 2220 4134 mini
2254 4080 2339 4133 "?
2373 4098 2392 4131 ι
2425 4089 2500 4143 et,
2528 4095 2547 4126 ι
2590 4078 2723 4144 Quis
2746 4088 2832 4134 est
2856 4080 3022 4134 homo
3044 4080 3136 4147 qui
3168 4076 3284 4130 vult
3315 4077 3483 4131 vitam
3518 4076 3604 4130 “1?
3642 4094 3662 4128 ι

2088 4173 2143 4228 in
2174 4174 2257 4228 his
2281 4172 2534 4227 omnibus
2610 4184 2797 4225 rarum
2875 4172 2990 4243 quis
3048 4172 3158 4233 (48)
3225 4169 3518 4239 significat.
3563 4168 3668 4225 Ubi

2088 4279 2216 4317 vero
2253 4262 2430 4318 dicit:
2487 4281 2507 4314 ι
2543 4260 2676 4328 Quis
2733 4261 2978 4317 ascendit
3033 4260 3088 4315 in
3117 4259 3352 4316 coelum?
3413 4260 3516 4314 hoc
3559 4271 3667 4323 est,

2088 4352 2366 4408 Christum
2392 4354 2698 4408 deducere:
2729 4354 2814 4407 vel
2839 4352 2959 4421 quis
2982 4352 3258 4407 descendit
3285 4352 3337 4404 in
3369 4351 3670 4422 abyssum?

2090 4444 2191 4500 hoc
2222 4455 2329 4511 est,
2378 4438 2660 4499 Christuni
2693 4460 2722 4497 a
2757 4444 2986 4498 Inortuis
3038 4442 3295 4498 reducere
3325 4459 3338 4496 :
3377 4461 3397 4495 ι
3432 4445 3519 4497 hic
3551 4444 3668 4511 quis

402 4534 754 4591 confitebitur
785 4538 838 4591 in
870 4538 1178 4594 substantia
1220 4541 1309 4595 vel
1354 4550 1572 4595 natura.
1612 4540 1713 4607 Qui
1747 4557 1880 4611 ergo
1912 4543 1984 4596 ita
2015 4527 2066 4586 Ξ)
2093 4538 2271 4592 nullus
2297 4538 2635 4608 intelligitur.
2679 4536 2869 4592 Nullus
2902 4544 2988 4592 est
3034 4537 3181 4590 enim
3211 4536 3302 4605 qui
3332 4537 3579 4590 ascendit
3611 4537 3664 4587 in

404 4629 730 4682 annuntiant
765 4625 1162 4698 Evangelium,
1209 4648 1317 4688 non
1363 4633 1538 4687 solum
1589 4633 1731 4688 bona
1770 4649 1983 4688 annun-

477 4740 522 4772 ³⁹
550 4738 708 4793 Joan.
742 4756 817 4802 tv,
850 4739 937 4793 14.
1022 4740 1070 4773 ⁸ο
1095 4741 1253 4798 Cant.
1283 4760 1338 4802 ν.
1366 4744 1422 4798 5.
1517 4743 1562 4775 εί
1595 4744 1731 4799 ibid.
1773 4746 1861 4799 15.

1022 4740 1070 4773 ¹⁰⁰
1084 4741 1253 4811 Cant.
1283 4760 1338 4811 v,
1366 4744 1422 4798 5.

1956 4744 2000 4777 δ’
2025 4742 2214 4797 Matth.
2255 4757 2312 4805 x,
2356 4741 2446 4795 10.
2521 4739 2568 4772 “
2596 4739 2785 4793 Matth.
2840 4753 2953 4803 κη,
2988 4737 3075 4792 17.

2090 4631 2288 4685 malum
2326 4628 2602 4685 Christum
2638 4629 2765 4683 inde
2797 4627 3084 4684 deducere.
3116 4624 3273 4681 Nunc
3314 4640 3464 4697 ergo,
3501 4644 3519 4677 ι
3562 4625 3666 4679 Do-

3155 4736 3202 4768 “
3233 4735 3362 4807 Sap.
3417 4753 3513 4802 vn,
3568 4735 3659 4790 26.

403 4810 454 4885 ‘_‘
486 4808 625 4885 Psal.
645 4809 986 4885 CXLII,“10.__
1007 4810 1270 4885 “_Matth.
1300 4808 1495 4881 XXVIII,
1531 4813 1620 4885 19.
1693 4813 1737 4885 1⁷
1765 4814 1869 4869 Isa.
1898 4832 1991 4878 LII,
2011 4814 2065 4869 7.
2140 4813 2187 4885 δῖ
2216 4810 2318 4885 lsa.
2356 4827 2455 4875 LII,
2486 4810 2540 4875 6,
2572 4813 2647 4885 7_._
2700 4811 2745 4842 ⁸⁸
2775 4810 2934 4864 Rom.
2969 4825 3023 4877 κ,
3052 4809 3119 4861 16
3139 4824 3263 4878 sqq.
3338 4808 3384 4839 ⁸ο
3410 4808 3510 4862 lsa.
3532 4823 3658 4885 LIII,

405 4881 467 4946 1;
495 4880 655 4937 Rom.
685 4894 741 4944 ι,
774 4878 864 4933 16.

476 4971 590 5042 (40)
630 4973 794 5038 Editi,
835 4990 854 5024 ι
890 4970 963 5026 De
988 4971 1109 5029 istis
1135 5014 1152 5039 ,
1182 4983 1241 5030 ut
1272 4986 1437 5047 puto,
1475 4979 1639 5032 etiam
1669 4979 1924 5050 pedibus,
1960 5003 1977 5034 ι

403 5052 510 5098 εις.

479 5110 591 5188 (41)
633 5109 735 5188 M_s.
763 5111 963 5188 Regius
988 5129 1138 5167 num.
1168 5113 1329 5183 1639,
1359 5135 1378 5168 ‹
1400 5124 1456 5172 et
1477 5116 1570 5188 qui
1598 5115 1833 5186 Spiritus
1865 5118 1983 5188 ejus

406 5182 642 5252 dicitur.
664 5183 811 5252 Istud
844 5197 997 5252 ergo,
1030 5201 1050 5236 ι
1083 5192 1187 5237 etc.

475 5251 588 5323 (42)
628 5251 1128 5323 Ms._unusRegins
1158 5269 1313 5307 num.
1340 5254 1513 5320 1659,
1559 5276 1578 5307 ‹
1617 5256 1712 5312 sed
1746 5265 1803 5311 et
1842 5258 1982 5312 bene

404 5322 675 5376 nuntiant.
717 5321 864 5375 Bona
893 5321 1190 5393 sunt'enim
1223 5339 1343 5393 qua:
1375 5327 1618 5381 nonnulli
1653 5328 1982 5381 annuntiant

403 5393 642 5473 quidem.
683 5410 701 5473 ρ
737 5401 842 5446 etc.
884 5392 991 5473 Sed
1028 5394 1208 5448 caeteri
1258 5411 1391 5450 mss.
1416 5439 1431 5465 ,
1470 5397 1727 5453 Rabanus
1758 5406 1814 5452 et
1849 5397 1981 5452 editi

404 5471 462 5515 III.
494 5471 544 5513 III
575 5472 761 5515 IIOSII'O
788 5471 958 5516 ιθχῐιι.

477 5530 590 5602 (15)
632 5532 794 5602 Editi,
834 5550 855 5583 ‹
892 5531 1211 5602 Exemplum
1237 5549 1365 5589 vero
1403 5537 1469 5591 de
1498 5537 1664 5600 Isaia,
1693 5554 1712 5587 ›
1745 5545 1855 5592 etc.

474 5601 585 5671 (44)
619 5601 804 5677 Iiditi,
831 5619 851 5652 ί
893 5601 1279 5677 tanquampra
1303 5608 1354 5660 in
1386 5608 1709 5677 montibus,
1728 5616 1788 5677 ut
1817 5607 1981 5677 pedes

402 5672 953 5744 evangelizantium,i
987 5683 1097 5744 etc.
1127 5673 1225 5730 Ms.
1254 5676 1456 5744 Regius
1477 5692 1625 5736 num.
1654 5672 1982 5742 1659,}lano

404 5742 827 5823 quam.hora....
859 5752 917 5796 ut
942 5743 1104 5811 pedes
1127 5742 1641 5817 evangelizautis....
1670 5757 1725 5804 et
1748 5763 1985 5821 evange-

407 5818 640 5879 IllaItIiS,
671 5830 691 5864 ι
722 5823 832 5868 etc.
1896 5818 1911 5821 ⁷
1974 5826 1983 5834 “

944 4880 990 4911 ⁸¹
1027 4879 1167 4937 Osee
1214 4900 1334 4949 xxv,
1361 4885 1449 4940 10.
1480 4879 1486 4881 ’
1524 4885 1571 4916 δ’
1595 4883 1738 4940 Psal.
1775 4902 1935 4949 uin,
1959 4886 2013 4941 5.

2090 4884 2138 4916 ⁸³
2158 4882 2302 4937 Psal.
2338 4897 2532 4943 xxxnt,
2583 4881 2672 4935 15.

2118 4978 2129 4985 ”
2161 4978 2276 5048 (45)
2323 4975 2545 5048 Videtur
2564 4977 2719 5048 deest
2746 4973 3078 5048 iniomn‘ibus
3099 4986 3232 5048 mss.
3260 4980 3310 5025 et
3337 4971 3499 5048 editis
3520 5013 3534 5037 ,
3566 4975 3661 5028 sed

2085 5043 2440 5116 supplendum
2488 5046 2723 5100 videtur.
2800 5045 2998 5097 Deinde
3046 5043 3295 5116 editiLr
3333 5043 3593 5096 futurum.
3636 5064 3653 5094 ι

2087 5112 2168 5171 Et-
2190 5112 2351 5185 paulo
2389 5129 2510 5185 post
2537 5132 2638 5169 ms.
2677 5115 2875 5182 Regius
2926 5129 3074 5166 num.
3125 5112 3261 5166 1659
3286 5153 3300 5178 ,
3350 5131 3369 5164 ι
3404 5129 3502 5181 per
3536 5127 3647 5180 pro»

2102 5189 2318 5240 thelam.
2360 5208 2377 5238 ι

2083 5203 2518 5327 υηῗὶὲῗὺᾶπιὶηε
2544 5255 2659 5327 quis
2689 5253 3062 5327 credidit,‘etc.
3094 5266 3267 5327 usque
3286 5251 3383 5327 ad,
3414 5268 3660 5327 non_cre-

2082 5322 2307 5388 defuerit,
2340 5334 2388 5378 et
2420 5322 2879 5384 contradicentem,
2915 5323 3114 5377 desunt
3142 5322 3197 5375 in
3236 5322 3413 5386 editis,
3446 5322 3543 5377 sed
3574 5338 3661 5377 re-

2082 5396 2387 5450 stituuntur
2416 5411 2483 5450 ex
2512 5394 2765 5448 omnibus
2794 5407 2923 5447 mss.
2955 5392 3177 5447 nostris.

2155 5466 2264 5536 (47)
2297 5465 2436 5520 Editi
2484 5476 2537 5519 et
2580 5464 2865 5522 Rabanus.
2894 5483 2920 5536 Δ‹
2954 5463 3141 5536 Neque
3184 5461 3327 5515 enim
3361 5477 3593 5536 omnes,
3636 5481 3654 5512 ι

2082 5533 2187 5591 etc.
2219 5533 2325 5591 Sed
2355 5550 2547 5589 omnes
2575 5550 2703 5588 mss.
2737 5534 2904 5588 nostri
2937 5535 3196 5587 omittunt
3224 5553 3242 5583 ‹
3285 5533 3451 5586 enim.
3494 5552 3515 5582 ι

2155 5606 2267 5676 (48)
2302 5604 2451 5671 Quis.
2481 5605 2558 5658 Ita
2588 5613 2735 5676 recte
2764 5620 2864 5676 ms.
2904 5619 3044 5656 unus
3073 5603 3274 5676 Regius
3311 5618 3464 5656 num.
3500 5603 3656 5657 1659.

2082 5673 2276 5732 (ἴαέῐθιέὶ
2311 5691 2441 5732 vero
2487 5691 2641 5737 mss,
2684 5674 2935 5729 [tabanus
2978 5682 3033 5728 et
3062 5673 3222 5742 editi,
3256 5694 3274 5724 ι
3311 5688 3599 5744 quemque.
3636 5693 3656 5725 ι

2083 5746 2175 5804 Sic
2205 5754 2267 5803 et
2286 5747 2448 5819 paulo
2472 5745 2632 5801 inl‘ra.
