4146 6428
441 361 577 420 H'H

1905 354 2226 412 ORIGENIS

3563 352 3588 408 1
3602 353 3710 408 ι-τς

441 486 608 552 mine,
635 481 756 553 quis
787 481 1024 539 credidit
1063 481 1278 537 auditui-
1320 489 1508 538 nostro
1527 479 1618 535 “?
1653 499 1673 535 ι
1700 479 1845 548 quod
1887 479 2019 535 dicit
2048 483 2097 539 Α
2123 479 2296 548 quelze
2327 493 2501 546 neque
2529 488 2829 543 sermones,
2867 489 3100 547 quorum
3125 489 3232 532 non
3261 474 3555 530 audiantur
3573 475 3686 546 (55:

437 566 626 642 Isaias,
660 591 843 631 rarum
878 577 997 646 quis
1023 575 1312 646 signiﬁcat.
1354 574 1508 630 Scire
1537 583 1719 628 tamen
1751 589 1850 628 nos
1875 588 2012 627 con-

439 669 611 730 venit,
633 667 777 738 quod
803 687 822 720 ι
846 666 1098 722 Domine.
1117 665 1240 736 quis
1262 667 1493 720 credidit
1511 666 1716 720 auditui
1741 667 1966 720 nostro?
1995 685 2014 718 ι

442 759 496 811 in
532 755 774 812 Hebraeis
799 755 1202 826 exemplaribus
1245 755 1470 810 Domine
1523 771 1628 812 non
1674 755 1892 822 habeat,
1923 757 2020 811 sed

445 849 500 902 in
556 848 1014 917 interpretatione
1065 846 1421 916 Septuaginta
1474 846 1760 902 Seniorum
1815 848 1934 902 sit:
1966 854 2021 900 et

442 937 734 1008 Apostolus
781 935 907 1009 (49)
944 937 1046 991 hoc
1095 937 1333 1007 probans
1369 923 1518 1006 quod
1561 939 1700 1006 apud
1745 937 1867 990 illos
1910 946 2020 1002 est,

444 1034 622 1097 posuit
651 1026 890 1082 Domine.
913 1023 1136 1080 Videtur
1163 1034 1344 1078 tamen
1366 1023 1536 1078 Isaias
1559 1025 1672 1078 hare
1695 1039 1758 1079 ex
1790 1038 2018 1092 persona

447 1115 816 1186 apostolorum
867 1115 1215 1184 prophetare,
1269 1114 1468 1181 quibus
1521 1114 1790 1170 creditura
1841 1114 2026 1168 fuerat

445 1204 849 1275 praedicationis
878 1202 1110 1260 oﬂicium
1142 1221 1156 1256 :
1184 1213 1239 1258 et
1285 1204 1386 1272 ipsi
1420 1220 1540 1258 cum
1594 1205 1876 1258 raritatem
1903 1221 2022 1258 cre-

445 1299 691 1357 dentium
743 1295 1016 1364 praeeipue
1061 1295 1128 1349 de
1167 1294 1364 1364 popqu
1411 1293 1575 1349 Israel
1606 1295 1854 1348 viderent
1883 1294 2019 1366 (50),

446 1387 636 1444 dicunt
668 1391 735 1444 ad
772 1387 1062 1442 Dominum
1099 1406 1114 1441 :
1153 1403 1182 1441 ι
1212 1386 1458 1451 Domine,
1511 1388 1636 1454 quis
1667 1387 1900 1440 credidit
1926 1403 2023 1440 au«

449 1481 590 1536 ditui
623 1489 810 1536 nostro
833 1479 920 1532 "‘2
955 1498 984 1534 ι
1013 1481 1154 1534 sicut
1178 1480 1387 1544 etillud
1413 1494 1479 1532 ex
1515 1495 1747 1547 persona
1781 1479 2020 1546 ipsorum

449 1571 670 1637 dicitur,
721 1572 848 1642 quia
885 1589 905 1622 ι
945 1571 1383 1626 annuntiavimus
1413 1571 1526 1642 (51)
1559 1574 1694 1627 sicut
1731 1588 1867 1640 puer
1898 1583 2024 1628 ante

450 1668 654 1734 ipsum,
685 1665 826 1721 sicut
849 1664 1000 1719 radix
1031 1663 1083 1718 in
1119 1672 1261 1716 terra
1289 1662 1492 1716 sitienti
1525 1663 1590 1718 ⁸⁸.
1630 1683 1648 1714 ι
1686 1664 1747 1717 Et
1775 1664 1872 1734 ipsi
1900 1672 2024 1718 sunt

450 1755 808 1826 nihilominus
835 1753 926 1822 qui
959 1754 1145 1808 dicunt
1172 1753 1320 1807 velut
1351 1769 1472 1806 cum
1515 1753 1628 1822 ipso
1674 1753 1833 1822 positi
1861 1761 1914 1807 et
1943 1752 2024 1805 vi-

449 1849 641 1902 dentes
667 1861 788 1902 eum
821 1847 873 1900 in
906 1845 1091 1900 habitu
1121 1845 1378 1907 humano,
1411 1846 1534 1912 quia
1569 1864 1588 1894 ‹
1619 1845 1854 1897 vidimus
1877 1859 2024 1908 eum,

450 1947 505 1992 et
538 1951 644 1995 non
676 1936 909 2000 habebat
934 1935 1168 2005 speciem
1201 1949 1376 2004 neque
1399 1936 1648 1988 decorem
1675 1935 1740 1998 ",
1778 1953 1807 1991 ι,
1827 1943 1882 1988 et
1904 1934 2029 1988 reli-

451 2041 578 2098 qua.
620 2027 724 2082 Sed
751 2035 808 2080 et
838 2027 882 2080 si
918 2027 988 2080 ad
1025 2038 1314 2094 personam
1357 2025 1592 2093 ipsorum
1644 2023 2026 2093 prophetarum

453 2117 760 2173 referantur
810 2119 924 2171 hate
976 2119 1164 2179 verba,
1211 2115 1368 2182 quasi
1417 2115 1510 2183 qui
1557 2113 1697 2182 apud
1743 2114 2026 2168 Dominum

454 2217 864 2278 conquerantur
889 2209 1033 2276 quod
1063 2207 1148 2261 his
1175 2222 1296 2274 quae
1324 2205 1391 2261 de
1418 2206 1636 2261 Christo
1667 2206 2026 2275 prophetave—

454 2303 586 2367 tzinl,
621 2315 783 2361 nemo
815 2311 910 2354 aut
946 2300 1234 2356 admodum
1285 2299 1442 2367 pauci
1483 2315 1552 2354 ex
1577 2299 1770 2368 populo
1798 2298 1887 2352 illo
1916 2296 2029 2368 (59.)

453 2393 808 2461 crediderint,
865 2408 970 2446 non
1025 2392 1304 2447 videbitur
1350 2392 1610 2446 alienum.
1663 2394 1768 2446 Aut
1802 2409 1904 2446 non
1948 2403 2033 2448 est

455 2486 754 2559 putandum
783 2484 908 2552 quia
935 2481 1150 2554 Moyses
1172 2482 1318 2538 dicat
1343 2485 1407 2536 ad
1435 2483 1717 2538 Dominum
1745 2502 1759 2536 :
1784 2484 2030 2547 Domine,

452 2587 616 2633 nemo
641 2578 870 2632 credidit
903 2576 1110 2630 auditui
1147 2576 1311 2630 meo?
1363 2575 1420 2629 Si
1479 2576 1623 2628 enim
1675 2575 2034 2630 credidissent

455 2665 653 2729 litteris
681 2669 836 2733 meis,
867 2669 1225 2723 credidissent
1258 2667 1442 2736 utique
1465 2673 1520 2719 et
1541 2665 1758 2720 Christo
1784 2683 1798 2720 :
1824 2667 1888 2720 de
1915 2667 2032 2735 ipso

455 2761 602 2824 enim
635 2775 736 2829 ego
769 2759 1004 2828 scripsi:
1045 2777 1065 2810 ‹
1100 2757 1240 2827 Ergo
1274 2758 1406 2812 ﬁdes
1446 2773 1510 2811 ex
1548 2758 1771 2822 auditu;
1817 2758 2032 2812 auditus

459 2860 641 2910 autem
674 2863 773 2918 per
794 2847 1016 2902 verbum
1052 2845 1276 2902 Christi.
1303 2866 1322 2899 ›
1353 2840 1448 2900 Hic
1477 2867 1494 2898 ε
1527 2849 1752 2901 verbum
1773 2847 1976 2906 Christi
2007 2869 2026 2901 ι

455 2941 901 3018 praedicationem
951 2941 1019 2995 de
1046 2940 1274 2994 Christo
1325 2935 1614 3006 significat.
1673 2937 1857 3009 Neque
1885 2941 2032 2994 enim

457 3033 534 3087 illi
589 3033 689 3092 soli
743 3030 1090 3087 crediderunt
1133 3032 1224 3100 qui
1271 3033 1496 3086 verbum
1546 3031 1614 3084 ab
1665 3033 1782 3097 ipso
1816 3030 2032 3085 Christo

459 3119 588 3188 Iesu
623 3120 736 3194 (55)
780 3123 1011 3191 Domino
1066 3121 1319 3190 loquente
1363 3122 1679 3187 audierunt;
1731 3121 1825 3176 sed
1863 3123 2032 3176 multo

456 3215 643 3284 plures
669 3224 815 3279 sunt,
845 3213 938 3283 qui
969 3209 1241 3275 aliiseum
1271 3213 1695 3282 praedicantibus
1719 3214 2028 3280 audierunt,

461 3293 608 3359 sicut
629 3315 684 3358 et
705 3303 820 3376 ipse
847 3302 1109 3358 Dominus
1154 3305 1477 3374 praedixerat
1531 3305 1758 3374 loquens
1783 3306 1850 3360 ad
1885 3304 2038 3360 'l‘ho-.

459 3407 603 3466 niam
637 3397 684 3430 ⁵⁸
715 3411 730 3450 :
763 3414 784 3446 ε
825 3395 963 3463 Quia
1021 3397 1200 3450 vidisti
1243 3411 1352 3462 me,
1389 3416 1410 3450 ι
1443 3397 1637 3468 inquit,
1669 3415 1690 3449 ι
1719 3399 2030 3464 credidisti;

459 3488 607 3544 beati
635 3504 740 3544 non
765 3488 1016 3544 videntes
1043 3496 1102 3543 et
1145 3489 1435 3546 credentes
1463 3487 1600 3561 (54).
1643 3509 1662 3543 ι
1700 3490 1875 3546 Omne
1902 3507 2035 3561 ergo

457 3584 685 3642 verbum
735 3581 879 3654 quod
909 3581 1165 3652 apostoli,
1195 3590 1254 3636 et
1306 3583 1350 3637 si
1381 3583 1473 3653 qui
1524 3583 1613 3636 alii
1647 3583 1717 3637 ab
1776 3585 1894 3652 ipso
1941 3599 2034 3638 ac-

459 3683 616 3745 cepta
677 3676 855 3746 gratia
909 3675 978 3730 de
1027 3669 1248 3732 Christo
1299 3677 1752 3744 praedicaverunt,
1809 3678 2031 3731 verbum

462 3765 672 3822 Christi
703 3781 826 3823 esse
855 3767 1194 3836 pronuntiat.
1227 3765 1334 3821 Sed
1366 3775 1421 3822 et
1453 3767 1506 3820 in
1540 3767 1782 3822 Ecclesia
1814 3768 1858 3822 si
1912 3770 2035 3836 quis

463 3859 784 3929 sapientiam
817 3874 939 3929 qua:
985 3875 1052 3915 ex
1107 3861 1218 3917 Deo
1265 3869 1370 3927 est,
1425 3869 1480 3915 et
1512 3862 1794 3915 veritatem
1825 3861 1918 3916 Dei
1956 3862 2035 3918 lo-

461 3959 687 4026 quatur,
722 3951 766 4007 si
792 3953 916 4022 quis
948 3952 1088 4006 viam
1122 3943 1236 4018 Dei,
1263 3968 1383 4022 quae
1409 3952 1660 4013 Christus
1688 3962 1797 4017 est,
1821 3955 2032 4023 doceat,

462 4055 520 4100 et
541 4043 809 4112 justitiam
839 4043 957 4113 ejus
979 4055 1231 4115 exponat,
1265 4045 1386 4100 sine
1414 4044 1578 4099 dubio
1607 4046 1750 4114 quod
1775 4045 2032 4115 loquitur,

460 4137 688 4198 uerbum
735 4135 938 4190 Christi
969 4145 1070 4191 est.
1101 4153 1122 4187 ι
1158 4136 1264 4190 Sed
1302 4136 1421 4190 dico
1457 4153 1472 4190 :
1503 4126 1753 4204 Nunquid
1799 4150 1904 4190 non
1938 4152 2036 4191 au-

467 4225 723 4282 dierunt?
750 4224 806 4279 ln
838 4241 1054 4288 omnem
1083 4236 1284 4290 terram
1319 4225 1488 4290 exivit
1532 4239 1702 4282 sonus
1737 4241 1948 4293 eorum,
1981 4237 2036 4282 et

461 4311 521 4380 in
547 4319 682 4374 ﬁnes
711 4319 865 4374 orbis
893 4327 1054 4374 terra:
1079 4319 1244 4374 verba
1271 4333 1484 4375 eorum.
1521 4337 1541 4371 ι
1581 4310 1705 4372 Haec
1733 4319 1799 4374 de
1829 4321 2037 4388 psalmo

464 4422 661 4478 octavo
693 4411 906 4467 decimo
943 4413 1256 4478 assumitur,
1287 4411 1378 4466 ubi
1417 4413 1536 4465 ait:
1569 4430 1595 4470 ι,
1621 4409 1738 4466 Non
1791 4421 1918 4475 sunt
1952 4412 2034 4467 lo-

2123 587 2286 628 voces
2309 587 2518 628 eorum.
2542 570 2598 626 In
2627 587 2842 628 omnem
2872 585 3072 626 terram
3097 569 3268 625 exivit
3291 583 3458 624 sonus
3483 582 3698 630 eorum,

2123 675 2178 720 et
2207 666 2260 720 in
2295 664 2432 720 ﬁnes
2473 665 2622 721 orbis
2662 674 2820 719 terra:
2847 665 3012 718 verba
3065 675 3274 717 eorum.
3315 677 3336 712 ι
3368 659 3426 713 ln
3457 673 3570 726 quo
3599 672 3700 726 pro

2126 757 2432 826 linguarum
2475 765 2530 811 et
2559 770 2872 810 sermonum
2914 754 3182 808 varietate
3229 761 3416 823 gentes
3447 751 3569 805 sine
3597 750 3698 801 du-

2122 846 2214 901 bio
2273 845 2650 914 intelliguntur
2709 860 2724 896 :
2790 855 2846 898 et
2872 845 3070 899 dicitur
3131 843 3257 914 quia
3329 841 3698 912 apostolorum

2122 936 2324 992 Christi
2355 938 2407 990 in
2444 951 2656 991 omnem
2689 937 2905 1006 quidem
2935 945 3134 990 terram
3166 949 3334 990 sonus
3360 933 3559 988 exierit
3591 951 3605 986 :
3643 931 3696 984 in

2122 1029 2262 1084 ﬁnes
2292 1044 2422 1084 vero
2447 1030 2596 1084 orbis
2625 1039 2787 1084 teme
2816 1043 2922 1083 non
2948 1042 3141 1091 sonus,
3188 1029 3282 1082 sed
3309 1026 3476 1080 verba
3502 1040 3698 1094 perve-

2123 1120 2326 1174 nerint.
2386 1119 2540 1186 Quod
2573 1120 2643 1173 ita
2691 1119 2914 1190 intelligi
2965 1127 3165 1186 potest,
3203 1117 3332 1188 quia
3369 1135 3390 1168 ι
3425 1126 3626 1171 terram
3667 1133 3689 1168 ι

2123 1210 2409 1280 imperitos
2429 1223 2674 1280 quosque
2701 1218 2755 1262 et
2779 1205 3094 1262 indocibiles
3117 1206 3367 1260 homines
3389 1205 3533 1259 dicat
3555 1202 3692 1274 (56).

2124 1301 2190 1354 ad
2221 1315 2356 1370 quos
2387 1316 2492 1355 non
2519 1300 2706 1363 verba,
2732 1297 2786 1352 in
2834 1299 3032 1367 quibus
3062 1297 3204 1351 ratio
3233 1295 3355 1350 ﬁdei
3385 1297 3696 1350 continetur

2123 1403 2178 1446 et
2203 1392 2516 1460 explanatio
2541 1390 2840 1460 sapientiae,
2871 1389 2962 1444 sed
2997 1404 3160 1443 sonus
3189 1389 3312 1442 ﬁdei
3343 1387 3614 1443 communi
3641 1397 3704 1440 et

2123 1483 2352 1552 simplici
2389 1482 2775 1551 prasdicatioue
2807 1481 3113 1549 pervenerit
3141 1497 3156 1532 :
3191 1479 3352 1532 ﬁnem
3389 1491 3518 1532 vero
3545 1477 3698 1531 orbis

2125 1583 2398 1629 terrarum
2440 1573 2769 1628 eruditiores
2806 1585 3048 1641 quosque
3098 1579 3152 1624 et
3181 1569 3566 1639 prudentiores
3599 1583 3696 1636 ap-

2125 1665 2425 1735 pellaverit.
2451 1665 2607 1720 Finis
2647 1665 2790 1719 enim
2827 1663 3215 1732 perfectionem
3252 1661 3457 1715 indicat
3486 1675 3706 1724 rerum.._

2129 1761 2206 1813 Ad
2239 1760 2339 1814 hos
2363 1775 2491 1827 ergo
2524 1757 2661 1813 tales
2687 1773 2792 1812 non
2836 1771 3024 1811 sonum
3065 1756 3234 1817 vocis,
3267 1753 3362 1807 sed
3395 1751 3504 1824 (57)
3530 1755 3696 1806 verba

2129 1861 2184 1906 et
2216 1853 2486 1906 rationem
2517 1850 2828 1919 pervenisse
2871 1849 3202 1916 pronuntiat,
3237 1846 3326 1916 qui
3384 1845 3571 1914 utique
3599 1859 3697 1898 au-

2129 1945 2338 1999 dientes
2361 1955 2668 1997 sermonem
2707 1942 2852 2004 ﬁdei,
2887 1941 3048 1994 etiam
3090 1935 3421 2007 perscrutari
3461 1943 3702 2004 possunt.

2128 2046 2183 2090 et
2230 2035 2550 2104 perquirere
2599 2031 2913 2098 Scripturas
2969 2027 3201 2091 divinas,
3263 2035 3324 2079 ut
3362 2035 3698 2106 cognoscant

2127 2142 2314 2183 eorum
2346 2125 2659 2189 verborum,
2685 2138 2804 2192 quae
2825 2124 2906 2178 eis
2933 2136 3030 2191 per
3061 2120 3334 2192 apostolos
3371 2121 3705 2174 annuntiata.

2129 2218 2276 2283 sunt,
2311 2218 2622 2273 veritatem.
2669 2215 2734 2270 Et
2775 2215 2916 2269 hanc
2955 2230 3076 2269 esse
3125 2214 3177 2268 in
3213 2213 3297 2268 his
3333 2211 3697 2267 diﬁ‘erentiam

2129 2311 2312 2366 sciens
2341 2308 2652 2378 Apostolus,
2685 2307 2736 2361 id
2777 2317 2860 2362 est
2891 2307 2943 2360 in
2969 2322 3104 2362 sono
3131 2316 3186 2361 et
3212 2305 3417 2370 verbis,
3462 2305 3698 2374 quodam

2132 2401 2252 2456 loco
2281 2405 2354 2454 ita
2387 2401 2522 2455 dicit
2553 2418 2569 2456 ;
2603 2417 2623 2450 ι
2664 2399 2731 2454 Et
2756 2413 2938 2453 sermo
2966 2413 3141 2464 meus,
3169 2407 3222 2452 et
3245 2397 3560 2467 praedicatio
3581 2409 3699 2450 mea

2131 2511 2238 2550 non
2273 2493 2373 2548 fuit
2417 2494 2469 2546 in
2502 2491 2768 2546 suasoriis
2809 2488 2924 2560 (58)
2952 2491 3230 2558 sapientiae
3275 2487 3478 2554 verbis,
3513 2489 3606 2542 sed
3641 2487 3697 2540 in

2129 2581 2442 2636 omensione
2497 2578 2734 2648 Spiritus
2789 2587 2845 2632 et
2886 2579 3104 2633 virtutis
3126 2579 3207 2641 ";
3242 2597 3262 2631 ι
3297 2587 3357 2632 ιιι
3385 2578 3699 2632 ostenderet

2131 2672 2358 2725 verbum
2400 2671 2616 2739 quidem
2647 2683 2768 2724 esse
2789 2683 2897 2739 quo
2923 2684 3019 2737 per
3049 2670 3300 2725 virtutem
3341 2667 3580 2740 Spiritus
3607 2685 3698 2724 sa-

2131 2764 2331 2834 pientia
2387 2762 2484 2817 Dei
2535 2761 2764 2816 lucidius
2818 2760 3144 2829 explanatur
3192 2779 3206 2815 :
3260 2760 3698 2830 praedicationem

2131 2869 2260 2910 vero
2317 2855 2457 2909 hanc
2487 2866 2607 2907 esse
2641 2853 2705 2906 de
2733 2867 2838 2920 qua
2893 2852 3022 2906 dicit
3077 2851 3368 2920 Propheta,
3420 2851 3548 2920 quia
3587 2869 3606 2902 ι
3643 2852 3700 2904 in

2131 2961 2349 3000 omnem
2380 2954 2582 2998 terram
2605 2941 2774 2997 exivit
2803 2957 2972 2996 sonus
2991 2957 3176 2996 eorum
3203 2939 3250 2971 ‘°
3277 2958 3291 2995 :
3330 2959 3349 2992 ι
3381 2941 3435 2996 in
3465 2956 3570 3010 qua
3598 2942 3704 2996 sci-

2133 3037 2257 3092 licet
2291 3035 2516 3104 simplex
2563 3033 2902 3087 annuntiatio
2942 3043 3024 3088 est
3065 3033 3176 3106 (59)
3227 3032 3371 3098 ﬁdei,
3405 3041 3461 3086 et
3491 3033 3702 3100 simpli-

2059 3148 2101 3206 ο
2134 3129 2375 3183 cioribus
2432 3126 2737 3195 quibusque
2791 3123 3084 3180 sutiiciens.
3137 3125 3242 3180 Sed
3294 3137 3350 3180 et
3405 3123 3600 3177 alibi“
3637 3126 3722 3177 de.

2137 3221 2430 3288 semetipso
2453 3219 2607 3284 dicit,
2638 3217 2767 3286 quia
2793 3218 2863 3270 sit
2889 3235 2908 3268 ‹
2945 3217 3270 3286 praedicator
3298 3227 3353 3270 et
3383 3217 3550 3290 628
3575 3231 3704 3284 apo-

2136 3314 2327 3374 stolus,
2366 3321 2421 3364 et
2481 3311 2742 3380 magister
2791 3309 3053 3378 gentium.
3096 3325 3116 3360 ›
3165 3305 3222 3361 In
3275 3324 3382 3377 quo
3427 3308 3708 3378 apostolus

2136 3404 2352 3474 quidem
2388 3401 2642 3473 generale
2672 3400 2875 3454 indicat
2903 3413 3096 3455 nomen
3123 3399 3310 3460 oﬂicii,
3354 3401 3444 3466 qui
3470 3414 3574 3452 non
3610 3412 3702 3451 so-

2133 3496 2244 3550 lum
2272 3494 2550 3566 praedicet,
2575 3491 2666 3547 sed
2694 3503 2746 3545 et
2773 3492 2966 3546 doceat
2996 3509 3012 3545 :
3041 3492 3297 3562 przedicet
3320 3491 3538 3560 quidem
3569 3490 3704 3542 sim-

2134 3588 2327 3657 plicem
2363 3586 2548 3653 iidem,
2572 3594 2635 3639 ut
2687 3584 2794 3639 illis
2821 3583 3019 3654 quibus
3044 3583 3118 3637 ait
3151 3600 3166 3636 :
3203 3603 3220 3635 ι
3256 3582 3402 3637 Nihil
3440 3583 3585 3636 enim
3610 3583 3702 3651 jn-

2135 3683 2308 3738 dicavi
2348 3695 2436 3734 me
2469 3679 2609 3734 scire
2648 3679 2788 3732 inter
2818 3693 2936 3744 vos,
2976 3677 3077 3732 nisi
3109 3676 3296 3731 Jesum
3319 3677 3620 3741 Christum,
3649 3685 3718 3729 et.

2135 3777 2282 3830 hunc
2309 3773 2624 3829 cruciﬁxum
2648 3773 2728 3840 ⁶⁸;
2765 3790 2785 3824 ›
2817 3772 3011 3827 doceat
3036 3785 3164 3825 vero
3191 3784 3286 3825 eos
3316 3770 3512 3838 quibus
3565 3759 3722 3825 dice-.

2135 3871 2231 3924 bat
2272 3882 2286 3919 :
2340 3887 2360 3919 ε
2410 3865 2745 3936 Sapientiam
2796 3863 2983 3918 autem
3021 3863 3294 3930 loquimur
3349 3863 3490 3916 inter
3522 3862 3704 3930 perfe-

2135 3969 2253 4014 ctos
2286 3957 2352 4012 ⁶³.
2385 3976 2406 4008 ι
2439 3957 2496 4011 1η
2524 3955 2722 4025 quibus
2775 3952 3084 4008 ostenditur
3130 3953 3274 4021 quod
3327 3951 3436 4006 illis
3484 3951 3708 4020 quidem

2136 4064 2328 4106 sonum
2353 4046 2753 4120 praedicationis
2786 4045 3030 4114 protulit,
3077 4043 3161 4096 bis
3216 4057 3348 4096 vero
3381 4041 3708 4111 sapientiam

2137 4142 2233 4197 Dei
2279 4155 2380 4211 per
2432 4139 2602 4193 verba
2649 4136 2927 4191 disseruit.
2965 4152 2986 4185 ι
3057 4133 3164 4187 Sed
3221 4133 3342 4187 dico
3386 4149 3400 4186 :
3454 4131 3718 4200 Nunquid.

2134 4226 2299 4282 lsrael
2331 4241 2434 4282 non
2459 4225 2744 4295 cognovit?
2765 4223 2980 4278 Primus
3005 4221 3214 4293 Moyses
3238 4221 3371 4276 dicit
3423 4236 3436 4272 :
3495 4220 3606 4290 Ego
3633 4221 3704 4275 ad

2135 4311 2535 4374 aemulationem
2563 4331 2658 4372 vos
2689 4317 2952 4377 adducam
2980 4316 3032 4370 in
3071 4331 3174 4370 non
3199 4327 3440 4386 gentem,
3489 4315 3544 4368 in
3573 4329 3706 4384 gen-

2137 4424 2244 4471 tem
2279 4414 2646 4480 insensatam;
2677 4411 2731 4464 in
2761 4412 2902 4466 iram
2934 4426 3030 4465 vos
3057 4410 3311 4464 inducam
3345 4407 3482 4478 (60).
3505 4427 3526 4461 ι
3552 4407 3710 4463 Vide-

539 4575 589 4610 “
623 4577 726 4633 lsa.
758 4572 949 4638 Lttt,l;
981 4568 1138 4630 Rom.
1174 4589 1232 4638 x,
1269 4573 1358 4628 16.
1431 4574 1477 4608 ⁵⁵
1519 4571 1672 4630 Joan.
1721 4590 1818 4634 κη,
1862 4573 1951 4627 58.
2029 4574 2075 4605 ⁸⁸
2103 4575 2204 4628 lsa.
2253 4574 2455 4641 Lttt,2.
2530 4570 2574 4606 ⁸⁷
2621 4572 2752 4626 ibid.
2825 4572 2872 4604 ⁵⁸
2909 4565 3065 4625 Joan.
3112 4586 3208 4629 xx.
3247 4569 3340 4624 29.
3416 4569 3461 4602 δ’
3510 4571 3533 4623 l
3576 4567 3726 4641 Cor.-

469 4653 534 4715 it,
564 4647 619 4704 4.
697 4644 745 4679 ⁸⁸
773 4646 919 4702 Psal.
950 4652 1106 4712 κύω,
1139 4645 1194 4702 5.
1271 4643 1385 4697 ⁶¹ἸΙ
1430 4645 1568 4698 Tim.
1605 4663 1642 4708 ι,
1674 4646 1761 4698 ll.

1837 4646 1889 4676 σε’
1919 4643 1933 4695 Ι
1959 4644 2083 4698 Cor.
2117 4661 2174 4706 II,
2202 4645 2292 4698 2‘2.
2371 4640 2416 4677 ⁸³
2453 4643 2582 4700 ibid.
2627 4643 2680 4697 6.

543 4791 658 4860 (49)
689 4789 854 4849 Editi,
885 4809 905 4842 ι
941 4789 1317 4860 Dgtnine,_n_on
1355 4789 1605 4850 habetur,
1651 4787 1742 4860 sed
1773 4786 1920 4860 iuxta
1953 4785 2038 4838 in-
2073 4791 2118 4848 ο
2147 4785 2342 4860 habent
2373 4783 2714 4860 g_apo_stol_us
2744 4801 2764 4834 ι
2801 4797 2899 4850 pro
2934 4781 3233 4860 (apostoli.
3271 4801 3292 4834 ›

466 4854 912 4930 ιρι-’ρτριιιιίοιιεηι
955 4854 1099 4914 LXX
1128 4854 1415 4930 seniorum
1441 4873 1455 4910 :
1483 4859 1644 4930 sicet
1672 4856 1982 4924 Apostolus,
2017 4874 2042 4908 ι

467 4927 578 4985 etc.
612 4928 718 4984 Sed
752 4943 943 4984 omnes
967 4943 1103 4985 mss.
1128 4939 1177 4982 et
1207 4927 1462 4982 Rabanus
1488 4938 1547 4981 ut
1575 4929 1627 4980 in
1659 4938 1846 4980 nostro
1875 4935 2046 4989 textu,

468 5000 582 5069 nisi
613 5001 759 5069 quod
810 4997 952 5054 alius
985 4997 1186 5069 habeat
1245 5015 1266 5047 ι
1306 5013 1384 5069 ex
1427 4997 1896 5069 interpretatione,
1935 5012 1954 5046 ›
1997 5003 2054 5049 et

470 5066 563 5135 alii
596 5066 856 5138 emittant
887 5067 1214 5138 particulam
1253 5085 1272 5118 ι
1304 5067 1358 5121 in
1393 5087 1414 5121 ι
1443 5067 1526 5122 vel
1559 5066 1584 5119 ί
1613 5077 1702 5122 ex.
1740 5085 1760 5118 ι

546 5137 663 5206 (50)
708 5136 933 5206 Εςιίίιίίι
969 5137 1174 5193 vident.
1217 5152 1237 5189 ι

547 5203 840 5277 (δυΕιίἰιί
870 5207 1150 5277 plerique,
1171 5223 1192 5258 ι
1231 5221 1298 5262 ex
1329 5219 1555 5274 persona
1584 5204 1796 5260 illorum
1823 5203 2065 5272 dicitur;-

435 5279 568 5354 tiqui
599 5274 622 5328 ν»
645 5274 778 5347 (31η
811 5293 832 5328 ι
873 5274 1456 5400 ηυξπ)ἰιηιξυιὶιί³ηιιιε,
1497 5295 1516 5326 ι
1542 5285 1665 5359 θιο..
1697 5345 1710 5358 .

551 5345 666 5400 (52)
701 5342 865 5400 Deest
897 5364 917 5398 ι
953 5347 990 5400 tl
1013 5361 1047 5400 o
1083 5364 1104 5398 ι
1139 5363 1190 5400 ιιι
1216 5345 1370 5400 libris
1396 5356 1551 5400 antea
1583 5347 1710 5400 ethu

551 5342 675 5414 (52)
701 5342 865 5401 Deest
893 5342 917 5398 ι
953 5342 1047 5412 illo
1083 5364 1108 5411 ι,
1138 5348 1190 5400 in
1216 5345 1370 5413 libris
1396 5356 1551 5400 antea
1583 5345 1762 5400 editis.

471 5411 656 5540 ϋΞῇ(55)
685 5417 890 5473 Christo
915 5411 1058 5472 Jesu.
1095 5417 1222 5471 Haec
1248 5411 1411 5480 verba
1437 5415 1814 5472 desiderantur
1847 5413 1902 5468 in
1931 5411 2048 5469 edi-

487 5625 596 5703 non
626 5625 882 5703 viderunt
910 5639 966 5703 e_t
996 5628 1359 5703 crediderunt.
1398 5645 1417 5678 ι
1447 5625 1649 5681 Deinde
1695 5641 1798 5703 ms.
1850 5625 2052 5703 Regius

491 5697 640 5756 tium.
671 5697 811 5756 1659
841 5709 898 5753 et
920 5699 1200 5770 Rabanus,
1243 5714 1264 5748 ‹
1302 5697 1474 5770 ane
1499 5713 1628 5768 ergo
1655 5699 1878 5761 verbum
1909 5697 2071 5770 quod,

489 5771 740 5855 apostoli,
765 5779 820 5836 et
859 5771 904 5826 si
934 5768 1062 5854 qui,
1102 5787 1136 5832 ι,
1175 5776 1282 5834 etc.
1316 5767 1424 5824 Sed
1455 5767 1630 5824 caeteri
1677 5785 1808 5826 mss.
1841 5779 1896 5834 et
1923 5767 2071 5826 editi-

693 5560 788 5634 Sic
816 5573 950 5615 mss.
973 5567 1030 5614 et
1057 5555 1338 5634 Rabanns.
1385 5555 1703 5634 Edjtivero,
1735 5573 1755 5606 ι
1790 5547 1932 5634 beati
1957 5555 2068 5634 qui-

2216 4855 2330 4928 (55)
2370 4852 2482 4910 Ms.
2517 4855 2718 4924 Regius
2763 4868 2914 4908 num.
2961 4852 3116 4916 1659,
3157 4871 3176 4904 ι
3231 4855 3427 4924 quibus
3465 4866 3574 4908 non
3613 4867 3731 4909 aud-

2144 4925 2382 4979 diantur.
2417 4943 2436 4978 ι
2465 4934 2570 4979 etc.
3709 4935 3714 4941 '

2182 4926 2382 4986 iantur.
2417 4943 2436 4978 ι
2465 4934 2570 4981 etc.
3709 4935 3714 4941 '

2216 4993 2474 5120 (56)(1ξ1ἓἱ
2489 5005 2630 5048 unus
2669 4987 2872 5064 Regius
2893 5008 3039 5048 num.
3063 4992 3202 5049 1639
3227 4993 3390 5050 habet
3419 5010 3439 5044 ι
3471 4991 3708 5048 indicat)

2216 5083 2246 5120 ο
2275 5083 2294 5113 σ
2387 5082 2414 5118 c
2481 5105 2492 5117 .
2528 5083 2548 5116 ι

2187 5059 2246 5121 ro
2275 5083 2294 5113 σ
2313 5059 2492 5120 'dicat.
2528 5083 2548 5116 ι
2754 5059 2779 5064 ⁷
3765 5059 3771 5076 ¹

2147 5083 2246 5138 pro
2275 5083 2294 5113 σ
2329 5083 2492 5120 alcat.
2528 5083 2548 5116 ι

2219 5134 2334 5204 (57)
2367 5134 2463 5188 Ms.
2492 5133 2692 5204 Regius
2721 5149 2872 5188 num.
2906 5131 3066 5195 1659,
3105 5150 3143 5204 ε
3161 5148 3267 5188 non
3313 5132 3485 5186 solum
3521 5147 3708 5204 voces,

2151 5195 2330 5276 διξὰιὶ
2363 5215 2470 5276 e_tc.
2504 5195 2706 5276 Deinde
2728 5205 2868 5258 idem
2902 5219 3006 5258 ms.
3035 5195 3393 5276 etﬂabanus,
3427 5221 3446 5254 ι
3478 5203 3568 5276 qui
3601 5195 3711 5256 uti;

2152 5273 2286 5346 que.
2315 5273 2565 5346 »_Ca:t_eri
2613 5288 2743 5328 vero
2771 5287 2914 5346 mss._
2939 5281 2996 5327 et
3036 5273 3244 5346 editi,__¢
3275 5273 3399 5341 quia
3433 5275 3638 5346 utique.
3663 5289 3704 5346 _r

2195 5345 2330 5414 '(58)
2353 5342 2514 5414 Editi,
2547 5357 2566 5394 t
2602 5359 2706 5398 non
2733 5343 3283 5414 sunt‘inisuasoriis,
3319 5361 3338 5394 ι
3368 5349 3474 5398 etc.
3509 5342 3712 5396 Deinde

2143 5411 2248 5472 ms.
2279 5411 2418 5468 unus
2449 5413 2652 5482 Regius
2684 5429 2831 5467 num.
2863 5412 2999 5466 1659
3029 5411 3174 5466 addit
3205 5430 3225 5464 ι
3258 5414 3510 5466 humana:
3537 5419 3711 5482 rante

2150 5506 2170 5538 ε
2201 5485 2508 5556 sapientiae;
2537 5479 2561 5556 ’ξ
2589 5484 2814 5556 sedhvox
2840 5500 2860 5534 ι
2897 5483 3144 5556 humanae
3162 5501 3195 5556 _)
3229 5483 3379 5537 deest
3405 5483 3457 5535 in
3486 5479 3710 5548 reliquis

2147 5551 2279 5611 mss:
2313 5569 2518 5608 necnon
2547 5553 2601 5606 in
2632 5553 2808 5608 editis.
2833 5561 2889 5605 et
2912 5552 3052 5611 apud
3080 5551 3395 5607 Babanum.‘

2211 5620 2320 5692 (59)
2352 5618 2776 5692 bstaomittitur
2802 5618 2855 5670 in
2887 5615 3066 5692 editis.
3101 5617 3379 5692 Babanus,
3416 5633 3436 5667 ι
3472 5615 3562 5692 sit.
3601 5631 3623 5665 ι

2213 5685 2324 5759 (60⁷)
2353 5690 2515 5750 Editi,
2549 5708 2567 5739 ‹
2619 5688 2986 5757 insipientem,
3023 5688 3079 5744 in
3116 5689 3252 5744 iram
3283 5700 3386 5743 vos
3423 5685 3735 5759 mittam}.

2141 5751 2454 5834 ξεῖδρίῐιῐιθδ
2479 5776 2608 5815 mss.
2639 5769 2698 5815 ut
2722 5751 2778 5816 in
2810 5751 3000 5830 textug
