4146 6440
467 349 608 405 “75

1393 347 1749 403 COMMENT.
1786 346 1855 403 IN
1888 346 2107 402 EPIST.
2143 346 2235 400 AD
2273 345 2442 401 ROM.
2476 346 2611 409 LIB.
2655 346 2791 401 VIII.

3636 30 3681 31 κη
3734 13 4134 36 ____

3341 44 4134 71 ἡ

3578 356 3720 411 “76

469 483 556 525 tur
579 485 643 525 ea
671 484 790 540 quas
813 471 1064 539 superius
1096 471 1256 536 dixit,
1289 470 1356 525 de
1407 472 1658 539 gentibus
1686 472 2033 539 prolocutus;
2063 475 2113 533 Α
2142 470 2264 535 bus,
2291 485 2433 523 nunc
2472 471 2538 524 de
2567 470 2731 525 Israel
2781 470 2965 524 facere
3011 476 3357 538 sermonem,
3389 476 3506 530 nec”
3536 460 3716 531 tamen

469 576 611 616 nunc
640 576 788 627 vero,
821 570 878 615 ut
911 562 1010 616 sibi
1046 562 1213 617 moris
1245 571 1349 627 est,
1391 563 1556 616 etiam
1597 563 1664 615 de
1698 560 1863 616 Israel
1910 561 2040 615 sub-

463 655 689 725 iungere
714 672 728 708 :
758 653 949 708 et'vult
976 654 1119 723 quod
1150 653 1540 708 inexcusabilis
1579 654 1653 707 sit
1683 652 1850 707 Israel
1884 655 2038 708 testi-

472 749 570 800 bus
599 746 806 802 idoneis
835 746 1209 816 comprobare.
1242 746 1381 814 Ipse,
1436 746 1631 815 inquit,
1662 744 1872 817 Moyses
1908 747 2042 801 dicit

468 853 537 891 ex
568 853 797 906 persona
828 838 924 893 Dei
957 855 970 891 :
1002 856 1021 890 ι
1056 838 1168 909 Ego
1197 840 1262 891 ad
1309 840 1711 893 inundationem
1741 853 1840 892 vos
1870 836 2040 891 addu-

467 946 588 983 cam
622 931 673 983 in
717 946 822 984 non
869 939 1119 1000 gentem:
1157 950 1176 983 ι
1212 932 1279 985 de
1323 932 1648 986 Christianis
1700 934 1820 987 sine
1878 930 2041 986 dubio

473 1021 682 1090 dicens,
712 1020 858 1087 quia
905 1020 1014 1074 Deo
1041 1021 1108 1075 ad
1156 1020 1560 1079 aemulationem
1611 1022 1811 1091 prioris
1855 1020 2038 1091 populi

469 1109 733 1164 increduli
765 1119 821 1164 et
869 1110 1261 1179 contemptoris
1317 1111 1578 1180 assumpti
1614 1120 1761 1166 sunt.
1822 1111 1931 1166 Sed
1961 1111 2042 1164 vi-

469 1204 659 1258 deatur
687 1204 940 1258 fortassis
968 1211 1181 1273 gentem
1212 1217 1243 1255 a
1272 1201 1382 1256 Deo
1410 1202 1534 1257 fidei
1567 1203 1763 1257 merito
1790 1213 1846 1257 et
1874 1202 2039 1257 devo-

469 1297 632 1351 tionis
660 1296 889 1351 electam
924 1295 1136 1365 Moyses
1167 1293 1482 1363 injuriosius
1513 1294 1895 1363 compellassc,
1918 1310 2041 1348 cum

468 1387 622 1451 dicit,
656 1405 677 1438 ι
716 1384 774 1439 In
834 1401 938 1440 non
964 1395 1206 1456 gentem,
1242 1404 1260 1435 ι
1310 1394 1367 1438 et
1396 1383 1506 1455 (6i)
1543 1384 1615 1437 ita
1642 1382 1795 1436 nihili
1824 1383 2041 1447 ducere,

466 1488 656 1534 utnec
683 1488 895 1548 gentem
924 1492 1045 1531 eam
1082 1476 1355 1546 appellare
1400 1476 1681 1546 dignetur;
1721 1484 1815 1529 aut
1855 1475 1900 1529 si
1950 1489 2044 1542 ap-

468 1570 648 1640 pellet,
679 1570 1022 1639 insipientem
1049 1568 1159 1640 (62)
1196 1569 1501 1623 nominare.
1539 1566 1644 1621 Sed
1676 1582 1781 1621 non
1824 1574 1906 1620 est
1961 1566 2044 1620 in-

459 1664 704 1733 jnriosus
753 1662 988 1734 Moyses,
1037 1671 1225 1730 utpote
1272 1660 1482 1714 amicus
1517 1659 1634 1724 Dei,
1667 1674 1798 1729 erga
1841 1659 2045 1714 electos

466 1756 585 1823 ejus
621 1773 636 1809 :
678 1749 778 1809 nec
805 1753 1136 1809 contumelia
1171 1752 1451 1807 videbitur
1488 1752 1542 1806 in
1573 1767 1842 1817 sermone,
1876 1751 1920 1805 si
1952 1766 2044 1804 ra-

2142 562 2421 615 evidenter
2450 570 2504 615 et
2531 562 2706 632 palam
2743 561 3179 617 immutationem
3214 564 3495 622 declarare
3527 582 3720 638 perso-

2143 666 2226 705 nae
2258 650 2367 725 (68)
2391 660 2405 707 ς
2432 655 2505 705 ita
2538 663 2593 707 et
2625 652 2793 708 Isaias
2818 654 2869 707 in
2907 655 2992 708 his
3025 657 3368 711 sermonibus
3394 658 3553 722 facit,
3582 675 3720 726 quos

2145 745 2211 797 ad
2238 745 2542 813 exemplum
2568 747 2858 815 Apostolus
2891 750 3147 817 protulit;
3188 758 3241 802 et
3268 752 3474 818 primas
3501 751 3718 816 quidem

2143 845 2347 906 partes,
2387 837 2436 889 id
2492 848 2594 901 est,
2638 855 2655 888 ι
2695 840 2948 893 inventus
2977 856 3094 894 smn
3145 856 3172 893 a
3209 856 3315 896 non
3352 845 3723 911 quaerentibus

2144 942 2263 990 ine;
2303 928 2480 996 palam
2514 930 2739 996 apparui
2781 929 2926 984 inter
2961 932 3080 984 illos
3140 933 3230 999 qui
3275 947 3379 985 non
3420 933 3723 1001 interroga-

2146 1017 2279 1071 bant
2313 1034 2418 1080 me,
2463 1038 2481 1071 ι
2511 1022 2628 1074 sine
2654 1020 2815 1075 dubio
2840 1022 2909 1075 de
2940 1025 3192 1092 gentibus
3219 1024 3351 1077 dicit
3382 1043 3396 1080 :
3434 1037 3491 1080 et
3515 1025 3604 1079 ubi
3634 1026 3724 1081 ille

2145 1122 2433 1176 personam
2490 1109 2721 1165 latenter
2749 1113 3019 1179 immutat,
3072 1116 3361 1183 Apostolus
3415 1117 3723 1173 evidentem

2147 1198 2550 1256 distinctionem
2576 1205 2922 1258 sermonibus
2947 1207 3059 1261 suis
3095 1208 3236 1261 dedit
3275 1207 3328 1262 in
3350 1222 3416 1264 eo
3448 1210 3591 1278 quod
3625 1212 3724 1264 ad-

2148 1291 2282 1345 didit
2311 1311 2324 1345 :
2362 1292 2491 1363 ιξΑᾱ
2524 1293 2688 1348 Israel
2712 1307 2892 1351 autem
2922 1298 3052 1367 quid
3099 1299 3262 1352 dicit?
3304 1318 3322 1350 ι
3356 1310 3410 1353 et
3441 1302 3722 1367 superiora

2146 1380 2361 1449 quidem
2395 1382 2460 1435 ad
2484 1395 2707 1453 gentes;
2750 1386 3036 1455 sequentia
3065 1402 3196 1442 vero
3217 1391 3441 1456 exponit
3470 1391 3535 1443 ad
3558 1391 3724 1445 Israet

2146 1488 2266 1528 esse
2319 1472 2620 1541 referenda,
2656 1476 2710 1530 in
2747 1478 2946 1547 quibus
2972 1479 3090 1533 ait:
3126 1497 3145 1530 ‹
3177 1478 3311 1535 Tota
3352 1481 3438 1535 die
3490 1483 3723 1552 expa’ndi

2148 1579 2341 1618 manus
2376 1581 2525 1620 meas
2544 1569 2612 1620 ad
2644 1569 2896 1636 populum
2924 1586 3031 1626 non
3051 1571 3382 1635 credentem,
3413 1580 3469 1626 et
3507 1583 3728 1627 contra-

2147 1655 2436 1710 dicentem.
2486 1675 2505 1708 ι
2549 1657 2657 1712 Sed
2682 1660 2861 1728 primo
2905 1661 3148 1715 omnium
3176 1667 3318 1731 quod
3350 1663 3456 1729 ait,
3495 1683 3514 1716 ι
3556 1664 3724 1720 Isaias

2147 1747 2311 1801 audet
2356 1755 2412 1801 et
2447 1747 2601 1809 dicit,
2645 1766 2663 1799 ι
2720 1749 3000 1805 videamus
3032 1752 3161 1820 quid
3217 1753 3436 1820 audeat,
3486 1753 3568 1808 vel
3604 1770 3725 1825 quae

467 1817 544 1901 tio
593 1847 864 1903 sermonis
911 1852 1187 1915 appareat.
1253 1844 1599 1914 Unaquaeque
1647 1858 1811 1912 gens,
1886 1843 2041 1898 verbi
2072 1817 2119 1875 Β
2148 1841 2236 1895 hic
2269 1840 2551 1908 prophetae
2584 1842 2844 1896 doceatur
2868 1817 3116 1897 audacia.
3144 1842 3203 1898 Si
3237 1817 3579 1902 intendamus
3611 1817 3722 1918 (69)

463 1955 653 2005 causa,
684 1938 1088 2010 Egyptiorum,
1113 1946 1208 1991 aut
1235 1936 1517 2007 Syrorum,
1545 1945 1638 1989 aut
1659 1934 2040 2003 Moabitarum,

465 2048 563 2101 pro
593 2047 658 2087 eo
685 2033 828 2101 quod
856 2031 1090 2100 propriis
1125 2029 1394 2093 terminis,
1424 2036 1477 2083 et
1503 2029 1708 2097 lingua,
1743 2037 1798 2082 et
1828 2027 2042 2092 habitu,

463 2137 519 2176 et
570 2122 812 2178 moribus
857 2132 1027 2191 atque
1076 2120 1339 2175 institutis
1386 2119 1743 2184 discernitur,
1774 2134 1908 2188 gens
1953 2118 2041 2171 illa

465 2216 551 2269 vel
602 2215 691 2269 illa
738 2214 1092 2284 appellatur:
1128 2223 1185 2267 et
1238 2228 1411 2282 neque
1464 2211 1608 2283 Syri,
1655 2210 1894 2282 [Egyptii
1943 2212 2047 2265 ali-

463 2304 686 2374 quando
732 2305 1033 2359 dicuntur:
1067 2318 1243 2373 neque
1288 2302 1559 2369 Moabitae,
1594 2303 1808 2357 Idumaei
1859 2303 2044 2372 appel-

464 2396 682 2462 lantur;
730 2404 824 2449 aut
866 2398 1078 2451 Arabes
1134 2396 1353 2469 Scythae
1393 2397 1530 2469 (65).
1561 2397 1854 2452 Christiani
1912 2413 2041 2453 vero

462 2503 571 2542 non
608 2497 692 2541 est
723 2502 828 2541 una
885 2502 1039 2558 gens,
1078 2492 1174 2543 sed
1204 2506 1272 2543 ex
1317 2488 1573 2543 omnibus
1619 2489 1872 2559 gentibus
1903 2505 2044 2544 unus

464 2580 695 2650 pepulus
732 2597 748 2636 :
777 2591 831 2634 et
866 2582 985 2634 ideo
1016 2580 1229 2650 Moyses
1266 2594 1362 2649 pro
1396 2596 1613 2634 summo
1647 2581 1856 2635 honore
1882 2599 1901 2631 ι
1935 2597 2041 2636 non

462 2682 679 2738 gentem
713 2692 733 2725 ι
768 2688 888 2727 eam
922 2675 1247 2738 nominavit,
1292 2674 1420 2742 quia
1451 2689 1557 2728 non
1585 2684 1707 2727 erat
1752 2690 1854 2727 una
1886 2690 2039 2744 gens,

462 2761 581 2826 sed,
614 2763 659 2817 si
701 2765 775 2816 ita
818 2763 923 2817 dici
954 2773 1151 2832 potest,
1185 2764 1429 2818 omnium
1461 2763 1705 2833 gentium
1740 2778 1872 2833 gens
1904 2763 2040 2835 (64).

465 2850 667 2907 Verum
699 2851 912 2906 excludi
947 2852 1255 2907 videbimur
1278 2857 1331 2907 in
1361 2854 1446 2907 his
1466 2869 1588 2922 qua:
1611 2855 2040 2924 subsequuntur,

462 2942 560 2997 nbi
594 2939 727 2994 dicit
762 2958 777 2994 :
820 2957 839 2991 ‹
875 2939 930 2993 1η
954 2951 1174 3012 gentem
1206 2943 1559 3009 insensatam,
1588 2943 1642 2996 in
1671 2944 1808 2997 iram
1832 2959 1927 2999 vos
1961 2945 2043 2998 in—

462 3036 655 3087 ducam
688 3051 703 3091 :
743 3052 762 3084 ›
792 3035 934 3102 quod
969 3044 1026 3088 et
1059 3046 1274 3103 gentem
1311 3050 1456 3102 eam,
1482 3046 1541 3091 et
1565 3036 1908 3106 insipientem
1943 3052 2043 3093 ηοω

464 3123 777 3178 inlnaverit.
816 3125 1014 3180 Verum
1057 3142 1128 3179 ne
1163 3126 1216 3180 in
1258 3127 1362 3182 hoc
1410 3128 1630 3196 quidem
1676 3128 1917 3184 famulus
1948 3131 2039 3185 Dei

464 3214 680 3286 Moyses
710 3217 1097 3270 contumeliam
1127 3216 1257 3271 facit
1290 3220 1484 3288 populo
1503 3219 1630 3287 Dei;
1656 3221 1748 3274 sed
1779 3221 2041 3288 praevide-

464 3308 561 3361 bat
589 3307 642 3362 in
678 3308 874 3377 spiritu
903 3309 1160 3377 quoniam
1192 3310 1238 3363 si
1272 3312 1393 3379 quis
1433 3310 1541 3364 vult
1586 3313 1807 3380 sapiens
1836 3326 1956 3367 esse
1987 3313 2041 3367 in

464 3400 570 3455 hoc
618 3407 839 3467 mundo,
898 3402 1162 3471 insipiens
1206 3403 1325 3458 fieri
1382 3404 1563 3468 debet,
1601 3414 1659 3458 ut
1709 3404 1781 3458 sit
1823 3405 2044 3474 sapiens

464 3494 607 3563 apud
638 3494 804 3548 Deum
836 3492 918 3560 5‘;
950 3503 1005 3548 et
1035 3513 1054 3546 ι
1087 3496 1217 3563 quia
1244 3511 1354 3550 non
1387 3495 1638 3564 cognovit
1685 3497 1919 3551 mundus
1946 3512 2043 3565 per

464 3585 787 3652 sapientiam
818 3585 984 3640 Deum
1004 3624 1021 3648 ,
1063 3586 1265 3656 placuit
1299 3587 1411 3642 Deo
1443 3601 1537 3656 per
1565 3587 1854 3642 stultitiam
1901 3603 2042 3656 prae-

466 3680 760 3734 dicationis
787 3679 970 3735 salvos
997 3679 1179 3735 facere
1205 3682 1492 3735 credentes
1519 3681 1562 3713 ⁸⁸
1600 3700 1612 3735 :
1653 3700 1672 3734 ι
1709 3694 1763 3737 et
1792 3683 1915 3751 quia
1947 3698 2045 3751 per

466 3772 912 3840 przedicationem
936 3772 1115 3827 crucis
1147 3771 1375 3838 Christi,
1396 3788 1518 3842 quae
1544 3783 1630 3827 est
1654 3773 1882 3828 stultitia
1907 3789 2041 3844 gen-

467 3865 609 3918 tibus
628 3861 695 3926 “,
714 3878 898 3931 congrt
918 3864 1136 3933 gahitur
1160 3864 1388 3933 populus
1409 3865 1498 3930 qui
1526 3865 1620 3917 fiat
1643 3866 1692 3917 in
1718 3866 1820 3920 hoc
1845 3866 2045 3921 mundo

465 3956 686 4019 stultus,
730 3967 790 4010 ut
828 3956 906 4009 sit
934 3958 1151 4026 sapiens
1186 3959 1327 4025 apud
1361 3958 1551 4011 Deum.
1597 3958 1913 4014 Irascuntur
1951 3975 2044 4013 er-

466 4066 533 4116 go
564 4048 674 4120 (65)
705 4048 872 4104 Iudzei
902 4051 1046 4119 quod
1079 4051 1212 4118 ipsis
1237 4052 1624 4106 excusantibus
1660 4060 1716 4107 et
1752 4052 2043 4107 refutanti-

463 4142 587 4205 bus,
621 4144 686 4196 ad
718 4144 1027 4197 convivium
1054 4144 1196 4212 regis
1226 4143 1465 4197 inritatae
1493 4154 1620 4198 sunt
1666 4155 1876 4212 gentes,
1927 4160 2033 4199 non

462 4237 791 4305 aspicientes
836 4238 903 4290 ad
952 4250 1015 4290 ea
1069 4250 1191 4305 qua:
1251 4235 1451 4290 dudum
1500 4236 1565 4289 de
1621 4236 1725 4289 hoc
1780 4236 2040 4307 mysterio

470 4347 489 4378 c
529 4327 697 4382 Isaias
747 4327 911 4381 audet
958 4336 1016 4381 et
1055 4327 1191 4381 dicit
1221 4343 1235 4380 :
1263 4325 1521 4381 Inventus
1565 4340 1685 4381 sum
1718 4324 1831 4397 (66)
1865 4341 1895 4379 a
1932 4342 2036 4381 non

458 4418 831 4486 quzerentibus
853 4432 970 4472 me:
995 4417 1171 4487 palam
1194 4417 1416 4487 apparui
1437 4417 1578 4471 inter
1591 4430 1685 4471 eos
1707 4416 1798 4484 qui
1825 4415 2036 4487 me(67)

2144 1931 2329 1987 verbis
2359 1931 2503 1986 beati
2527 1932 2788 2002 Stephani
2815 1936 3044 1990 dicentis
3071 1937 3144 1989 6"2
3185 1955 3205 1987 ι
3236 1937 3405 2004 Quem
3431 1940 3574 1994 enim
3596 1957 3725 2011 pro-

2143 2023 2432 2090 phetarum
2466 2038 2573 2079 non
2618 2028 2887 2094 persecuti
2920 2038 3047 2080 sunt
3079 2039 3264 2099 patres
3297 2030 3486 2097 vestri,
3512 2033 3600 2099 qui
3625 2048 3721 2087 an-

2143 2112 2473 2168 nuntiabant
2508 2114 2576 2169 de
2607 2115 2842 2169 adventu
2875 2114 3049 2172 Iusti?
3085 2136 3107 2170 »
3148 2129 3275 2173 tunc
3318 2119 3473 2176 Isaiae
3524 2123 3723 2176 intelli-

2144 2206 2322 2275 gimus
2348 2207 2657 2272 audaciam,
2687 2209 2776 2277 qui
2802 2212 3270 2277 persecutionibus
3316 2223 3373 2267 et
3397 2225 3569 2269 morte
3595 2232 3721 2284 pro-

2143 2297 2321 2367 posita
2350 2313 2514 2352 ausus
2541 2308 2625 2352 est
2659 2308 2839 2354 tamen
2867 2301 2937 2355 de
2966 2303 3202 2357 adventu
3235 2303 3372 2359 Iusti
3398 2308 3716 2375 praedicare,

2142 2401 2196 2447 et
2222 2407 2319 2461 pro
2347 2392 2488 2446 bono
2516 2392 2680 2445 audet
2715 2393 2880 2447 etiam
2920 2396 3055 2448 mori
3080 2395 3144 2452 “.
3191 2396 3247 2449 In
3285 2413 3391 2464 quo
3436 2408 3611 2452 tamen
3644 2400 3721 2454 si-

2144 2483 2257 2539 mul
2291 2494 2345 2537 et
2380 2483 2508 2539 illud
2535 2487 2864 2550 ostenditur,
2890 2487 3011 2555 quia
3041 2503 3172 2552 non,
3210 2499 3268 2542 ut
3294 2489 3460 2558 aliqui
3506 2497 3719 2560 putant,

2143 2577 2422 2646 prophetae
2456 2578 2772 2632 nesciebant
2796 2581 2924 2648 quid
2956 2581 3228 2644 dicerent,
3253 2591 3310 2635 et
3335 2583 3489 2650 quasi
3517 2583 3723 2637 aliena-

2148 2676 2202 2721 to
2231 2682 2393 2723 sensu
2427 2684 2528 2723 suo
2558 2671 2977 2740 prophetabant.
3015 2673 3167 2737 Quod
3219 2674 3363 2727 enim
3398 2674 3532 2728 dicit
3579 2676 3723 2741 Apo-

2144 2759 2318 2814 stolus
2353 2762 2419 2815 de
2455 2759 2617 2826 Isaia,
2648 2762 2775 2831 quia
2801 2780 2819 2813 ι
2852 2763 3009 2817 audet
3034 2772 3088 2816 et
3111 2763 3261 2830 dicit,
3300 2782 3321 2816 ι
3357 2764 3460 2818 hoc
3489 2765 3723 2834 indicat,

2145 2851 2271 2918 quia
2304 2860 2533 2906 mortem
2560 2861 2920 2907 contemnens
2961 2862 3015 2909 et
3046 2854 3455 2923 persecutiones
3485 2871 3607 2924 qua:
3634 2857 3722 2910 in-

2144 2940 2484 3012 ferebantur,
2536 2946 2785 3010 quamvis
2815 2945 2982 3000 sciret
3030 2947 3132 3000 sibi
3182 2947 3464 3001 imininere
3507 2948 3759 3016 pericnr

2144 3038 2281 3102 lum,
2315 3036 2479 3091 audet
2510 3045 2692 3091 tamen
2724 3044 2779 3089 et
2823 3035 3084 3104 praedicat
3132 3039 3358 3092 verbum
3413 3037 3529 3104 Dei,
3583 3038 3726 3092 sicut

2071 3162 2114 3219 ο
2144 3140 2197 3184 et
2227 3131 2341 3198 ipse
2369 3128 2568 3183 Paulus
2595 3128 2812 3182 dicebat
2837 3144 2850 3180 :
2881 3146 2900 3178 ι
2933 3127 3060 3182 Scio
3080 3128 3216 3195 quia
3251 3129 3466 3182 vincula
3510 3141 3563 3184 et
3593 3146 3720 3183 car-

2147 3236 2300 3277 ceres
2324 3228 2544 3275 manent
2574 3235 2660 3274 me
2701 3220 2753 3274 in
2781 3219 3166 3290 Ierosolymis;
3199 3220 3291 3275 sed
3315 3236 3414 3290 ego
3446 3238 3550 3277 non
3581 3224 3722 3278 facio

2146 3312 2450 3366 chariorem
2494 3311 2732 3369 animam
2762 3332 2936 3371 meam
2963 3314 3094 3369 mihi
3118 3314 3183 3367 ".
3218 3334 3237 3367 ›
3267 3314 3357 3369 Sic
3376 3329 3506 3385 ergo
3533 3314 3643 3385 (70)
3668 3324 3725 3366 et

2145 3406 2315 3461 Isaias
2332 3403 2540 3458 sciebat
2554 3403 2772 3473 quidem
2797 3406 3091 3458 secandum
3113 3420 3171 3459 se
3187 3419 3307 3460 esse
3320 3416 3374 3459 et
3392 3404 3722 3460 interﬁcien-

2145 3498 2271 3551 dum
2301 3493 2466 3566 629
2494 3495 2561 3549 ab
2588 3494 2768 3564 impiis
2794 3534 2809 3559 ,
2837 3496 3000 3550 audet
3035 3505 3214 3551 tamen
3245 3537 3259 3560 ,
3285 3505 3342 3550 et
3368 3511 3435 3550 ex
3485 3510 3719 3564 persona

2144 3586 2348 3641 Christi
2389 3586 2521 3641 dicit
2553 3605 2566 3640 :
2603 3602 2623 3635 (
2662 3584 2923 3640 Inventus
2968 3600 3089 3637 sum
3134 3601 3163 3638 a
3201 3602 3306 3639 non
3352 3587 3722 3655 quaerentibus

2145 3694 2232 3733 me
2259 3678 2329 3731 7°.
2374 3697 2393 3730 ι
2428 3676 2647 3731 Certum
2682 3687 2766 3731 est
2809 3688 2984 3729 autem
3014 3677 3157 3745 quod
3189 3686 3378 3746 gentes
3407 3685 3563 3730 erant
3599 3692 3721 3744 quae

2146 3770 2418 3827 Christum
2457 3785 2556 3824 nec
2583 3784 2829 3839 quaerere
2879 3778 3182 3834 noverant,
3220 3784 3320 3823 nec
3362 3770 3429 3824 de
3453 3784 3519 3824 eo
3548 3770 3720 3823 inter-

2144 3877 2337 3934 regare
2393 3863 2716 3916 didicerant.
2778 3862 3104 3917 Invenerunt
3156 3874 3338 3917 tamen
3394 3878 3557 3932 quem
3613 3876 3719 3915 non

2143 3956 2495 4027 quaesierunt,
2522 3956 2648 4023 quia
2681 3956 2796 4024 ipse
2824 3969 2917 4010 eos
2947 3956 3095 4024 prior
3118 3956 3388 4025 quaesivit.
3419 3956 3616 4013 Pastor
3633 3970 3720 4012 est

2146 4048 2293 4102 enim
2329 4048 2500 4102 bonus
2530 4047 2596 4111 ⁷⁸,
2630 4054 2685 4100 et
2726 4062 2881 4100 ovem
2907 4062 3028 4115 qua:
3050 4048 3289 4116 perierat
3314 4048 3603 4117 requisivit
3634 4049 3717 4111 7",

2142 4149 2198 4193 et
2223 4139 2493 4206 sapientia
2537 4148 2620 4192 est
2642 4153 2764 4207 qua:
2803 4137 3126 4192 drachmam
3151 4140 3417 4209 perditam
3445 4140 3720 4209 quaesivit,

2141 4244 2199 4285 et
2242 4244 2490 4299 quaerens
2534 4232 2741 4285 invenit
2783 4230 2851 4286 ⁷³.
2886 4228 3056 4285 Iudaei
3102 4242 3284 4285 autem
3335 4248 3509 4301 usque
3543 4233 3717 4288 adhuc

2142 4332 2396 4392 quaerunt
2429 4324 2497 4376 de
2526 4322 2743 4377 Christo
2767 4366 2780 4389 ,
2813 4332 2868 4377 et
2917 4323 3258 4393 interrogant
3301 4324 3613 4394 Scripturas
3648 4327 3715 4379 de

2142 4428 2226 4480 eo,
2277 4423 2332 4467 et
2380 4428 2483 4467 non
2517 4414 2833 4478 inveniunt;
2877 4414 3002 4481 quia
3052 4429 3180 4467 crux
3230 4415 3350 4483 ejus
3392 4414 3594 4469 Iudaeis
3636 4426 3722 4474 est

460 4526 571 4563 non
604 4507 1140 4579 interrogabant.Ad
1167 4506 1330 4562 Israel
1358 4516 1540 4560 autem
1563 4506 1693 4576 quid
1717 4506 1880 4561 dicit?
1902 4506 2037 4560 Tota
2071 4526 2117 4580 ι)
2144 4506 2463 4561 scandalum
2491 4506 2536 4537 ’⁷⁸
2568 4503 2680 4577 (71)
2709 4525 2722 4560 :
2749 4517 2805 4560 et
2830 4507 2950 4561 ideo
2975 4507 3108 4561 dicit
3131 4510 3196 4561 ad
3227 4525 3319 4562 eos
3353 4526 3366 4560 :
3403 4527 3421 4558 ι
3464 4508 3598 4565 Tota
3632 4508 3720 4561 die

463 4600 550 4654 die
577 4602 806 4671 expandi
841 4616 1034 4656 manus
1074 4615 1224 4654 meas
1252 4600 1320 4652 ad
1353 4599 1607 4667 pupulum
1654 4608 1759 4651 non
1800 4599 2035 4651 creden-

464 4698 571 4740 tem
626 4699 682 4743 et
736 4691 1226 4745 contradicentem.
1282 4708 1300 4741 ι
1345 4689 1498 4743 Sicut
1546 4689 1601 4741 in
1658 4687 2038 4755 superioribus

458 4796 608 4850 δίκερε
633 4783 970 4837 ostendimus
995 4783 1300 4853 apostolum
1331 4781 1554 4835 Paulum
1588 4796 1731 4835 nunc
1756 4783 1823 4836 de
1851 4783 2032 4851 genti-

532 4921 577 4952 “
614 4920 630 4974 l
677 4921 801 4975 Cor.
836 4936 919 4985 III,
969 4921 1055 4979 I8.
1135 4923 1220 4977 ⁸⁸1
1247 4922 1373 4977 Cor.
1410 4936 1449 4989 I,
1488 4920 1580 4974 21.

460 4991 509 5023 '°
535 4992 640 5047 Isa.
668 5006 795 5057 ων,
837 4992 884 5045 I.
976 4993 1021 5024 '“
1051 4991 1208 5047 Ioan.
1240 5008 1295 5058 κ,
1324 4992 1415 5046 II.

530 5129 649 5267 (61)
682 5131 844 5187 Deest
879 5150 898 5184 ‹
938 5140 995 5189 et
1025 5151 1046 5185 ι
1078 5134 1131 5187 in
1164 5133 1348 5188 editis.

536 5202 626 5267 (62
675 5201 845 5267 Editi,
881 5220 902 5255 ‹
942 5203 1285 5267 insipientes,
1319 5224 1338 5257 ι

536 5201 647 5267 (62)
675 5201 845 5272 Editi,
881 5220 902 5255 r
942 5203 1285 5272 insipientes,
1319 5224 1338 5257 ι
1376 5202 1530 5257 male.

535 5272 647 5341 (65)
680 5271 778 5328 Ms.
807 5289 947 5330 unus
973 5271 1173 5339 Regius
1206 5289 1357 5327 num.
1391 5272 1528 5328 I659
1564 5279 1728 5337 habet
1756 5304 1774 5334 ι
1806 5281 1975 5338 (ἔθιζε.
2012 5299 2030 5333 ι

464 5344 774 5420 δ’,ξιΙΔςςΒξ-βςξ
798 5359 936 5420 ωδε.
977 5356 1033 5399 et
1061 5344 1343 5420 Babanus,
1385 5364 1403 5396 ι
1448 5346 1683 5420 Scythas.
1714 5371 1733 5404 ι

536 5412 645 5485 (64)
671 5411 845 5485 Editi,
873 5434 892 5467 ‹
927 5416 1166 5469 omnium
1191 5415 1427 5482 gentium
1453 5411 1657 5485 gentes.
1704 5442 1722 5473 ι

532 5484 649 5557 (65)
683 5484 774 5538 Sic
800 5484 899 5541 Ms.
934 5486 1135 5554 Regius
1164 5500 1315 5557 num.
1343 5484 1480 5542 I639
1507 5500 1560 5542 et
1589 5490 1865 5546 Rabanus.
1890 5491 2036 5547 Editi

462 5555 844 5630 VCI‘OACILIIISS.
881 5556 1146 5630 plerique,
1178 5576 1196 5608 ι
1236 5555 1538 5630 irascantur
1560 5575 1707 5630 ergo,
1740 5580 1759 5613 ι
1786 5571 1892 5617 etc.

537 5625 650 5698 (66)
682 5625 845 5698 Editi,
880 5625 900 5677 ἃ
934 5630 1000 5682 de
1024 5625 1127 5682 hoc
1154 5627 1435 5695 mySIerio.
1467 5625 1641 5684 Isaias
1663 5642 1842 5687 autem
1873 5633 2033 5687 aude:

460 5707 520 5758 et
546 5697 679 5751 dicit
706 5712 720 5749 :
746 5697 1001 5769 Inventus
1048 5713 1193 5762 sum,
1235 5716 1252 5749 ι
1293 5708 1399 5754 etc.
1446 5698 1550 5769 Sed
1583 5716 1774 5760 omnes
1818 5718 1947 5764 mss.
1979 5711 2064 5765 et.-

464 5769 721 5831 Ikabanus
748 5767 883 5826 utin
912 5778 1098 5829 nostro
1126 5778 1304 5831 textu.

1660 4919 1709 4951 ”
1746 4920 1877 4975 ibid.
1928 4920 2019 4976 23.
2093 4923 2135 4954 ⁶⁷
2166 4925 2289 4981 Act.
2341 4938 2438 4983 vn,
2466 4923 2550 4976 52.

1505 4992 1550 5022 ⁷⁸
1579 4990 1712 5046 Luc.
1744 5006 1837 5060 xv,
1872 4991 1928 5047 4.
2006 4992 2200 5048 "ibid.
2231 4994 2283 5048 8.

2144 4599 2379 4668 expandi
2411 4613 2601 4653 manus
2648 4613 2797 4654 meas
2822 4601 2890 4655 ad
2933 4603 3187 4669 populum
3233 4618 3341 4656 non
3383 4603 3717 4666 credentem,

2146 4702 2203 4745 et
2232 4691 2696 4746 contradicentem
2737 4692 2781 4724 ⁷³
2813 4711 2827 4745 :
2858 4711 2880 4744 -ι
2919 4694 3022 4748 hoc
3064 4702 3169 4758 est,
3202 4708 3324 4747 cum
3353 4696 3618 4760 penderet
3665 4695 3719 4747 in

2143 4782 2441 4854 Crttcehilli
2479 4799 2587 4836 non
2625 4784 2800 4838 solum
2844 4800 2946 4838 non
2983 4786 3303 4839 invenerunt
3330 4800 3476 4850 etim,
3513 4787 3605 4838 sed
3635 4787 3720 4839 in-

2633 4922 2676 4953 ⁸⁸
2708 4922 2861 4976 Rom.
2909 4937 2962 4981 ν,
3007 4922 3060 4974 7.
3137 4921 3179 4953 ⁸³
3208 4923 3326 4973 Act.
3369 4920 3579 4986 xx,23,
3622 4921 3715 4975 24.

2379 4992 2426 5023 ⁷⁸
2462 4994 2627 5049 ICor.
2660 5010 2701 5059 ι,
2732 4992 2820 5045 25.
2916 4992 2960 5022 ⁷⁵
2993 4991 3099 5046 Isa.
3124 5007 3249 5055 va,
3282 4990 3338 5043 2.

2219 5132 2330 5204 (67)
2358 5132 2522 5200 Editi,
2560 5151 2585 5183 ι
2620 5132 2840 5204 apparui
2874 5132 2960 5204 his
2987 5133 3212 5204 quinte,
3253 5150 3275 5184 ι
3306 5140 3410 5186 etc.

2219 5202 2330 5276 (68)
2358 5204 2517 5269 Editi,
2552 5222 2572 5255 ί
2612 5202 3050 5276 inmutationem
3080 5202 3352 5257 deelinare
3380 5216 3646 5273 personae.
3690 5222 3712 5258 ι

2147 5272 2253 5329 Sed
2278 5272 2467 5328 omnes
2496 5288 2626 5329 mss.
2660 5283 2719 5326 ut
2740 5275 2790 5326 in
2818 5284 3001 5327 nostro
3030 5281 3198 5326 textu.

2216 5344 2331 5415 (69)
2358 5344 2451 5415 Sic
2485 5360 2586 5399 ms.
2613 5344 2813 5410 Regius
2842 5359 2994 5415 num.
3023 5342 3158 5397 I659
3183 5340 3538 5415 etRabanus.
3572 5344 3714 5399 Editi

2144 5412 2272 5470 vero
2294 5412 2350 5470 et
2379 5413 2508 5469 Mss.
2536 5415 2801 5484 plerique,
2841 5431 2860 5484 ί
2890 5412 3193 5484 videamus.
3220 5414 3359 5479 Quid
3390 5417 3589 5469 audet?
3630 5416 3715 5468 vel

2143 5486 2390 5557 quaehic
2427 5482 2710 5557 Propheta:
2744 5482 3009 5557 audacia?
3033 5483 3126 5557 Si
3136 5483 3509 5557 intendamus,
3552 5503 3572 5535 ι
3605 5494 3711 5539 etc.

2214 5555 2325 5626 (70)
2343 5555 2441 5611 Ms.
2466 5551 2604 5609 unus
2626 5553 2999 5626 Ilegiusnum.
3021 5551 3188 5626 1.639,
3208 5570 3226 5605 ι
3251 5555 3486 5608 animam
3509 5569 3713 5622 meam,

2143 5622 2322 5700 quam:
2344 5642 2448 5700 me.
2479 5643 2508 5700 Δι
2544 5625 2745 5700 Deinde
2773 5623 2924 5688 editi,
2959 5641 2990 5700 ¢_
3012 5622 3068 5677 Si
3104 5639 3254 5700 ergo,
3294 5643 3315 5676 ι
3352 5635 3459 5680 etc.

2212 5696 2331 5772 (7t)
2352 5694 2494 5760 Eliti
2518 5736 2536 5768 ,
2572 5713 2592 5748 ι
2619 5694 2744 5771 quia
2778 5707 2914 5752 crux
2942 5693 3060 5771 ejus
3081 5695 3160 5751 eis
3185 5703 3270 5759 est
3304 5695 3647 5761 scandalum,
3682 5713 3715 5757 ι,
