4146 6440
399 326 423 379 1
443 323 541 379 I75
1884 321 2209 379 ORIGENIS
3537 334 3559 388 I
3580 335 3682 391 I76

398 459 564 517 super
590 447 889 503 dixerunt:
931 464 950 499 ι
1002 446 1057 502 Si
1094 444 1267 500 Filius
1298 443 1391 499 Dei
1425 458 1508 509 es,
1537 442 1805 499 descende
1835 458 1983 497 nunc
2012 451 2060 506 Α
2090 445 2271 497 minus
2312 441 2529 499 Christo
2562 442 2842 497 crederem
2869 483 2883 507 ,
2928 451 2985 497 et
3010 458 3077 498 ex
3113 443 3219 500 lide
3256 444 3377 515 ejus
3397 445 3674 514 institit-a-

397 540 465 594 de
490 556 674 604 cruce,
700 550 755 594 et
776 540 1049 595 credimus
1078 538 1171 593 tibi
1204 538 1275 593 ⁷⁵.
1306 557 1325 589 ι
1362 538 1471 592 Sed
1498 536 1622 590 audi
1657 536 1787 605 quid
1818 536 1981 589 etiam
2088 550 2218 599 rer;
2268 547 2479 589 certum
2527 544 2613 589 est
2656 536 2782 604 quia
2834 553 2853 587 ι
2904 552 3010 590 non
3052 538 3251 607 repulit
3289 541 3431 594 Deus
3462 540 3674 610 plebem

401 639 456 691 in
495 636 776 704 Sapientia
804 632 1112 689 Salomonis
1150 631 1454 695 dicatur",
1480 631 1604 699 quia
1642 650 1660 681 ι
1691 643 1796 684 non
1832 629 1985 683 inve-
2086 643 2241 681 suam
2296 642 2460 695 quam
2506 627 2806 696 prtescivit.
2853 648 2872 680 ι
2903 628 3190 694 Quomodo
3239 640 3425 686 autem
3477 650 3496 683 ι
3534 649 3674 703 quos

402 732 582 783 ιιῑειυι·
617 728 688 782 ab
719 727 805 781 his
840 726 934 794 qui
969 733 1183 778 tentant
1224 738 1347 778 eum
1382 723 1706 792 :appnrebit
1733 738 1865 775 vero
1898 722 1982 777 his
2086 719 2382 787 pra-scivit,
2410 718 2532 773 illos
2573 730 2623 773 et
2660 719 2911 784 vocavit;
2945 728 2997 774 et
3030 737 3166 788 quos
3200 724 3435 789 vocavit,
3472 724 3592 779 illos
3620 736 3677 780 et

397 820 490 891 qui
521 834 630 873 non
673 828 798 872 sunt
830 816 1098 871 increduli
1145 820 1213 869 ad
1248 830 1396 870 eum.
1441 836 1459 865 ι
1498 815 1602 867 Sed
1633 829 1699 868 ne
1731 814 1832 868 hoc
1860 815 1983 883 qui-

399 916 522 965 dem
547 928 579 964 a
609 911 767 965 nobis
794 909 1054 965 convenit
1103 908 1364 978 ignorari,
1401 908 1543 977 quod
1571 908 1621 961 in
1649 906 1981 975 exemplari-

400 1004 501 1059 bus
523 1003 877 1059 Hebraeorum
896 1017 1004 1056 non
1027 1001 1258 1055 habetur
1294 1018 1313 1051 ι
1344 1008 1398 1054 et
1435 1000 1922 1055 contradicentetn.
1956 1019 1974 1051 ι

398 1096 697 1166 Apostolus
723 1103 905 1150 autem
946 1104 1168 1150 set-ntus
1196 1104 1280 1148 est
1316 1092 1667 1161 Septuaginta
1710 1092 1982 1161 Interpre-

401 1200 513 1242 tnm
570 1189 857 1243 veritatem
907 1187 960 1240 in
993 1186 1110 1240 suis
1148 1185 1407 1255 scriptis,
1460 1196 1516 1240 et
1539 1187 1679 1240 sicut
1703 1185 1780 1240 illi
1809 1186 1980 1241 inter-

398 1281 597 1351 pretati
621 1288 754 1336 sunt;
774 1278 929 1348 ponit
959 1276 1095 1350 (72).

471 1372 523 1425 7.
576 1390 595 1422 ι
655 1370 787 1424 Dico
813 1370 979 1439 igitur
1015 1388 1028 1421 :
1058 1368 1313 1437 Nunquid
1356 1370 1551 1437 repulit
1581 1369 1726 1424 Deus
1764 1369 1977 1439 plebem

395 1479 551 1519 suam
572 1463 598 1517 ?
628 1462 809 1517 Absit.
840 1460 975 1515 Nam
1003 1470 1058 1515 et
1088 1475 1190 1529 ego
1219 1460 1462 1514 Israelita
1491 1476 1612 1515 sum
1645 1461 1758 1532 (73)
1789 1477 1859 1516 ex
1886 1475 1978 1514 se-

396 1560 545 1613 mine
573 1557 830 1619 Abrabm,
854 1565 910 1610 et
945 1554 1085 1610 tribu
1118 1555 1415 1622 Benjamin.
1449 1553 1568 1609 Non
1601 1556 1800 1624 repulit
1837 1555 1980 1611 Deus

394 1651 610 1718 plebem
646 1664 802 1704 suam
838 1663 1001 1717 quam
1042 1647 1335 1717 praescivit.
1363 1648 1444 1700 An
1492 1648 1720 1701 nescitis
1774 1649 1830 1703 in
1866 1649 1980 1703 Elia

398 1746 529 1815 quiti
566 1745 704 1800 dicit
759 1743 1041 1813 Scriptura
1080 1759 1095 1796 :
1133 1741 1409 1810 quomodo
1455 1740 1762 1809 interpellat
1806 1743 1975 1797 Deum

393 1840 686 1893 adversum
717 1836 929 1892 Israel?
970 1834 1199 1889 Domine
1226 1872 1242 1899 ,
1270 1834 1563 1902 prophetas
1597 1844 1718 1889 tuos
1756 1836 1976 1890 occide-

394 1940 542 1995 runt,
571 1930 764 1984 altaria
794 1940 888 1983 tua
935 1927 1274 1985 suffoderunt
1295 1973 1310 1998 ,
1363 1941 1415 1986 et
1448 1946 1551 2002 ego
1580 1929 1804 1984 relictus
1852 1945 1971 1983 sum

390 2023 559 2083 solus.
601 2032 656 2078 et
688 2032 938 2093 quaerunt
982 2024 1222 2078 animam
1276 2038 1475 2080 meam.
1523 2022 1632 2077 Sed
1679 2023 1807 2089 quid
1841 2022 1974 2078 dicit

390 2115 469 2168 illi
502 2131 823 2186 responsum
861 2116 1156 2172 divinum?
1190 2116 1404 2187 Reliqui
1453 2116 1584 2170 mihi
1610 2127 1818 2185 septem
1853 2116 1973 2169 mil-

389 2209 461 2262 lia
493 2210 735 2263 virorum
766 2209 858 2278 qui
914 2224 1024 2264 non
1070 2218 1438 2263 eurvaverunt
1470 2224 1644 2279 genua
1689 2209 1841 2263 Baal.
1880 2208 1973 2263 Sic

388 2300 555 2368 igitur
577 2310 634 2356 et
658 2301 712 2354 in
747 2301 853 2355 hoc
883 2311 1126 2370 tempore
1157 2301 1397 2369 reliquiae
1420 2301 1719 2355 secundum
1745 2301 1975 2356 electio~

392 2410 516 2449 nem
544 2395 734 2463 gratiae
763 2394 927 2449 salvae
948 2394 1110 2447 factae
1134 2404 1280 2448 sunt.
1320 2393 1377 2447 Si
1412 2403 1594 2447 autem
1630 2392 1831 2463 gratia,
1856 2394 1972 2462 jam

389 2500 498 2539 non
523 2500 592 2538 ex
625 2485 928 2553 operibus:
961 2485 1205 2554 alioquin
1231 2485 1406 2554 gratia
1452 2485 1566 2550 jam
1598 2499 1707 2538 non
1738 2484 1796 2536 tit
1844 2500 1971 2554 gra—

389 2579 464 2630 tia
494 2577 558 2631 7'.
601 2595 620 2627 ι
654 2576 922 2644 Quoniam
950 2592 1016 2631 ex
1068 2578 1152 2631 his
1179 2591 1298 2644 qu:e
1327 2591 1491 2646 supra
1520 2576 1663 2630 dicta
1695 2585 1842 2640 sunt,
1892 2577 1973 2630 vi-

387 2670 609 2724 deretur
639 2668 867 2723 forsitan
900 2670 1132 2738 populus
1152 2667 1469 2723 .Indamrum
1514 2670 1764 2738 repulsus
1786 2685 1908 2724 esse
1939 2683 1969 2722 a

388 2758 522 2824 Deo,
568 2773 667 2815 nee
690 2758 895 2827 aliquid
934 2759 1048 2827 spei
1083 2773 1300 2827 gerere,
1328 2758 1374 2812 si
1414 2758 1635 2827 quidem
1669 2759 1722 2812 in
1747 2758 1972 2812 aemula-

388 2853 595 2905 tionem
627 2849 905 2905 induxerit
939 2864 1063 2904 eum
1106 2850 1248 2903 Dens
1283 2848 1336 2903 in
1384 2864 1494 2903 non
1518 2858 1733 2920 gentem
1758 2888 1775 2914 ,
1823 2858 1882 2903 et
1916 2850 1969 2903 in

387 2941 527 2994 Iram
553 2980 570 3006 ,
608 2940 659 2994 in
689 2951 908 3009 gentem
958 2939 1292 2993 insensatam
1324 2939 1392 3004 7’,
1418 2947 1475 2993 et
1518 2937 1841 2993 manifestus
1887 2938 1973 2991 fa-

388 3045 510 3087 rtus
535 3031 652 3101 (74)
679 3031 750 3085 sit
775 3030 862 3085 his
888 3030 983 3099 qui
1018 3046 1142 3084 eum
1176 3044 1281 3083 non
1309 3028 1652 3099 quaerebant,
1685 3038 1742 3084 et
1780 3029 1971 3082 inven-

388 3133 478 3179 tus
519 3125 593 3179 sit
619 3124 688 3179 ab
718 3122 802 3177 his
849 3122 940 3188 qui
987 3122 1055 3177 de
1099 3137 1169 3176 eo
1211 3137 1318 3177 non
1362 3122 1778 3191 interrogabant
1805 3120 1966 3190 (75):

388 3224 684 3282 propterea
727 3214 1045 3285 Apostolus,
1077 3213 1265 3268 volens
1298 3213 1401 3267 ista
1429 3229 1645 3277 curare,
1689 3223 1745 3267 et
1782 3222 1968 3267 osten-

388 3311 519 3363 dere
557 3307 685 3377 quia
713 3307 953 3376 supersit
984 3305 1175 3361 salutis
1212 3306 1296 3359 via
1333 3305 1533 3373 populo
1561 3305 1675 3376 (7b)
1724 3305 1888 3359 Israel
1922 3306 1971 3360 si

388 3400 638 3466 credant,
679 3407 737 3455 et
770 3399 897 3469 quia
926 3415 1033 3452 non
1068 3398 1274 3453 idcirco
1306 3396 1509 3467 repulsi
1543 3407 1669 3451 sunt
1695 3396 1825 3466 quia
1875 3411 1969 3466 ge-

388 3508 493 3548 nus
516 3492 628 3546 sint
659 3491 827 3546 Israel
857 3489 1095 3561 (77),sed
1130 3491 1259 3559 quia
1292 3489 1559 3544 increduli
1581 3488 1815 3551 fuerint,
1849 3489 1966 3542 ait:

394 3603 413 3634 ι
449 3584 563 3638 Non
591 3583 792 3653 repulit
835 3582 977 3639 Deus
1012 3582 1221 3653 plebem
1251 3596 1406 3636 suam
1434 3597 1598 3651 quam
1625 3580 1917 3651 prazscivit.
1940 3598 1961 3633 ο

388 3675 458 3730 Εῑ
488 3685 545 3729 ut
591 3676 694 3730 hoc
723 3675 977 3743 praesenti
1024 3673 1281 3743 probaret
1310 3673 1604 3742 exemplo,
1640 3673 1920 3742 subiungit
1949 3688 1965 3727 :

394 3789 414 3822 α
454 3769 590 3824 Nam
624 3778 679 3824 et
722 3784 822 3837 ego
858 3767 1106 3823 Israelita
1150 3784 1269 3823 sum
1306 3783 1374 3822 ex
1421 3769 1634 3824 semine
1665 3767 1966 3832 Abraham,

387 3873 445 3916 et
476 3863 623 3917 tribu
658 3860 964 3928 Beniamin,
1005 3878 1023 3911 ι
1054 3869 1110 3915 et
1134 3870 1315 3913 tamen
1350 3859 1511 3913 ﬁdem
1544 3857 1670 3913 Iesu
1695 3860 1885 3921 doceo,
1915 3867 1971 3913 et

389 3954 654 4011 annuntio
694 3956 822 4025 quia
856 3955 971 4024 ipse
1005 3964 1090 4008 est
1120 3954 1393 4009 Christus.
1423 3954 1576 4019 Quod
1610 3953 1658 4007 si
1696 3953 1826 4007 mihi
1855 3967 1966 4007 non

388 4045 566 4103 obfuit
604 4048 732 4117 quia
759 4062 878 4103 sum
908 4046 1154 4101 Israelita
1180 4060 1248 4099 ex
1288 4045 1499 4099 semine
1521 4044 1817 4107 Abraham,
1836 4057 1971 4113 quo-

458 4167 507 4199 "
542 4166 733 4222 Matth.
762 4181 934 4231 xxvtt,
968 4165 1065 4232 40,
1097 4163 1188 4220 42.
1283 4164 1327 4195 ⁷⁷
1366 4164 1494 4233 Sap.
1532 4181 1583 4229 I,
1616 4164 1671 4218 2.

458 4305 770 4388 (τὲχΕιὶίιί,
807 4324 826 4357 t
869 4305 1085 4375 scriptis
1121 4323 1136 4359 :
1167 4305 1308 4360 sicut
1334 4304 1408 4359 illi
1440 4305 1787 4376 interpretati
1811 4314 1963 4369 sunt,

389 4387 822 4519 ex??§)llr.l‘iam
866 4455 921 4501 et
948 4461 1049 4519 ego
1082 4446 1325 4519 Israelita
1367 4461 1486 4519 sunt
1513 4488 1526 4512 ,
1572 4465 1589 4496 ι
1618 4455 1760 4519 etc.,
1795 4461 1968 4519 usque

1764 4162 1810 4194 ’⁷⁸
1835 4163 1990 4218 Rom.
2020 4164 2154 4230 31,1,
2183 4179 2297 4235 seq.

2079 809 2400 878 justiﬁcavit
2438 810 2507 875 ⁸⁸,
2569 828 2589 862 ι
2635 827 2796 880 supra
2837 810 2950 879 jam
2999 815 3202 868 dictum
3252 825 3381 870 est:
3418 828 3473 871 et
3525 821 3670 885 quod

2087 904 2345 970 praescire
2367 902 2535 966 Deus,
2575 918 2681 957 non
2720 915 2928 959 tantum
2968 905 3082 977 (78)
3114 923 3458 976 praenoscere
3486 908 3671 964 futura

2085 995 2254 1064 (quod
2289 1010 2389 1049 nee
2420 993 2655 1049 dubitari
2686 997 2909 1069 potqst),
2935 998 3027 1051 sed
3069 1000 3323 1066 probare,
3363 1010 3419 1052 et
3440 1002 3670 1055 scientia

2083 1103 2179 1141 sua
2219 1089 2379 1159 digna
2427 1091 2647 1155 ducere,
2681 1090 2733 1142 in
2759 1088 3060 1158 Scripturis
3091 1101 3347 1159 ponatur.
3372 1091 3573 1147 Verum
3600 1109 3673 1149 ne

2083 1195 2312 1249 parvum
2358 1181 2640 1238 videretur
2680 1185 2825 1249 quod
2853 1185 3108 1253 exetnplo
3136 1185 3217 1239 sui
3249 1185 3365 1255 (79)
3396 1201 3505 1240 non
3548 1201 3671 1241 esse

2084 1273 2361 1342 repulsam
2406 1276 2620 1343 plebem
2671 1276 2763 1330 Dei
2798 1278 3027 1331 docebat
3053 1277 3369 1346 Apostolus,
3399 1280 3667 1334 validiora

2084 1366 2316 1433 requirit
2352 1367 2626 1436 exempia,
2672 1377 2726 1422 et
2757 1369 2889 1420 dicit
2923 1385 2937 1422 :
2969 1386 2988 1419 ι
3015 1368 3098 1421 An
3181 1371 3404 1423 nescitis
3449 1372 3503 1424 in
3547 1371 3665 1425 Elia

2081 1461 2212 1530 quid
2257 1460 2392 1514 dicit
2433 1460 2773 1529 Scriptura?
2815 1461 3100 1527 Quomodo
3149 1462 3461 1532 interpellat
3494 1464 3666 1517 Deum

2081 1555 2371 1608 adversum
2405 1553 2619 1609 Israel?
2657 1554 2910 1615 Domine,
2940 1556 3241 1623 prophetas
3275 1565 3399 1611 tuos
3446 1558 3669 1611 occide-

2083 1655 2247 1714 runt,
2276 1648 2471 1702 altaria
2517 1656 2610 1701 tua
2658 1645 2998 1702 suﬁoderunt
3024 1686 3039 1710 ,
3070 1658 3125 1700 et
3151 1662 3253 1718 ego
3282 1649 3502 1704 relictus
3543 1664 3664 1705 sum

2082 1740 2233 1794 solus
2260 1780 2276 1806 ,
2310 1750 2367 1794 et
2394 1749 2650 1810 quaerunt
2699 1724 2938 1794 animam
2978 1755 3179 1794 meant.
3216 1739 3323 1796 Sed
3353 1734 3483 1811 quid
3532 1745 3667 1799 dicit

2083 1832 2161 1887 illi
2190 1846 2516 1902 responsum
2547 1833 2793 1887 divinum
2821 1832 2985 1900 (80)?
3018 1853 3038 1883 ι
3078 1833 3137 1887 1η
3187 1835 3392 1904 quibus
3436 1838 3668 1893 docetur

2082 1926 2347 1995 propheta
2398 1926 2688 1995 aliquando
2736 1926 2856 1979 zelo
2898 1927 2991 1981 Dei
3026 1926 3288 1996 repletus,
3344 1942 3467 1982 cum
3520 1934 3666 2000 apud

2081 2018 2249 2072 Deum
2286 2017 2401 2090 (81)
2432 2018 2713 2087 querelam
2747 2019 2928 2088 populi
2954 2020 3393 2087 praevaricatoris
3420 2038 3665 2092 expone-

2079 2119 2163 2163 ret
2189 2149 2206 2173 ,
2234 2111 2333 2178 qui
2360 2125 2473 2164 non
2506 2109 2684 2163 solum
2715 2110 3013 2179 prophetas
3042 2113 3350 2177 occidisset,
3384 2124 3438 2167 et
3465 2114 3661 2170 altaria

2079 2198 2475 2267 subvertisset,
2508 2217 2696 2255 verum
2752 2211 2807 2256 et
2854 2201 3026 2255 Etiam
3067 2206 3159 2273 qui
3196 2205 3482 2261 videbatur
3516 2209 3664 2263 solus

2076 2308 2367 2362 superesse
2401 2294 2772 2363 et_pr0phe:is
2822 2293 3074 2359 Domini,
3117 2306 3410 2351 conaretur
3448 2300 3662 2353 exstin-

2074 2401 2261 2456 guere.
2312 2386 2382 2441 Et
2430 2387 2535 2442 hoc
2583 2388 2696 2441 Elia
2729 2388 2871 2455 apud
2914 2388 3081 2442 Deum
3129 2389 3485 2458 deplorante,
3534 2394 3662 2446 audi

2073 2479 2203 2548 quid
2234 2478 2301 2533 ad
2331 2494 2456 2533 eum
2489 2483 2709 2534 oracula
2739 2478 2929 2535 divina
2954 2481 3322 2550 respondeant
3350 2499 3365 2535 :
3396 2501 3416 2533 t
3444 2481 3663 2553 Reliqui

2075 2574 2206 2629 mihi
2243 2573 2356 2646 (82)
2390 2584 2595 2643 septem
2635 2575 2802 2629 millia
2854 2578 3096 2630 virorum
3130 2577 3223 2646 qui
3259 2593 3366 2631 non
3396 2592 3661 2632 curvave-

2074 2673 2201 2719 runt.
2229 2681 2405 2736 genua
2429 2665 2579 2721 Baal.
2619 2684 2639 2718 ι
2671 2666 2799 2721 Baal
2834 2668 2964 2721 idoli
3013 2684 3211 2723 nomen
3261 2680 3367 2730 est,
3407 2673 3473 2724 ad
3504 2672 3662 2741 cujus

2073 2758 2285 2821 cultum
2300 2758 2531 2828 populus
2554 2759 2664 2824 ille,
2703 2759 2891 2814 relicta
2926 2759 3018 2814 Dei
3042 2761 3181 2830 lege,
3208 2762 3505 2816 deciderat.
3532 2762 3660 2818 Ilaec

2072 2859 2199 2904 sunt
2227 2865 2350 2919 qua:
2378 2851 2672 2919 Apostolus
2702 2852 2768 2905 ad
2792 2852 3104 2920 exemplum
3136 2855 3399 2923 temporis
3424 2870 3662 2922 praesen-

2075 2940 2143 2994 tis
2175 2938 2423 2994 adducit.
2454 2939 2522 2993 Et
2550 2941 2740 2995 addit:
2779 2959 2799 2993 t
2835 2942 2928 2996 Sic
2972 2942 3143 3010 igitur
3170 2957 3227 2998 et
3269 2946 3321 2998 in
3368 2945 3472 3000 hoc
3520 2957 3660 3001 tem-

2074 3044 2207 3097 pore
2227 3031 2473 3101 reliquiae
2496 3032 2794 3087 secundum
2832 3034 3156 3089 electionem
3194 3038 3385 3106 gratiae
3410 3038 3523 3106 (85)
3547 3039 3657 3091 sal-

2077 3137 2157 3176 va:
2185 3122 2344 3179 facta:
2372 3134 2520 3182 sunt.
2554 3122 2610 3179 Si
2648 3135 2829 3179 autem
2873 3128 3071 3197 gratia,
3096 3127 3211 3194 jam
3247 3143 3351 3182 non
3379 3145 3446 3184 ex
3480 3132 3660 3198 cperi-

2078 3218 2180 3274 bus
2217 3242 2229 3274 ;
2264 3217 2505 3289 alioquin
2534 3219 2706 3286 gratia
2741 3219 2855 3288 jam
2898 3235 3007 3274 non
3046 3221 3103 3278 fit
3140 3221 3342 3289 gratia.
3397 3240 3415 3271 ι
3463 3222 3661 3277 Osten-

2078 3311 2313 3367 dendum
2353 3325 2486 3381 ergo
2518 3325 2618 3380 pro
2646 3313 2854 3367 viribus
2902 3314 3060 3368 nobis
3085 3325 3187 3377 est,
3213 3315 3485 3384 quomodo
3514 3316 3660 3369 sicut

2078 3403 2281 3457 factum
2312 3411 2396 3456 est
2422 3402 2526 3456 sub
2576 3401 2692 3456 Elia
2722 3442 2736 3467 ,
2790 3403 2876 3457 ubi
2927 3420 3144 3459 omnem
3190 3405 3445 3475 populum
3493 3406 3661 3477 63o

2079 3498 2339 3566 propheta
2377 3495 2536 3550 simul
2564 3506 2850 3565 potaverat
2883 3497 3177 3552 refutatum
3208 3498 3344 3568 (84),
3377 3500 3660 3554 inveniun-

2079 3597 2166 3641 tur
2197 3595 2402 3654 septem
2448 3586 2615 3640 millia
2644 3587 2769 3651 viri,
2795 3590 2891 3656 qut
2938 3591 3347 3656 permanserint
3380 3590 3433 3644 in
3482 3599 3656 3644 testa-

2069 3688 2255 3733 mento
2280 3678 2409 3745 Dei;
2445 3678 2528 3733 sie
2558 3677 2760 3733 factum
2785 3690 2868 3734 est
2892 3681 3058 3734 etiam
3092 3682 3144 3735 in
3163 3681 3398 3736 adventu
3430 3680 3657 3747 Christi,

2070 3781 2127 3826 et
2173 3772 2260 3826 bis
2315 3770 2651 3840 temporibus
2699 3773 2899 3841 quibus
2939 3774 3275 3842 praedicabat
3320 3774 3542 3828 Paulus.
3592 3774 3658 3829 Et

2079 3864 2202 3918 vide
2225 3863 2269 3916 si
2304 3861 2443 3917 forte
2469 3879 2757 3933 possumus
2778 3863 3042 3919 Joannem
3070 3865 3391 3934 Baptistam,
3425 3867 3517 3935 qui
3544 3865 3659 3920 Sal-

2077 3954 2285 4008 vatoris
2334 3954 2613 4021 praecessit
2664 3955 3002 4019 adventum,
3055 3971 3261 4026 ponere
3308 3956 3428 4012 loco
3478 3957 3654 4012 Elim:

2079 4044 2520 4115 quandoquidem
2549 4054 2605 4100 et
2626 4045 2982 4116 Evangelium
3018 4047 3135 4117 (85)
3172 4048 3279 4104 tale
3310 4049 3362 4105 ei
3407 4051 3657 4105 testimo-

2373 4163 2420 4195 "
2445 4163 2604 4221 Rom.
2642 4179 2701 4231 x,
2732 4164 2943 4232 19,20.
3033 4165 3081 4199 '°
3116 4171 3273 4224 Rom.
3305 4185 3434 4235 vm,
3458 4169 3547 4224 50.

2075 4303 2263 4430 81199)
2293 4304 2438 4429 Egiti
2462 4346 2479 4374 ,
2527 4324 2548 4359 ι
2585 4322 2655 4362 ne
2683 4321 2876 4376 parum
2910 4307 3188 4365 videretur
3225 4313 3370 4380 quod
3403 4312 3657 4384 exemplo

2147 4443 2260 4514 (80)
2289 4442 2542 4526 sedquid
2579 4445 2707 4499 dicit
2735 4463 3067 4526 responsuﬁm
3090 4450 3328 4526 divinum
3353 4453 3379 4506 Ρ
3422 4452 3548 4526 Haec
3599 4454 3653 4506 in

388 4516 498 4583 ad,
547 4534 567 4567 ι
607 4516 852 4592 alioquin
895 4517 1070 4592 gratia
1113 4516 1225 4592 jam
1254 4532 1359 4569 non
1407 4517 1463 4570 lit
1496 4517 1713 4592 gratia,
1752 4537 1770 4568 ι
1804 4518 1968 4570 omit-
2001 4529 2046 4584 ι)
2076 4516 2577 4592 mss._nostris_nou
2603 4528 2938 4592 comparent.
2978 4518 3180 4574 Deinde
3220 4537 3353 4576 mss.
3385 4524 3651 4592 plerique,

387 4598 579 4642 tuntttr
616 4589 668 4640 in
695 4587 859 4641 editis
891 4603 908 4649 ;
943 4586 1039 4641 sed
1075 4588 1434 4641 restituuntur
1458 4603 1525 4640 ex
1547 4588 1800 4641 omnibus
1829 4601 1965 4640 mss.

462 4657 577 4729 (74)
614 4655 838 4729 Faelus.
878 4656 1038 4729 Deest
1067 4658 1119 4710 in
1147 4658 1334 4723 editis,
1368 4658 1506 4729 etin
1533 4657 1965 4729 pluribusmss.,

388 4731 486 4795 sed
513 4726 773 4793 etstatiu
821 4742 925 4782 ms.
966 4726 1141 4798 Regio
1172 4744 1323 4782 num.
1357 4727 1496 4782 1659
1525 4737 1582 4783 et
1603 4727 1744 4796 apud
1787 4726 1969 4781 Raba-

433 4825 544 4863 um.
1794 4832 1799 4839 '

389 4825 576 4938 ηηῐξὲ)
614 4868 781 4934 Em“,
809 4887 828 4919 ε
867 4870 936 4923 ab
955 4885 1021 4925 eo
1036 4870 1126 4937 qui
1154 4883 1261 4921 non
1293 4866 1689 4934 interrogabat.
1733 4886 1752 4919 ι

486 4881 576 4938 75)
614 4881 781 4934 Etl'll,
809 4887 828 4919 ι
867 4881 936 4923 at)
955 4885 1021 4925 eo
1036 4883 1126 4937 qut
1154 4883 1261 4921 non
1294 4881 1689 4934 interrogabat.
1733 4886 1752 4919 ι

462 4881 583 5017 ἱἹϐ)
624 4941 765 5001 Εάῑιεὶ
791 4980 807 5003 ,
838 4956 859 4992 t
893 4948 1161 5017 quantulo
1193 4939 1430 5006 supersit
1456 4938 1649 4990 salutis
1689 4935 1909 5017 pepulo,
1945 4955 1964 4987 ι

390 5007 503 5076 etc.
534 5007 715 5075 Codex
737 5027 872 5069 vero
893 5007 1284 5071 Vallis-Clarae,
1310 5026 1328 5057 σ
1363 5024 1523 5076 quam
1566 5008 1803 5075 supersit
1826 5007 1973 5060 salu-

392 5093 468 5145 tis
493 5104 607 5144 sua:
631 5090 849 5157 populo,
864 5098 1009 5161 _«etc.
1033 5080 1292 5161 Rabanus
1321 5091 1340 5134 :
1379 5098 1396 5130 ε
1430 5093 1549 5148 ψιῖε
1593 5079 1833 5161 supersit
1877 5092 1971 5161 sa-

392 5161 494 5216 luti
521 5151 940 5226 suaa'a'populo,
971 5176 990 5207 ι
1015 5166 1122 5210 etc.
1153 5151 1261 5226 Sed
1290 5164 1437 5226 recte
1466 5166 1737 5226 ms._unus
1769 5151 1970 5226 Regius

392 5247 545 5286 tmm.
582 5221 763 5292 1659,
792 5221 823 5278 “«
867 5227 990 5296 quia
1041 5223 1286 5296 supersit
1326 5222 1520 5296 salutis
1545 5222 1629 5272 via
1666 5221 1863 5296 popqu
1891 5260 1907 5284 ,
1946 5238 1966 5270 ι

391 5315 500 5358 etc.
535 5300 729 5356 Czeteri
753 5291 1126 5352 ’mssfhabeut’
1147 5294 1330 5346 itidem
1364 5310 1382 5342 t
1413 5291 1561 5361 quia,
1591 5308 1609 5339 ι
1638 5294 1729 5344 sed
1758 5308 1776 5340 t
1807 5305 1917 5343 sua:
1943 5305 1965 5341 ›

392 5389 492 5441 pro
536 5389 557 5423 ι
590 5371 699 5424 via.
738 5388 782 5441 ro)
807 5367 1014 5421 Deinde
1039 5381 1172 5419 mss.
1215 5361 1461 5441 plerique
1501 5374 1555 5414 et
1592 5361 1721 5440 editi
1750 5361 1971 5423 habent,

399 5431 419 5494 ἆ
479 5453 535 5499 et
588 5454 691 5494 non
734 5439 981 5502 idcirco,
1023 5455 1042 5487 ι
1074 5446 1184 5488 etc.
1213 5473 1229 5499 ,
1261 5435 1463 5486 omisso
1499 5450 1516 5481 ι
1569 5431 1736 5502 quia,
1790 5449 1809 5482 ι
1855 5446 1975 5502 quae

395 5530 500 5567 vox
540 5510 850 5566 restituitur
889 5500 974 5562 ex'
1005 5520 1110 5561 ms.
1157 5503 1329 5572 Regio
1375 5519 1524 5559 num.
1569 5500 1707 5555 1ϋ59
1755 5509 1810 5556 et
1858 5500 1972 5554 Ra-

396 5586 558 5638 hanc.

469 5652 584 5721 (77)
616 5650 782 5717 Editi,
817 5667 836 5701 ι
868 5649 991 5718 quia
1024 5661 1158 5716 gens
1190 5645 1261 5700 sit
1286 5644 1468 5698 Israel.
1503 5661 1523 5694 ι

473 5712 585 5788 t78)
617 5712 799 5783 Editi',
839 5739 857 5770 ε
888 5712 1064 5773 Deum
1096 5758 1111 5781 ,
1147 5733 1251 5770 non
1291 5727 1500 5769 tantum
1527 5754 1541 5778 ,
1589 5732 1606 5765 ι
1634 5725 1737 5770 etc.
1773 5712 1972 5769 Omnes

400 5808 535 5847 mss.
562 5790 752 5853 nostri,
791 5808 811 5843 ι
844 5789 1009 5852 Deus,
1035 5803 1140 5844 non
1166 5796 1295 5849 tam,
1341 5804 1360 5837 ι
1397 5794 1505 5841 etc.

2075 4594 2130 4660 et
2166 4585 2296 4660 editi
2338 4602 2361 4660 :_
2394 4603 2414 4635 ι
2451 4586 2505 4639 In
2551 4587 2935 4660 quibusdocet
2978 4592 3121 4657 quod
3163 4585 3448 4660 preplteta,
3487 4612 3507 4645 ›
3542 4585 3651 4649 etc.

2074 4654 2182 4707 Sed
2230 4655 2434 4710 rectius
2484 4670 2587 4712 ms.
2637 4656 2839 4728 Regius
2888 4654 3051 4712 num.
3087 4654 3223 4715 I639
3266 4654 3326 4715 ut
3372 4654 3658 4717 in'nostro

2077 4734 2247 4777 textu.

2147 4794 2260 4862 (81)
2295 4792 2517 4867 Εάἰιίν(
2566 4810 2699 4867 cunt
2734 4796 3026 4864 aliquando
3070 4800 3210 4867 apud
3246 4801 3437 4865 Deum,
3468 4821 3487 4853 ο
3534 4813 3641 4859 etc.

2076 4863 2182 4917 Sed
2216 4880 2315 4917 vox
2358 4882 2376 4913 ι
2413 4865 2707 4932 aliquando
2739 4884 2758 4916 ι
2789 4863 2942 4921 dcent
2972 4869 3022 4921 in
3058 4863 3189 4933 mes.
3223 4863 3447 4926 nostris.

2146 4934 2259 5009 (82)
2302 4933 2431 5009 biss.
2453 4935 2721 5003 plerique,
2753 4936 3031 5009 t__l_Iequtti
3072 4941 3224 5004 Inibi,
3258 4942 3453 5009 inquit,
3494 4962 3513 4993 ι
3540 4952 3652 4996 etr.

2075 5006 2276 5078 Deinde
2310 5005 2480 5078 iidem
2499 5020 2630 5061 mss.
2655 5016 2709 5058 et
2726 5006 2878 5078 editi,
2915 5027 2933 5059 ι
2962 5005 3141 5078 genua
3171 5027 3268 5064 sua
3294 5005 3421 5065 ante
3446 5012 3592 5065 Baal.
3625 5030 3645 5063 ι

2075 5077 2182 5131 Sed
2213 5091 2311 5129 ms.
2359 5076 2555 5143 Regius
2586 5091 2734 5129 num.
2765 5077 2903 5131 1659
2935 5076 2992 5130 ut
3022 5079 3076 5132 in
3108 5091 3281 5136 textu.

2147 5144 2259 5220 (83")
2301 5144 2467 5220 Editi,
2508 5162 2528 5195 ι
2569 5147 2866 5199 secundum
2894 5148 3213 5203 electionem
3241 5154 3429 5220 gratia:
3470 5152 3583 5214 Dei,
3626 5172 3649 5204 ι

2074 5214 2179 5271 υῑοζ
2218 5214 2323 5269 Sed
2375 5230 2566 5268 omnes
2614 5231 2742 5270 mss.
2778 5220 2947 5270 nostri
2994 5229 3049 5272 et
3092 5214 3347 5276 ltabai'ms
3393 5226 3654 5276 omittunt

2081 5307 2100 5338 ι
2140 5288 2256 5342 Dei.
2294 5305 2314 5337 ι
2351 5285 2555 5360 Deinde
2590 5285 2750 5360 iidem
2778 5288 2909 5360 editi
2933 5328 2947 5350 ,
2976 5299 3032 5343 et
3061 5305 3194 5346 mss.
3228 5293 3408 5360 plures
3433 5333 3447 5358 ,
3483 5311 3501 5342 ι
3535 5294 3647 5360 jam

2077 5374 2185 5431 non
2212 5368 2295 5410 est
2325 5356 2523 5431 gratia,
2547 5374 2566 5407 ι
2589 5358 2680 5409 sed
2716 5373 2817 5410 ms.
2842 5357 3068 5431 Regius,
3100 5356 3253 5416 nutu.
3282 5356 3655 5431 1659‘ubique

2076 5428 2241 5483 habet
2276 5443 2297 5478 ι
2337 5429 2409 5481 sit
2439 5444 2457 5477 ι
2496 5440 2592 5494 pro
2625 5444 2643 5477 ε
2681 5438 2783 5481 est.
2822 5447 2843 5479 ι

2149 5494 2260 5567 (84)
2296 5496 2592 5558 Rabanus,
2629 5515 2647 5546 ι
2698 5498 3008 5565 repudiari;
3065 5517 3084 5549 ι
3132 5501 3228 5554 sed
3279 5516 3470 5556 omnes
3519 5516 3655 5556 mss.

2077 5569 2250 5624 nostri
2288 5578 2341 5622 et
2369 5568 2527 5632 editi,
2569 5586 2588 5617 ι
2630 5568 2947 5621 refutatum.
2989 5587 3006 5619 ›

2148 5635 2263 5708 (85)
2294 5636 2370 5691 Ita
2406 5653 2505 5691 tus.
2543 5638 2742 5707 Regius
2776 5655 2926 5693 num.
2960 5639 3101 5695 1659
3130 5651 3184 5694 et
3216 5640 3493 5695 Rahanus.
3529 5640 3655 5696 Ca:-

2078 5711 2182 5761 teri
2218 5723 2348 5763 vero
2387 5726 2516 5764 mss.
2554 5712 2722 5765 nostri
2760 5718 2815 5765 et
2843 5710 3007 5773 editi,
3041 5729 3059 5761 ι
3095 5723 3149 5767 et
3187 5712 3542 5782 Evangelista
3566 5752 3589 5781 ,
3625 5728 3655 5765 s

2078 5788 2189 5833 ειε.
