4146 6402
404 321 539 376 1177

1320 316 1686 372 (ΖΟΜΜΕΝΤ.
1731 315 1798 370 IN
1839 314 2060 372 EPIST.
2098 314 2190 370 AD
2229 314 2396 373 ROM.
2437 314 2566 369 LIB.
2609 312 2744 367 VIII.

3519 314 3656 370 1178

401 437 548 489 nium
575 434 846 503 perhibet,
867 435 992 502 quia
1023 453 1043 486 ‹
1079 435 1133 487 in
1161 435 1357 503 spiritu
1388 444 1442 491 et
1464 437 1665 489 virtute
1707 454 1727 488 ι
1764 436 1975 490 venerit
2007 444 2052 496 Α
2083 449 2179 501 per
2207 432 2457 500 gratiam,
2490 432 2582 483 sed
2618 445 2714 498 per
2750 448 2768 480 ι
2813 428 3136 483 electionem
3167 430 3357 498 gratim
3392 449 3412 480 ι
3449 432 3653 484 salvari

405 546 426 578 ι
464 527 597 582 Elia:
621 528 702 592 εις
740 548 759 580 ι
792 537 846 581 et
885 529 997 598 ipse
1050 529 1311 583 Dominus
1360 529 1559 582 dixerit
1594 529 1661 582 de
1698 544 1765 583 eo
1798 546 1811 582 :
1849 548 1867 580 ι
1913 530 1977 583 Et

397 625 445 678 si
476 624 640 678 vultis
679 626 821 680 scire
846 667 862 689 ,
887 628 1003 695 ipse
1025 635 1109 679 est
1141 624 1311 680 Elias.
1348 623 1449 690 Qui
1484 623 1649 676 habet
1676 639 1836 679 aures
1876 639 1976 676 au-

399 717 604 783 diendi,
634 719 819 771 audiat
842 719 908 772 8’.
955 737 973 767 ι
1006 716 1108 772 Hic
1152 733 1284 787 ergo
1319 718 1410 786 qui
1448 718 1500 771 iu
1542 718 1735 786 spiritu
1772 726 1827 770 et
1865 717 1978 769 vir-

399 815 513 861 tute
540 818 765 863 venerat
783 806 996 872 Eli:e,in
1018 817 1233 862 tantum
1269 808 1658 875 desperaverat
1684 808 1750 861 de
1778 807 1977 877 populo

399 898 494 952 illo
522 937 540 964 ,
573 908 632 952 ut
681 915 787 954 nou
817 916 912 955 eos
952 901 1160 955 diceret
1183 916 1304 955 esse
1351 900 1758 967 generationem
1800 900 1974 954 Abra-

397 992 481 1046 hae
526 991 640 1061 (86)
668 1033 684 1056 ,
719 994 813 1046 sed
855 994 1263 1062 generationem
1301 994 1642 1060 viperarum;
1676 1000 1732 1047 et
1765 992 1849 1045 his
1877 994 1975 1045 ad-

397 1087 551 1137 deret
592 1102 605 1136 :
650 1104 668 1134 ι
712 1084 889 1138 Nolite
911 1085 1095 1139 dicere
1120 1086 1248 1155 quia
1275 1094 1483 1152 patrem
1511 1084 1778 1138 habemus
1806 1085 1978 1137 Abra-

400 1175 547 1227 ham.
603 1175 732 1230 Dico
780 1178 927 1231 enim
977 1178 1134 1232 vobis
1158 1218 1174 1242 ,
1214 1179 1347 1244 quia
1388 1186 1581 1245 potens
1620 1186 1704 1229 est
1740 1176 1880 1230 Deus
1911 1176 1978 1230 de

397 1266 671 1335 lapidibus
723 1269 840 1324 istis
889 1271 1159 1326 suscitare
1190 1270 1331 1324 Iilios
1372 1268 1607 1323 Abrahae
1649 1268 1716 1324 ⁸³.
1770 1288 1789 1320 ι
1841 1267 1977 1321 Huic

398 1373 529 1428 ergo
578 1359 680 1413 ista
733 1362 800 1414 de
845 1361 1043 1429 popqu
1091 1361 1449 1431 conquerenti
1501 1362 1899 1429 respondeatur
1944 1374 1975 1411 a

398 1448 628 1501 Domino
670 1461 725 1503 et
766 1449 1049 1505 Salvatore
1076 1460 1271 1507 nostro
1303 1466 1318 1505 :
1369 1469 1389 1500 ι
1426 1448 1540 1519 Ego
1568 1451 1682 1505 scio
1709 1464 1843 1518 quos
1866 1451 1977 1502 ele-

396 1538 565 1603 gerim
604 1538 685 1602 εις
729 1559 748 1592 ι
789 1549 842 1594 et
871 1540 1068 1594 iterum
1102 1555 1118 1594 :
1149 1558 1167 1590 ι
1211 1540 1354 1594 Oves
1401 1553 1536 1591 mea:
1567 1551 1752 1591 vocem
1800 1551 1974 1592 meam

396 1629 657 1698 audiunt,
699 1640 754 1686 et
802 1647 907 1699 ego
954 1633 1202 1700 praecedo
1254 1647 1383 1696 eas,
1432 1640 1488 1685 et
1538 1638 1842 1699 sequuntur
1892 1644 1977 1683 me

398 1737 531 1777 mete
558 1723 635 1787 ⁸⁸ς
675 1743 694 1776 ι
730 1734 786 1778 et
820 1725 1059 1778 iterum:
1101 1743 1119 1774 ι
1159 1723 1345 1778 llabeo
1390 1722 1528 1777 alias
1558 1736 1687 1777 oves
1712 1736 1834 1789 quas
1867 1737 1972 1774 non

396 1823 522 1867 sunt
558 1815 625 1870 de
653 1816 756 1870 hoc
790 1816 919 1871 ovili
948 1834 961 1869 :
994 1826 1211 1883 Oportet
1238 1830 1323 1869 me
1340 1828 1396 1871 et
1429 1815 1551 1869 illas
1578 1814 1850 1867 adducere
1866 1814 1968 1867 ⁸³.»
2005 1790 2049 1844 Β

395 1904 532 1970 Quid
569 1915 750 1961 autem
780 1915 835 1962 et
871 1907 988 1971 ipse
1011 1920 1269 1960 numerus
1305 1915 1510 1975 septem
1539 1904 1707 1958 millia
1734 1905 1972 1957 virorum

395 1994 599 2050 indicet
653 1996 957 2055 videamus.
1004 1998 1368 2066 Septenarius
1415 2012 1678 2051 numerus
1720 1996 1854 2067 (87)
1906 1996 1973 2049 ad

393 2087 636 2154 requiem
674 2089 936 2158 pertinet.
967 2108 986 2140 ί
1026 2089 1080 2143 In
1108 2091 1334 2158 septima
1368 2089 1568 2143 renim
1595 2108 1614 2140 ‹
1647 2089 1733 2143 die
1762 2088 1975 2155 requie—

394 2180 475 2231 vit
506 2181 645 2234 Deus
669 2180 737 2233 ”.
776 2201 795 2231 ι
848 2182 985 2235 Audi
1012 2197 1145 2250 ergo
1172 2192 1230 2236 et
1274 2184 1524 2237 Christus
1559 2185 1842 2236 credentes
1870 2180 1972 2235 sibi

392 2272 670 2338 quomodo
699 2273 766 2327 ad
794 2274 1037 2341 requiem
1077 2275 1270 2328 invitat
1292 2315 1307 2338 ,
1335 2284 1390 2328 et
1419 2275 1550 2328 dicit
1583 2292 1597 2326 :
1633 2291 1651 2323 ι
1692 2271 1881 2326 Venite
1906 2271 1975 2325 ad

394 2376 482 2415 me
523 2378 718 2417 omnes
747 2365 839 2433 qui
886 2365 1179 2430 laboratis,
1209 2376 1263 2420 et
1295 2366 1506 2421 onerati
1533 2366 1664 2419 estis
1696 2381 1710 2419 :
1740 2373 1794 2416 et
1827 2364 1974 2417 inve-

394 2455 551 2508 nietis
587 2456 827 2524 requiem
862 2459 1153 2512 animabus
1180 2458 1380 2511 vestris
1410 2457 1479 2510 ⁸⁸.
1507 2475 1525 2507 ι
1554 2458 1632 2509 Ad
1659 2457 1819 2509 istmn
1843 2470 1973 2523 ergo

390 2550 757 2615 septenarium
807 2566 1093 2605 numerqu
1132 2551 1367 2617 pertinet
1409 2549 1589 2604 omnis
1618 2549 1712 2616 qui
1740 2549 1971 2602 veniens

389 2640 458 2693 ad
503 2639 784 2696 Christum
838 2643 1088 2710 deposuit
1135 2657 1304 2696 onera
1350 2642 1599 2709 peccati,
1635 2649 1692 2695 et
1729 2641 1970 2710 requiem

389 2732 591 2787 salutis
640 2734 844 2788 invenit
898 2735 1036 2807 (88).
1092 2734 1262 2790 Recte
1309 2749 1441 2804 ergo
1469 2732 1757 2802 Apostolus
1797 2734 1973 2800 dicit,

390 2825 516 2892 quia
560 2843 581 2876 ι
633 2825 713 2880 sie
744 2834 799 2880 et
848 2826 903 2879 in
949 2828 1052 2881 hoc
1098 2835 1346 2896 tempore
1396 2826 1640 2895 reliquias
1675 2826 1971 2882 secundum

389 2917 716 2972 electionem
752 2919 941 2988 gratia:
970 2920 1134 2974 salva:
1159 2918 1316 2974 facta:
1345 2928 1508 2978 sunt:
1539 2938 1559 2971 ι
1602 2920 1859 2989 reliquias
1891 2920 1974 2974 di-

389 3024 522 3064 cens
571 3025 668 3065 eos
707 3012 799 3078 qui
842 3026 910 3064 ex
952 3011 1374 3065 circumcisione
1423 3010 1818 3076 crediderunt,
1865 3020 1971 3064 tam

389 3102 664 3170 apostolos
696 3118 821 3156 cum
853 3103 1052 3171 quibus
1085 3117 1147 3156 se
1181 3116 1402 3171 quoque
1438 3113 1779 3164 annumerat,
1807 3119 1968 3173 quam

388 3204 445 3248 et
493 3204 727 3248 caeteros
767 3196 858 3263 qui
896 3210 1020 3249 cum
1055 3193 1188 3263 ipsis
1235 3195 1407 3249 secuti
1453 3204 1583 3248 sunt
1635 3195 1793 3248 Iidem
1843 3192 1972 3247 Iesu

390 3284 618 3338 Christi.
667 3282 777 3339 Sed
819 3286 964 3352 quod
1000 3286 1178 3350 dicit,
1226 3304 1245 3337 ε
1300 3287 1596 3340 secundum
1650 3286 1973 3342 electionem

391 3376 582 3443 gratiae
620 3393 639 3427 ι
675 3375 854 3429 salvas
888 3376 1060 3431 factas
1084 3391 1204 3430 esse
1243 3376 1529 3445 reliquias,
1561 3378 1672 3430 haec
1700 3376 1832 3428 inihi
1868 3391 1973 3429 non

393 3468 611 3523 videtur
661 3467 934 3536 superﬂua
966 3483 1087 3522 esse
1121 3468 1409 3523 electionis
1442 3469 1674 3538 adiectio
1707 3466 1840 3538 (89).
1871 3466 1977 3521 Po-

393 3563 498 3614 tuit
526 3561 673 3614 enim
719 3560 947 3615 dicere:
987 3578 1007 3611 t
1042 3559 1312 3630 Reliquiae
1349 3580 1368 3613 ι
1414 3576 1508 3629 per
1539 3562 1776 3630 gratiam
1811 3578 1830 3610 ι
1867 3560 1976 3614 sal-

394 3668 476 3706 va:
508 3651 666 3707 factae
701 3663 861 3718 sunt;
910 3671 930 3705 ι
967 3654 1065 3706 sed
1093 3654 1331 3707 ostendit
1378 3667 1475 3722 per
1523 3652 1638 3706 haec
1680 3667 1804 3706 esse
1852 3666 1978 3721 gra-

392 3746 524 3799 tiam
558 3754 616 3798 et
649 3744 770 3798 sine
797 3744 1086 3812 electione,
1135 3752 1340 3799 etcum
1374 3744 1666 3798 electione.
1693 3741 1829 3796 Nam
1859 3757 1977 3797 om-

397 3851 496 3891 nes
521 3836 739 3905 quidem
778 3836 870 3905 qui
915 3850 1014 3907 per
1057 3835 1217 3891 [idem
1268 3835 1576 3901 salvantur,
1611 3851 1709 3904 per
1750 3834 1975 3905 gratiam

394 3929 516 3983 sine
544 3927 709 3983 dubio
744 3921 1027 3983 salvantur
1072 3947 1088 3984 :
1131 3929 1223 3998 qui
1256 3939 1439 3982 autem
1470 3943 1569 3997 per
1599 3946 1620 3979 ι
1653 3928 1976 3988 electionem

396 4021 581 4090 gratia:
639 4040 658 4072 ι
711 4021 1017 4087 salvantur,
1066 4020 1412 4089 perfectioris
1463 4019 1576 4093 (90)
1618 4020 1814 4074 animae
1844 4020 1976 4072 mihi

393 4112 649 4167 videntur
680 4111 920 4167 ostendi.
958 4111 1116 4166 Sicut
1154 4112 1299 4166 enim
1349 4111 1514 4165 Israel
1556 4112 1760 4167 dicitur
1799 4112 1978 4166 omnis

395 4202 484 4270 qui
535 4202 818 4256 descendit
863 4201 931 4256 de
957 4215 1163 4271 genere
1191 4201 1356 4255 Israel
1399 4221 1412 4254 :
1447 4201 1540 4257 ille
1583 4211 1767 4256 autem
1816 4216 1979 4255 verus

395 4296 562 4352 Israel
589 4304 694 4362 est,
730 4295 823 4364 qui
857 4305 1038 4349 mente
1078 4311 1212 4363 pura
1255 4304 1312 4349 et
1366 4296 1534 4350 corde
1584 4295 1803 4357 sincero
1834 4295 1979 4348 videt

398 4389 564 4445 Deum
599 4410 610 4444 :
644 4390 719 4444 ita
760 4398 816 4444 et
841 4388 910 4441 de
933 4388 1037 4441 hoc
1070 4388 1328 4456 accipere
1355 4403 1645 4457 possumus
1674 4389 1813 4458 (91),
1834 4388 1975 4458 quod

2078 522 2294 576 dicetur
2338 519 2450 590 (9'2)
2489 536 2515 572 a
2550 520 2794 574 Christo.
2842 519 3083 587 Denique
3129 530 3178 573 et
3227 519 3341 589 ipse
3376 520 3657 588 apostolus

2078 615 2277 669 Paulus
2302 654 2319 676 ,
2364 616 2410 667 si
2445 615 2569 683 quis
2594 628 2717 667 eum
2755 615 2808 668 in
2850 614 3033 667 verbis
3073 614 3189 666 suis
3223 613 3514 683 diligenter
3556 613 3657 666 ob-

2077 717 2258 763 servet
2308 709 2458 761 videt
2500 711 2778 777 quomodo
2842 705 3154 777 hujusmodi
3214 706 3659 761 distinctionibus

2075 801 2286 865 utitur;
2339 800 2467 854 alibi
2503 801 2802 854 secundum
2854 815 3074 854 carnem
3110 801 3399 854 nominans
3450 798 3657 863 Israel,

2077 894 2204 947 alibi
2253 909 2417 963 super
2447 909 2512 947 eo
2540 893 2727 948 carnis
2770 894 2993 946 onmiuo
3021 907 3125 946 non
3171 892 3382 947 faciens
3429 892 3661 945 mentio—

2078 1003 2224 1050 nem,
2247 987 2390 1041 sicut
2418 987 2471 1040 in
2499 987 2754 1057 praesenti
2795 987 2914 1040 loco
2934 1026 2948 1050 ,
2980 986 3072 1039 ubi
3097 1002 3219 1040 cum
3251 985 3480 1048 diceret,
3531 986 3660 1053 quia

2085 1099 2103 1132 σ
2152 1095 2257 1135 nou
2288 1080 2486 1149 repulit
2530 1081 2672 1135 Deus
2711 1080 2922 1149 plebem
2965 1095 3142 1146 suam,
3193 1098 3212 1131 ι
3244 1089 3300 1133 et
3325 1079 3659 1133 nobilitatem

2076 1171 2392 1229 Israeliticae.
2427 1172 2625 1226 anima:
2652 1172 2819 1226 vellet
2860 1185 3134 1239 exponere
3159 1211 3174 1233 ,
3223 1171 3300 1224 ait
3330 1188 3343 1223 :
3393 1187 3411 1220 ι
3442 1167 3576 1222 Nam
3605 1176 3663 1221 et

2076 1283 2176 1338 ego
2202 1269 2443 1325 Israelita
2467 1285 2608 1323 smn.
2655 1288 2674 1322 ι
2710 1268 2769 1323 1η
2794 1270 3032 1324 secunda
3059 1285 3191 1324 vero
3230 1270 3295 1322 ad
3322 1268 3658 1332 Corinthios,

2076 1362 2167 1415 ubi
2201 1363 2613 1431 quibusdam'de
2646 1361 2954 1415 Israelitico
2986 1375 3185 1431 genere
3206 1361 3502 1415 secundum
3533 1374 3662 1413 car—

2076 1466 2200 1507 nem
2229 1453 2590 1522 gloriautibus
2623 1453 2835 1523 cogitur
2859 1453 3211 1523 respondere,
3240 1454 3363 1506 vide
3386 1467 3505 1521 qua!
3524 1465 3661 1519 prse—

2078 1543 2228 1597 misit
2261 1561 2274 1597 :
2313 1563 2331 1595 ι
2375 1544 2505 1610 Qum
2529 1545 2739 1613 loquor,
2766 1544 2964 1612 inquit,
3007 1560 3113 1597 non
3160 1543 3454 1597 secundum
3489 1541 3657 1596 Deum

2078 1633 2295 1703 loquor.
2328 1636 2421 1689 sed
2461 1637 2616 1704 quasi
2657 1636 2709 1689 in
2754 1637 3061 1706 insipientia
3111 1638 3162 1689 in
3210 1637 3311 1690 hac
3354 1634 3657 1691 substantia

2082 1728 2379 1796 gloriandi.
2409 1727 2677 1793 Quoniam
2705 1729 2921 1796 quidem
2947 1728 3099 1782 multi
3128 1729 3433 1797 gloriantur
3455 1743 3654 1782 secun-

2082 1819 2207 1872 dum
2239 1835 2500 1886 carnem;
2536 1829 2592 1872 et
2638 1834 2740 1888 ego
2785 1821 3063 1888 gloriabor
3092 1821 3161 1873 ⁸³.
3215 1839 3233 1871 ι
3280 1820 3346 1873 Ει
3386 1827 3511 1886 post
3555 1819 3660 1872 ali—

2082 1920 2284 1980 quanta
2306 1912 2474 1967 dicit:
2513 1931 2531 1961 ο
2568 1911 2777 1965 Hebraei
2802 1923 2953 1976 sunt,
2986 1922 3041 1966 et
3069 1927 3197 1982 ego;
3228 1911 3490 1965 Israelita:
3507 1920 3658 1972 sunt,

2083 2012 2135 2055 et
2170 2017 2307 2071 ego;
2355 2016 2538 2055 semen
2574 2003 2806 2055 Abraha-
2833 2014 2963 2057 sunt
2987 2014 3090 2066 ,,et
3111 2018 3212 2072 ego
3238 2004 3304 2056 νο.
3348 2022 3365 2055 ι
3402 2001 3493 2055 Sie
3528 2018 3661 2071 ergo

2085 2093 2171 2145 ubi
2211 2095 2275 2146 de
2311 2093 2473 2147 Israel
2502 2094 2855 2163 loquebatur,
2899 2095 2986 2149 illo
3020 2096 3284 2149 interiore
3311 2095 3528 2148 homine
3554 2100 3660 2157 (ta-

2084 2182 2148 2235 lis
2172 2184 2316 2236 enim
2344 2197 2429 2237 est
2453 2184 2606 2251 plebs
2655 2186 2742 2238 illa
2773 2202 2934 2253 quam
2973 2187 3244 2254 przescivit
3277 2186 3438 2248 Deus,
3471 2196 3526 2238 et
3554 2201 3658 2237 nott

2085 2277 2301 2343 repulit)
2332 2315 2348 2340 ,
2394 2293 2500 2330 non
2536 2277 2671 2329 dicit
2709 2295 2745 2327 «-
2774 2281 3073 2331 secundum
3119 2294 3339 2332 carnem
3388 2297 3407 2328 ι
3448 2276 3656 2339 Israel;

2083 2369 2150 2421 ad
2183 2383 2277 2422 eos
2301 2383 2430 2422 vero
2464 2370 2556 2436 qui
2593 2370 2645 2422 iu
2674 2370 2856 2424 carnis
2895 2384 3093 2440 genere
3116 2370 3492 2439 gloriabantur
3519 2384 3657 2438 prte-

2083 2461 2248 2525 misit,
2272 2460 2417 2529 quod
2445 2460 2511 2513 de
2532 2461 2840 2530 hujusmodi
2866 2461 3190 2531 gloriatione
3213 2477 3387 2529 neque
3413 2480 3431 2513 ι
3469 2476 3663 2515 secun-

2085 2550 2212 2605 dutn
2260 2552 2428 2605 Deum
2476 2570 2495 2603 ι
2530 2550 2868 2620 loqueretur,
2904 2566 3082 2619 neque
3123 2552 3172 2604 in
3204 2551 3507 2619 sapientia;
3542 2551 3660 2615 sed,

2082 2653 2144 2697 ut
2172 2645 2287 2712 ipse
2318 2643 2493 2707 dicit,
2544 2662 2563 2695 ι
2598 2645 2650 2698 in
2695 2644 3031 2715 insipientia.
3083 2664 3102 2695 ι
3150 2644 3315 2698 Tales
3359 2655 3488 2698 sunt
3528 2658 3660 2712 ergo

2088 2756 2107 2787 ι
2145 2736 2392 2803 reliquiae
2447 2754 2464 2788 ι
2516 2751 2637 2806 quae
2688 2754 2706 2786 ι
2746 2736 3046 2790 secundum
3095 2734 3420 2790 electionem
3471 2735 3661 2803 gratia:

2081 2828 2245 2883 salvae
2269 2829 2426 2883 facta:
2467 2838 2613 2883 sunt.
2648 2847 2666 2880 ι
2708 2828 2775 2882 Ει
2800 2828 3006 2883 addidit
3035 2847 3048 2883 :
3081 2847 3100 2879 ι
3135 2828 3192 2882 Si
3236 2836 3417 2882 autem
3449 2827 3659 2896 gratia,

2076 2924 2189 2990 jam
2240 2937 2346 2974 non
2393 2936 2459 2976 ex
2508 2922 2786 2991 operibus.
2833 2940 2852 2973 ι
2897 2920 3188 2976 Sciendum
3222 2929 3305 2974 est
3344 2935 3508 2988 opera
3539 2934 3662 2987 qua:

2081 3011 2284 3066 Paulus
2312 3013 2584 3080 repudiat,
2628 3022 2686 3067 et
2712 3013 3036 3081 frequenter
3057 3013 3352 3079 vituperat,
3387 3027 3495 3066 non
3540 3027 3667 3065 esse

2080 3118 2242 3173 opera
2278 3104 2509 3174 justitite
2543 3120 2662 3172 qum
2694 3106 3024 3167 mandantur
3057 3105 3111 3158 in
3147 3105 3290 3173 lege,
3317 3105 3412 3158 sed
3440 3119 3499 3157 ea
3537 3104 3663 3173 qui-

2078 3195 2197 3249 dem
2231 3196 2284 3248 ia
2307 3198 2504 3265 quibus
2546 3197 2600 3251 hi
2636 3198 2732 3266 qui
2765 3198 3066 3251 secundum
3092 3211 3313 3251 carnem
3361 3196 3530 3265 legem
3565 3212 3663 3250 cu-

2077 3286 2344 3351 stodiunt,
2372 3286 2697 3356 gloriantur,
2739 3287 2793 3342 id
2820 3297 2925 3350 est,
2956 3290 3037 3341 vel
3068 3287 3413 3342 circumcisio
3457 3287 3660 3352 carnis,

2076 3376 2162 3429 vel
2196 3377 2589 3432 sacrificiorum
2632 3376 2792 3441 ritus,
2834 3378 2920 3432 vel
2946 3376 3260 3432 observatio
3307 3375 3658 3430 sabbatorum

2076 3478 2132 3523 et
2165 3471 2601 3525 neomeniarum.
2644 3471 2770 3526 Haec
2802 3480 2857 3526 et
2895 3470 3208 3539 huiusmodi
3235 3485 3368 3541 ergo
3402 3468 3660 3541 (95)sunt

2078 3574 2243 3627 opera
2273 3576 2341 3613 ex
2364 3560 2562 3635 quibus
2582 3561 2716 3615 dicit
2734 3564 3005 3617 neminem
3027 3562 3265 3630 potuisse
3282 3560 3503 3622 salvari,
3521 3570 3578 3615 et
3593 3562 3662 3616 de

2077 3651 2275 3718 quibus
2299 3651 2351 3705 in
2372 3652 2619 3720 praesenti
2639 3651 2757 3707 loco
2777 3653 2932 3717 dicit,
2948 3652 3073 3721 quia
3093 3670 3110 3703 ι
3140 3666 3247 3706 non
3269 3666 3336 3705 ex
3362 3649 3656 3717 operibus:

2080 3743 2320 3812 alioquin
2355 3745 2527 3813 gratia
2550 3744 2699 3812 ,jam
2735 3760 2843 3799 nou
2876 3744 2937 3797 [it
2981 3742 3182 3813 gratia.
3224 3760 3244 3793 ι
3290 3740 3346 3795 Si
3379 3741 3523 3796 enim
3561 3756 3660 3811 per

2081 3832 2196 3889 lucc
2223 3836 2348 3904 quis
2368 3835 2725 3905 justiﬁcatur,
2752 3849 2857 3887 non
2881 3832 3050 3903 gratis
3070 3830 3424 3901 justificatur.
3442 3829 3544 3896 Qui
3563 3846 3658 3883 au-

2081 3942 2193 3987 tem
2220 3945 2318 3999 per
2348 3926 2583 3998 gratiam
2612 3925 2971 3995 justiticatur,
3004 3924 3105 3975 ista
3145 3923 3362 3992 quidem
3395 3937 3560 3990 opera
3591 3923 3660 3976 ab

2079 4039 2144 4078 eo
2171 4020 2394 4075 minime
2414 4027 2764 4088 quaeruntur;
2805 4017 2899 4069 sed
2924 4014 3220 4069 observare
3262 4014 3423 4068 debet
3463 4028 3532 4067 ne
3567 4029 3661 4068 ac-

2080 4127 2234 4186 repta
2274 4114 2446 4186 gratia
2479 4111 2656 4167 inanis
2688 4109 2785 4164 ﬁat
2812 4110 2865 4162 in
2894 4123 2983 4171 eo,
3008 4110 3149 4162 sicut
3172 4117 3225 4160 et
3252 4105 3455 4161 Paulus
3479 4106 3651 4165 dicit.

2080 4206 2240 4277 631
2273 4203 2397 4272 quia
2434 4219 2453 4252 ι
2488 4199 2660 4271 gratia
2709 4198 2827 4263 ejus
2863 4198 2914 4250 in
2942 4210 3026 4249 me
3050 4195 3231 4248 inanis
3258 4209 3364 4247 non
3409 4192 3534 4257 fuit,
3567 4190 3661 4246 sed

2081 4296 2313 4365 amplius
2330 4308 2492 4363 quam
2510 4306 2700 4347 omnes
2716 4289 2789 4343 illi
2810 4289 3049 4342 laboravi
3068 4288 3137 4342 θί.
3165 4306 3183 4339 ι
3218 4287 3283 4340 Ει
3305 4289 3498 4340 iterum
3514 4284 3666 4338 addit

2080 4397 2341 4457 tanquam
2363 4400 2572 4440 memor
2602 4383 2830 4454 gratiae:
2868 4400 2886 4432 ι
2912 4380 3025 4435 Non
3055 4397 3177 4451 ego,
3203 4401 3222 4433 ι
3277 4380 3475 4449 inquit,
3519 4396 3539 4430 ε
3564 4378 3661 4434 sed

396 4496 589 4535 omnes
619 4480 838 4550 quidem
870 4479 961 4549 qui
1004 4480 1071 4533 ad
1118 4460 1280 4533 ﬁdem
1330 4478 1561 4534 veniunt
1605 4474 1808 4534 Christi
1837 4519 1852 4543 ,
1882 4494 1980 4547 per
2013 4503 2056 4557 ι)
2084 4480 2260 4552 gratia
2293 4479 2386 4534 Dei
2413 4492 2681 4532 mecum.»
2713 4474 2831 4529 Non
2869 4474 3000 4529 facit
3023 4489 3154 4544 ergo
3178 4474 3393 4526 inanem
3425 4473 3660 4541 gratiam

397 4571 628 4637 gratiam
655 4572 884 4626 veniunt
912 4589 926 4624 :
959 4570 1052 4639 qtti
1092 4586 1222 4624 vero
1268 4570 1468 4623 donmu
1501 4570 1690 4637 gratize
1715 4571 1971 4640 operibus

397 4660 617 4714 virtutis
641 4669 695 4714 et
720 4663 959 4731 puritate
987 4661 1171 4715 cordis
1202 4671 1428 4714 exornat
1457 4702 1472 4721 ,
1516 4662 1621 4716 Iste
1667 4674 1772 4715 non
1798 4662 1970 4715 solum

470 4773 517 4806 ⁸³
542 4773 671 4828 Lue.
702 4788 744 4837 ι,
774 4773 864 4826 17.
960 4774 1006 4806 ⁸³
1039 4773 1230 4828 Matth.
1266 4790 1344 4840 ιι,
1386 4775 1611 4839 1.1.15.

1705 4776 1753 4807 ⁸³
1787 4775 1985 4829 Matth.
2014 4776 2152 4842 ιιι,7,
2180 4773 2232 4829 9.

2084 4571 2175 4626 ille
2200 4571 2291 4640 qui
2325 4571 2489 4640 digna
2513 4568 2562 4621 ei
2597 4581 2764 4634 opera
2798 4564 3100 4635 subjungit,
3129 4575 3182 4618 et
3209 4562 3399 4633 gratiae
3433 4564 3525 4616 Dei
3554 4577 3661 4615 non

2079 4658 2298 4715 exsistit
2332 4659 2601 4728 ingratus.
2645 4654 2746 4723 Qui
2792 4654 2939 4709 enim
2990 4663 3113 4722 post
3148 4661 3493 4708 consecutam
3538 4666 3659 4722 gra-

2329 4773 2375 4804 ⁸⁸
2404 4771 2558 4825 Joau.
2593 4786 2714 4833 xui,
2740 4771 2826 4826 18.
2919 4769 2965 4801 ⁸⁵
2995 4766 3152 4823 Joau.
3182 4783 3237 4829 κ,
3271 4766 3361 4821 27.
3456 4764 3502 4798 ³⁸
3527 4764 3657 4819 ibid.

402 4846 487 4899 16-
565 4844 609 4875 ⁸⁷
639 4842 775 4897 Gen.
809 4859 866 4904 Il,
903 4845 956 4897 2.
1035 4844 1080 4875 ⁸⁸
1105 4843 1298 4899 Matth.
1327 4838 1404 4910 tt,
1436 4845 1632 4904 28.29.
1707 4847 1754 4879 ⁸⁸
1780 4844 1821 4899 II
1843 4846 1967 4901 Cor.

2080 4838 2207 4909 :17,
2235 4843 2324 4898 18.
2398 4842 2445 4875 ⁹⁰
2474 4842 2602 4897 ibid.
2630 4841 2722 4895 22.
2799 4841 2843 4872 ⁹¹
2886 4838 2905 4891 I
2944 4838 3069 4895 Cor.
3096 4854 3188 4902 xv,
3222 4838 3306 4892 10.

474 4932 586 5005 (86)
619 4933 757 4987 Editi
781 4974 797 4995 ,
833 4951 853 4984 ι
899 4935 1024 5002 quia
1067 4936 1119 4989 in
1154 4937 1443 5004 spiritu....
1481 4947 1540 4992 ut
1570 4955 1676 4993 non
1706 4955 1800 4996 eos
1829 4940 1977 4993 dice-
2016 4954 2025 4973 ι

404 5016 486 5128 get:
534 5005 674 5125 Ii|lios
721 5005 1049 5059 Abrahae...
1098 5007 1165 5060 de
1211 5007 1480 5075 lapidibus
1530 5010 1796 5065 suscitare
1838 5012 1980 5065 filios

492 5091 545 5127 I‘ﬂ
574 5090 701 5126 Ialll.
738 5091 756 5123 ι

492 5090 701 5127 ranam.
738 5091 756 5123 ι

479 5142 592 5216 (87)
624 5143 789 5216 Editi,
824 5143 1154 5216 «Septimus
1184 5162 1465 5203 numerus.
1507 5167 1527 5198 ι
1568 5149 1790 5215 Deinde,
1820 5168 1839 5201 ι
1885 5148 1984 5203 Se-

404 5214 570 5288 ptima
599 5214 743 5288 enim
774 5215 881 5279 die,
926 5233 946 5267 ι
985 5225 1091 5271 etc.

478 5283 589 5355 (88)
619 5282 729 5366 .Sic
763 5299 954 5366 oumes
976 5303 1107 5341 mss.
1139 5287 1333 5341 nostri.
1377 5287 1520 5342 Editi
1556 5303 1685 5343 vero
1714 5299 1768 5343 et
1799 5287 1983 5343 Raba-

407 5371 533 5413 IIIIS.
566 5372 586 5404 ί
620 5365 879 5408 inveniet.
914 5375 933 5406 ι

481 5423 711 5496 (89)_Sic
735 5433 881 5478 recte
926 5441 1055 5479 mss.
1095 5426 1357 5495 plerique.
1396 5425 1652 5482 Rabanus
1674 5444 1828 5493 vero,
1878 5444 1978 5483 ms.

408 5493 550 5549 unus
581 5493 782 5558 Regius
807 5512 961 5549 nmn.
998 5493 1127 5551 1641
1170 5509 1223 5551 et
1255 5493 1415 5559 editi,
1446 5515 1465 5547 ‹
1507 5498 1619 5550 haec
1657 5499 1789 5551 mihi
1830 5500 1982 5551 vide-

409 5574 497 5618 tur
526 5563 792 5632 superﬂua
825 5579 948 5620 esse
974 5567 1259 5621 electionis
1289 5568 1546 5634 adjectio,
1592 5586 1608 5617 ι
1646 5580 1752 5621 ρι’).
1778 5567 1984 5622 Deinde

406 5650 510 5715 ms.
546 5634 748 5703 Regius
774 5650 924 5692 num.
963 5636 1124 5704 1659,
1162 5656 1181 5689 ι
1208 5648 1265 5691 et
1290 5638 1409 5691 sine
1436 5637 1700 5692 electione
1728 5653 1846 5692 esse
1868 5641 1978 5693 ele-

404 5715 665 5759 ctionem.
713 5723 732 5755 ι

481 5774 592 5846 (90)
612 5774 774 5831 Recte
803 5790 904 5831 ms.
933 5775 1135 5848 Regius
1162 5794 1309 5833 num.
1338 5776 1498 5846 1659,
1526 5794 1545 5829 ι
1569 5775 1926 5849 perfectioris.
1952 5795 1973 5830 ι

2084 4938 2276 4994 Caeteri
2317 4951 2448 4990 vero
2497 4950 2627 4990 mss.
2676 4935 2932 4990 Rabauus
2982 4943 3037 4989 et
3095 4933 3269 4998 editi,
3325 4944 3611 5001 perperam
3640 4968 3658 4994 ,

2092 5027 2111 5060 ι
2144 5008 2516 5079 perfec_tiores.
2554 5026 2573 5058 ι

2160 5079 2271 5157 (91)
2308 5076 2472 5158 Editi,
2511 5094 2530 5127 ι
2578 5083 2634 5132 et
2675 5076 2779 5132 hoc
2819 5074 3066 5143 accipere
3105 5086 3430 5143 possumus,
3471 5089 3491 5123 ›
3523 5079 3661 5138 ete.,

2087 5163 2291 5203 omisso
2323 5166 2341 5197 ε
2388 5158 2482 5200 tta.
2515 5165 2534 5198 ι
2606 5170 2611 5183 ι

2162 5217 2274 5288 (92)
2302 5218 2440 5270 Editi
2467 5259 2481 5281 ,
2502 5236 2539 5288 ﬁt
2572 5223 2863 5288 exornant,
2896 5215 2997 5288 isti
3021 5228 3128 5288 non
3162 5210 3658 5288 solum.._.._salvari

2091 5282 2365 5340 dicuntur.
2419 5306 2439 5339 ι
2496 5287 2697 5341 Deinde
2758 5302 2889 5339 mss.
2949 5285 3191 5353 plerique
3242 5294 3295 5335 et
3360 5282 3659 5353 Rabauus,

2097 5376 2117 5408 ί
2155 5358 2276 5411 vide
2304 5376 2323 5408 ι
2372 5357 2499 5425 (ms.
2533 5356 2733 5423 Regius
2778 5372 2925 5412 num.
2951 5349 3115 5409 71639
3139 5362 3193 5407 et
3225 5353 3394 5418 editi,
3429 5370 3449 5405 ι
3491 5349 3661 5423 videt)

2091 5429 2358 5497 quomodo
2386 5427 2687 5496 hujnsmodi
2712 5425 3179 5497 distinctionibus,
3215 5443 3234 5473 ι
3265 5432 3376 5497 etc.

2164 5496 2275 5568 (95)
2315 5515 2334 5549 t
2374 5490 2514 5567 Ergo
2563 5514 2582 5547 ι
2630 5495 2904 5548 omittitur
2951 5495 3003 5568 in
3052 5494 3232 5568 editis.
3264 5491 3466 5568 Deinde
3494 5490 3661 5568 iidem

2091 5561 2220 5622 editi
2252 5561 2303 5620 et
2335 5561 2474 5621 mss:
2496 5568 2732 5634 quidam,
2783 5584 2801 5615 t
2854 5576 2907 5618 et
2942 5565 3009 5618 de
3037 5561 3232 5633 quibus
3256 5561 3326 5634 _i_n
3374 5563 3512 5634 ipso_
3539 5561 3668 5634 loco

2086 5637 2241 5700 dicit,
2281 5656 2299 5687 ι
2334 5645 2463 5700 etc.,
2514 5629 2606 5690 sed
2648 5653 2750 5689 ms.
2789 5635 2987 5703 Regius
3016 5629 3164 5689 nutu.
3207 5632 3348 5689 1659
3390 5641 3447 5688 et
3474 5629 3659 5687 Raba-

2089 5724 2214 5773 ntts,
2244 5708 2465 5772 rectius,
2498 5716 2554 5760 ut
2588 5706 2639 5759 in
2670 5714 2856 5761 nostro
2882 5713 3055 5759 textu.
