4146 6380
453 329 591 385 Ητσὶ

1915 323 2238 380 ORIGENIS

3570 320 3710 376 H80

450 458 579 498 tiam
629 451 842 513 peccat,
873 442 1121 512 ingratus
1153 442 1289 498 11ιεί
1343 442 1433 511 qui
1497 443 1752 513 prastitit
1779 446 2029 514 gratiam.
2061 454 2108 510 Α
2137 443 2310 513 pluris
2338 442 2556 510 divinis,
2588 441 2633 497 si
2675 440 2947 497 invenerit
2985 441 3315 497 manli‘estet.
3351 440 3489 497 Puto
3527 449 3705 497 tamen

448 537 506 590 Si
540 544 722 589 autem
759 550 867 589 non
902 537 1119 589 inanem
1162 534 1363 589 feceris
1391 537 1623 604 gratiam
1648 575 1665 600 ,
1699 536 2025 605 multiplica-

445 628 598 681 hitur
624 627 720 681 tibi
748 628 948 697 gratia,
977 636 1031 681 et
1070 637 1327 694 tanquam
1354 628 1660 681 mercedem
1694 629 1817 681 boni
1846 629 2025 697 operis

445 722 745 788 gratiarum
784 717 1183 772 multitudinem
1218 719 1595 787 consequeris,
1628 719 1775 773 sicut
1822 731 1878 773 et
1910 721 2025 789 ipse

446 813 661 877 scribit,
702 822 757 867 et
791 810 989 865 Petrus
1041 812 1092 863 in
1151 810 1393 879 Epistola
1439 826 1537 864 sua
1573 812 1705 865 dicit
1738 832 1750 866 :
1790 830 1808 862 ι
1837 810 2023 866 Gratia

447 906 602 959 vobis
642 914 697 957 et
754 918 858 971 pax
915 901 1315 968 multiplicetur
1365 900 1477 972 (91)
1545 902 1597 955 in
1651 903 2026 971 recognitione

448 997 542 1049 Dei
575 996 647 1060 ”;
687 1013 705 1047 ι
738 1005 793 1048 ει
836 994 1031 1048 iterum
1065 992 1195 1045 alibi
1231 1009 1245 1046 :
1279 1011 1298 1043 ι
1333 991 1405 1046 Ut
1445 993 1573 1047 boni
1623 994 2024 1064 dispensatores

447 1084 765 1153 multiplicis
805 1084 996 1153 gratia
1032 1081 1125 1135 Dei
1148 1080 1215 1134 ".
1238 1099 1257 1131 ι

516 1179 570 1232 8.
609 1196 628 1227 ι
651 1177 790 1244 Quid
838 1191 968 1245 ergo
1004 1175 1129 1229 est?
1174 1175 1328 1241 Quod
1377 1174 1662 1244 quarebat
1692 1174 1888 1243 Israel,
1921 1176 2023 1231 hoc

445 1285 555 1324 non
586 1279 670 1324 est
709 1277 1033 1322 consecutus
1066 1285 1080 1321 :
1121 1267 1318 1321 electio
1362 1277 1545 1322 autem
1576 1279 1868 1323 consecuta
1896 1280 2020 1323 est:

445 1363 631 1417 eateri
658 1378 786 1416 vero
812 1361 1069 1417 excacati
1104 1369 1259 1424 sunt;
1294 1360 1436 1415 sicut
1466 1362 1726 1430 scriptum
1759 1371 1845 1416 est
1874 1379 1888 1416 :
1922 1361 2025 1416 De»

447 1455 530 1507 dit
568 1453 678 1507 illis
709 1454 852 1508 Deus
894 1453 1148 1522 spiritum
1192 1452 1630 1519 conipunetionis
1658 1452 1804 1522 (95);
1838 1454 2024 1508 oculos

447 1559 505 1600 ιιι
532 1563 638 1601 non
675 1548 910 1610 videant,
937 1554 992 1599 et
1036 1560 1193 1598 aures
1242 1555 1300 1598 ut
1334 1561 1441 1599 non
1491 1546 1739 1611 audiant,
1765 1561 1934 1614 usque
1968 1547 2021 1601 in

447 1638 766 1693 hodiernum
794 1639 953 1692 diem.
979 1636 1043 1690 Et
1072 1637 1237 1689 David
1272 1638 1442 1691 dicit:
1478 1636 1601 1691 Fiat
1626 1653 1812 1692 mensa
1836 1653 2022 1693 eorum

447 1729 502 1782 in
539 1728 811 1795 laqueum,
842 1740 896 1781 et
927 1728 978 1779 in
1011 1728 1343 1795 captionem,
1385 1738 1438 1779 et
1469 1728 1523 1780 in
1575 1728 1920 1797 scandalum,
1969 1740 2025 1785 ct

2135 535 2240 590 hoc
2266 536 2425 589 modo
2460 535 2663 589 dixisse
2692 535 3007 603 Apostolum
3041 552 3056 589 :
3090 552 3111 585 ι
3139 533 3335 589 Cateri
3375 550 3504 589 vero
3531 549 3708 589 exea-

2133 627 2242 680 eati
2272 634 2432 691 sunt;
2472 636 2528 680 et
2555 625 2698 679 sicut
2725 625 2989 694 scriptum
3024 626 3198 679 estde
3235 625 3316 679 eis
3347 639 3362 678 :
3401 624 3562 678 Dedit
3601 624 3708 679 illis

2134 717 2279 772 Deus
2310 717 2559 783 spiritum
2604 716 3077 784 compunctionis;
3111 734 3128 767 ι
3168 726 3229 769 ιιι
3267 716 3379 769 suis
3412 717 3593 770 verbis
3626 716 3711 770 di-

2132 823 2260 864 cere
2285 810 2532 863 videatur
2571 808 2788 863 dedisse
2826 807 2908 862 eis
2960 808 3129 862 Deum
3160 807 3237 877 (2)
3268 807 3522 877 spiritum
3557 822 3706 862 com—

2132 900 2463 969 punetionis,
2493 899 2789 953 secundum
2815 914 2877 953 ea
2906 914 3026 968 qua
3047 900 3114 953 de
3137 899 3379 953 caecitate
3398 898 3707 964 oculorum,

2132 1002 2187 1046 et
2220 992 2406 1045 auditu
2438 992 2651 1045 aurium
2676 1007 2773 1061 per
2801 992 2995 1046 Isaiam
3026 991 3169 1045 dicta
3193 999 3336 1046 sunt.
3366 991 3537 1046 Isaias
3561 991 3705 1045 enim

2132 1083 2205 1135 ita
2241 1082 2371 1137 dicit
2399 1100 2413 1136 :
2450 1100 2469 1133 ι
2503 1082 2673 1149 Vade,
2716 1090 2771 1136 et
2802 1083 2888 1138 die
2934 1083 3132 1152 popqu
3163 1084 3291 1137 huic
3320 1101 3334 1137 :
3366 1082 3571 1137 Audito
3610 1096 3707 1135 au-

2132 1174 2315 1237 dietis,
2350 1184 2405 1228 et
2433 1190 2537 1227 non
2584 1173 2895 1244 intelligetis
2923 1188 2938 1227 :
2968 1185 3022 1229 et
3052 1175 3297 1230 videntes
3347 1175 3623 1237 videbitis,
3647 1184 3704 1228 et

2132 1281 2239 1318 non
2267 1265 2540 1320 videbitis.
2571 1266 2936 1320 Incrassatum
2972 1275 3056 1319 est
3079 1266 3225 1320 enim
3254 1282 3353 1320 eor
3380 1266 3558 1335 populi
3600 1267 3705 1321 hit-

2125 1355 2236 1423 jus,
2268 1366 2323 1409 et
2352 1356 2576 1409 auribus
2624 1357 2738 1410 suis
2779 1355 3021 1425 graviter
3073 1357 3402 1409 audierunt:
3441 1366 3498 1410 et
3519 1356 3705 1411 oculos

2132 1462 2258 1499 suos
2294 1446 2629 1508 clauserunt,
2657 1462 2724 1501 ne
2750 1447 2891 1501 forte
2915 1447 3137 1501 videant
3171 1447 3362 1511 oculis,
3400 1457 3457 1501 et
3482 1448 3707 1502 auribus

2132 1540 2377 1602 audiant,
2427 1549 2483 1591 et
2516 1540 2685 1593 corde
2740 1539 3064 1607 intelligant,
3116 1548 3173 1592 et
3214 1548 3623 1605 convertantur,
3653 1548 3709 1593 et

2132 1646 2318 1685 sanein
2350 1644 2445 1684 eos
2474 1630 2545 1683 ".
2571 1648 2590 1681 ι
2624 1630 2774 1684 Νιιιιε
2802 1645 2933 1698 ergo
2966 1628 3042 1700 (ὅ)
3064 1644 3285 1684 sensum
3314 1630 3466 1685 Isaia
3494 1630 3710 1684 videtur

2132 1722 2428 1792 Apostolus
2458 1722 2575 1775 suis
2613 1721 2833 1790 quidem
2865 1723 3211 1777 sermonibus
3255 1722 3581 1790 protulisse;
3608 1723 3706 1776 sed

448 1819 502 1872 in
536 1820 947 1871 retributionem
981 1816 1107 1870 illis.
1141 1815 1520 1870 Obscurentur
1551 1817 1694 1871 oculi
1734 1833 1920 1871 eorum
1953 1834 2019 1874 ne
2054 1815 2095 1869 Β
2124 1815 2249 1883 quia
2295 1814 2575 1883 propheta
2614 1828 2836 1866 sensum
2877 1814 3113 1879 dicebat,
3146 1814 3420 1867 addidisse
3452 1832 3466 1868 :
3497 1832 3517 1865 ι
3550 1813 3707 1868 Sicut

444 1911 690 1973 videant,
743 1919 797 1964 et
836 1911 1056 1963 dorsum
1093 1908 1310 1961 illorum
1359 1923 1578 1977 semper
1632 1909 1856 1963 incurva
1892 1909 1960 1963 “.
2002 1930 2019 1963 ι

446 2001 507 2057 In
544 2002 629 2056 his
649 2003 936 2071 Apostolus
960 2000 1123 2055 Israel
1152 2000 1204 2054 in
1241 2001 1377 2055 duas
1405 2001 1599 2054 dividit
1629 2011 1811 2070 partes
1847 2020 1861 2056 :
1890 2017 2026 2072 qua-

447 2106 570 2145 rum
633 2106 794 2145 unam
845 2091 1166 2145 electionem
1215 2099 1396 2155 vocat,
1434 2105 1555 2159 qua
1609 2102 1900 2145 consecuta
1953 2094 2028 2148 sit

445 2181 591 2251 quod
619 2183 935 2250 quarebat;
969 2180 1130 2234 aliam
1157 2192 1387 2236 cateros
1412 2182 1645 2250 appellat
1668 2184 1759 2252 qui
1796 2199 1901 2238 non
1930 2199 2020 2238 so-

448 2275 556 2328 lum
580 2274 861 2329 consecuti
894 2289 1001 2328 non
1031 2281 1156 2327 sunt
1184 2274 1327 2341 quod
1356 2274 1692 2342 quarebant,
1722 2276 1819 2329 sed
1848 2290 2021 2329 exea-

447 2364 556 2417 t-ati
617 2371 745 2416 sunt
806 2363 1001 2432 spiritu
1069 2364 1527 2432 compunctionis.
1595 2365 1804 2431 Quibus
1860 2366 2024 2419 etiam

448 2456 618 2510 Deum
649 2455 861 2509 dedisse
886 2455 1018 2508 dicit
1051 2473 1071 2506 ι
1100 2455 1309 2522 oculos,
1344 2466 1403 2510 ut
1434 2471 1542 2510 non
1572 2457 1815 2522 videant,
1855 2467 1909 2510 et
1931 2473 2027 2510 au-

446 2562 537 2600 res
582 2555 641 2599 tit
680 2562 782 2598 non
815 2546 1075 2609 audiant,
1111 2562 1284 2616 usque
1328 2548 1379 2601 in
1428 2548 1747 2603 hodiernum
1798 2549 1965 2612 diem,
2002 2568 2021 2600 ι

447 2637 554 2693 hoc
602 2645 705 2701 est,
755 2651 929 2705 usque
979 2637 1045 2691 ad
1097 2639 1624 2694 consummationem
1676 2641 1883 2695 saeculi.
1920 2640 2027 2695 Sed

446 2729 676 2798 quaestio
702 2728 857 2783 nobis
888 2738 1134 2783 movetur
1166 2732 1445 2799 quomodo
1473 2731 1540 2786 de
1565 2731 1707 2786 bono
1736 2734 1844 2788 Deo
1866 2734 2027 2800 digne

448 2823 651 2873 uictum
671 2819 916 2873 videatur
939 2819 1046 2893 (96)
1061 2822 1206 2891 quod
1223 2824 1335 2891 ipse
1352 2822 1560 2876 dederit
1607 2822 1794 2878 oculos
1811 2824 2028 2878 residuo

446 2910 612 2965 Israel
634 2910 830 2980 quibus
852 2927 955 2965 non
982 2912 1183 2975 videat,
1209 2922 1263 2966 et
1286 2927 1445 2966 aures
1466 2912 1666 2982 quibus
1691 2927 1793 2965 non
1819 2913 2026 2967 audiat.

447 3003 516 3059 Et
538 3004 662 3059 vide
695 3018 762 3059 ne
782 3001 922 3057 forte
954 3002 1073 3057 hac
1107 3004 1278 3074 magis
1309 3003 1601 3058 retributio
1630 3005 1703 3058 sit
1738 3014 1794 3058 et
1820 3020 2027 3059 merces

449 3094 871 3159 incredulitatis,
885 3094 1179 3149 secundum
1193 3110 1253 3148 ea
1270 3110 1391 3164 qua
1406 3096 1455 3148 in
1474 3096 1845 3164 superioribus
1862 3112 2026 3165 expo-

448 3188 677 3252 suimus,
691 3189 779 3241 ubi
797 3185 1145 3259 dicitur(97),
1163 3187 1289 3255 quia
1309 3204 1326 3237 ι
1352 3202 1456 3241 non
1475 3188 1838 3256 probaverunt
1856 3190 2025 3244 Deum

448 3279 651 3333 habere
680 3277 731 3331 in
781 3278 1050 3344 notitiam,
1086 3276 1309 3331 tradidit
1351 3290 1445 3331 eos
1477 3277 1619 3331 Deus
1648 3279 1701 3330 in
1738 3281 2026 3346 reprobuin

448 3385 666 3424 sensum
690 3370 759 3424 ".
785 3389 805 3422 ι
834 3369 902 3425 Ει
928 3369 1016 3424 hic
1037 3369 1182 3423 enim
1202 3368 1391 3423 oculos
1409 3378 1465 3424 et
1492 3386 1655 3425 aures
1685 3373 1888 3435 cordis,
1923 3387 2027 3426 non

451 3461 700 3529 corporis
748 3461 899 3525 dicit,
944 3462 1142 3531 quibus
1182 3461 1443 3515 exeaeati
1478 3471 1605 3515 sunt
1658 3462 1767 3533 (98)
1818 3473 1873 3517 et
1920 3479 2025 3517 non

444 3552 676 3607 audiunt
704 3552 757 3607 hi
786 3554 969 3624 utique
994 3554 1085 3623 qui
1109 3554 1385 3608 Christum
1413 3554 1659 3607 videntes
1693 3557 1743 3607 in
1771 3568 2023 3625 corpore,

446 3653 503 3697 et
545 3645 823 3699 audientes
874 3646 1174 3700 doctrinam
1218 3644 1338 3713 ejus
1383 3644 1521 3714 (99),
1571 3659 1747 3714 neque
1799 3648 2026 3702 credere

441 3736 703 3805 operibus
726 3750 847 3805 qua
872 3737 1345 3807 videbant,neque
1365 3738 1532 3790 verbo
1557 3738 1699 3804 quod
1733 3737 2025 3793 audiebant

447 3827 673 3882 obedire
723 3827 1033 3883 voluerunt.
1075 3828 1273 3884 Verum
1325 3831 1393 3881 de
1423 3828 1528 3881 hac
1562 3828 1676 3896 ipsa
1722 3831 2025 3896 quastione

444 3918 784 3975 suﬂicienter
812 3936 841 3975 a
877 3922 1034 3976 nobis
1072 3922 1125 3976 in
1156 3922 1347 3996 primis
1379 3923 1539 3992 hujus
1567 3921 1823 3991 Epistula
1851 3922 2023 3992 parti-

445 4008 549 4062 bus
597 4008 798 4063 dictum
846 4018 951 4064 est.
1006 4008 1106 4064 Ubi
1161 4019 1341 4064 tamen
1381 4009 1459 4081 (I)
1508 4010 1769 4078 scriptum
1816 4008 2024 4064 sithoc

447 4099 623 4168 ipsum
654 4100 798 4169 quod
827 4098 958 4153 dicit
987 4099 1280 4169 Apostolus
1311 4116 1325 4152 :
1367 4118 1384 4151 i
1415 4098 1569 4153 Sicut
1603 4099 1866 4167 scriptum
1892 4108 1976 4153 est
2003 4116 2018 4151 :

445 4191 605 4247 Dedit
632 4191 738 4246 illis
766 4192 907 4246 Deus
937 4192 1186 4261 spiritum
1238 4192 1695 4261 eompunctionis,
1724 4191 1913 4245 oculos
1963 4201 2021 4244 ut

449 4299 558 4337 non
590 4284 834 4349 videant,
856 4293 913 4337 et
941 4300 1101 4339 aures
1133 4293 1320 4338 utnon
1350 4284 1596 4348 audiant,
1636 4298 1806 4352 usque
1837 4283 1892 4337 in
1922 4283 2021 4338 lio-

447 4376 697 4428 diernum
734 4375 913 4435 diem;
942 4394 961 4426 ι
995 4389 1094 4445 ego
1121 4375 1384 4430 hactenus
1429 4375 1675 4430 invenire
1709 4390 1814 4429 non
1844 4375 2016 4444 pomi.

2125 1908 2396 1973 scriptum
2427 1916 2532 1959 est.
2568 1923 2587 1957 ι
2628 1904 2897 1959 Similiter
2921 1916 3102 1960 autem
3134 1914 3190 1960 et
3218 1907 3285 1959 de
3314 1906 3398 1960 his
3427 1904 3562 1960 facit
3583 1920 3708 1974 qua

2126 2014 2223 2067 per
2258 1997 2422 2053 David
2454 1998 2597 2051 dicta
2621 2012 2745 2051 esse
2774 1998 3111 2066 pronuntiat.
3144 1998 3233 2051 Ait
3254 1998 3399 2052 enim
3429 1997 3506 2067 (4)
3536 2016 3549 2051 :
3589 2016 3607 2048 ι
3637 1995 3706 2052 Ει.

2128 2092 2294 2145 David
2334 2091 2469 2146 dicit
2500 2105 2514 2141 ε
2548 2089 2670 2144 Fiat
2716 2106 2903 2145 mensa
2939 2105 3129 2144 eorum
3169 2091 3220 2143 in
3252 2090 3527 2159 laqueum,
3567 2100 3621 2144 et
3648 2090 3704 2143 in

2126 2186 2453 2252 captionem,
2490 2191 2546 2236 et
2604 2188 2658 2235 in
2701 2183 3041 2245 scandalum,
3089 2193 3145 2238 et
3185 2184 3238 2237 in
3286 2183 3706 2236 retributionem

2127 2278 2255 2330 illis.
2282 2275 2664 2329 Obscurentur
2695 2274 2837 2327 oculi
2868 2289 3061 2328 eorum
3103 2290 3172 2328 ne
3212 2274 3456 2336 videant,
3495 2282 3548 2327 et
3582 2273 3709 2326 dor-

2126 2379 2243 2416 sum
2278 2362 2492 2416 illorum
2544 2376 2759 2430 semper
2804 2363 3049 2417 incurva.
3083 2382 3102 2415 »
3156 2363 3308 2428 Quod
3341 2365 3487 2417 enim
3527 2362 3660 2416 dicit
3690 2381 3704 2414 :

2131 2472 2150 2505 ι
2181 2454 2303 2508 Fiat
2327 2470 2516 2508 mensa
2552 2469 2741 2508 eorum
2791 2455 2845 2508 in
2889 2455 3167 2524 laqueum,
3198 2465 3255 2509 et
3293 2456 3345 2508 in
3375 2456 3709 2524 captionem,

2125 2556 2180 2600 et
2212 2546 2264 2598 in
2298 2546 2649 2609 scandalum;
2692 2565 2710 2597 ι
2746 2546 2803 2599 in
2846 2548 3144 2615 captionem
3190 2548 3244 2599 in
3282 2545 3497 2601 Psalmo
3521 2548 3566 2579 "
3601 2563 3706 2600 non

2126 2635 2361 2688 habetur
2386 2635 2671 2704 scriptum,
2696 2649 2872 2704 neque
2908 2637 2963 2689 in
2994 2636 3201 2690 nostris
3234 2637 3591 2704 Septuaginta
3616 2635 3707 2689 In-

2129 2734 2423 2793 terpretum
2456 2724 2885 2794 exemplaribus,
2915 2741 3093 2795 neque
3138 2728 3195 2780 in
3225 2727 3600 2782 Hebraeorum.
3642 2728 3711 2782 Et

2130 2834 2342 2873 rursum
2374 2819 2427 2871 in
2478 2817 2696 2871 Psalmo
2750 2818 2981 2873 habetur
3016 2836 3032 2872 :
3074 2837 3093 2870 ι
3120 2818 3241 2872 Fiat
3288 2836 3476 2875 mensa
3517 2836 3707 2875 eorum

2127 2926 2315 2966 coram
2350 2913 2481 2980 ipsis
2510 2913 2560 2964 in
2587 2912 2838 2979 laqueum
2868 2929 2928 2966 ξ»
2954 2911 3247 2980 Apostolus
3270 2924 3451 2967 autem
3476 2929 3580 2968 nea
3609 2930 3711 2983 po-

2127 3002 2239 3055 suit
2265 3017 2444 3054 coram
2472 3002 2621 3068 ipsis.
2675 3001 2801 3055 IIae
2831 3002 2899 3055 de
2933 3016 3243 3057 sermonum
3292 3004 3487 3058 ordine
3527 3013 3580 3057 et
3613 3019 3710 3057 as-

2130 3101 2471 3159 sumptorum
2502 3090 2942 3144 testimoniorum
2964 3091 3229 3160 qualitate
3263 3096 3714 3161 memoravimus,

2053 3164 2096 3221 C
2131 3190 2187 3233 ut
2216 3182 2574 3234 ostendamus
2599 3195 2693 3248 per
2725 3181 2964 3250 singula,
2983 3176 3129 3252 quod
3162 3184 3462 3238 auctoritas
3488 3199 3707 3253 aposto-

2131 3272 2232 3327 lica
2287 3288 2629 3342 nequaquam
2670 3272 3019 3329 Hebraeorum
3082 3277 3485 3346 exemplaribus
3542 3278 3702 3333 ﬁdem

2131 3363 2282 3428 facit,
2313 3378 2415 3417 nec
2445 3363 2627 3417 verbis
2653 3378 2872 3433 semper
2897 3364 3254 3433 interpretum
3283 3368 3451 3420 servit
3477 3368 3575 3437 (ὅ),
3609 3369 3709 3422 sed

2131 3454 2540 3522 Scripturarnm
2576 3468 2798 3510 sensum
2833 3456 3014 3511 verbis
3063 3458 3261 3526 quibus
3304 3460 3567 3526 competit
3605 3474 3711 3512 ex-

2128 3546 2316 3616 plicat.
2351 3545 2505 3601 Nunc
2534 3561 2666 3618 ergo
2687 3547 2969 3603 videamus
2993 3549 3272 3617 quomodo
3298 3550 3566 3616 propositi
3606 3565 3705 3603 ca-

2128 3636 2282 3706 pituli
2337 3652 2531 3691 sensus
2558 3638 2752 3693 debeat
2789 3637 3093 3707 explanari.
3145 3636 3457 3692 Caeitatem
3500 3640 3703 3703 cordis,

2126 3743 2232 3797 qua
2270 3727 2511 3797 reliquus
2550 3727 2741 3795 Israel,
2778 3730 2877 3784 hoc
2911 3739 3017 3793 est,
3049 3730 3140 3799 qui
3182 3746 3289 3784 non
3330 3730 3584 3795 credidit,
3607 3746 3705 3785 ex-

2125 3830 2359 3873 cacatus
2382 3830 2489 3885 est,
2512 3821 2725 3875 duobus
2758 3822 3092 3890 propheticis
3124 3822 3455 3876 testimoniis
3484 3823 3700 3893 probat,

2124 3911 2208 3966 vel
2247 3912 2393 3981 quod
2426 3928 2491 3968 ex
2519 3913 2681 3981 Isaia,
2714 3914 2799 3968 vel
2826 3916 2969 3984 quod
2993 3930 3063 3969 ex
3101 3914 3271 3969 David
3295 3914 3511 3968 videtur
3537 3914 3703 3986 632

2124 4016 2498 4074 assumptum;
2531 4017 2588 4061 et
2611 4007 2667 4061 in
2704 4017 2936 4075 utroque
2967 4022 3109 4061 unus
3147 4006 3551 4075 quodammodo
3572 4024 3699 4062 sen-

2123 4115 2217 4153 sus
2241 4100 2532 4169 exponitur
2561 4099 2659 4170 (6).
2681 4100 2814 4154 Nam
2836 4111 2891 4154 et
2908 4102 2995 4155 hie
3020 4100 3223 4155 oculi“
3252 4100 3332 4153 eis
3352 4100 3551 4154 dantur
3580 4101 3706 4170 qui-

2121 4191 2223 4245 bus
2257 4207 2364 4246 non
2392 4192 2633 4258 videant,
2666 4202 2719 4246 et
2764 4208 2924 4246 aures
2976 4193 3175 4261 quibus
3205 4207 3310 4245 non
3357 4193 3612 4257 audiant;
3647 4201 3705 4245 et

2121 4280 2234 4335 illic
2256 4283 2302 4314 ⁸⁸
2334 4293 2554 4352 optatur
2583 4295 2643 4337 ut
2676 4298 2863 4338 coram
2892 4284 3024 4353 ipsis
3069 4299 3253 4338 mensa
3287 4299 3475 4338 eorum
3521 4286 3613 4338 liat
3646 4286 3701 4338 in

2121 4371 2395 4440 laqueum,
2418 4383 2476 4427 et
2500 4374 2550 4428 in
2581 4375 2911 4445 captionem,
2934 4385 2990 4429 et
3021 4377 3071 4429 in
3100 4375 3543 4443 retributionem,
3564 4387 3619 4431 et
3646 4379 3700 4430 in

444 4466 503 4521 Si
539 4466 660 4536 quis
698 4480 831 4520 vero
853 4465 1166 4536 diligentius
1196 4481 1361 4536 quam
1391 4480 1490 4520 nos
1527 4466 1761 4520 intendit
1790 4465 1842 4519 in
1871 4464 2021 4520 Seri-
2046 4499 2101 4559 Β
2125 4466 2475 4533 scandalum;
2501 4477 2563 4547 et
2594 4475 2655 4520 ut
2686 4467 3050 4522 obscurentur
3091 4468 3236 4522 oeuli
3280 4484 3467 4521 eorum
3512 4485 3580 4524 ne
3621 4472 3704 4523 vi-

509 4605 562 4634 "
602 4602 641 4655 lI
676 4601 821 4655 Petr.
855 4616 892 4665 I,
921 4602 977 4659 2.
1051 4602 1140 4655 ⁸³1
1172 4599 1316 4657 Petr.
1344 4618 1415 4668 tv,
1437 4601 1522 4656 I0.
1600 4602 1646 4635 9‘
1671 4601 1830 4655 Rom.
1857 4617 1935 4662 xi,
1965 4601 1996 4653 7
2026 4616 2108 4668 sq.

442 4669 534 4739 23,
563 4674 653 4727 24.
729 4673 774 4706 ⁸⁸
794 4671 953 4726 Rom.
990 4687 1068 4737 st,
1100 4674 1165 4737 8;
1200 4672 1323 4726 lsai.
1353 4688 1428 4738 vi,
1455 4674 1541 4727 It).

515 4805 624 4875 (91)
656 4806 815 4866 Editi.
855 4824 874 4857 ι
904 4805 1376 4875 multiplicabitur.
1401 4826 1418 4858 ι

512 4874 625 4948 (95)
678 4875 836 4931 Dedit
889 4877 998 4930 illis
1056 4874 1195 4948 Deus
1258 4879 1499 4945 spiritum
1556 4874 1998 4945 compunctionis.

441 4947 572 5010 etc.,
607 4947 780 5016 usque
800 4948 891 5011 ad,
945 4957 1002 5016 iet
1038 4947 1253 5001 dorsum
1297 4948 1506 5000 illorum
1540 4962 1741 5014 semper
1775 4948 2013 5011 incurva,

445 5015 829 5071 desiderantur
852 5018 904 5070 in
943 5015 1095 5072 libris
1127 5029 1286 5072 antea
1317 5019 1501 5080 editis,
1532 5018 1625 5071 sed
1650 5018 2013 5070 restituuntur

440 5097 507 5140 ex
531 5087 783 5142 omnibus
813 5101 943 5141 mss.

514 5157 627 5225 (96)
662 5157 734 5209 Ita
765 5173 867 5211 ms.
895 5156 1096 5216 [tertius
1118 5171 1267 5211 num.
1301 5156 1460 5223 1659,
1496 5155 1750 5210 Itabanus
1778 5165 1831 5209 et
1855 5155 2007 5223 editi,

440 5226 635 5280 Cateri
666 5240 794 5282 vero
826 5241 983 5293 mss.,
1014 5249 1033 5278 ι
1060 5225 1163 5281 Sed
1208 5230 1439 5296 quastio
1474 5228 1631 5281 nobis
1675 5226 1889 5279 videtur
1918 5242 2011 5279 ex-

438 5296 572 5355 oriri
601 5299 873 5366 quomodo
894 5297 961 5350 de
992 5299 1133 5351 bono
1152 5296 1268 5367 (Deo
1286 5299 1445 5367 digne
1468 5298 1668 5367 dictum
1700 5297 2003 5367 videatur,»

437 5377 549 5420 etc.
569 5365 669 5420 Ms.
690 5367 889 5436 Regius
908 5382 1058 5421 num.
1085 5366 1221 5421 1659
1238 5376 1291 5421 ει
1306 5365 1433 5421 editi
1459 5365 1721 5421 omittunt
1748 5383 1765 5415 ι
1791 5365 1970 5436 digne.
1985 5385 2005 5418 ι

442 5437 649 5492 Deinde
686 5439 819 5493 editi
852 5442 906 5491 et
933 5453 1064 5493 mss.
1098 5438 1321 5506 quidam
1360 5438 1583 5503 habent,
1625 5454 1644 5487 ι
1674 5438 1872 5506 quibus
1901 5452 2008 5491 non

440 5507 729 5579 videant...
759 5507 963 5579 quibus
985 5509 1359 5579 nonaudiant.
1386 5528 1405 5559 ι

508 5573 639 5647 (97)
670 5573 892 5632 Dicitur.
929 5575 1210 5632 Omittitur
1238 5578 1294 5630 in
1327 5578 1603 5647 plerisque
1635 5592 1767 5633 mss.
1797 5589 2008 5632 necnon

439 5646 583 5714 apud
615 5646 993 5711 Rabannm,et
1016 5649 1070 5702 in
1101 5648 1295 5714 editis;
1328 5646 1431 5704 sed
1459 5646 1769 5705 restituitur
1791 5662 1858 5704 ex
1904 5663 2006 5705 nis.

440 5709 611 5782 [legio
646 5732 795 5769 num.
830 5709 990 5771 1639.

506 5786 621 5856 (98)
647 5784 811 5847 Editi.
843 5805 860 5839 ι
893 5796 1019 5849 quia
1047 5790 1302 5846 excacati
1334 5799 1482 5845 sunt.
1511 5809 1534 5849 ν,

2222 4603 2266 4676 ξε
2297 4602 2453 4658 Rom.
2485 4620 2523 4668 t,
2545 4606 2637 4662 28.
2713 4606 2758 4638 ⁸⁸
2786 4605 2890 4659 Isa.
2926 4622 3000 4671 vi,
3022 4605 3075 4673 9,
3106 4605 3192 4659 10.
3268 4606 3312 4638 ⁸⁷
3345 4605 3485 4661 Psal.
3509 4625 3701 4676 vant,

1631 4673 1677 4704 "
1713 4671 1871 4727 Rom.
1898 4688 1974 4736 λι,
2000 4672 2052 4737 9,
2080 4672 2173 4739 10;
2207 4672 2348 4729 Psal.
2374 4690 2564 4739 vam,
2600 4676 2690 4742 25,
2726 4677 2816 4730 24.

2199 4808 2310 4879 (99)
2346 4807 2500 4878 Ejus.
2538 4809 2699 4863 Deest
2731 4811 2782 4863 in
2814 4810 2996 4867 editis.

2124 4934 2127 4937 .
2196 4880 2272 4949 (I)
2307 4880 2471 4945 Editi,
2507 4897 2527 4926 ι
2554 4879 2648 4933 Ubi
2680 4896 2830 4933 vero.
2861 4899 2880 4931 ›

2219 4948 2271 5019 2)
2304 4949 2494 5003 Deum.
2542 4948 2597 5001 In
2637 4951 2798 5004 editis
2845 4952 3300 5019 pratermittitur.
3336 4950 3543 5007 Deinde
3590 4966 3695 5008 ms.

2122 5016 2324 5093 Regius
2354 5035 2503 5072 num.
2528 5019 2684 5093 1659,
2719 5040 2737 5071 ι
2761 5016 3011 5076 Secunda
3032 5039 3093 5077 ea
3118 5025 3337 5093 quidem
3359 5025 3428 5077 de
3448 5022 3699 5077 eaeitate

2120 5092 2423 5171 oculorum,
2446 5110 2465 5141 ›
2508 5099 2615 5143 etc.
2649 5092 2755 5145 Sed
2785 5094 2968 5147 cateri
3003 5092 3149 5149 mss.
3179 5092 3436 5148 [tabanus
3479 5102 3534 5147 et
3564 5094 3699 5147 editi

2120 5169 2266 5212 utin
2310 5170 2496 5213 IlOSll‘O
2537 5170 2708 5215 textu.

2192 5228 2268 5301 (3)
2302 5230 2393 5284 Sic
2434 5246 2566 5301 mss.
2605 5232 2851 5300 plerique
2888 5242 2943 5288 et
2989 5232 3266 5288 Rabanns.
3301 5232 3445 5288 Editi
3477 5247 3609 5288 vero
3639 5241 3700 5286 et

2119 5300 2409 5373 ms._'nnus
2436 5300 2635 5373 Itegius
2655 5344 2670 5369 ,
2707 5321 2726 5353 ι
2755 5305 2909 5358 Ilunc
2942 5319 3093 5373 ergo,
3116 5323 3135 5355 ι
3166 5314 3273 5359 etc.

2188 5370 2266 5441 (4)
2318 5372 2458 5425 Editi
2493 5373 2778 5442 omittunt,
2842 5392 2861 5423 ι
2889 5375 2980 5427 Ait
3010 5370 3191 5430 'enim.
3218 5394 3237 5427 ι
3283 5372 3415 5428 Mss.
3471 5373 3698 5442 quidam

2120 5440 2402 5510 omittunt,
2441 5460 2459 5492 t
2492 5440 2561 5495 Et
2597 5443 2766 5499 David
2800 5445 2953 5499 dicit.
2977 5464 2994 5496 ι

2190 5511 2267 5582 (5)
2306 5510 2471 5576 Editi,
2506 5530 2524 5561 ι
2547 5527 2645 5566 nec
2672 5515 2852 5570 verbis
2883 5529 3098 5584 semper
3122 5514 3539 5585 interpretatum
3572 5527 3696 5566 ser-

2119 5591 2231 5643 vet,
2253 5600 2271 5630 ι»
2302 5593 2379 5642 et.
2415 5600 2433 5632 t
2462 5593 2663 5637 servat.
2696 5603 2715 5635 ι

2188 5650 2270 5721 (6)
2305 5653 2467 5733 Editi,
2503 5672 2521 5702 ι
2547 5655 2677 5709 etin
2714 5664 2945 5726 utroque
2973 5653 3375 5727 quodammodo
3403 5654 3545 5717 idem
3569 5668 3709 5711 sene.

2118 5736 2210 5785 Sus
2235 5733 2538 5793 exponitur.
2565 5742 2581 5773 ι
