4146 6438
460 367 595 428 1181

1378 366 1737 427 COMMENT.
1779 372 1845 426 IN
1887 371 2108 428 EPIST.
2147 372 2240 427 AD
2273 373 2439 428 ROM.
2482 373 2609 426 LIR.
2652 374 2790 429 VIII.

3556 381 3706 435 {I82

458 495 639 544 deant.
701 490 765 544 Et
808 489 1081 558 quomodo
1121 490 1239 545 Iitec
1284 489 1444 561 digne
1468 490 1762 546 credantur
1812 491 1945 557 dici',
1975 500 2028 546 et
2056 497 2102 553 Α
2132 492 2266 557 lum,
2292 499 2347 544 et
2373 491 2425 545 in
2461 486 2872 545 retributionem
2901 491 2982 545 eis
3004 508 3023 541 ι
3069 491 3183 546 fieri
3221 492 3478 557 dicitur“,
3510 496 3697 549 videa-

458 583 692 635 maxime
716 596 779 634 ex
814 597 1043 648 persona
1083 581 1281 636 Christi
1316 583 1368 636 in
1398 583 1627 652 psalmo,
1654 599 1761 637 non
1791 585 2023 638 otiosum

460 673 673 726 videtur
702 674 988 727 ostendere
1021 674 1119 747 (7).
1151 673 1286 727 Vide
1330 689 1462 744 ergo
1501 677 1545 729 si
1581 677 1683 730 hoc
1720 676 1878 729 modo
1903 691 2027 745 pos—

460 780 646 818 sumus
673 765 948 833 explicare
975 766 1118 833 quod
1143 766 1434 833 quaeritur.
1456 767 1609 821 Sicut
1641 768 1813 822 oculis
1839 781 2029 834 corpo-

462 857 570 909 reis
623 857 794 909 utitur
846 857 1217 924 unusquisque
1263 858 1332 910 ad
1382 858 1672 911 videndum
1714 858 1826 913 sive
1868 860 2027 922 bona,

465 949 581 1002 sive
613 948 779 1010 mala,
812 956 867 1001 et
896 949 950 1001 in
988 958 1255 1017 potestate
1286 949 1449 1002 habet
1482 948 1564 1003 vel
1596 949 1810 1004 elevare
1841 949 2031 1003 oculos

463 1038 533 1090 ad
571 1037 789 1100 etelum,
820 1048 875 1091 et
907 1052 1003 1106 per
1036 1038 1087 1091 id
1138 1038 1286 1106 quod
1341 1039 1511 1103 videt,
1557 1040 1885 1093 conditorem
1915 1039 2031 1106 ejus

463 1142 782 1197 agnoscere,
804 1138 856 1181 et
885 1128 1194 1182 collaudare
1217 1136 1544 1195 creatorem,
1577 1128 1659 1183 vel
1679 1127 1928 1183 conferre
1960 1130 2029 1183 ad

465 1219 773 1288 spectacula
808 1220 962 1283 circi,
1003 1221 1086 1275 vel
1124 1221 1348 1285 theatri,
1396 1222 1477 1274 vel
1524 1222 1892 1288 quarumlibet
1917 1237 2034 1276 sor-

464 1313 712 1366 didarum
777 1311 1179 1366 oblectamenta
1227 1313 1520 1376 visionum,
1572 1313 1767 1380 quibus
1820 1322 1913 1364 aut
1966 1312 2032 1365 ad

465 1403 766 1464 libidinem.
820 1412 915 1456 aut
974 1403 1039 1455 ad
1104 1404 1478 1472 rapacitatem,
1518 1403 1603 1459 vel
1648 1404 1753 1458 alia
1806 1418 2035 1472 qumque

463 1496 597 1548 vitia
649 1496 865 1549 animus
904 1494 1319 1549 inflamm‘etur:
1371 1497 1444 1549 ita
1494 1496 1623 1548 mihi
1673 1495 1910 1565 intellige
1956 1495 2031 1567 (8)

467 1586 631 1639 etiam
659 1586 852 1640 anima:
878 1585 1089 1650 oculos,
1121 1587 1317 1654 quibus
1349 1586 1439 1638 alii
1477 1594 1706 1640 utuntur
1731 1588 1948 1657 quidem
1977 1596 2034 1642 ut

466 1679 688 1731 verbum
723 1675 816 1729 Dei
859 1687 915 1731 et
963 1678 1269 1730 doctrinam
1316 1678 1562 1731 veritatis
1610 1686 1929 1747 agnoscant,
1972 1695 2037 1735 ac

468 1766 746 1834 sapientia
769 1765 888 1833 ejus
909 1766 1153 1833 quotidie
1176 1766 1392 1834 capiant
1416 1766 1716 1834 profectmn
1742 1786 1755 1832 ;
1793 1768 1882 1821 alii
1909 1784 2038 1822 vero

466 1866 691 1911 utuntur
715 1857 801 1910 his
828 1857 1002 1910 oculis
1023 1859 1074 1910 in
1096 1858 1455 1922 contrarium,
1478 1871 1797 1912 exercentes
1825 1860 2035 1914 scilicet

467 1948 788 2016 semetipsos
832 1947 1097 2015 quotidie,
1149 1954 1205 1998 et
1257 1946 1594 2016 inquirentes
1646 1947 1723 2016 (9)
1766 1950 2036 2016 quomodo

467 2040 718 2107 dogmata
752 2039 998 2092 veritatis
1024 2038 1347 2108 infringant,
1375 2048 1426 2091 et
1452 2037 1608 2091 fidem
1635 2038 1835 2093 Christi
1866 2054 2038 2108 quan-

468 2140 580 2183 tum
635 2130 766 2198 ipsis
815 2129 1026 2182 videtur
1080 2129 1414 2199 impugnent.
1456 2126 1730 2182 Ponamus
1770 2144 1899 2198 ergo
1934 2129 2034 2182 ali—

465 2235 626 2289 quem
649 2234 808 2273 orare
829 2234 927 2287 pro
954 2219 1039 2274 his
1067 2220 1157 2288 qui
1190 2219 1530 2288 perapicaces
1570 2228 1625 2273 et
1667 2220 2035 2287 argumentosi

466 2319 595 2363 sunt
622 2311 674 2363 in
702 2309 833 2363 falsa
859 2309 1182 2372 scientia,et
1200 2311 1383 2364 dicere
1407 2327 1421 2364 :
1448 2297 1548 2364 Det
1574 2309 1678 2363 illis
1697 2309 1836 2364 Deus
1863 2328 1882 2360 ι
1906 2326 2040 2365 ocu-

466 2401 549 2456 los
579 2411 641 2456 ut
678 2416 784 2454 non
812 2402 1075 2455 videant:
1110 2402 1347 2470 perversi
1388 2415 1582 2455 sensus
1619 2402 1895 2463 acumina,
1929 2418 1949 2450 ι
1983 2412 2040 2454 ει

465 2507 629 2546 aures
659 2502 717 2545 ut
745 2507 850 2545 non
876 2493 1101 2544 audiant
1126 2511 1145 2544 ι
1181 2490 1446 2544 mendacii
1480 2491 1692 2545 scilicet
1723 2492 2037 2560 magistros,

465 2592 522 2639 et
561 2603 580 2635 ‹
612 2586 972 2638 obscurentur
1026 2584 1166 2637 oculi
1217 2598 1405 2637 eorum
1460 2598 1527 2638 ne
1566 2585 1818 2650 videant;
1857 2605 1875 2636 ι
1933 2601 2037 2638 non

469 2677 565 2731 tibi
591 2676 809 2730 videtur
836 2677 1246 2744 amplcctendus
1282 2676 1337 2730 is-
1358 2675 1448 2744 qui
1498 2676 1614 2732 hac
1648 2687 1800 2747 optat
1835 2679 1914 2733 eis
1944 2694 2040 2748 per

465 2782 587 2837 quae
624 2780 813 2821 eorum
845 2775 1068 2836 peccata
1099 2765 1451 2819 minuantur?
1480 2765 1646 2820 Multo
1669 2767 1812 2821 enim
1843 2769 2040 2824 melius

464 2868 549 2914 est
576 2874 680 2914 non
737 2872 954 2927 sapere,
1005 2874 1165 2927 quam
1211 2857 1351 2912 male
1384 2873 1593 2928 sapere.
1621 2857 1764 2924 Non,
1796 2860 2033 2928 inquam,

467 2948 562 3002 tibi
585 2947 799 3002 videtur
826 2947 971 3017 quod
1002 2946 1264 3012 Marcion,
1299 2947 1390 3014 qui
1423 2948 1710 3003 adversum
1736 2959 2036 3003 creatorem

466 3039 634 3094 Deum
677 3039 990 3108 blaSphema
1022 3040 1223 3107 scripta
1255 3039 1584 3106 composuit,
1617 3040 1700 3092 vel
1752 3040 2034 3107 Basilides,

466 3130 551 3183 vel
584 3129 920 3189 Valentinus,
952 3127 1036 3180 vel
1069 3127 1250 3180 cmteri
1300 3140 1554 3181 unctores
1598 3128 1708 3197 (10)
1747 3144 2034 3196 pravorum

466 3222 799 3287 dogmatuin,
820 3221 961 3273 beati
998 3220 1248 3277 fuissent.
1280 3220 1463 3273 sinon
1506 3220 1645 3285 illos,
1677 3222 1872 3287 quibus
1899 3220 2037 3275 male

471 3316 786 3373 sapuerunt,
815 3308 997 3361 cordis
1033 3309 1223 3361 oculos
1268 3308 1628 3363 habuissent?
1662 3311 1733 3364 De
1774 3310 1857 3364 liis
1893 3311 2035 3363 enim

466 3400 580 3469 (11)
602 3397 770 3453 Isaias
793 3401 921 3453 dicit
952 3419 965 3454 :
994 3401 1117 3454 «Va:
1140 3401 1528 3455 scribentibus!
1559 3402 1871 3457 Scribentes
1890 3404 2035 3457 enim

469 3494 760 3561 nequitiam
801 3494 1107 3547 scrilmttt‘.
1142 3513 1160 3544 ι
1207 3491 1474 3547 Similiter
1508 3505 1692 3549 autem
1724 3505 1779 3549 et
1819 3510 1916 3564 pro
1953 3495 2038 3549 Itis

468 3585 558 3650 qui
598 3583 736 3639 male
766 3586 981 3645 docent,
1019 3596 1074 3639 et
1096 3585 1234 3638 male
1269 3585 1586 3653 loquuntur,
1613 3597 1732 3640 orat
1782 3588 1949 3642 David
1981 3589 2034 3640 in

467 3672 721 3740 Psalmis,
755 3686 809 3731 et
842 3677 973 3731 dicit
994 3679 1015 3707 ²
1043 3696 1056 3733 :
1095 3696 1114 3729 ς
1139 3678 1281 3732 Muta
1311 3677 1616 3732 efﬁciantur
1647 3678 1788 3733 labia
1829 3680 2036 3747 iniqua,

468 3783 588 3836 quae
611 3768 908 3836 loquuntur
933 3775 1195 3824 adversus
1231 3771 1466 3836 justum,
1500 3771 1679 3824 scelus
1701 3772 1751 3824 in
1785 3773 2036 3841 superbia

466 3870 520 3913 et
547 3869 880 3928 contemptu.
911 3881 933 3913 ι
965 3862 1056 3915 Sic
1075 3877 1204 3932 ergo
1220 3872 1275 3916 et
1300 3863 1367 3916 de
1386 3860 1547 3916 Israel
1577 3864 1775 3917 dicitur
1803 3883 1816 3918 :
1853 3883 1872 3915 ι
1900 3863 2040 3919 Obs-

468 3959 733 4002 eurentur
773 3949 917 4003 oculi
954 3964 1140 4004 eorum
1183 3965 1253 4004 ne
1302 3951 1522 4005 videant
1549 3952 1630 4013 ³,»
1677 3963 1752 4018 ει,
1797 3953 1897 4008 Det
1957 3955 2039 4009 eis

471 4040 611 4092 Deus
649 4057 669 4090 ί
699 4040 886 4094 oculos
941 4052 1002 4096 ut
1049 4057 1157 4096 non
1206 4042 1497 4097 videant“.
1529 4062 1549 4095 ι
1586 4043 1744 4112 Ilaec,
1774 4056 2034 4115 quantum

467 4133 535 4184 ad
572 4132 853 4186 oculorum
894 4135 1191 4189 caecitatem
1220 4136 1461 4205 pertinet
1508 4152 1629 4204 quae
1660 4137 1800 4191 male
1833 4138 2035 4192 videnti

466 4224 747 4279 incredula
772 4225 940 4280 Israel
970 4237 1229 4296 tanquam
1258 4244 1356 4297 pro
1386 4229 1630 4284 remedio
1656 4230 1888 4298 quodam
1917 4231 2035 4285 dari

466 4330 495 4365 n
525 4312 632 4367 Deo
668 4314 881 4369 videtur
916 4315 1051 4386 (12),
1075 4316 1219 4370 dicta
1249 4317 1378 4372 sint.
1403 4316 1561 4372 Nunc
1577 4318 1743 4373 etiam
1771 4322 1837 4376 de
1853 4336 2039 4376 mensa

2129 597 2268 636 mus.
2306 581 2414 636 Sed
2443 583 2617 649 primo
2655 583 2722 634 ad
2753 596 2846 635 eos
2874 596 3047 650 pauca
3083 581 3310 635 dicenda
3337 591 3462 636 sunt
3490 584 3580 653 qui
3614 585 3697 636 al-

2129 672 2365 742 legorias
2393 674 2444 725 in
2478 671 2775 740 Scripturis
2801 672 2997 727 divinis
3025 672 3286 736 refutant,
3319 683 3370 726 et
3402 674 3581 727 ridere
3610 690 3697 726 so-

2129 762 2242 818 lent
2269 762 2380 832 (15)
2415 776 2509 815 eos
2537 761 2630 830 qui
2659 776 2767 814 non
2800 762 2852 814 in
2884 761 3136 814 omnibus
3158 771 3458 829 sequuntur
3480 762 3704 816 histori—

2130 871 2252 909 cum
2290 870 2527 908 sensum.
2558 854 2747 906 Dicant
2786 866 2912 919 ergo
2956 852 3109 905 nobis
3140 853 3183 905 si
3223 866 3465 905 mensam
3494 853 3583 905 hic
3605 851 3704 905 Ju-

2131 947 2369 1000 dteorum
2413 946 2560 998 illam
2589 944 2720 998 dicit
2772 943 3038 1010 Propheta
3073 946 3125 996 in
3180 959 3281 1011 qua
3319 943 3585 1011 prandere
3618 944 3701 996 vel

2133 1052 2354 1091 camare
2381 1036 2578 1099 solent,
2608 1045 2667 1088 ut
2700 1037 2815 1104 ipsa
2844 1037 2925 1089 eis
2959 1036 3051 1087 fiat
3082 1036 3132 1087 in
3162 1035 3406 1103 laqueum
3444 1044 3500 1088 Ill
3526 1036 3703 1104 capiat

2132 1144 2266 1183 eos:
2301 1129 2383 1180 vel
2420 1128 2462 1181 si
2497 1129 2609 1195 ipsa
2650 1142 2835 1181 mensa
2881 1126 3140 1181 eﬂiciatur
3182 1129 3262 1179 eis
3297 1128 3347 1180 in
3390 1128 3709 1180 retributim

2136 1236 2282 1282 nem,
2314 1229 2374 1274 ut
2406 1220 2475 1274 ab
2512 1221 2621 1285 ipsa
2646 1233 2743 1287 pro
2778 1219 2863 1273 his
2901 1234 3019 1287 qum
3067 1218 3406 1285 deliquerunt
3437 1219 3705 1286 recipiant

2135 1311 2393 1365 ultionem
2420 1330 2433 1364 :
2462 1311 2547 1363 vel
2575 1311 2847 1378 quomodo
2882 1312 2961 1363 eis
2994 1310 3048 1362 in
3082 1309 3394 1362 scandalum
3436 1309 3508 1363 sit
3538 1324 3706 1378 cxpo‘

2136 1411 2288 1455 nant.
2322 1400 2472 1467 Quod
2504 1402 2548 1453 si
2585 1403 2650 1454 de
2696 1402 2779 1454 his
2806 1400 3032 1469 singulis
3061 1400 3336 1465 explicare
3372 1414 3431 1454 se
3461 1416 3565 1453 non
3612 1415 3706 1453 va-

2136 1492 2243 1546 lent
2276 1493 2414 1561 (II),
2455 1500 2509 1545 et
2545 1493 2710 1545 risutn
2746 1506 2903 1544 suum
2958 1491 3009 1542 in
3059 1491 3432 1545 confusionem
3471 1493 3706 1546 viderint

2139 1598 2378 1646 versum,
2415 1591 2542 1635 tunc
2584 1581 2869 1635 nobiscum
2914 1580 3122 1648 pariter
3154 1582 3394 1644 veniant,
3438 1592 3493 1634 et
3524 1582 3705 1650 rt-qui-

2138 1683 2263 1727 rant
2289 1674 2355 1727 de
2382 1672 2684 1740 Scripturis
2704 1672 2902 1725 divinis
2921 1670 3162 1739 qualiter
3193 1687 3374 1725 mensa
3401 1672 3512 1725 haec
3541 1671 3707 1726 Israel

2141 1764 2309 1830 possit
2348 1764 2599 1833 intelligi.
2628 1762 2792 1817 Nobis
2824 1763 2991 1831 igitur
3007 1777 3104 1830 pro
3135 1772 3293 1831 captu
3318 1778 3506 1817 sensus
3528 1764 3707 1818 nostri

2139 1861 2213 1909 ita
2243 1855 2479 1918 videtur,
2497 1855 2640 1925 quod
2662 1870 2854 1909 omnes
2878 1855 3177 1924 Scriptura:
3206 1870 3324 1923 qua:
3355 1867 3482 1909 ante
3505 1857 3708 1910 adven-

2139 1957 2252 2001 tum
2306 1947 2522 2000 Domini
2568 1957 2726 2001 erant
2780 1946 2918 2015 apud
2960 1945 3126 2000 Israel
3187 1943 3512 2016 ((pl‘IIlIIS)
3558 1947 3703 2000 enim

2141 2056 2160 2089 ς
2188 2038 2295 2092 illis
2335 2038 2540 2091 credita
2576 2049 2706 2090 sunt
2742 2036 2955 2105 eloquia
2992 2037 3085 2091 Dei
3113 2035 3177 2089 ⁸»
3200 2036 3242 2107 ),
3278 2045 3332 2090 et
3362 2050 3523 2091 omne
3561 2039 3707 2104 quod

2137 2128 2441 2199 appellatur
2470 2127 2637 2181 Vetus
2667 2127 3111 2193 Testamentum,
3160 2142 3344 2181 mensa
3378 2136 3464 2180 est
3499 2125 3660 2181 Israel
3690 2146 3704 2180 :

2137 2221 2188 2275 in
2239 2235 2343 2289 qua
2388 2235 2571 2274 mensa
2608 2219 2651 2273 si
2693 2219 2814 2287 quis
2854 2218 3073 2272 volebat
3120 2220 3282 2272 cdere
3325 2220 3545 2273 verbum
3585 2218 3703 2279 Dei,

2138 2313 2395 2382 appositis
2421 2312 2525 2366 sibi
2556 2312 2692 2381 legis
2715 2321 2769 2365 et
2787 2311 3177 2380 prophetarum
3209 2309 3556 2365 sermonibus
3582 2324 3706 2377 pas-

2138 2403 2383 2458 cebatur.
2417 2403 2482 2456 Et
2533 2403 2674 2456 hanc
2717 2411 2849 2470 puto
2886 2418 3009 2456 esse
3048 2415 3288 2455 mensam
3330 2401 3394 2454 de
3435 2416 3539 2468 qua
3575 2401 3709 2453 dicit

2138 2493 2393 2548 Salomon
2426 2512 2439 2547 :
2480 2511 2497 2544 ι
2527 2493 2583 2547 Si
2619 2493 2823 2549 sederis
2856 2508 3072 2549 camare
3095 2493 3158 2546 ad
3183 2506 3424 2569 mensam
3449 2491 3707 2559 potentis,

2141 2585 2556 2654 intelligibiliter
2613 2584 2857 2655 intellige
2884 2585 2998 2656 (15)
3029 2601 3150 2654 qua:
3196 2592 3538 2653 apponuntur
3588 2582 3705 2646 tibi,

2138 2686 2195 2733 et
2225 2677 2377 2730 mitte
2418 2693 2635 2731 manum
2674 2686 2845 2739 tuam,
2883 2679 3062 2731 sciens
3100 2678 3224 2745 quia
3267 2677 3394 2730 talia
3429 2684 3480 2730 te
3514 2690 3711 2744 parare

2137 2765 2414 2833 oportet".
2445 2783 2464 2815 ι
2499 2764 2604 2818 Sed
2633 2774 2690 2819 et
2719 2765 2972 2818 Salvator
2998 2765 3087 2818 ubi
3114 2765 3281 2820 dicit:
3325 2783 3344 2816 ι
3368 2764 3502 2818 Cum
3549 2780 3709 2818 man-

2138 2856 2472 2911 ducaveritis
2498 2866 2553 2910 et
2578 2856 2829 2911 biberitis
2852 2859 2918 2910 ad
2954 2872 3196 2912 mensam
3231 2873 3401 2912 meam
3430 2857 3492 2924 ⁸;
3525 2876 3546 2911 ι
3578 2859 3710 2926 quid

2138 2946 2280 2998 aliud
2314 2960 2556 3000 mensam
2607 2946 2724 3013 ejus
2760 2946 3146 3014 intelligimus,
3193 2946 3297 3000 nisi
3344 2946 3433 3000 ubi
3481 2946 3595 3014 (16)
3627 2945 3721 3000 di-.

2138 3054 2295 3106 gnos,
2329 3047 2380 3092 et
2409 3053 2504 3091 eos
2533 3039 2624 3106 qui
2656 3052 2852 3106 capere
2889 3040 3114 3105 possunt
3150 3038 3371 3090 verbum
3404 3037 3709 3106 sapientiae,

2136 3140 2193 3184 et
2222 3144 2399 3182 rerum
2445 3130 2754 3194 scientiam,
2782 3131 2941 3183 docet
2965 3128 3126 3197 (17)?
3158 3129 3269 3182 Hoc
3303 3137 3354 3182 et
3394 3129 3445 3181 in
3480 3127 3709 3182 Prover-

2136 3227 2240 3282 biis
2286 3227 2545 3279 Salomon
2604 3226 2672 3279 de
2733 3225 3007 3294 Sapientia
3078 3234 3414 3295 protestetur
3477 3224 3707 3279 dicens:

2140 3338 2158 3370 ι
2193 3319 2466 3387 Sapientia
2491 3318 2783 3371 azdilicavit
2804 3318 2905 3371 sibi
2934 3319 3176 3381 domum,
3196 3327 3250 3371 et
3275 3316 3557 3385 supposuit
3584 3331 3710 3383 sep-

2137 3421 2242 3464 tem
2270 3410 2587 3463 columnas:
2624 3409 2926 3463 immolavit
2958 3409 3209 3461 victimas
3232 3422 3379 3468 suas,
3409 3406 3626 3459 miscuit
3653 3407 3706 3459 in

2134 3514 2349 3557 cratere
2388 3501 2573 3554 vinum
2604 3515 2782 3564 suum,
2814 3509 2869 3553 et
2904 3499 3118 3567 paravit
3147 3512 3390 3551 mensam
3431 3512 3585 3551 suam
3609 3495 3651 3550 ’.
3684 3515 3704 3547 ι

2134 3594 2326 3648 Omnis
2357 3606 2487 3660 ergo
2547 3592 2826 3660 Scriptura
2880 3605 3064 3644 mensa
3108 3600 3191 3643 est
3234 3588 3548 3657 Sapientiae.
3600 3580 3707 3640 Sed

2136 3686 2416 3739 videamus
2459 3684 2729 3752 quomodo
2774 3682 2916 3737 hanc
2956 3695 3198 3735 mensam
3235 3691 3355 3734 orat
3388 3680 3555 3734 David
3588 3680 3704 3735 fieri

2135 3775 2393 3828 Israelitis
2452 3773 2613 3845 (18)
2675 3773 2965 3828 incredulis
3026 3774 3077 3825 in
3160 3784 3453 3841 conspectu
3515 3786 3707 3826 eorum

2143 3868 2305 3939 633
2336 3868 2389 3920 in
2421 3867 2693 3936 laqueum,
2732 3876 2786 3919 et
2830 3864 2886 3918 in
2921 3865 3246 3933 captionem,
3289 3871 3343 3919 et
3377 3866 3427 3917 in
3472 3867 3712 3919 scandaa

2136 3959 2269 4023 ltnn,
2304 3967 2360 4012 ct
2403 3957 2459 4011 in
2495 3956 2909 4010 retributionem
2953 3957 3017 4011 θ’.
3066 3975 3084 4008 ι
3139 3955 3225 4009 Fit
3262 3956 3342 4010 eis
3373 3957 3424 4009 in
3458 3956 3709 4024 laqueum

2142 4050 2426 4116 Scriptura
2465 4047 2671 4113 divina,
2707 4062 2832 4100 cum
2873 4046 3059 4115 legunt
3106 4060 3170 4098 ea
3211 4061 3333 4114 quae
3381 4046 3447 4100 de
3491 4046 3711 4100 Christo

2142 4140 2464 4209 prophetata
2499 4148 2664 4192 sunt:
2703 4155 2720 4187 ‹
2752 4134 2852 4188 Hic
2883 4133 3177 4189 :edificabit
3200 4134 3475 4189 civitatem
3507 4150 3710 4198 meam,

2142 4239 2196 4284 et
2226 4228 2600 4298 captivitatem
2628 4226 2811 4296 populi
2839 4226 2941 4279 mei
2970 4233 3254 4278 convertet
3276 4225 3319 4256 ιδ’
3346 4243 3359 4277 :
3395 4242 3412 4275 ι
3447 4233 3501 4278 ει
3528 4224 3711 4278 dicunt

2141 4337 2249 4376 non
2275 4336 2398 4375 esse
2424 4321 2539 4373 haec
2570 4318 2670 4372 sub
2695 4316 2820 4372 Jesu
2848 4318 3112 4386 completa
3151 4319 3288 4387 (19).
3340 4316 3524 4384 Neque
3565 4317 3709 4369 enim

466 4418 586 4472 qua:
628 4421 649 4456 ι
680 4405 732 4459 in
780 4405 1052 4475 laqueum,
1080 4417 1135 4462 et
1161 4409 1214 4463 in
1254 4410 1589 4478 captionem,
1629 4423 1683 4468 et
1716 4414 1768 4468 in
1806 4415 2039 4468 scanda-
2067 4403 2115 4461 Ι)
2142 4411 2453 4477 aedificavit,
2482 4410 2658 4473 aiunt,
2688 4410 2966 4463 civitatem
2999 4410 3115 4476 Dei,
3141 4425 3317 4480 neque
3338 4407 3708 4479 captivitatem

540 4563 565 4634 ἕ
584 4563 691 4620 Isa.
722 4580 785 4634 ι,
837 4566 891 4620 1.

966 4565 1159 4621 ’Psal.
1184 4584 1314 4631 xxx,
1373 4570 1458 4625 19.
1533 4568 1727 4625 ’Psal.
1782 4588 1970 4634 vam.
1997 4573 2088 4628 21..
2162 4571 2376 4627 ‘Bom.
2434 4587 2512 4636 χι,
2556 4569 2610 4626 8.
2686 4570 2877 4624 'Psal.
2924 4586 3113 4630 vant.
3161 4571 3265 4628 23:
3323 4571 3479 4625 Rom.
3544 4588 3623 4633 χι,
3652 4571 3707 4626 9.

468 4632 489 4665 °
520 4632 677 4688 Rom.
701 4630 785 4699 ut,
813 4635 868 4692 2.
942 4638 969 4669 ’τ’
991 4637 1155 4695 Prov.
1186 4630 1343 4706 mit,
1378 4640 1501 4706 1,2.
1573 4641 1596 4673 ⁸
1629 4642 1759 4698 Luc.
1780 4630 1922 4710 xm,
1943 4630 2035 4704 30.
2109 4642 2304 4699 ’Prov.
2330 4630 2563 4711 tx,1,":2.
2628 4643 2672 4675 "
2699 4640 2841 4696 Psal.
2874 4658 3062 4707 vant,
3092 4643 3181 4697 2'5.
3258 4642 3302 4674 ¹⁰
3331 4640 3431 4695 Isa.
3464 4657 3588 4705 xu,
3614 4630 3701 4696 ⁷15.

542 4797 621 4867 (ἶ)
670 4797 773 4876 HIs.
809 4799 1011 4876 Regius
1055 4816 1205 4876 num.
1247 4802 1407 4867 1659,
1468 4802 1724 4861 Rabanus
1779 4817 1835 4862 et
1878 4807 2037 4876 editi,

479 4882 498 4916 ι
525 4871 838 4942 ostendere.
869 4889 888 4921 ι
923 4870 1117 4942 Cteteri
1146 4887 1302 4934 mss.,
1333 4891 1353 4924 ‹
1375 4891 1668 4942 exponere.
1696 4894 1719 4931 ι,

543 4936 815 5016 (8)_Editi,
844 4956 863 4989 ε
887 4940 1082 5016 quibus
1104 4953 1198 4995 aut
1220 4936 1520 5016 libidinem,
1547 4959 1640 4999 aut
1662 4947 2034 5016 rapacitatem,

467 5008 694 5087 velialia
722 5008 1100 5087 qumquevitia
1132 5027 1320 5087 amans
1345 5031 1376 5087 ιΔ
1399 5013 1518 5087 (_al.,
1550 5035 1569 5068 ε
1598 5008 1808 5087 amens)
1831 5008 2037 5071 inflant;

470 5086 693 5156 inetur:
729 5080 801 5156 i_ta
838 5080 967 5156 mihi
1016 5079 1255 5156 intelligo
1292 5100 1315 5132 ι
1356 5079 1473 5153 (ει,
1523 5103 1545 5136 ι
1573 5079 1833 5156 intelligi:
1874 5107 1892 5139 δ
1928 5088 2038 5141 Ra-

465 5146 661 5268 :pcnus,
690 5148 1031 5218 «intelligere
1052 5146 1131 5229 ἠδ
1158 5146 1260 5205 ms.
1289 5146 1495 5222 unus,'c
1522 5156 1594 5210 ita
1620 5158 1707 5210 hic
1726 5146 1982 5226 intellige,
2013 5177 2034 5211 ι

523 5231 571 5272 ε.

537 5285 613 5366 (9)
661 5285 826 5352 Editi,
871 5305 891 5339 ‹
929 5290 1287 5361 semetipsos,
1332 5294 1576 5365 quotidie
1628 5296 1989 5365 inquirentes,
2016 5317 2036 5350 ι

465 5370 673 5410 OIIIISSO
708 5375 726 5407 ε
750 5367 824 5410 et.
853 5376 873 5409 I

539 5425 652 5503 (10)
705 5426 871 5503 Editi,
926 5429 1285 5503 «ροειοι-εε.»
1330 5432 1537 5503 Deinde
1588 5434 1772 5501 iidem,
1805 5444 1858 5490 et
1903 5451 2035 5491 mss.

465 5495 715 5572 quidam,
747 5514 767 5546 ι
798 5498 842 5551 si
887 5495 1297 5572 nullos'quibus
1326 5502 1463 5557 male
1511 5495 1782 5572 sapientes
1804 5515 1984 5570 erant,
2012 5526 2031 5559 ι

463 5565 717 5695 ἱξξίυὸεά
750 5581 853 5621 ms.
886 5565 1090 5637 Regius
1116 5565 1265 5627 ilum.
1296 5572 1433 5628 1659
1462 5565 1662 5628 rectius
1693 5583 1750 5628 ut
1774 5576 1828 5628 in
1847 5565 2036 5632 nostro

521 5645 634 5688 XII].

556 5704 646 5776 11)
688 5703 869 5761 Enim.
903 5706 1064 5765 Deest
1090 5710 1142 5764 in
1182 5712 1363 5770 editis.

530 5707 656 5859 διε),
696 5776 873 5857 ιᾲι1ἰιὶ,⁸
900 5780 1318 5857 ιρετιὶιιεηι....
1355 5801 1363 5821 ε

556 5774 656 5863 12)
696 5776 873 5857 ιᾲι1ἰιὶ,⁸
900 5780 1318 5857 tpertinent....
1355 5784 1653 5851 viventi..,.
1688 5785 1961 5855 videntur,
2000 5807 2018 5841 ι

2140 4809 2300 4863 male.

2215 4879 2328 4950 (1'5)
2372 4874 2473 4932 Ms.
2512 4876 2718 4947 Regius
2753 4893 2903 4932 num.
2940 4877 3098 4937 1639.
3133 4876 3290 4950 «_Sed
3322 4876 3494 4950 primo
3539 4892 3705 4945 pauca

2138 4946 2365 5072 ldicenda
2394 4958 2522 5002 sunt
2544 4946 2735 5003 contra
2757 4962 2852 5003 eos
2883 4951 3049 5019 qui...
3083 4946 3383 5000 refutantes
3412 4946 3595 5001 ridere
3615 4962 3704 5000 so-

2158 5028 2270 5072 ent.
2300 5038 2320 5070 3
2351 5027 2456 5072 etc.

2158 5028 2270 5083 ent,
2300 5038 2320 5070 ι
2351 5027 2456 5072 etc.

2239 5089 2325 5156 14)
2353 5088 2516 5152 Editi,
2549 5105 2570 5138 ‹
2595 5088 2867 5156 explicare
2890 5103 2996 5144 non
3019 5085 3257 5142 valeant.
3285 5105 3304 5137 »

2237 5156 2325 5213 15)
2361 5159 2452 5211 Sic
2489 5172 2677 5211 omnes
2727 5174 2858 5212 mss.
2914 5159 3078 5212 neStri
3125 5165 3180 5209 et
3234 5156 3508 5211 Rabanus.
3561 5156 3704 5212 Editi

2144 5228 2349 5299 vero”
2372 5228 2659 5299 diligenter
2695 5228 2951 5299 intellige,
2986 5237 3154 5299 rete.

2214 5298 2324 5368 (16)
2370 5317 2388 5349 ε
2412 5293 2515 5351 ι]ῦί
2547 5315 2565 5347 ι
2598 5297 2755 5368 deest
2797 5293 3084 5351 in'editis.
3127 5296 3325 5350 Deinde
3369 5310 3498 5349 mss.
3526 5296 3707 5368 plures

2138 5378 2188 5420 et
2223 5366 2500 5433 Rabanus,
2525 5386 2544 5416 σ
2568 5367 2825 5429 Verbum,
2855 5368 3197 5436 sapientiam,
3221 5377 3276 5420 et
3304 5381 3486 5436 rerum
3526 5366 3702 5419 scieno

2139 5441 2288 5500 tiam.
2324 5438 2501 5491 docet.
2524 5455 2544 5486 ι
2583 5436 2687 5493 Sed
2706 5453 2807 5491 ms.
2834 5435 3036 5506 Regius
3068 5435 3392 5491 num-1659
3419 5436 3621 5490 rectius
3643 5442 3715 5511 ut,

2137 5510 2188 5562 in
2226 5519 2414 5561 nostro
2450 5515 2616 5560 textu.

2207 5578 2320 5647 (17)
2356 5578 2520 5642 Editi,
2556 5593 2573 5626 t
2600 5576 2816 5647 docere,
2844 5594 2864 5627 ι
2904 5575 3060 5631 male.

2205 5646 2318 5714 (18)
2347 5647 2515 5714 Alias,
2546 5664 2565 5696 ε
2591 5646 2917 5701 lsraeliticis.
2943 5664 2963 5697 ι

2169 5712 2320 5841 l(3&9)
2383 5712 2508 5774 Ms.
2544 5716 2744 5789 Regius
2800 5732 2947 5773 num.
3008 5712 3181 5785 1659,
3220 5732 3240 5770 ι
3287 5729 3316 5769 a
3355 5712 3483 5783 Iesu
3542 5726 3720 5780 come.

2189 5805 2216 5841 e
2277 5824 2293 5841 ο
2330 5806 2351 5840 Ι

2134 5797 2293 5844 uleta.
2330 5806 2351 5840 ι
