4146 6372
443 303 583 357 1185

1934 318 2268 374 ΟΜΟΕΝΙΞΞ

3570 336 3710 392 1184

440 420 626 489 populi
683 424 983 477 revocavit.
1021 423 1129 479 Sed
1174 426 1289 481 haec
1321 427 1535 491 dicunt,
1592 432 1719 499 quia
1771 436 2024 493 sedentes
2053 443 2101 498 Α
2129 442 2421 497 immundis
2458 443 2527 498 et'
2561 445 2796 501 sordidis
2824 448 3182 515 vestimentis,
3230 451 3281 504 id
3325 463 3431 520 est,
3472 469 3707 525 corpore

439 513 507 564 ad
547 527 789 567 mensam
833 519 1071 583 potentis
1101 533 1207 571 non
1247 518 1459 575 faciunt
1492 522 1624 577 illud
1654 528 1799 594 quod
1827 530 2020 584 admo-

439 604 560 657 nuit
596 603 707 675 (20)
742 606 996 662 Salomon
1043 611 1109 672 “,
1151 620 1210 664 ut
1255 611 1676 684 intelligibiliter
1715 618 2023 691 intelligant

439 710 559 760 quae
589 701 834 766 apposita
875 712 1004 756 sunt
1051 703 1156 758 eis.
1206 705 1323 761 Non
1363 709 1512 763 enim
1556 712 1847 768 visibiliter
1880 715 2017 783 haec,

439 789 535 840 sed
590 791 1022 863 intelligibiliter,
1077 799 1179 853 hoc
1234 811 1344 863 est,
1396 802 1723 869 spiritaliter
1774 806 2020 863 facturus

440 879 799 945 prophetatus
827 897 910 937 est
941 885 1199 942 Christus
1227 889 1365 956 (21).
1401 890 1535 944 Nam
1567 894 1857 950 aediﬁcavit
1890 912 2021 952 vere

437 965 716 1021 civitatem
744 969 862 1037 Dei,
886 975 982 1027 sed
1009 990 1073 1028 ex
1100 975 1370 1045 lapidibus
1397 980 1560 1045 vivis,
1585 997 1651 1037 ex
1678 985 1878 1051 quibus
1902 988 2017 1059 (22)

440 1057 733 1114 suscitavit
762 1061 903 1117 ﬁlios
926 1064 1182 1130 Abrahae,
1215 1077 1271 1121 et
1317 1085 1383 1124 ex
1418 1072 1551 1141 ipsis
1590 1076 1879 1131 aedificavit
1911 1057 2017 1134 Ec;-

433 1148 659 1202 elesi‘am
718 1150 816 1205 Dei
866 1170 881 1217 ;
936 1164 991 1209 et
1036 1160 1312 1213 convertit
1368 1165 1746 1228 captivitatem
1805 1169 2014 1237 populi,

435 1254 627 1293 eorum
662 1256 800 1310 quos
839 1245 891 1298 in
936 1250 1174 1316 peccatis
1204 1262 1398 1319 captos
1422 1256 1673 1312 diabolus
1713 1259 2012 1317 detinebat.

434 1329 548 1385 lilis
571 1347 704 1404 ergo
734 1353 840 1391 non
876 1339 949 1392 ita
983 1340 1430 1412 intelligentibus,
1471 1364 1663 1405 mensa
1703 1351 1818 1407 haec
1864 1353 2015 1410 Scri-

433 1434 611 1490 pturaa
641 1427 836 1481 divinae
863 1416 1003 1484 facta
1047 1440 1133 1486 est
1173 1451 1192 1484 ι
1225 1434 1277 1488 in
1311 1436 1583 1506 laqueum,
1616 1450 1671 1495 et
1711 1443 1765 1497 in
1801 1445 2011 1513 captio-

435 1530 577 1570 nem.
610 1536 629 1568 ι
665 1517 850 1574 Potest
896 1530 1078 1576 autem
1122 1533 1179 1578 et
1223 1526 1311 1581 illa
1359 1532 1539 1598 captio
1587 1546 1788 1589 mensae
1848 1537 2013 1605 hujus

434 1606 628 1671 videri,
678 1624 783 1678 qua
838 1612 1095 1668 Dominus
1125 1629 1219 1668 eos
1249 1619 1394 1686 cepit
1424 1636 1547 1675 cum
1580 1624 1720 1678 dixit
1761 1626 1828 1679 ad
1869 1643 1965 1682 eos
1996 1649 2008 1683 :

438 1716 460 1748 ι
488 1697 629 1765 Quid
658 1702 814 1756 vobis
845 1706 1060 1760 videtur
1089 1709 1157 1764 de
1184 1712 1447 1768 Christo?
1474 1716 1644 1783 Cujus
1684 1719 1853 1773 Filius
1882 1730 1967 1775 est
1989 1721 2015 1773 Τ

2131 542 2225 586 aut
2260 535 2427 589 corde
2452 534 2564 604 (26)
2600 534 2806 605 polluto
2835 541 2902 590 ad
2940 554 3178 593 mensam
3217 544 3497 611 sapientiae
3526 548 3710 601 consi-

2129 623 2394 689 deamus;
2433 626 2527 679 sed
2577 626 2815 693 speciem
2850 629 3015 683 futuri
3049 630 3101 682 in
3138 632 3295 686 cadis
3323 635 3560 688 convivii
3591 636 3709 703 jam

2128 731 2275 769 nunc
2302 718 2653 783 meditantes,
2681 734 2776 787 per
2810 723 3228 776 conversionem
3248 734 3302 777 et
3322 726 3705 791 pmnitentiam

2129 805 2443 859 indumenta
2478 810 2722 875 quotidie
2764 812 3048 865 mundiora
3091 823 3145 866 et
3201 814 3463 882 nuptialia
3497 832 3707 886 praepa-

2127 905 2329 951 remus,
2363 894 2561 960 quibus
2587 904 2823 961 utentes,
2856 898 3033 951 aulam
3085 901 3386 968 sapientiae,
3436 912 3492 959 et
3533 906 3709 960 thala-

2126 992 2246 1032 mos
2280 979 2374 1033 [ilii
2412 982 2554 1052 regis
2586 984 2791 1040 intrare
2820 1002 3131 1041 mereamur
3154 988 3220 1043 ιτ.

2196 1068 2251 1123 9.
2297 1087 2318 1122 ι
2359 1069 2491 1125 Dico
2516 1089 2686 1144 ergo:
2726 1074 2982 1144 Nunquid
3020 1079 3099 1132 sic
3134 1079 3481 1138 otfendernnt
3513 1093 3572 1140 ut
3604 1101 3699 1141 ca-

2126 1159 2367 1214 derent?
2396 1161 2575 1216 Absit.
2616 1162 2722 1218 Sed
2754 1166 2968 1221 illorum
3007 1170 3204 1226 delicto
3242 1173 3394 1228 salus
3424 1176 3700 1245 gentibus,

2125 1262 2184 1304 ut
2214 1251 2337 1306 illos
2367 1254 2717 1310 munulentur.
2749 1256 2906 1323 Quod
2932 1260 2976 1312 si
3011 1262 3269 1317 delictum
3310 1263 3528 1319 illorum
3562 1267 3704 1321 divi-

2125 1343 2213 1397 tia:
2262 1346 2467 1406 mundi,
2513 1356 2569 1400 et
2615 1347 2905 1403 diminutio
2953 1366 3143 1406 eorum
3189 1356 3395 1409 divitiae
3420 1360 3699 1427 gentium:

2122 1443 2332 1500 quanto
2383 1437 2555 1503 magis
2590 1438 2874 1504 plenitudo
2911 1457 3099 1497 eorum
3144 1444 3243 1499 ‘9?
3289 1466 3310 1498 ›
3362 1448 3498 1502 Cum
3536 1465 3708 1506 exuo-

2120 1525 2323 1580 suisset
2348 1527 2639 1597 Apostolus
2670 1547 2732 1585 ea
2760 1532 2813 1585 in
2844 1534 3040 1600 quibus
3066 1539 3382 1605 repudiatus
3405 1551 3489 1594 est
3510 1542 3703 1607 Israel,

2119 1626 2177 1670 et
2204 1617 2532 1673 introductae
2559 1633 2690 1675 sunt
2726 1635 2919 1702 gentes
2963 1642 2981 1691 ;
3023 1636 3078 1681 et
3123 1642 3499 1686 enumerasset
3534 1635 3703 1688 etiam

2122 1712 2439 1780 prophetias
2469 1729 2588 1781 qua:
2616 1717 2683 1768 de
2709 1718 2958 1772 caecitate
2997 1720 3264 1788 ipsorum,
3299 1732 3357 1778 et
3389 1724 3604 1791 laqueo,
3649 1737 3704 1781 et

431 1790 503 1842 At
534 1790 609 1844 illi
639 1797 1043 1862 responderunt
1086 1818 1101 1855 :
1152 1804 1341 1860 David.
1396 1807 1464 1860 Et
1512 1809 1771 1865 Dominus
1812 1830 1826 1864 :
1866 1813 2087 1896 Quo-B
2121 1804 2508 1896 Γθίνίδιιιίοηει
2558 1807 2928 1876 scandalmlue
2981 1812 3346 1880 Ρτωάίκθνθπιῑ
3397 1815 3514 1888 (2⁷)
3557 1790 3597 1870 εγ
3634 1835 3702 1873 ¹²θ

430 1882 594 1935 modo
626 1897 757 1954 ergo
788 1886 926 1957 (25),
962 1890 1162 1959 inquit,
1217 1895 1384 1951 David
1439 1899 1723 1954 Dominum
1755 1917 1877 1955 eum
1915 1918 2012 1957 vo-

428 1984 541 2040 cat,
574 1976 764 2033 dicens
794 1996 809 2032 :
843 1981 988 2036 Dixit
1018 1986 1279 2043 Dominus
1306 1991 1537 2047 Domino
1570 2008 1693 2048 meo
1720 2013 1733 2049 :
1789 1994 1931 2050 Sede
1978 2013 2011 2052 a

429 2068 639 2121 dextris
668 2072 803 2123 meis
832 2072 947 2145 (21)
970 2076 995 2129 ?
1022 2077 1089 2131 Et
1139 2097 1244 2135 non
1292 2094 1550 2151 poterant
1583 2086 1631 2139 ei
1679 2088 2012 2154 respondere

430 2160 652 2212 Verbum
687 2162 753 2214 ¹¹.
784 2182 802 2214 ι
840 2164 926 2219 Fit
961 2179 1145 2222 autem
1175 2182 1230 2225 et
1272 2192 1294 2223 c
1329 2175 1382 2227 in
1421 2177 1835 2233 retributionem
1874 2200 1893 2232 ι
1931 2184 2010 2238 eis

429 2253 544 2303 lucc
581 2265 790 2317 mensa,
831 2268 889 2308 ιιι
930 2259 1167 2315 breviter
1195 2265 1396 2329 dicam,
1433 2269 1730 2322 secundum
1780 2273 2005 2327 verbum

431 2338 645 2394 Domini
676 2358 784 2411 quo
816 2347 933 2400 ait:
992 2367 1011 2400 ι
1051 2350 1267 2410 Putatis
1309 2358 1437 2420 quia
1478 2373 1580 2427 ego
1624 2376 1879 2416 accusem
1910 2380 2009 2419 vos

429 2432 571 2496 apud
600 2431 862 2491 Patrem?
896 2439 989 2493 Est
1022 2443 1113 2507 qui
1148 2460 1245 2499 vos
1275 2459 1489 2502 accuset
1524 2448 1735 2520 Moyses
1760 2452 1845 2516 ¹⁸;
1894 2472 1913 2504 ι
1954 2465 2009 2507 cl

425 2524 723 2579 Secundum
761 2528 885 2580 illud
922 2535 1067 2597 quod
1098 2536 1386 2603 Apostolus
1424 2541 1560 2594 dicit
1605 2559 1620 2595 :
1674 2561 1693 2593 ι
1731 2544 2010 2613 Quotquot

430 2625 530 2678 per
561 2612 734 2681 legem
763 2616 878 2688 (25)
910 2636 1293 2689 peccaverunt,
1326 2643 1421 2696 per
1448 2629 1618 2697 legem
1663 2612 2001 2699 judicaban-

425 2711 535 2759 tur.
567 2722 587 2756 ι
623 2704 710 2759 Fit
738 2720 918 2764 autem
949 2723 1004 2767 et
1032 2733 1050 2767 ι
1081 2716 1132 2769 in
1166 2720 1481 2773 scandalum
1506 2740 1525 2772 ι
1563 2726 1643 2779 eis
1673 2742 1859 2782 mensa
1894 2729 2009 2785 haec

427 2791 531 2846 huc
578 2798 757 2852 modo.
798 2800 876 2854 Ex
927 2802 1228 2874 Scripturis
1279 2809 1587 2867 didicerant
1629 2813 1826 2882 Judaei,
1877 2820 2003 2887 quia

427 2900 448 2934 ι
477 2884 733 2944 Christus
769 2890 820 2944 in
848 2904 1110 2950 mternum
1145 2912 1329 2955 manet
1361 2904 1441 2970 “;
1479 2924 1497 2956 ι
1539 2905 1724 2962 Jcsum
1763 2924 1894 2965 vero
1925 2913 2006 2965 vi-

423 2978 614 3034 dentes
643 2980 695 3034 in
730 2998 916 3049 carne,
954 2996 1010 3041 et
1035 3004 1141 3043 non
1174 2994 1351 3047 solum
1392 2995 1445 3049 in
1488 3013 1678 3064 carne,
1727 3004 1821 3056 sed
1854 3014 1909 3057 et
1946 3005 1999 3059 itt

423 3080 621 3135 morte,
657 3083 711 3127 et
742 3087 918 3132 morte
960 3082 1161 3147 crucis,
1203 3088 1724 3146 scandalizabantur
1769 3095 1824 3149 in
1877 3090 2000 3151 cum

2118 1909 2333 1946 rursum
2366 1895 2620 1963 gentibus
2650 1896 2948 1952 insultaudi
2979 1915 3175 1955 causas
3210 1912 3264 1956 et
3295 1905 3548 1959 elationis
3586 1925 3701 1960 ma-

2116 1984 2310 2036 teriam
2345 1985 2635 2052 pt'wberct,
2669 1986 2846 2055 ipsutn
2882 1987 3100 2042 lsraelis
3130 1990 3341 2059 lapsum
3375 1995 3513 2047 dicit
3538 1996 3701 2050 talem

2115 2073 2306 2137 fuisse,
2342 2090 2449 2127 non
2485 2083 2542 2128 ut
2568 2074 2643 2129 illi
2672 2078 2964 2139 caderent,
3010 2080 3102 2133 sed
3145 2092 3204 2134 ut
3233 2082 3434 2138 delicto
3464 2100 3563 2139 suo
3606 2102 3700 2139 sa-

2113 2164 2280 2218 lutem
2308 2166 2561 2233 gentibus
2592 2169 2786 2222 dareut
2813 2188 2825 2223 :
2864 2183 2919 2223 et
2953 2172 3030 2223 ait
3058 2191 3071 2225 :
3108 2190 3127 2223 ι
3164 2172 3296 2226 Dico
3323 2190 3454 2246 ergo
3482 2195 3497 2231 :
3544 2177 3692 2231 Nun-

2111 2257 2242 2325 quid
2272 2258 2351 2311 sic
2391 2257 2735 2312 oﬂ'enderunt
2770 2270 2828 2313 ut
2854 2262 3162 2316 caderent?
3191 2263 3366 2319 Absit.
3424 2266 3533 2319 Sed
3567 2266 3693 2322 illo-

2114 2365 2235 2403 rum
2266 2350 2493 2415 delicto,
2529 2352 2676 2405 salus
2713 2354 2986 2421 gentibus.
3015 2373 3035 2407 ι
3075 2355 3141 2408 Ει
3172 2358 3443 2423 quomodo
3478 2374 3545 2411 ex
3578 2360 3701 2412 illo-

2112 2457 2232 2495 rum
2280 2441 2483 2494 delicto
2532 2442 2682 2498 salus
2732 2444 2981 2512 gentibus
3018 2445 3202 2511 detur,
3242 2449 3486 2503 ostendit
3519 2468 3532 2503 :
3568 2469 3587 2501 ι
3629 2450 3699 2506 Ut

2110 2534 2254 2599 illos,
2289 2552 2307 2585 ι
2331 2535 2530 2604 inquit,
2564 2552 2584 2585 ι
2612 2536 2938 2589 zemuleutur
2962 2535 3115 2607 (28):
3150 2557 3169 2589 ι
3200 2544 3306 2593 hoc
3334 2549 3440 2606 est,
3472 2552 3531 2595 ut
3559 2556 3699 2595 con-

2109 2628 2420 2682 versionem
2457 2629 2700 2698 gentium
2737 2628 3007 2691 videntes,
3041 2639 3099 2684 et
3148 2642 3531 2687 testamentum
3574 2634 3696 2701 Dei,

2110 2722 2256 2790 quod
2303 2721 2404 2790 ipsi
2456 2721 2610 2790 prius
2670 2731 3020 2789 acceperant,
3066 2721 3174 2777 illis
3205 2723 3490 2788 traditum,
3538 2735 3595 2781 et
3625 2726 3702 2782 le-

2112 2829 2236 2883 gem
2264 2829 2331 2867 ac
2357 2814 2656 2883 prophetas
2682 2814 2826 2880 apud
2856 2826 2950 2866 eos
2978 2812 3181 2881 majore
3217 2824 3274 2868 et
3310 2814 3561 2884 digniore
3598 2818 3696 2873 ba-

2108 2905 2227 2959 beri
2256 2903 2627 2967 observantia,
2660 2905 2839 2958 zelum
2872 2907 3093 2974 capiant
3125 2907 3293 2961 etiam
3350 2908 3456 2975 ipsi
3492 2909 3547 2963 in
3594 2925 3699 2964 no-

2110 2997 2352 3053 vissimis
2377 2997 2572 3051 saltem
2603 2997 2940 3063 temporibus
2983 3015 2997 3051 :
3029 3008 3083 3051 et
3128 2998 3275 3053 sicut
3303 3015 3448 3055 nunc
3478 2999 3696 3055 illorum

2108 3088 2295 3160 lapsus
2339 3089 2573 3143 salutem
2608 3089 2864 3155 gentibus
2913 3089 3084 3156 dedit,
3144 3090 3216 3143 ita
3263 3092 3509 3161 gentium
3563 3092 3698 3146 lides

426 3164 739 3220 sti-scientes
787 3169 912 3235 quia
965 3187 985 3221 ι
1032 3175 1133 3227 etsi
1187 3190 1378 3241 passus
1408 3191 1491 3234 est
1523 3197 1590 3235 ex
1621 3185 1937 3242 inﬁrmitate
1978 3209 1998 3243 ,
2030 3177 2073 3236 C
2108 3192 2164 3235 et
2222 3179 2572 3234 conversatio
2613 3176 2803 3233 lsraeli
2850 3180 3257 3235 aemulationem
3313 3183 3698 3237 conversionis

416 3254 623 3319 carnis,
680 3274 701 3307 ι
751 3260 843 3313 sed
900 3261 1034 3316 vivit
1069 3280 1133 3319 ex
1167 3269 1370 3324 virtute
1423 3272 1518 3327 Dei
1551 3274 1617 3329 ".
1654 3294 1672 3327 ι
1711 3276 1837 3333 Haec.
1867 3296 2002 3347 ergo

418 3345 630 3415 singula
684 3351 808 3418 quia
861 3368 967 3407 non
1006 3356 1426 3429 intelligibiliter
1476 3379 1842 3437 acceperunt,
1881 3345 2002 3440 qua:

419 3440 663 3505 apposita
718 3453 849 3496 sunt
883 3447 965 3499 eis
1005 3450 1072 3501 ad
1123 3466 1367 3506 mensam
1416 3459 1676 3523 potentis,
1717 3464 1999 3516 scandali-

416 3526 527 3579 zati
580 3539 730 3593 sunt,
766 3541 820 3586 et
851 3535 968 3603 ipsa
1005 3554 1189 3594 mensa
1227 3542 1642 3612 Scripturarum
1685 3551 1997 3609 divinarum

417 3614 561 3671 facta
594 3631 677 3674 est
716 3624 876 3679 eisin
908 3632 1253 3698 scandalum,
1286 3647 1343 3690 et
1374 3638 1658 3695 obscurati
1688 3656 1815 3697 sunt
1856 3649 1999 3702 oculi

417 3723 606 3763 eorum
643 3717 942 3769 secundum
969 3734 1031 3773 ea
1058 3737 1178 3788 qua:
1208 3740 1372 3793 supra
1396 3729 1656 3791 diximus,
1690 3743 1745 3787 et
1772 3736 1997 3790 dorsum

416 3815 606 3855 eorum
644 3817 928 3862 curvatum
965 3823 1049 3865 est
1082 3829 1298 3883 semper
1327 3817 1388 3871 “.
1426 3819 1613 3888 Neque
1650 3825 1794 3878 enim
1825 3829 1998 3882 debe-

420 3900 543 3944 rent
572 3893 714 3948 ultra
749 3899 944 3952 ctelum
977 3905 1245 3972 aspicere,
1295 3910 1390 3981 qui
1439 3910 1492 3965 in
1519 3924 1828 3970 creatorem
1871 3919 1994 3974 caeli

420 3997 804 4052 peccaverunt,
850 4005 906 4045 et
950 3994 1001 4046 in
1053 3995 1338 4054 Dominum
1392 4003 1725 4073 maiestatis.
1787 4007 1892 4062 Sed
1945 4021 2000 4065 et

422 4073 718 4144 unicuique
748 4090 993 4135 nostrmu
1024 4089 1324 4143 verendum
1367 4101 1449 4146 est
1486 4108 1555 4145 ne
1582 4094 1721 4150 forte
1749 4098 1863 4154 haec
1913 4102 1997 4154 di-

415 4163 668 4218 vinorum
705 4172 994 4226 verborum
1026 4190 1235 4238 mensa.
1270 4182 1335 4233 ad
1369 4198 1533 4251 quam
1569 4187 1819 4242 videmur
1861 4207 1989 4245 con-

415 4253 628 4310 sedisse
660 4267 720 4311 ut
749 4261 935 4316 cibum
969 4265 1119 4321 verbi
1148 4269 1244 4324 Dei
1281 4288 1377 4340 pro
1415 4276 1777 4343 possibilitate
1805 4294 1995 4338 suma-

422 4360 561 4410 mus,
601 4347 693 4400 liat
723 4352 775 4404 in
807 4352 1078 4421 laqueum,
1118 4363 1198 4415 vel
1233 4364 1283 4417 in
1319 4367 1762 4438 retributionem,
1798 4374 1902 4426 .vel
1942 4376 1994 4429 in

419 4440 764 4508 scandalum,
795 4446 840 4499 si
875 4464 979 4501 non
1010 4451 1440 4525 intelligibiliter,
1466 4468 1521 4513 et
1549 4471 1606 4514 ut
1637 4463 1858 4531 dignum
1888 4478 1992 4536 est,

2107 3272 2363 3327 conferat
2388 3281 2444 3325 et
2472 3270 2689 3324 salutis.
2722 3270 3140 3326 Observandum
3188 3281 3367 3327 tamen
3409 3284 3515 3340 est,
3542 3278 3691 3345 quod

2107 3366 2255 3421 aliud
2288 3366 2440 3437 ponit
2468 3364 2667 3420 Paulus
2698 3365 2812 3437 (29)
2850 3363 3127 3420 oﬂ‘endere
3155 3381 3220 3420 ac
3252 3366 3600 3436 delinquere,
3639 3380 3697 3422 et

2105 3459 2250 3513 aliud
2294 3461 2490 3511 cadere
2529 3475 2543 3510 :
2584 3466 2639 3511 et
2684 3456 2971 3512 oli‘ensioni
3005 3458 3223 3525 quidem
3271 3459 3357 3512 vel
3385 3460 3585 3514 delicto
3608 3476 3696 3514 re-

2108 3551 2351 3603 medium
2406 3549 2559 3618 ponit
2584 3570 2599 3603 .
2627 3549 2894 3603 cecidisse
2946 3559 3129 3603 autem
3160 3564 3275 3615 eos,
3308 3553 3467 3619 quasi
3503 3551 3696 3621 despe-

2108 3646 2246 3697 ratio
2283 3644 2335 3696 in
2374 3644 2477 3697 hoc
2526 3642 2598 3696 sit
2652 3642 2859 3711 aliqua,
2914 3658 3020 3697 non
3075 3644 3291 3714 recipit.
3341 3644 3486 3699 Dicit
3527 3645 3696 3718 634

2102 3738 2247 3789 enim
2297 3755 2310 3789 :
2363 3753 2382 3786 ι
2415 3735 2668 3805 Nunquid
2719 3736 2800 3789 sic
2851 3733 3220 3803 offenderunt,
3284 3746 3343 3791 ut
3395 3739 3695 3792 caderent?

2102 3829 2279 3882 Absit.
2313 3828 2419 3882 Sed
2456 3827 2668 3881 illorum
2710 3826 2908 3881 delicto
2934 3827 3082 3882 salus
3117 3829 3390 3897 gentibus.
3427 3847 3445 3880 ι
3501 3829 3566 3884 Et
3609 3839 3695 3885 est

2106 3923 2302 3974 mirum
2336 3925 2608 3991 quomodo
2640 3921 2693 3974 in
2724 3928 2804 3973 tot
2833 3930 2888 3972 et
2917 3920 3123 3976 talibus
3159 3937 3278 3990 quae
3308 3926 3372 3976 de
3396 3922 3479 3976 eis
3509 3926 3693 3979 omnis

2104 4011 2359 4076 Epistolas
2393 4021 2573 4064 textus
2616 4012 2862 4079 exponit,
2892 4012 3159 4065 cecidisse
3192 4023 3373 4066 tamen
3403 4029 3499 4067 eos
3531 4025 3695 4085 neget

2100 4098 2420 4164 Apostolus.
2465 4097 2572 4151 Sed
2624 4097 2843 4151 videtur
2890 4098 3023 4152 tnihi
3061 4100 3207 4168 quod
3231 4100 3434 4156 Paulus
3460 4105 3695 4158 cadendi

2101 4188 2440 4244 dill‘erentias
2500 4190 2641 4244 bene
2688 4194 2924 4259 noverit,
2970 4203 3025 4247 et
3075 4193 3224 4247 aliud
3273 4194 3412 4249 sciat
3443 4210 3567 4250 esse
3599 4211 3693 4249 ea-

2100 4283 2249 4343 dere,
2297 4283 2598 4337 secundum
2628 4285 2762 4339 illud
2796 4286 2940 4353 quod
2968 4287 3238 4354 scriptum
3263 4297 3385 4341 est:
3425 4306 3443 4338 ι
3477 4289 3693 4357 Septies

2099 4372 2483 4440 cadetjustus,
2518 4385 2574 4429 et
2615 4388 2864 4447 resurget
2908 4382 3057 4444 ¹⁹·²⁰;
3089 4402 3107 4433 ι
3133 4390 3188 4435 et
3215 4379 3417 4434 iterum
3451 4401 3463 4436 :
3517 4401 3537 4433 ι
3570 4381 3689 4437 Noli

2103 4465 2236 4516 mihi
2270 4466 2557 4534 insultare,
2590 4469 2810 4525 inimica
2836 4487 2979 4535 mea,
3011 4472 3138 4541 quia
3172 4473 3345 4526 cecidi
3375 4489 3388 4525 :
3420 4481 3476 4527 et
3512 4488 3694 4528 resur-

421 4532 658 4587 mundos
681 4549 748 4588 ex
789 4552 877 4602 ea,
903 4551 958 4593 et
996 4559 1159 4608 puros
1188 4562 1248 4600 ac
1283 4550 1556 4617 spiritales
1579 4554 1732 4609 cibos
1773 4558 1993 4626 sapien-
2029 4528 2072 4581 Β
2105 4574 2228 4628 gam
2253 4562 2295 4591 ’ί
2326 4578 2341 4627 ;
2376 4581 2395 4614 ι
2432 4573 2487 4617 et
2502 4566 2798 4619 secundum
2825 4567 2969 4636 quod
2996 4564 3266 4620 Jeremias
3289 4565 3418 4620 dicit
3448 4585 3461 4621 :
3492 4586 3511 4619 ι
3542 4566 3690 4620 Nun-

420 4620 511 4676 tiae
544 4628 826 4694 capiamus
859 4643 876 4682 :
920 4632 1086 4685 etiam
1117 4636 1244 4692 illud
1278 4643 1487 4708 pariter
1526 4645 1882 4702 observantes
1925 4664 1994 4703 ne

487 4753 527 4785 “
559 4756 718 4849 Prgg.
744 4764 1030 4849 ιήιιιιιηί...
1059 4767 1321 4849 "JMath.
1364 4788 1503 4849 sitit,
1527 4776 1749 4849 42‘sqq.
1832 4779 1875 4811 ¹³
1918 4779 2005 4834 Joa

2111 4799 2157 4849 ιν,
2189 4783 2278 4838 45.
2358 4786 2402 4817 ¹⁵
2427 4783 2583 4841 loan.
2608 4802 2707 4844 xu.
2733 4786 2822 4840 54.

2104 4651 2234 4719 quid
2271 4655 2366 4723 qui
2401 4656 2569 4721 cadit,
2605 4671 2710 4710 non
2748 4658 2971 4727 adjiclet
3019 4667 3076 4710 ut
3129 4659 3427 4727 resurgat?
3470 4668 3565 4711 aut
3595 4658 3687 4729 qui

2904 4788 2947 4819 ¹⁸
2977 4788 3017 4841 ll
3037 4760 3160 4843 Cor.
3183 4789 3385 4857 “11,74.
3464 4792 3508 4822 ³⁸
3538 4790 3685 4852 Psal.

410 4840 603 4891 ικνιιι,
629 4829 724 4896 25,
760 4832 849 4888 24.
917 4835 959 4865 ¹⁷
984 4834 1172 4894 Matth.
1203 4858 1337 4907 χχιι,
1374 4844 1459 4897 12.
1491 4829 1501 4838 ’
1529 4847 1571 4878 ³⁸
1595 4829 1755 4902 Ρξοίιιιί
1778 4863 1854 4913 ιιι,
1877 4829 2005 4916 “tl

2308 4829 2822 4920 parasite"
2844 4858 2885 4886 ει
2914 4829 3272 4924 inarsit;

481 4943 594 5013 (20)
623 4947 1239 5036 ΑΙὶειξηιέξοιιιιιιρηυίι,
1267 4975 1284 5003 ι
1315 4958 1434 5023 (aL,
1472 4978 1491 5012 ι
1533 4965 1801 5036 monuit);
1834 4965 1991 5024 Salo-

413 5020 719 5089 nionqugd
749 5020 1182 5089 intelligibiliter,
1228 5046 1246 5078 ι
1281 5020 1387 5083 etc.

483 5084 594 5167 (21)
640 5087 806 5155 Editi,
852 5109 872 5142 ι
926 5084 1029 5167 hoc
1078 5084 1198 5160 est,
1249 5099 1564 5167 spiritaliter
1616 5102 1855 5159 facturus
1901 5118 1989 5163 est

409 5153 680 5233 Christus,
700 5168 771 5233 Aet
793 5153 1147 5233 prophetatns
1166 5153 1251 5219 est
1278 5153 1559 5224 'Cbristus.
1598 5153 1857 5231 {deinde

411 5225 961 5309 tiuushliegius'nut'n.
994 5232 1154 5300 1659,
1179 5252 1486 5309 perperam,
1528 5260 1546 5293 ι
1576 5243 1678 5309 Qui
1707 5225 1991 5303 ἱίόἷαξὶιῖἐ

411 5297 593 5349 licavit
618 5312 767 5362 vere,
812 5319 830 5350 ι
870 5312 977 5357 etc.

743 5370 943 5453 [legitis
974 5391 1122 5453 num.
1146 5376 1306 5453 1659,
1327 5380 1530 5435 omittit
1561 5400 1581 5432 ι
1614 5397 1683 5438 ex
1713 5385 1931 5453 quibus.
1968 5408 1987 5441 ι

415 5435 554 5489 Editi
608 5451 739 5524 vero
775 5435 1001 5524 habent,
1051 5465 1070 5497 ι
1110 5449 1161 5500 in
1195 5435 1414 5517 quibus:
1458 5469 1478 5503 ι
1532 5462 1587 5507 et
1623 5435 1995 5524 bbsiééj'i'hi

414 5517 695 5579 convertat
721 5517 1117 5579 captivitatem,
1159 5536 1178 5568 ι
1211 5529 1320 5574 etc.

479 5576 593 5647 (2??)
623 5575 801 5647 Ergo.
817 5582 976 5637 Deest
1001 5587 1051 5638 in
1077 5575 1260 5643 editis.

479 5640 593 5717 (24)
629 5640 765 5726 δρᾷς
813 5669 846 5705 a
897 5640 1099 5710 dextris
1149 5640 1302 5721 maia.
1334 5659 1462 5718 Haec
1503 5661 1894 5726 desiderantur
1939 5668 1993 5723 in

408 5727 571 5769 antea
600 5718 781 5774 editis.

480 5783 595 5856 (25)
637 5784 735 5844 Ms.
757 5789 959 5863 Regius
986 5811 1136 5854 num.
1168 5798 1327 5870 1669,
1367 5821 1385 5855 ι
1418 5803 1697 5872 Quotquot
1719 5808 1771 5865 in
1799 5808 1938 5872 leae.
1969 5827 1992 5863 ι

2098 4967 2416 5050 ειελέθιὶιιιβ,
2458 4986 2477 5019 ι
2515 4967 2839 5050 Quicunque
2869 4985 2965 5039 per
3000 4970 3398 5050 legeerneie.

2172 5037 2286 5108 (26)
2323 5038 2415 5092 Sic
2451 5054 2553 5108 ms.
2582 5038 2786 5108 Regius
2816 5037 3153 5094 num.1659.
3190 5040 3333 5095 Editi
3376 5056 3527 5106 vero,
3565 5062 3585 5094 ι
3619 5060 3685 5099 ac

2099 5111 2333 5187 corde.)
2368 5107 2881 5187 etc._Mss._quidam
2909 5119 2965 5187 et
2994 5110 3271 5187 itabanus,
3307 5128 3328 5161 ι
3359 5122 3413 5187 et
3444 5118 3632 5187 corde,
3657 5134 3679 5168 ι

2096 5188 2203 5233 etc.
2226 5178 2432 5253 Deinde
2458 5178 2616 5232 iidem
2645 5180 2866 5253 habent,
2893 5178 3054 5246 alius,
3086 5199 3104 5232 ι
3134 5193 3229 5236 aut
3252 5182 3546 5251 speciem,»
3567 5186 3679 5253 alii,

2100 5267 2118 5299 ι
2160 5259 2215 5300 et
2243 5248 2652 5316 specienmetc.
2680 5249 2837 5305 Male.

2162 5317 2274 5388 (27)
2310 5319 2774 5395 ξιολοιιιιιθε-ιιιεε.
2806 5321 2998 5395 nostri.
3025 5320 3334 5389 Editivero,
3385 5343 3405 5377 ι
3441 5324 3684 5395 Prophe-

2095 5395 2178 5441 tas
2242 5389 2334 5460 qui
2393 5389 2462 5443 de
2514 5391 2757 5443 caecitate
2820 5392 3133 5460 ipsorum...
3195 5403 3250 5448 et
3314 5389 3678 5451 retributione

2096 5459 2336 5527 scandali
2360 5459 2759 5527 ipra'dixerant.
2802 5480 2821 5512 ι

2167 5526 2279 5598 (:8)
2327 5526 2397 5582 Ut
2428 5529 2549 5583 illos
2570 5569 2587 5596 ,
2633 5531 2824 5599 inquit,
2864 5531 3198 5586 wmulentur.
3244 5533 3370 5590 Haec
3398 5536 3594 5590 desunt
3622 5538 3675 5589 in

2096 5597 2281 5672 editis,
2317 5609 2371 5653 et
2399 5600 2452 5653 in
2487 5597 2760 5672 plerisque
2787 5617 2918 5657 mss.
2943 5610 2997 5655 et
3026 5604 3166 5672 apud
3215 5604 3498 5662 Rabanum
3533 5624 3547 5661 :
3580 5606 3681 5663 sed

2102 5670 2466 5741 restituuntur
2495 5686 2562 5723 ex
2582 5686 2691 5741 ins.
2720 5671 2885 5741 Regio
2920 5670 3073 5726 num.
3098 5673 3264 5734 1659.

2174 5737 2286 5812 (29)
2320 5739 2552 5798 Paulus.
2578 5740 2743 5797 Deest
2781 5737 2834 5795 in
2865 5751 3026 5799 antea
3052 5743 3236 5800 editis.
