4146 6446
426 376 563 431 “83

1343 368 1701 429 COMMENT.
1742 367 1808 423 IN
1843 366 2062 423 EPIST.
2108 367 2198 421 AD
2234 366 2404 423 ROM.
2444 366 2574 423 LIB.
2613 365 2755 422 V‘Ill.

3567 366 3711 420 “86

426 507 656 547 aversus
684 500 791 555 est,
822 505 926 547 non
958 499 1311 546 eonvertetur
1357 494 1404 524 "
1445 483 1598 561 (30)?
1624 460 1659 543 ι,
1687 490 1794 545 Sed
1824 500 1881 544 et
1904 488 2006 544 Job
2038 495 2084 547 A
2112 489 2399 545 scientiam
2443 490 2511 542 ³ο.
2557 488 2622 543 Et
2672 496 2972 557 propterea
3019 487 3153 542 dicit
3206 488 3522 558 Apostolus,
3577 491 3706 560 quia

424 587 490 639 de
521 586 820 654 semetipso
845 585 979 638 dicit
1013 606 1024 638 :
1060 603 1079 636 ι
1114 585 1383 652 Tempore
1412 586 1714 639 constituto
1759 593 2008 650 paratum

422 687 507 729 est
533 676 581 729 ei
622 677 819 730 cadere
851 677 951 730 sub
980 676 1124 740 a-Iiis,
1158 684 1214 728 et
1259 676 1477 729 domum
1523 677 1640 745 ejus
1688 675 1800 745 (⁸51)
1847 675 2011 744 diripi

425 769 493 819 ab
526 767 715 821 alienis
745 767 810 832 ¹³;
860 787 880 820 ›
915 781 969 820 et
1020 770 1073 822 in
1118 780 1314 835 quarto
1346 768 1657 835 Regnorum
1702 768 1841 823 libro
1878 768 2015 822 scri-

424 868 576 926 ptum
623 866 750 912 est:
789 875 808 909 ι
850 857 1061 912 Cecidit
1113 858 1384 913 Ezechias
1434 859 1503 912 ab
1549 858 1784 913 elatione
1832 860 2014 914 cordis

428 951 509 1003 sui
536 949 604 1003 ’⁵.
644 968 662 1001 ι
696 950 758 1003 Et
786 965 977 1005 omnes
1000 953 1054 1005 hi
1092 967 1253 1005 casus
1278 952 1344 1005 de
1369 952 1570 1020 quibus
1597 951 1648 1004 iu
1682 954 2015 1020 supradictis

426 1042 774 1095 sermonibus
833 1042 1178 1110 Scripturam
1236 1042 1627 1110 pronuntiasse
1685 1044 2014 1096 memoravi-

429 1147 548 1184 mus
584 1130 721 1201 (52),
750 1132 951 1185 habent
978 1133 1165 1201 utique
1197 1132 1678 1199 resurrectionem;
1717 1143 1772 1186 et
1800 1134 2014 1189 aversio

428 1239 622 1276 eorum
661 1223 822 1277 habet
855 1224 1292 1278 conversionem.
1333 1224 1387 1277 In
1420 1226 1673 1293 prmsenti
1709 1241 1838 1279 vero
1872 1226 2015 1295 capi-

431 1318 563 1381 tulo,
595 1316 753 1385 quasi
784 1317 966 1369 sciens
993 1315 1290 1385 Apostolus
1322 1316 1449 1384 quia
1477 1317 1519 1369 si
1555 1318 2015 1382 cecidissent,re-

430 1426 654 1479 surgere
672 1411 899 1464 omnino
929 1427 1031 1463 non
1057 1411 1393 1481 possent,ita
1422 1422 1584 1480 negat
1607 1428 1703 1466 eos
1726 1414 2014 1479 cecidisse,

429 1512 485 1557 et
526 1505 683 1559 valde
718 1514 944 1559 excusat
992 1506 1045 1558 in
1089 1519 1156 1557 eo
1191 1507 1336 1575 quod
1366 1507 1500 1561 dicit
1535 1523 1550 1560 :
1587 1526 1604 1558 ‹
1647 1507 1901 1577 Nunquid
1937 1509 2019 1562 sic

430 1597 774 1652 oﬂ‘enderunt
812 1609 869 1651 ut
910 1599 1217 1652 caderent?
1243 1600 1417 1656 Absit.
1460 1618 1478 1651 ι
1520 1600 1598 1655 Ne
1627 1602 1774 1656 forte
1792 1617 1924 1673 ergo
1950 1603 2017 1655 ad

430 1692 596 1743 alium
621 1706 807 1745 casum
848 1691 1148 1759 respiciens
1180 1692 1494 1760 Apostolus,
1524 1693 1691 1748 Israel
1715 1704 1940 1749 excuset
1962 1703 2019 1749 et

428 1783 658 1849 abneget
684 1784 980 1847 cecidisse;
1016 1783 1167 1836 illum
1201 1783 1437 1838 fortasse
1481 1782 1592 1852 (55)
1622 1786 1688 1839 de
1720 1801 1830 1855 quo
1873 1787 2018 1841 dice-

427 1873 522 1927 bat
560 1875 822 1929 Dominus
849 1886 904 1930 et
929 1875 1184 1930 Salvator
1221 1884 1405 1929 noster
1437 1877 1505 1942 ",
1545 1878 1674 1946 quia
1708 1894 1727 1929 ε
1764 1878 2016 1932 videbam

431 1964 689 2021 Satanam
738 1968 883 2023 sicut
923 1968 1104 2039 fulgur
1140 1969 1406 2024 cecidisse
1451 1970 1521 2024 de
1558 1970 1739 2024 caelo:
1781 1989 1799 2020 ι
1837 1971 1930 2024 sed
1965 1979 2021 2025 et

432 2058 580 2111 illum
631 2062 697 2113 de
744 2075 853 2129 quo
905 2059 1073 2115 Isaias
1118 2062 1291 2117 dicit:
1327 2082 1345 2114 (
1383 2062 1913 2140 Quomodo.cecidit
1952 2064 2019 2118 de

426 2151 569 2203 cado
605 2149 858 2219 Lucifer,
907 2154 997 2220 qui
1044 2167 1205 2206 mane
1246 2152 1524 2206 oriebatur
1551 2154 1643 2207 “?
1676 2174 1694 2205 ι
1734 2153 1844 2208 .Ilic
1886 2168 2019 2222 ergo

430 2243 522 2297 tali
554 2257 683 2296 casu
719 2244 830 2315 (54)
875 2254 1034 2315 negat
1072 2246 1340 2300 cecidisse
1372 2245 1559 2300 Israel.
1608 2245 1827 2301 Illorum
1870 2250 2015 2302 enim

429 2334 513 2389 vel
535 2336 587 2388 in
622 2337 729 2389 fine
767 2338 947 2391 saeculi
973 2338 1259 2392 conversio
1282 2339 1389 2392 erit
1423 2347 1554 2392 tunc
1581 2353 1704 2391 cum
1736 2340 2017 2407 plenitudo

427 2427 668 2497 gentium
706 2429 1122 2493 subintraverit,
1144 2442 1199 2483 et
1224 2430 1406 2482 omnis
1427 2430 1590 2483 Israel
1623 2431 1802 2484 salvus
1834 2433 1924 2486 fiet
1948 2434 2014 2498 ’7;

429 2518 588 2573 istius
617 2528 797 2574 autem
849 2522 940 2590 qui
992 2524 1057 2575 de
1089 2521 1228 2576 C(BIO
1263 2522 1528 2576 cecidisse
1575 2522 1779 2575 dicitur
1828 2540 1925 2576 nec
1962 2525 2014 2577 in

433 2612 543 2665 line
583 2613 770 2666 saeculi
816 2613 926 2668 erit
963 2612 1066 2666 ulla
1118 2613 1433 2668 conversio.
1470 2611 1625 2668 Hunc
1668 2628 1799 2683 ergo
1829 2630 2014 2669 casum

426 2716 590 2770 quem
630 2703 882 2772 superius
933 2703 1191 2766 diximus,
1224 2703 1275 2757 id
1312 2713 1397 2757 est
1423 2744 1438 2766 ,
1491 2703 1543 2757 in
1579 2718 1687 2772 quo
1726 2705 1815 2774 qui
1858 2710 2019 2762 cadet

425 2793 650 2862 adjiciet
674 2794 793 2864 (55)
821 2806 876 2848 ut
902 2807 1153 2865 resurgat
1179 2795 1246 2859 ’⁸,
1280 2796 1512 2850 similem
1547 2811 1669 2851 esse
1703 2797 1828 2853 huic
1852 2813 2016 2867 quem

426 2888 481 2942 in
522 2889 638 2957 ipso
666 2890 786 2945 loco
816 2890 1175 2947 offensionem
1226 2893 1471 2946 nominat
1499 2894 1796 2964 Apostolus
1823 2898 2019 2948 adver-

425 2986 628 3047 tamus,
667 2989 725 3037 et
752 2997 914 3052 quem
953 2984 1212 3037 delictum
1252 2984 1529 3053 appellat:
1555 2987 1699 3055 quod
1742 2986 1874 3040 mihi
1910 2987 2019 3040 tale

431 3070 653 3132 videtur
671 3087 815 3135 esse.
854 3075 912 3134 Si
938 3076 1155 3148 quando
1175 3077 1356 3147 justus
1385 3077 1439 3132 in
1464 3093 1574 3132 uno
1605 3079 1787 3148 aliquo
1817 3081 2015 3146 victus,

429 3169 582 3223 verbi
603 3169 889 3235 causa,vel
909 3170 962 3224 in
984 3170 1280 3239 fragilitate
1298 3170 1500 3233 carnis,
1519 3170 1600 3224 vel
1625 3171 1737 3224 alio
1762 3171 2004 3241 quolibet
2046 3206 2089 3266 α

440 3259 644 3314 delicto
673 3262 959 3326 ceciderit,
989 3277 1096 3317 non
1129 3271 1314 3315 tamen
1335 3263 1456 3316 ideo
1482 3262 1549 3316 ab
1579 3263 1726 3318 omni
1765 3262 1900 3334 legis
1922 3265 2022 3319 ob-

427 3351 697 3405 servantia
726 3352 1037 3407 discesserit
1074 3351 1212 3423 (56),
1263 3340 1358 3407 sed
1383 3353 1652 3421 justitiam
1682 3363 1891 3421 teneat,
1924 3357 2022 3408 mi-

428 3443 784 3497 sericordiam
811 3444 975 3507 colat,
1002 3444 1187 3508 ﬁdem,
1230 3445 1516 3514 pietatem,
1544 3448 2017 3502 mansuetudinem

425 3543 625 3599 servet,
651 3545 707 3590 et
744 3533 916 3601 legem
944 3534 1035 3588 Dei
1070 3536 1323 3591 meditari
1358 3552 1467 3591 non
1493 3537 1736 3607 negligat
1769 3557 1782 3592 :
1812 3538 1877 3591 de
1912 3541 2016 3594 hoc

429 3639 720 3692 possumus
753 3625 958 3690 dicere,
991 3627 1119 3696 quia
1150 3644 1169 3677 ι
1204 3624 1460 3694 Nunquid
1487 3630 1565 3681 sic
1590 3627 1818 3683 ollendit
1847 3643 1904 3681 ut
1934 3647 2019 3683 ea-

428 3715 828 3773 deretiAbsit.
878 3737 897 3768 ι
934 3716 1012 3771 Ita
1050 3730 1100 3772 et
1140 3718 1401 3773 Israelitte
1441 3718 1583 3789 (57),
1634 3721 1884 3788 quamvis
1933 3737 2019 3776 re-

429 3809 765 3875 demptorem
814 3823 975 3863 suum
1028 3809 1369 3880 negaverint,
1413 3820 1469 3864 et
1500 3826 1595 3866 eos
1639 3813 1729 3881 qui
1781 3814 1850 3867 ah
1900 3814 2018 3883 ipso

432 3899 581 3954 missi
611 3910 758 3968 sunt,
800 3899 1162 3969 lapidaverint
1191 3912 1246 3955 et
1274 3904 1545 3971 persecuti
1583 3905 1693 3957 sint
1718 3904 1798 3958 ὀε
1832 3916 2015 3960 tamen

432 3990 634 4044 habent
654 3990 832 4045 adhuc
862 3991 1066 4060 aliquid
1093 3992 1320 4045 residui.
1346 3992 1442 4046 Est
1470 3995 1614 4061 apud
1641 3994 1761 4048 illos
1787 3997 2018 4051 medita-

431 4080 509 4132 tio
558 4078 727 4146 legis,
770 4079 901 4135 licet
939 4096 1045 4134 non
1095 4083 1324 4136 credant
1367 4080 1504 4150 (58),
1542 4098 1640 4137 nec
1683 4084 2012 4153 intelligant.

430 4169 526 4222 Est
555 4171 696 4238 apud
733 4169 928 4249 illoset
955 4170 1227 4225 aemulatio
1256 4172 1371 4237 Dei,
1417 4172 1545 4228 licet
1582 4189 1685 4226 non
1717 4180 2013 4231 secundum

500 4309 985 4388 fleremmirr,
1047 4307 1219 4388 '1ng
1260 4325 1356 4370 xu.
1382 4308 1436 4365 5.
1514 4310 1563 4388 ’ξ
1589 4310 1811 4388 IVAReg.
1843 4329 1934 4377 xx,
1962 4315 2060 4379 I7;
2092 4308 2339 4388 Il_I_’ar_a|.
2376 4304 2677 4388 xsxn,_?6.
2717 4305 2961 4388 ,βξ-[λεια.
3002 4307 3192 4388 Lais.

429 4382 474 4412 ’⁷
500 4382 657 4435 Rom.
689 4396 766 4448 χι,
796 4378 888 4445 25,
912 4380 1007 4434 26.
1078 4380 1124 4411 ³⁸
1148 4378 1351 4433 Jerem.
1384 4394 1501 4445 vm,
1528 4381 1583 4433 4.
1659 4381 1703 4412 ²⁹
1738 4383 1922 4437 Matth.
1950 4403 2017 4439 xx

2133 4381 2221 4438 57;
2257 4378 2384 4431 an.
2415 4393 2530 4437 xui,
2549 4378 2637 4448 54ζ

1122 4449 1387 4504 "Jerem.
1411 4466 1511 4516 xu,
1542 4451 1630 4507 10.
1694 4451 1739 4483 ³⁵
1773 4450 1929 4507 Rom.
1965 4470 2042 4523 rx,
2064 4457 2119 4508 4.
2183 4450 2228 4482 ³⁸
2254 4448 2411 4503 Joan.
2445 4462 2541 4511 χιι,
2575 4446 2667 4499 47.

431 4454 474 4483 δ’
505 4451 659 4507 Deut.
691 4466 865 4517 xxxii,
898 4450 952 4516 8,
988 4449 1043 4505 9.

504 4583 615 4653 (30)
652 4583 814 4648 Editi,
852 4601 871 4635 ι
905 4599 1011 4639 non
1034 4592 1366 4641 revertetur.
1399 4601 1418 4636 ι

504 4655 616 4724 (51)
664 4653 757 4708 Sic
805 4670 998 4711 omnes
1057 4671 1191 4711 mss.
1237 4664 1293 4709 et
1332 4653 1608 4709 Rabanus.
1656 4657 1800 4713 Editi
1859 4673 2009 4723 vero,

439 4740 458 4773 ι
495 4733 718 4792 paratus
747 4733 834 4780 est
861 4725 911 4779 ei
942 4726 1143 4782 cadere
1173 4725 1273 4781 sub
1307 4725 1454 4791 aliis,
1482 4734 1539 4780 et
1566 4727 1767 4782 donum
1813 4729 1955 4798 ejus,
1988 4749 2007 4782 ι

433 4812 462 4845 C
471 4806 540 4847 lC.

505 4852 618 4935 (5‘2)
654 4861 755 4919 Ms.
787 4862 991 4935 Regius
1010 4881 1162 4919 num.
1204 4863 1371 4920 1659,
1403 4883 1422 4916 ι
1454 4864 1519 4918 Et
1543 4880 1733 4922 omnes
1766 4868 1820 4921 hi
1855 4885 2017 4925 casus

434 4950 571 5007 quos
601 4934 931 5003 Supradictis
961 4936 1309 4989 sermonibus
1331 4935 1743 5002 Scripturarum
1772 4955 2016 5007 pronun-

435 5006 562 5056 tiari
606 5007 1050 5071 memoravimus,
1078 5023 1097 5056 ι
1127 5016 1236 5059 etc.
1268 5006 1375 5059 Sed
1407 5008 1590 5061 caeteri
1632 5006 1788 5071 mss.,
1830 5011 2015 5064 Raba-

435 5090 537 5128 nns
563 5083 632 5149 et_
660 5074 792 5149 editi
825 5084 889 5149 ut
921 5075 976 5128 in
1018 5084 1209 5129 nostro
1250 5084 1422 5131 textu.
1462 5076 1670 5133 Deinde
1710 5096 1728 5130 ι
1767 5081 1954 5149 utique
1994 5100 2014 5132 ι

433 5150 585 5197 deest
621 5146 674 5198 in
705 5144 887 5199 editis.

507 5214 621 5284 (55)
664 5212 937 5284 ortasse.
978 5214 1142 5284 Deest
1169 5216 1223 5270 in
1253 5216 1438 5272 editis.

506 5283 620 5357 (54)
653 5283 746 5338 Sic
772 5283 1048 5357 Rabanus.
1087 5283 1191 5340 Ms.
1226 5303 1360 5357 vero
1408 5286 1612 5357 Regius
1644 5304 1796 5343 num.
1847 5288 2007 5354 4659,

440 5372 458 5404 σ
488 5354 609 5426 I_I_oc
645 5369 779 5424 ergo
812 5355 1086 5426 taliicasu.
1135 5374 1155 5406 ι
1209 5356 1402 5411 Caeteri
1433 5354 1565 5413 vero
1608 5375 1738 5413 mss.
1775 5372 1829 5414 et
1857 5362 2009 5426 editi,

438 5444 458 5476 ι
502 5424 657 5479 Ilunc
693 5440 827 5494 ergo
854 5425 1015 5478 talem
1051 5441 1261 5491 casum,
1301 5444 1320 5477 ι
1359 5436 1466 5482 etc.

505 5496 618 5563 (55)
644 5495 837 5558 Εάἰιί,ε
884 5510 991 5549 non
1025 5496 1267 5564 adjiciet,
1304 5515 1324 5547 ι
1360 5498 1520 5552 male.

506 5566 619 5636 (56)
650 5566 794 5636 Editi
826 5581 1136 5635 perperam,
1167 5582 1186 5617 ε
1221 5568 1506 5621 ceciderit.
1544 5586 1562 5618 ι

507 5634 622 5707 (57)
675 5634 789 5707 Sic_
812 5634 958 5689 recte
1010 5650 1111 5691 ms.
1162 5638 1368 5705 Regius
1409 5653 1557 5707 num.
1608 5638 1770 5693 1659.
1828 5639 2018 5696 Cas-teri

435 5705 565 5761 vero
592 5721 724 5761 mss.
759 5705 1019 5761 Rabanus
1058 5714 1114 5760 et
1147 5708 1303 5774 editi,
1343 5725 1363 5758 ι
1408 5706 1546 5774 Quia
1573 5718 1635 5764 et.
1674 5713 1952 5775 lsraelitze,
1993 5730 2012 5765 ι

436 5790 541 5830 ctc.

511 5844 622 5918 (38)
647 5845 813 5913 Editi,
846 5865 865 5898 ι
908 5862 1011 5902 non
1038 5846 1348 5904 credentes.
1388 5866 1409 5902 ›

2119 595 2223 634 non
2274 599 2292 632 ι
2329 582 2409 635 sic
2455 580 2802 634 oifenderunt
2855 590 2913 634 ut
2960 581 3240 646 caderent;
3293 600 3312 632 ι
3349 582 3452 636 hoc
3495 593 3600 647 est,
3648 593 3709 635 ut

2115 675 2185 728 ab
2220 674 2368 728 omni
2400 674 2538 742 legis
2572 672 2667 727 Dei
2700 672 3071 740 observantia,
3101 674 3188 728 vel
3219 674 3573 728 meditatione
3610 689 3708 742 pe-

2116 767 2264 820 nitus
2289 766 2404 838 (59)
2425 765 2784 821 declinarent.
2807 764 2872 818 Et
2895 765 3208 832 huiusmodi
3232 782 3419 822 casum
3443 766 3705 821 delictum

2118 858 2442 914 nominavit.
2483 876 2502 908 ί
2540 857 2756 912 Illorum
2795 875 2814 908 ›
2850 861 3018 923 enim,
3046 858 3242 928 inquit,
3277 877 3297 911 ι
3336 859 3537 913 delicto
3559 858 3709 914 salus

2116 951 2391 1021 gentibus.
2432 969 2452 1001 ι
2483 949 2779 1019 Pmpterea
2812 964 2945 1020 ergo
2975 959 3033 1004 et
3074 950 3268 1015 David,
3302 952 3486 1006 sciens
3518 952 3710 1020 hujus-

2117 1045 2262 1099 modi
2288 1059 2410 1098 esse
2434 1043 2655 1105 delicta,
2688 1044 2741 1095 in
2766 1042 2967 1110 quibus
2994 1044 3084 1113 qui
3112 1045 3375 1099 ceciderit
3399 1055 3619 1116 surgat;
3653 1056 3710 1101 et

2116 1154 2236 1193 esse
2270 1138 2397 1197 alia,
2430 1138 2481 1190 in
2515 1138 2715 1206 quibus
2747 1139 2837 1206 qui
2863 1138 3129 1193 ceciderit
3160 1138 3273 1209 (40)
3307 1156 3414 1194 ιιοη
3453 1151 3750 1235 κῆαι-μυί

2119 1244 2217 1283 nec
2252 1230 2304 1282 in
2333 1234 2805 1285 consummatione
2830 1230 3039 1294 seaculi,
3067 1232 3287 1285 dicebat
3320 1251 3333 1287 :
3375 1251 3394 1284 ι
3426 1232 3656 1297 Delicta,
3684 1250 3708 1286 ι

2119 1321 2235 1374 sive
2258 1320 2462 1390 lapsus,
2496 1340 2514 1372 ‹
2545 1323 2670 1392 quis
2691 1322 2944 1393 intelligit
2966 1322 3050 1374 “‘I
3081 1341 3100 1372 ›
3127 1320 3527 1394 Sequiturpost
3549 1325 3704 1379 htec:

2125 1432 2143 1464 ‹
2185 1415 2336 1479 Quod
2376 1415 2422 1468 si
2451 1414 2710 1469 delictum
2755 1415 2969 1469 illorum
2998 1416 3203 1470 divitia:
3233 1416 3444 1479 mundi,
3470 1425 3524 1470 et
3547 1417 3711 1471 dimi-

2120 1505 2273 1555 nutio
2305 1518 2496 1557 eorum
2528 1504 2735 1558 divitia:
2775 1505 3052 1573 gentium;
3089 1514 3295 1574 quanto
3338 1505 3511 1575 magis
3539 1506 3713 1575 pleni-

2123 1596 2251 1648 tudo
2283 1595 2513 1650 eorum?
2560 1614 2579 1646 ι
2614 1594 2914 1650 Considera
2968 1596 3020 1649 in
3067 1597 3150 1650 his
3208 1597 3303 1651 Dei
3342 1597 3710 1665 sapientiam,

2119 1689 2392 1758 quomodo
2411 1690 2551 1757 apud
2580 1703 2703 1741 eum
2725 1704 2792 1742 ne
2823 1690 2940 1757 ipsa
2973 1689 3194 1757 quidem
3214 1690 3410 1744 delicta
3442 1701 3500 1745 et
3526 1692 3718 1760 lapsus

2122 1781 2402 1834 iuutilitati
2438 1783 2636 1835 cedunt
2675 1800 2687 1835 :
2721 1783 2815 1835 sed
2845 1796 2967 1835 cum
3009 1784 3389 1852 unusquisque
3415 1800 3479 1839 ex
3511 1800 3712 1856 propo-

2124 1873 2213 1926 siti
2254 1874 2336 1926 sui
2370 1873 2629 1927 libertate
2670 1874 2984 1942 delinquat,
3016 1874 3352 1944 dispensatio
3387 1878 3587 1932 divinae
3618 1893 3713 1933 sa-

2123 1966 2343 2034 pientiae
2370 1967 2471 2019 hoc
2503 1966 2618 2034 ipso
2646 1966 2699 2019 in
2730 1981 2838 2035 quo
2865 1966 2939 2019 illi
2973 1969 3176 2021 damno
3217 1982 3331 2022 sua:
3362 1968 3709 2039 negligentia:

2121 2072 2389 2127 pauperes
2438 2059 2592 2123 fiunt,
2643 2059 2779 2112 alios
2830 2058 3029 2112 divites
3078 2060 3224 2116 facit.
3274 2059 3487 2114 Etenim
3529 2079 3547 2111 ε
3587 2076 3710 2115 cum

2123 2152 2391 2206 divideret
2419 2151 2559 2205 Deus
2599 2161 2823 2221 gentes.
2851 2160 2907 2205 et
2945 2152 3292 2220 dispergeret
3328 2151 3470 2204 filios
3514 2154 3712 2216 Adam,

2121 2243 2406 2297 constituit
2444 2245 2711 2297 terminos
2741 2244 2986 2312 gentium
3023 2244 3177 2313 juxta
3211 2259 3501 2299 numerum
3542 2259 3713 2312 ange-

2120 2330 2294 2386 lorum
2340 2332 2457 2388 Dei.
2491 2333 2659 2387 Facta
2695 2341 2781 2388 est
2824 2342 2950 2389 tunc
2988 2350 3113 2404 pars
3155 2335 3371 2389 Domini
3420 2334 3611 2394 Jacob.
3657 2349 3715 2391 et

2123 2423 2396 2477 funiculus
2430 2425 2767 2479 haareditatis
2800 2425 2915 2496 (41)
2944 2426 3063 2494 ejus
3100 2427 3264 2481 Israel
3293 2425 3502 2483 ".illlis
3524 2437 3707 2482 autem

2121 2516 2354 2585 angelis,
2384 2517 2582 2583 quibus
2613 2532 2739 2584 pars
2759 2516 2999 2583 gentium
3037 2516 3213 2570 fuerat
3246 2517 3357 2589 (42)
3393 2519 3709 2581 distributa.

2120 2608 2510 2663 seducentihus
2562 2608 2965 2676 quodammodo
3035 2609 3284 2676 singulos
3347 2625 3592 2679 quosque
3647 2614 3714 2664 de

2123 2706 2283 2768 parte
2311 2698 2525 2761 Domini
2559 2714 2625 2753 ac
2649 2699 3100 2769 depravantibus,
3128 2699 3384 2756 fecerunt
3413 2717 3510 2757 eos
3541 2703 3718 2757 oll'eu—

2123 2788 2276 2852 dere,
2301 2788 2375 2841 ita
2397 2787 2962 2843 utdiceretDomiuus
2983 2804 3079 2858 per
3104 2791 3422 2859 prophetam
3451 2810 3464 2846 :
3501 2811 3519 2842 ε
3548 2793 3716 2848 Facta

2121 2885 2208 2932 est
2232 2876 2366 2930 mihi
2387 2877 2695 2946 portiomea
2712 2877 3091 2932 desiderabilis
3115 2880 3167 2934 in
3186 2884 3565 2937 exsecratione
3579 2883 3662 2940 sa:
3689 2901 3710 2936 ι

2122 2971 2495 3025 necessarium
2530 2969 2630 3025 fuit
2664 2981 2721 3025 ut
2749 2971 2843 3025 illa
2877 2972 3113 3026 rel’utata
3148 2988 3217 3027 ac
3256 2972 3370 3046 (45)
3405 2977 3718 3043 repudiata,

2121 3071 2270 3118 esset
2303 3062 2407 3116 alia
2447 3076 2577 3132 pars
2608 3062 2823 3116 Domini
2859 3078 3026 3133 super
3048 3074 3276 3130 terram,
3311 3081 3432 3134 quae
3458 3068 3713 3139 gloriam,

2122 3162 2178 3207 et
2240 3162 2568 3207 testamenta
2637 3150 2772 3223 (44),
2839 3163 2895 3208 et
2950 3153 3376 3224 legislationem,
3433 3168 3489 3212 et
3548 3159 3714 3214 obse-

2123 3246 2248 3315 quia
2281 3245 2327 3277 “
2358 3244 2539 3299 cultus
2589 3245 2685 3299 Dei
2739 3244 2883 3315 (quae
2917 3247 3101 3300 omnia
3138 3247 3343 3302 divitiae
3384 3264 3544 3304 erant
3586 3266 3717 3321 par-

2124 3340 2194 3394 tis
2254 3339 2490 3410 Domini)
2541 3342 2860 3407 susciperel,
2912 3350 2967 3394 et
3015 3356 3143 3408 pars
3196 3343 3411 3397 Domini
3468 3360 3565 3413 pro
3623 3346 3712 3400 illa

2124 3440 2280 3500 parte
2312 3447 2433 3502 qua:
2460 3430 2769 3486 oﬂ'enderat
2798 3441 3125 3485 vocaretur:
3150 3432 3361 3488 Idcirco
3393 3453 3413 3485 σ
3454 3436 3713 3490 delictum

2125 3525 2340 3578 illorum
2396 3543 2416 3576 ›
2475 3524 2534 3577 fit
2585 3541 2603 3573 ε
2651 3523 2853 3578 divitiae
2913 3525 3099 3578 mundi
3163 3524 3518 3596 (45).»Νηηο
3563 3531 3712 3584 enim

2117 3617 2226 3686 jam
2280 3631 2387 3670 non
2442 3631 2545 3668 una
2586 3616 2940 3670 Hebraeorum
2993 3631 3166 3685 gens,
3220 3619 3314 3671 sed
3360 3629 3504 3674 totus
3556 3639 3715 3676 mun-

2120 3709 2224 3763 dus
2304 3724 2430 3776 pars
2511 3708 2723 3762 Domini
2785 3707 2982 3762 eﬁ'ecta
3062 3718 3167 3762 est.
3248 3711 3305 3764 Si
3383 3714 3528 3767 enim
3598 3718 3715 3786 ipse

2121 3799 2284 3872 635
2319 3800 2576 3854 Salvator
2606 3801 2950 3870 dicitthuia
2970 3804 3202 3874 egoveni
3221 3822 3325 3860 non
3354 3814 3413 3857 ut
3459 3804 3705 3873 judicem

2128 3893 2412 3952 mundum,
2446 3890 2540 3944 sed
2575 3898 2633 3943 ut
2670 3890 2913 3944 salvetur
2962 3891 3195 3945 mundus
3237 3908 3334 3962 per
3379 3910 3463 3949 me
3485 3896 3552 3949 ³⁸.
3593 3916 3614 3949 ι
3645 3897 3713 3952 Et

2127 3997 2197 4038 ne
2228 3983 2541 4051 ambiguum
2599 3981 2877 4036 videretur
2930 3984 3114 4036 mundi
3171 4000 3391 4049 nomen,
3448 3991 3708 4057 quoniam

2124 4076 2344 4145 quidem
2377 4090 2518 4141 saepe
2555 4074 2622 4127 ad
2654 4074 2854 4127 cmlum
2890 4084 2946 4127 et
2983 4084 3208 4140 terram,
3244 4092 3387 4145 sarpe
3427 4082 3493 4133 ad
3534 4081 3707 4135 solam

2128 4179 2353 4234 terram,
2386 4168 2659 4220 interdum
2711 4181 2839 4220 vero
2871 4168 3036 4220 etiam
3066 4166 3176 4239 (46)
3209 4168 3275 4221 ad
3308 4185 3500 4225 onmes
3532 4173 3712 4228 homi-

3272 4309 3317 4339 ²⁶
3349 4308 3449 4362 Isa.
3480 4325 3590 4371 xw,
3616 4313 3705 4367 42.

2717 4375 2760 4407 ³ο
2794 4376 2949 4433 Rom.
2981 4392 3036 4441 Χ,
3062 4376 3118 4431 2.
3196 4377 3239 4409 ³³
3272 4378 3412 4432 Psal.
3434 4395 3590 4448 xvm,
3620 4384 3707 4440 I5.

2184 4585 2298 4657 (59)
2370 4583 2588 4640 Penitus
2654 4596 2709 4641 et
2776 4582 2935 4651 paqu
3002 4591 3124 4655 post
3188 4586 3329 4639 enim
3388 4588 3580 4642 desunt
3650 4590 3707 4645 in

2118 4659 2293 4710 editis.

2194 4725 2437 4799 (40)_Sic
2480 4743 2587 4784 ms.
2645 4725 2849 4799 Regius
2899 4741 3055 4799 nunt.
3116 4725 3278 4780 1659.
3324 4725 3520 4782 Caneri
3574 4744 3711 4785 vero

2121 4796 2278 4861 mss.,
2309 4797 2565 4851 Rabanus
2609 4808 2665 4852 et
2706 4796 2846 4866 editi
2883 4798 3143 4850 omittunt
3195 4814 3214 4846 ε
3256 4807 3539 4866 surgat,et
3576 4814 3701 4855 esse

2124 4869 2255 4930 alia,
2290 4868 2342 4937 in
2374 4868 2584 4937 quibus
2617 4869 2706 4937 qui
2738 4865 3083 4937 ceciderit.)
3256 4936 3277 4937 ί
3360 4865 3376 4866 ““
3421 4936 3457 4937 ί
3535 4887 3543 4893 ~

2197 4936 2308 5011 (41)
2352 4933 2522 5011 Juxta
2582 4933 2861 5011 numerant
2898 4933 3364 5011 angelornmpei.
3411 4936 3584 4992 Facta
3624 4953 3698 4995 est

2127 5004 2251 5062 tunc
2290 5004 2418 5075 pars
2455 5009 2665 5061 Domini
2706 5006 2895 5068 Jacob,
2928 5017 2975 5058 et
3022 5004 3298 5072 funiculus
3340 5009 3700 5075 hwredilatis.

2127 5077 2254 5133 llaec
2289 5078 2489 5132 desunt
2518 5080 2568 5132 iu
2604 5078 2785 5139 editis,
2817 5084 2871 5129 et
2900 5076 2952 5128 in
2989 5076 3265 5144 plerisque
3303 5093 3437 5132 mss.
3469 5095 3569 5134 nec
3597 5097 3707 5138 non

2123 5149 2265 5218 apttd
2294 5148 2603 5213 Rabanum,
2622 5148 2722 5218 tibi
2760 5161 2857 5218 pro
2893 5145 2976 5199 his
2995 5147 3196 5218 _ver_his
3230 5147 3425 5218 legitur
3451 5168 3464 5203 :
3496 5168 3517 5202 ι
3543 5162 3595 5207 et
3621 5170 3709 5208 re-

2123 5215 2270 5287 liqua
2301 5234 2472 5286 usque
2494 5219 2582 5281 ad,
2619 5216 2925 5287 llaaretlitas
2960 5215 3077 5282 ejus
3100 5216 3285 5287 Israel.
3324 5237 3341 5269 ι

2193 5288 2307 5360 (42)
2334 5287 2554 5342 Fuerat.
2592 5289 2652 5360 In
2682 5286 2843 5360 editis
2873 5286 3348 5360 praztermittitur;
3396 5292 3494 5346 sed
3540 5296 3704 5347 rem.

2121 5354 2298 5413 tuitur'
2338 5372 2404 5412 ex
2447 5375 2549 5411 ms.
2596 5358 2769 5427 Regio
2820 5372 2983 5427 num.
3021 5354 3178 5410 i659.
3233 5357 3500 5417 Rabanus
3541 5364 3707 5419 habet

2126 5449 2144 5482 ι
2181 5429 2364 5483 fuerit.
2396 5448 2415 5480 ι
2447 5428 2639 5483 Caeteri
2674 5424 2831 5494 fnss.,
2868 5444 2887 5478 ί
2915 5424 3035 5478 fuit.
3064 5443 3083 5476 ι

2191 5498 2307 5570 (45)
2363 5498 2490 5552 Ilmc
2537 5498 2728 5564 verba,
2794 5514 2813 5548 ι
2875 5495 3113 5551 refutata
3160 5512 3260 5564 ac,
3310 5519 3333 5553 ι
3395 5502 3597 5559 desunt
3654 5505 3711 5561 in

2117 5570 2301 5624 editis.

2192 5638 2306 5711 (44)
2340 5638 2507 5705 Editi,
2547 5657 2566 5690 ‹
2602 5644 3105 5711 et_testamentum.
3149 5660 3169 5692 ι

2191 5708 2455 5781 (45)_Sic
2511 5725 2613 5763 ms.
2660 5708 2865 5781 Regius
2915 5723 3071 5781 num.
3128 5711 3292 5768 1659.
3346 5714 3537 5771 Caneri
3580 5732 3714 5773 vero

2120 5778 2279 5842 mss,
2325 5778 2584 5833 Rnbanus
2615 5779 2842 5841 eteuiti,
2880 5797 2898 5828 ι
2936 5779 3076 5833 liu‘nt
3107 5783 3317 5839 divitiae
3349 5791 3555 5842 mundi.
3597 5806 3619 5841 ι

2201 5850 2308 5923 (46)
2352 5850 2527 5903 Euam
2574 5849 2844 5906 omittitur
2880 5851 2935 5905 itt
2969 5855 3150 5909 editis.
