4146 6446
392 344 534 403 1187

1856 344 2188 404 ὉΒΙΟΕΝΙΞ

3509 348 3570 406 I‘I
3582 353 3654 408 88

395 479 496 521 nes
523 463 704 518 mundi
729 463 1016 535 appellatio
1041 461 1277 519 refertur
1309 481 1324 517 :
1361 451 1566 518 idcirco
1599 463 1792 532 repetit
1820 465 1964 533 Apo-
1999 474 2045 528 Α
2073 465 2170 519 bus
2197 435 2556 530 crediderant,
2583 469 2746 524 dicit:
2771 487 2790 520 ο
2815 467 2980 524 Vobis
3002 467 3147 524 enim
3175 465 3296 526 dico
3325 467 3600 538 gentibus.
3628 489 3649 522 ι

395 555 588 622 stolus,
618 566 672 611 et
698 555 1042 611 manifestius
1072 556 1127 609 in
1163 571 1272 624 quo
1303 555 1505 609 dixerit
1535 555 1794 609 mundttm
1822 557 1970 610 desi-

393 658 546 718 gnat.
567 649 659 702 Ait
688 649 832 702 enim
859 663 873 699 :
911 667 930 698 ε
963 648 1030 702 Et
1053 647 1343 700 diminutio
1373 646 1485 716 (47)
1515 662 1703 702 eorum
1723 687 1739 710 ,
1767 647 1971 702 divitiae

393 739 659 807 gentium.
707 757 726 790 ι
762 739 914 805 Quod
963 737 1110 792 enim
1143 737 1248 790 illis
1287 739 1376 806 qui
1410 737 1754 793 oll'euderunt
1805 739 1968 792 dimi-

396 837 584 881 nutum
613 838 696 882 est
719 837 774 883 et
793 829 1056 896 ablatum,
1089 829 1155 880 ad
1183 828 1406 883 divitias
1440 830 1680 899 gentium
1710 829 1970 884 collatum

395 927 501 981 est,
532 920 622 986 qui
652 933 748 988 per
771 919 925 974 fidem
944 935 1068 989 pars
1095 921 1306 976 Domini
1324 931 1380 975 et
1411 921 1694 975 haereditas
1717 923 1839 990 ejus
1859 921 1972 992 (48)

402 1005 580 1062 cﬂ’ecti
608 1018 756 1062 sunt.
785 1007 932 1064 Bene
973 1019 1154 1063 autem
1189 1009 1255 1063 ad
1289 1011 1705 1064 diminutionem
1739 1011 1974 1066 reddidit

394 1097 804 1167 plenitudinem.
853 1108 904 1152 et
938 1115 1042 1153 non
1073 1101 1191 1156 sine
1233 1100 1501 1170 profundo
1530 1103 1768 1172 quodam
1808 1119 1970 1156 sensu

391 1196 650 1263 populum
693 1196 858 1251 Israel
893 1197 1091 1252 Paulus
1131 1196 1522 1266 plenitudinem
1555 1203 1732 1248 vocat.
1763 1192 1819 1246 In
1863 1209 1972 1262 quo

393 1303 495 1359 ego
525 1305 624 1358 pro
663 1287 873 1342 viribus
916 1289 1050 1343 meis
1092 1288 1197 1340 tale
1237 1287 1444 1356 aliquid
1484 1283 1772 1354 intelligo:
1815 1283 1972 1338 Nunc

395 1379 615 1446 quidem
658 1379 830 1433 donec
864 1394 1057 1434 omnes
1095 1387 1283 1450 gentes
1335 1379 1563 1432 veniunt
1610 1376 1678 1430 ad
1713 1375 1970 1439 salutem,

395 1481 803 1541 congregantur
831 1471 1030 1524 divitia:
1063 1471 1156 1525 Dei
1188 1485 1253 1524 ex
1289 1469 1627 1523 credentium
1666 1465 1972 1520 multitudi-

395 1576 464 1616 ne
499 1577 516 1614 :
552 1563 645 1615 sed
667 1562 838 1614 donec
862 1559 1028 1614 Israel
1055 1561 1108 1615 in
1139 1560 1518 1614 incredulitate
1549 1557 1812 1626 persistit,
1837 1571 1972 1610 non-

393 1652 522 1709 dum
559 1652 836 1720 plenitudo
870 1653 1138 1721 portionis
1187 1653 1400 1706 Domini
1443 1653 1654 1704 dicetur
1697 1648 1809 1720 (l9)
1851 1665 1971 1704 esse

393 1743 685 1812 completa.
729 1741 886 1795 Deest
910 1743 1054 1796 enim
1101 1744 1168 1796 ad
1208 1744 1474 1813 integrum
1509 1740 1742 1810 populus
1780 1738 1967 1794 Israel.

2072 554 2210 620 Quid
2233 572 2364 626 ergo
2403 559 2550 613 dicat
2599 561 2848 628 gentibus
2881 558 3476 626 videamusuQuaudiu
3530 561 3655 627 qui-

2072 646 2193 698 dem
2226 660 2324 713 ego
2371 663 2511 712 sum,
2549 647 2748 717 inquit,
2785 647 3064 716 apostolus
3103 648 3364 714 gentium,
3401 646 3656 702 ministe-

2073 735 2213 788 rium
2253 753 2432 790 meum
2457 738 2826 804 illustrabo,si
2845 753 2954 808 quo
2985 737 3144 792 modo
3174 739 3228 792 in
3254 737 3654 792 aemulationem

2074 823 2363 878 immittam
2405 841 2626 882 carnem
2658 842 2860 890 meam,
2907 835 2963 880 et
2989 826 3177 880 salvos
3203 823 3406 880 faciam
3439 827 3655 894 aliquos

2072 931 2138 969 ex
2173 917 2304 970 illis.
2341 937 2360 968 ι
2405 919 2554 972 Dicet
2587 918 2786 985 aliquis
2815 935 2831 971 :
2865 918 3020 985 Quod
3049 919 3150 980 ait,
3190 937 3209 968 ί
3247 917 3502 985 Quandiu
3547 932 3652 985 ego

2076 1022 2195 1060 sum
2249 1009 2526 1076 apostolus
2579 1011 2844 1079 gentium,
2883 1029 2903 1061 ι
2937 1009 3037 1064 hoc
3072 1010 3287 1063 videtur
3335 1008 3649 1071 ostendere,

2076 1099 2220 1166 quod
2249 1114 2353 1151 non
2383 1115 2597 1168 semper
2627 1099 2733 1153 erit
2765 1101 3040 1169 apostolus
3059 1100 3299 1170 gentium
3325 1116 3341 1164 ;
3377 1098 3474 1152 sed
3502 1112 3653 1152 coun-

2073 1189 2215 1255 pleto
2240 1189 2562 1252 ministerio,
2607 1189 2836 1244 aliorum
2869 1189 3240 1259 quorumlibet
3277 1187 3554 1257 apostolus
3577 1187 3652 1241 sit

2073 1278 2305 1332 futurus.
2341 1279 2448 1333 Sed
2476 1283 2737 1348 quantum
2789 1289 2844 1334 et
2887 1297 2954 1334 ex
2989 1280 3162 1350 ipsius
3191 1280 3561 1344 sermonibus,
3594 1287 3652 1331 et

2071 1385 2136 1423 ex
2187 1387 2366 1425 rerum
2419 1383 2695 1441 gestarum
2747 1373 2960 1426 ratione
2985 1371 3284 1440 colligitur,
3312 1371 3556 1438 quandiu
3594 1370 3646 1422 in

2073 1462 2176 1516 hoc
2229 1463 2430 1516 mundo
2481 1461 2602 1526 fuit,
2660 1465 3026 1530 permansisse
3086 1462 3140 1516 in
3190 1463 3296 1515 fide
3329 1471 3386 1515 et
3420 1460 3650 1514 veritate

2073 1553 2352 1620 apostolus
2388 1553 2631 1622 gentium
2677 1555 3084 1620 comprobatur.
3140 1551 3280 1618 Quid
3325 1566 3454 1621 ergo
3502 1551 3640 1604 dice-

2073 1657 2192 1694 ntus
2210 1641 2233 1694 ‘I
2251 1640 2652 1710 Nunquidnam,
2690 1651 2942 1710 tanquam
2967 1657 3159 1696 servus
3179 1643 3352 1696 bonus
3373 1651 3429 1696 et
3451 1641 3650 1704 fidelis.

2073 1733 2163 1800 qui
2215 1733 2266 1785 in
2322 1733 2511 1802 paucis
2559 1734 2736 1787 fuerat
2779 1727 2952 1786 fidelis
2998 1733 3066 1801 ⁸ο,
3120 1734 3325 1788 sciebat
3375 1747 3435 1786 se
3485 1747 3652 1801 super

394 1809 674 1889 Cum—vero
687 1833 958 1902 plenitudo
979 1837 1217 1904 gentium
1235 1809 1632 1890 subiutraverit
1649 1831 1717 1890 ³⁵.
1737 1842 1792 1886 et
1813 1830 1968 1886 Israel

2079 1822 2242 1876 multa
2278 1825 2719 1878 constituendum
2739 1865 2755 1887 ,
2783 1835 2837 1878 et
2868 1825 3171 1892 apostolum
3201 1823 3445 1878 futurum
3479 1823 3645 1878 etiam

397 1926 454 1980 in
472 1925 768 1980 novissimo
795 1933 1037 1994 tempore
1065 1941 1162 1996 per
1186 1926 1344 1980 fidem
1384 1923 1590 1978 venerit
1619 1924 1685 1976 ad
1715 1921 1970 1986 salutem,

394 2017 512 2085 ipse
538 2016 643 2070 erit
668 2015 897 2085 pepulus
937 2017 1026 2086 qui
1060 2017 1210 2086 prior
1239 2017 1462 2086 quidem
1495 2013 1708 2079 fuerat;
1747 2013 1840 2067 sed
1871 2026 1972 2067 no-

392 2109 652 2164 uissimus
674 2108 898 2164 veniens
927 2107 1098 2177 ipsam
1125 2105 1526 2176 quodammodo
1555 2103 1890 2158 haereditatis
1917 2111 1972 2156 et

391 2201 663 2270 portiouis
699 2198 912 2255 Domini
965 2197 1356 2266 plenitudinem
1390 2195 1688 2264 complebit
1733 2193 1871 2266 (50).
1903 2193 1972 2247 Et

395 2293 518 2344 ideo
534 2308 564 2342 -σ
597 2290 877 2360 plenitudo
906 2307 926 2341 ι
959 2287 1296 2358 appellatur,
1343 2287 1470 2356 quia
1501 2285 1647 2354 quod
1692 2284 1882 2340 deerat
1915 2283 1968 2337 in

394 2380 643 2448 portione
677 2378 792 2442 Dei,
833 2378 884 2430 in
920 2377 1231 2430 novissimis
1272 2376 1388 2443 ipse
1421 2373 1723 2444 complebit
1755 2390 1768 2424 :
1813 2385 1869 2428 et
1896 2373 1970 2427 ita

392 2469 781 2538 omnipotentis
796 2478 852 2523 et
879 2467 1006 2522 boni
1036 2467 1127 2520 Dei
1157 2467 1491 2536 dispensatio
1521 2465 1714 2520 delicta
1739 2465 1969 2518 aliorum

391 2558 666 2614 fructuosa
700 2559 820 2612 aliis
839 2557 1022 2621 clIicit,
1049 2557 1192 2611 sicut
1220 2557 1272 2610 in
1297 2556 1552 2626 praesenti
1584 2557 1776 2611 delicta
1803 2554 1970 2611 Israel

395 2651 618 2704 divitias
665 2649 850 2702 mundi
887 2648 1033 2712 facit,
1070 2656 1126 2702 et
1161 2647 1574 2702 diminutionem
1607 2663 1796 2702 eorum
1831 2648 1972 2701 divi-

397 2743 500 2795 tias
539 2741 802 2811 gentium.
847 2737 964 2793 .Iant
1010 2745 1141 2792 sane
1179 2737 1223 2792 si
1255 2749 1311 2792 et
1359 2755 1424 2792 ex
1462 2739 1706 2809 gentium
1759 2739 1971 2794 delictis

393 2847 516 2899 qua:
562 2834 870 2886 necessario
903 2831 1242 2900 delinquunt,
1281 2831 1385 2885 tale
1417 2831 1622 2900 aliquid
1657 2831 1820 2885 faciat
1849 2848 1968 2885 ont-

391 2925 540 2977 nium
555 2924 917 2994 dispensator,
938 2934 992 2977 et
1011 2923 1287 2991 aliquibus
1301 2937 1365 2976 ex
1382 2922 1460 2976 eis
1473 2923 1688 2976 divitias
1703 2923 1966 2988 conferat,

393 3029 462 3067 ne
487 3015 590 3068 hoc
635 3016 788 3083 quasi
821 3015 1053 3084 speciale
1078 3015 1247 3068 solius
1285 3014 1450 3068 Israel
1483 3013 1650 3068 fuisse
1683 3014 1964 3082 videatur,

392 3103 488 3156 sed
531 3105 756 3173 a-quitas
799 3105 937 3172 apttd
980 3103 1187 3171 justum
1230 3113 1285 3157 et
1330 3102 1531 3156 bonum
1584 3103 1754 3157 Deum
1807 3119 1968 3172 super

392 3192 646 3250 omnibus
686 3195 970 3258 habeatur,
1004 3193 1170 3250 etiam
1219 3204 1274 3248 tu
1319 3195 1459 3262 apud
1483 3195 1838 3264 .temetipsum
1879 3197 1971 3265 qui

391 3287 548 3357 legis,
582 3288 848 3355 requirito
873 3287 1013 3359 (5|).

465 3380 552 3433 10.
584 3397 610 3430 ι
645 3379 804 3433 Vobis
833 3379 976 3432 enim
1005 3377 1127 3431 dico
1157 3378 1408 3448 gentibus
1439 3393 1451 3430 :
1481 3377 1729 3444 Quandin
1754 3379 1970 3448 quidem

391 3485 494 3541 ego
519 3487 637 3524 sum
674 3469 946 3538 apostolus
973 3469 1231 3539 gentium,
1271 3469 1632 3523 ministerium
1687 3485 1863 3527 meum
1905 3471 1972 3522 il-

397 3559 663 3624 Iustrabo,
688 3561 731 3615 si
748 3574 854 3629 quo
905 3561 1065 3613 modo
1087 3560 1138 3612 in
1153 3558 1549 3612 aemulationem
1565 3559 1970 3631 immittam(5‘2)

393 3669 610 3708 carnem
643 3669 841 3720 meam,
873 3663 930 3708 et
951 3653 1130 3706 salvos
1161 3649 1361 3705 faciam
1391 3652 1608 3720 aliquos
1635 3666 1700 3704 ex
1733 3653 1860 3706 illis.
1909 3651 1966 3706 Si

392 3748 538 3800 enim
565 3745 789 3799 amissio
830 3759 1016 3798 eorum
1063 3742 1439 3798 reconciliatio
1483 3753 1564 3796 est
1604 3745 1809 3807 mundi,
1847 3760 1970 3814 qua:

393 3846 478 3893 est
509 3837 830 3906 assumptio,
874 3835 976 3890 nisi
1011 3836 1120 3893 vita
1147 3850 1213 3888 ex
1252 3835 1572 3890 mortuis"?
1601 3853 1618 3886 ι
1645 3836 1798 3889 Sicut
1827 3852 1971 3905 saepe

393 3929 802 3984 observavimus
855 3929 906 3982 in
956 3929 1059 3982 hac
1114 3927 1352 3998 Epistola
1408 3927 1632 3982 Paulum
1675 3929 1966 3998 aliquando

395 4036 494 4090 pro
522 4019 739 4084 Judteis,
769 4019 1058 4092 aliquanth
1097 4035 1199 4088 pro
1231 4019 1509 4088 gentibus,
1541 4019 1810 4072 interdum
1841 4033 1968 4072 vero

393 4113 461 4166 ad
496 4112 720 4164 alterum
757 4110 971 4171 horum,
1010 4109 1096 4164 vel
1131 4107 1200 4162 ad
1226 4121 1516 4178 utrumque
1551 4109 1730 4163 facere
1758 4125 1966 4162 sermo-

395 4216 536 4262 nem,
575 4201 715 4255 sicut
735 4215 856 4255 cum
887 4199 1124 4264 dicebat,
1152 4217 1172 4250 ί
1211 4199 1266 4252 Si
1297 4211 1478 4254 autem
1534 4208 1587 4254 tu
1617 4197 1840 4253 Iudaeus
1871 4216 1965 4254 co-

395 4293 730 4362 gnominaris
757 4292 826 4356 ³⁸,
857 4309 876 4344 ι
917 4291 1072 4360 quasi
1105 4291 1170 4342 ad
1207 4289 1451 4344 Judmunt
1491 4290 1746 4357 loquens:
1779 4301 1832 4345 et
1865 4291 1965 4343 ite-

395 4399 537 4447 rum,
567 4401 586 4434 r
621 4381 806 4437 Iudico
837 4383 1092 4453 primum,
1135 4393 1189 4437 et
1217 4381 1410 4438 Grtcco
1431 4383 1498 4446 ³³,
1537 4403 1556 4435 ι
1601 4385 1823 4452 loquens
1849 4382 1962 4453 (53)

2074 1923 2195 1983 post
2217 1915 2420 1972 exitum
2451 1929 2610 1968 suum
2641 1930 2744 1968 non
2766 1915 2942 1968 solum
2973 1915 3235 1985 gentium,
3253 1917 3346 1969 sed
3366 1925 3419 1968 et
3443 1913 3653 1968 Israelib

2075 2017 2273 2070 tarum,
2305 2015 2360 2060 et
2391 2005 2621 2060 aliorum
2652 2005 2901 2060 fortassis
2933 2007 3302 2073 invisibilimn,
3331 2005 3403 2060 ihi
3432 2005 3520 2060 ubi
3553 2005 3649 2060 be-

2073 2099 2330 2154 nedicunt
2361 2099 2595 2167 spiritus
2626 2108 2678 2152 el
2707 2099 2902 2154 animae
2943 2100 3218 2169 justorum
3268 2099 3554 2153 Dominum
3575 2097 3646 2162 ⁸⁸,

2073 2188 2333 2260 bynmum
2365 2189 2574 2254 dicunt,
2621 2199 2676 2242 et
2715 2190 3126 2258 superexaltaut
3165 2205 3288 2244 eum
3327 2191 3381 2243 in
3413 2189 3652 2247 saecula?

2070 2279 2152 2334 An
2173 2279 2352 2348 potius
2375 2279 2699 2349 simpliciter
2725 2282 2928 2336 dictum
2955 2280 3066 2352 (54)
3085 2280 3344 2336 debemus
3371 2282 3648 2350 accipere,

2078 2389 2096 2421 ‹
2131 2371 2380 2438 Quandiu
2413 2386 2514 2440 ego
2561 2386 2680 2425 sum
2738 2372 3017 2440 apostolus
3071 2373 3344 2442 gentium,
3377 2390 3396 2424 ι
3425 2371 3565 2426 sicut
3595 2381 3652 2426 et

2073 2464 2332 2518 Dominus
2358 2465 2424 2518 ad
2452 2464 2729 2533 apostolos
2749 2465 2916 2518 dicit:
2945 2484 2963 2516 ε
2998 2464 3062 2518 Et
3091 2479 3218 2520 ecce
3239 2479 3339 2533 ego
3366 2465 3648 2518 vobiscum

2071 2573 2192 2613 sum
2210 2558 2460 2612 omnibus
2475 2557 2686 2622 diebus,
2717 2573 2886 2625 usque
2904 2558 2969 2612 ad
2993 2557 3516 2612 consummationem
3543 2569 3648 2610 ste-

2071 2651 2176 2705 culi
2205 2650 2289 2704 “i
2319 2669 2338 2702 ι
2375 2665 2481 2704 non
2509 2650 2653 2719 quod
2701 2651 2850 2704 dicat
2871 2666 2928 2704 se
2965 2657 3090 2718 post
3119 2648 3645 2702 consummationem

2070 2743 2250 2797 saeculi
2297 2758 2402 2796 non
2432 2741 2670 2796 futurum
2701 2757 2822 2795 cum
2851 2742 2952 2805 eis.
2983 2743 3079 2796 sed
3111 2751 3172 2795 ut
3221 2741 3536 2795 ostenderet
3589 2754 3648 2795 se

2071 2851 2347 2903 nunquam
2377 2835 2446 2889 ab
2487 2836 2570 2890 eis
2617 2835 3010 2899 discessurum,
3040 2853 3060 2884 ε
3104 2849 3274 2902 usque
3306 2835 3369 2886 ad
3397 2849 3652 2886 consum.

2073 2927 2372 2982 mationem
2405 2927 2586 2981 saeculi
2623 2946 2644 2980 ι
2673 2927 2846 2992 dixit;
2877 2927 2949 2980 ita
2982 2938 3039 2982 et
3077 2926 3385 2993 Apostolus,
3419 2943 3438 2975 ι
3475 2926 3660 2990 Quan-

2071 3018 2160 3072 diu
2189 3032 2288 3086 ego
2315 3033 2436 3071 sum
2465 3019 2763 3086 apostolos,
2807 3037 2827 3070 ι
2859 3019 3062 3072 dixisse
3103 3017 3216 3088 (55)
3236 3032 3337 3085 pro
3367 3033 3569 3085 semper
3591 3027 3649 3070 et

2071 3111 2184 3166 sine
2208 3110 2332 3180 ﬁne.
2377 3111 2506 3178 Qua:
2537 3119 2720 3166 autem
2755 3127 2822 3170 ex
2869 3122 3098 3181 utraque
3127 3111 3292 3178 recipi
3323 3111 3520 3163 debeat
3548 3125 3646 3163 ex-

2076 3203 2288 3272 positio,
2328 3204 2690 3274 relinquimus
2716 3204 2944 3270 legentis
2983 3203 3230 3256 arhitrio.
3277 3199 3446 3271 Igitur
3475 3215 3649 3269 quan-

2075 3296 2164 3348 diu
2193 3294 2472 3362 apostolus
2496 3305 2580 3348 est
2609 3294 2849 3364 gentium
2881 3293 3080 3348 Paulus
3111 3291 3471 3346 ministerium
3487 3306 3644 3350 suum

2075 3383 2352 3438 illustrare
2388 3399 2448 3439 se
2483 3385 2614 3438 dicit
2653 3400 2670 3439 :
2712 3394 2766 3439 et
2799 3384 2932 3452 quid
2975 3395 3082 3438 tam
3116 3386 3359 3455 dignum,
3398 3397 3559 3452 quam
3585 3390 3645 3436 ut

2073 3476 2443 3545 unusquisque
2474 3475 2831 3530 ministerium
2859 3490 3014 3529 suum
3045 3475 3179 3545 (56),
3207 3475 3350 3544 quod
3394 3487 3492 3542 per
3545 3472 3638 3528 Dei

2073 3566 2468 3635 providentiam
2505 3567 2744 3636 suscipit,
2785 3565 3048 3621 exornet?
3084 3563 3328 3618 Exornat
3381 3571 3560 3617 autem
3587 3568 3645 3616 et

2073 3653 2310 3708 illustrat
2337 3654 2700 3708 ministerium
2750 3669 2928 3720 suum,
2985 3655 3076 3725 qui
3139 3656 3276 3708 bene
3335 3652 3644 3718 ministrat,

2071 3746 2210 3800 sicut
2241 3747 2554 3801 econtrario
2603 3747 2922 3801 dehonestat
2977 3745 3341 3800 ministerium
3373 3757 3552 3807 suum,
3589 3752 3646 3798 et

2070 3838 2308 3892 notabile
2331 3837 2480 3901 facit,
2515 3834 2681 3910 636
2702 3839 2790 3906 qui
2820 3837 3155 3910 negligenter
3183 3845 3238 3892 et
3269 3837 3490 3906 indigne
3536 3836 3640 3888 mi-

2069 3930 2409 3988 nistraverit.
2463 3930 2622 3985 Verbi
2675 3945 2860 3995 causa,
2912 3931 2966 3985 in
3025 3930 3331 3984 ministerio
3381 3926 3647 3982 Ecclesia:

2072 4040 2092 4073 ι
2122 4023 2408 4088 diaconus,
2443 4021 2642 4090 inquit,
2677 4023 2770 4091 qui
2817 4023 2956 4078 bene
2986 4020 3401 4084 ministraverit,
3441 4018 3640 4077 bonum

2067 4109 2300 4178 gradum
2349 4109 2453 4163 sibi
2486 4109 2744 4178 acquirit,
2789 4121 2850 4165 et
2893 4109 3114 4163 multam
3170 4108 3420 4164 fiduciam
3449 4108 3503 4162 in
3541 4107 3646 4162 ﬁde

2066 4196 2195 4254 Jesu
2228 4201 2431 4254 Christi
2453 4199 2520 4254 ⁸³.
2558 4219 2579 4253 ι
2619 4199 2676 4255 Si
2709 4216 2836 4254 vero
2860 4217 2970 4256 non
3019 4203 3156 4256 bene
3207 4200 3640 4266 ministraverit;

2069 4291 2170 4346 hoc
2204 4301 2310 4353 est,
2343 4292 2386 4346 si
2412 4307 2516 4346 non
2534 4307 2593 4346 se
2617 4293 2778 4346 talem
2810 4292 3119 4347 exhibuerit
3140 4291 3354 4363 qualem
3383 4291 3646 4348 describit
3702 4286 3712 4296 “

2064 4381 2356 4450 Apostolus
2387 4382 2454 4448 ⁸⁸,
2509 4397 2754 4455 gravem,
2810 4401 2914 4440 non
2957 4384 3277 4454 bilinguem,
3327 4397 3434 4436 non
3475 4383 3644 4436 multo

393 4473 548 4540 quasi
573 4475 638 4526 ad
665 4483 981 4542 utrumque;
1017 4475 1088 4526 ita
1119 4490 1262 4526 nunc
1286 4489 1412 4528 vero
1439 4485 1627 4543 aperte
1663 4478 1728 4528 ad
1752 4483 1964 4543 gentes,
1995 4491 2040 4546 ι)
2071 4473 2202 4528 vino
2252 4474 2526 4541 deditum,
2567 4493 2675 4530 non
2725 4479 2894 4546 turpis
2931 4477 3063 4531 lucri
3096 4477 3452 4545 appetitorem
3473 4514 3490 4540 ,
3547 4475 3641 4529 sed

395 4563 499 4617 hoc
525 4573 608 4616 est
632 4563 699 4617 ad
731 4576 824 4617 eos
855 4564 1090 4616 maxime
1113 4565 1204 4632 qui
1245 4564 1296 4617 in
1328 4565 1462 4618 urbe
1495 4563 1666 4618 [tanta
1692 4579 1757 4618 ex
1792 4563 1968 4633 genti-

465 4726 510 4757 “
535 4725 692 4780 Rom.
725 4739 802 4784 ιι,
837 4723 926 4782 25.
972 4725 1044 4794 7"
1080 4725 1304 4780 ibim-15
1330 4740 1480 4794 seqq.

395 4797 440 4828 ⁸³
473 4796 662 4850 Matth.
693 4809 884 4859 xxvm,
919 4793 1044 4882 20..
1089 4795 1136 4827 ⁸³
1165 4797 1181 4849 l
1208 4795 1348 4851 Tim.
1387 4795 1471 4858 tti,
1498 4795 1586 4850 l5.
1647 4795 1842 4849 “ibid.
1873 4794 1927 4848 8.

467 4950 580 5077 (ξτ)
616 4953 716 5009 δίο
749 4973 852 5038 ms.
883 4957 1085 5028 Regius
1113 4958 1438 5042 nulli..165£'i.
1459 4949 1652 5011 Caeteri
1673 4963 1804 5006 vero
1818 4963 1978 5014 mss,

398 5025 474 5078 [Ia
517 5039 652 5078 anus
685 5035 738 5079 et
756 5029 908 5084 editi.
939 5049 958 5082 ι
1004 5030 1128 5084 Ηωο
1157 5031 1464 5084 diunnutto.
1497 5048 1516 5081 ι
1549 5037 1654 5083 etc.

465 5069 1780 5169 ζῖέᾕξῐςάῇίῗῒξιῖιιὲξΤέίξ”ἓ”’‹ἶιὶὶ”ἰ›ἱειῖ”ῑὶάθιιι
1836 5111 1965 5169 pars

399 5163 614 5240 Domini
634 5163 844 5240 effecta
874 5163 998 5240 sunt
1030 5169 1318 5224 haereditas
1339 5163 1484 5240 ejus;
1517 5187 1537 5222 ι

467 5233 578 5304 (49)
616 5234 788 5304 Alias,
821 5253 842 5288 ι
881 5239 1100 5293 dicitur.
1125 5257 1147 5292 ι

467 5303 578 5377 (ἕρ)
613 5303 751 5377 Editi
775 5317 828 5360 et
857 5305 1137 5372 Rahanns,
1170 5325 1191 5360 ι
1224 5306 1513 5377 compleat,
1545 5325 1568 5361 ι
1593 5307 1759 5364 male.

469 5371 580 5454 (5|)
614 5371 865 5454 _l_tar_mss.
885 5371 1212 5454 Editivero,
1243 5393 1266 5454 ε
1303 5371 1422 5454 Iam
1455 5371 1590 5434 sane
1617 5379 1714 5454 ﬂet
1734 5395 1802 5454 ex
1828 5392 1964 5454 gen-

395 5441 755 5518 tiuntdelictis
769 5461 897 5518 (tua:
908 5441 1220 5504 necessario
1231 5445 1575 5516 delinquunt,
1591 5441 1920 5518 tale'aliqt'tid
1944 5465 1959 5502 :

395 5514 632 5587 manium
667 5514 813 5587 enim
847 5517 1214 5587 dispensator,
1245 5529 1300 5571 et
1349 5514 1624 5584 aliquibus
1652 5531 1721 5573 ex
1753 5514 1836 5573 eis
1873 5518 1958 5572 di-

393 5583 556 5662 vitias
586 5583 1055 5662 confert_:_ue_:hoc
1081 5587 1234 5658 quasi
1255 5583 1496 5662 spiritale
1510 5587 1679 5660 solius
1701 5587 1957 5662 Israel....

396 5654 498 5707 ista
521 5653 786 5732 requires
802 5653 1124 5732 Habemus
1133 5653 1299 5732 num;
1315 5653 1454 5732 I639
1468 5657 1756 5732 perperam
1775 5658 1956 5724 habet,

396 5665 498 5707 ista
521 5665 786 5731 require...
802 5665 900 5711 Ms.
921 5665 1118 5729 [tegius
1139 5673 1288 5712 tium.
1315 5665 1454 5732 1639
1459 5665 1756 5788 perperam
1775 5665 1950 5724 habet,

392 5742 418 5776 ι
451 5733 566 5776 non
599 5725 1028 5798 quiaspecialis
1051 5727 1212 5785 alius
1265 5725 1428 5798 Israel
1487 5727 1632 5786 uisse
1668 5727 1950 5792 videatur;

1579 4724 1625 4756 ³³
1645 4724 1805 4779 Rom.
1843 4739 1905 4786 rt,
1944 4723 2032 4778 I7.

2073 4564 2360 4619 habentem
2402 4568 2719 4637 mysrerium
2749 4570 2870 4622 tidei
2917 4570 2970 4624 in
2996 4569 3327 4624 conscientia
3351 4582 3517 4638 pura:
3537 4582 3641 4620 non

2111 4725 2154 4757 "
2181 4725 2335 4780 Rom.
2376 4743 2413 4791 ι,
2439 4727 2528 4782 lli.
2602 4727 2648 4758 “’
2673 4726 2997 4793 Mattlmxv,
3023 4727 3112 4783 εδ.
3207 4727 3250 4758 ⁸¹
3280 4727 3415 4781 Dan.
3448 4743 3525 4788 ut.
3549 4725 3638 4789 86,

2065 4956 2196 5024 sed;
2233 4973 2255 5008 ι
2286 4963 2480 5008 caetera
2514 4967 2644 5008 vero
2672 4961 2737 5024 ut
2761 4952 2814 5024 in
2848 4960 3020 5024 textu.

2144 5021 2258 5097 (δὲ)
2301 5025 2466 5089 Editi,
2495 5042 2515 5076 ι
2552 5022 2945 5089 ltonorificabo,
2973 5021 3018 5076 si
3051 5035 3160 5092 quo
3183 5021 3345 5076 modo
3374 5021 3441 5075 ad
3477 5035 3640 5075 aemu-

2077 5097 2296 5151 landum
2327 5108 2635 5163 provocem,
2673 5112 2692 5144 ι
2721 5103 2826 5146 etc.

2141 5166 2254 5250 ($5)
2297 5159 2976 5250 Loquenstnecdnonet»
3015 5159 3175 5250 paulo
3229 5168 3352 5228 post
3405 5161 3504 5225 ita,
3552 5159 3640 5215 de-

2067 5233 2196 5292 sunt
2230 5233 2284 5290 in
2323 5235 2504 5295 editis,
2537 5243 2593 5288 et
2622 5235 2672 5285 in
2701 5233 2982 5301 plerisque
3015 5247 3148 5286 mss.

2141 5306 2254 5378 (54)
2295 5304 2527 5378 pictum.
2566 5300 2912 5378 Desiderantur
2936 5303 2990 5354 iu
3016 5312 3175 5378 antea
3205 5300 3387 5355 editis.

2137 5368 2250 5449 (55)
2287 5375 2568 5449 _SI(_:JIISS._,
2591 5383 2644 5426 et
2671 5372 2840 5449 editio
2868 5369 3090 5426 Veneta.
3111 5369 3417 5449 “stamen
3439 5368 3640 5449 Ijegius

2067 5439 2241 5501 nu'm.'
2279 5443 2417 5499 I659
2471 5445 2632 5498 habet
2662 5461 2682 5494 ι
2721 5442 2862 5495 dixit
2887 5457 2905 5492 ν
2942 5456 3040 5509 pro
3078 5458 3096 5492 ι
3129 5440 3352 5494 dixisse.
3389 5459 3408 5491 ι
3442 5439 3638 5494 (la-teri

2063 5532 2193 5571 vero
2222 5517 2377 5579 editi,
2414 5533 2433 5565 ‹
2473 5513 2656 5569 εωρυιὶ
2684 5528 2698 5564 :
2731 5513 2944 5566 dicatur
2974 5511 3046 5566 ita
3080 5521 3136 5566 et
3174 5512 3488 5580 Apostolus.
3519 5553 3536 5568 .
3568 5549 3584 5565 .
3617 5548 3633 5565 .

2062 5587 2288 5650 dixisse,
2327 5605 2346 5638 ι
2373 5595 2481 5641 etc.

2131 5655 2248 5729 (56)
2276 5649 2474 5712 Suum.
2529 5652 2690 5711 Deest
2739 5652 2795 5708 in
2847 5651 3002 5708 libris
3036 5659 3194 5710 antea
3241 5649 3402 5708 editis
3433 5649 3524 5708 hic
3581 5657 3635 5711 οι

2061 5727 2223 5784 infra.
