4146 6422
441 322 582 390 1189

1355 338 1714 395 COMMENT.
1757 339 1825 395 IN
1866 338 2087 397 EPIST.
2125 339 2219 395 AD
2256 340 2430 399 ROM.
2467 341 2597 400 LIB.
2634 341 2775 396 VIII.

3544 341 3689 399 H90

432 453 542 524 jam
589 455 787 509 bonum
819 454 1070 524 gradum,
1106 455 1202 510 sed
1234 456 1428 510 malam
1470 459 1574 512 sibi
1606 472 1826 526 ptenam
1878 475 2010 514 con-
2037 468 2085 522 Α
2121 477 2141 511 ι
2169 474 2330 527 opera
2373 476 2392 510 ι
2424 458 2540 528 ejus
2566 473 2585 510 ι
2616 459 2780 522 bona,
2834 453 3182 525 magniﬁcent
3227 454 3450 513 Patrem
3504 460 3599 528 qui
3631 461 3689 514 in

433 545 606 613 quirit
627 542 762 615 (57),
794 553 1046 613 tanquam
1076 545 1167 613 qui
1190 547 1572 602 contumeliam
1595 548 1787 603 fecerit
1814 551 2000 604 divino

440 634 764 689 ministerio.
797 632 1057 689 Similiter
1083 644 1262 692 autem
1298 644 1351 689 et
1396 636 1487 704 qui
1518 637 1840 707 presbyterii
1874 654 2003 706 gra-

436 725 565 778 dum
596 726 823 793 suscipit
849 730 903 781 in
939 726 1204 792 Ecclesia,
1230 728 1367 782 satis
1391 737 1517 796 agat
1544 728 1820 781 illustrare
1854 730 2005 784 mini-

435 818 660 869 Sterium
697 818 1040 888 presbyterii.
1076 819 1155 872 Ad
1194 820 1367 888 ipsum
1421 819 1565 872 enim
1623 820 1901 886 pertinent
1948 830 2004 876 et

437 905 525 963 illa
558 922 676 975 qua:
718 908 784 961 de
820 909 1153 980 presbyteris
1198 911 1265 964 ad
1308 909 1487 963 Titum
1539 913 1731 966 scribit
1771 913 2003 980 Aposto-

437 995 521 1050 lus
545 996 592 1029 "
631 1015 644 1049 :
683 1007 738 1052 et
765 1014 825 1052 ea
857 1015 976 1067 quae
1002 998 1174 1055 Isaias
1227 1002 1439 1067 scribit,
1470 1017 1591 1055 cum
1624 1003 1756 1055 dicit
1783 1019 1793 1053 :
1836 1020 1855 1053 ι
1884 1001 2004 1071 Ipse

438 1088 694 1142 Dominus
725 1090 776 1142 in
797 1090 1005 1159 judicio
1037 1088 1151 1160 (58)
1172 1091 1353 1145 veniet
1382 1106 1515 1144 cum.
1545 1092 1881 1160 presbyteris
1907 1106 2005 1161 po-

436 1182 567 1248 puli,
601 1190 653 1235 et
674 1198 797 1237 cum
822 1182 1151 1251 principibus
1169 1184 1282 1253 ejus
1306 1183 1669 1249 iudicabitur;
1696 1204 1716 1236 ι
1748 1184 1999 1251 etaddit;

443 1290 462 1323 ‹
492 1272 599 1327 Vos
631 1283 807 1328 autem
853 1277 1042 1344 utquid
1083 1276 1412 1330 succenditis
1471 1275 1685 1328 vineam
1716 1289 1914 1338 meam,
1947 1291 2003 1328 et

434 1366 666 1434 direptio
696 1381 990 1436 pauperum
1016 1366 1068 1420 in
1102 1366 1351 1422 domibus
1394 1367 1591 1420 vestris
1624 1366 1742 1420 est?
1773 1363 1841 1420 Ut
1873 1364 2001 1435 quid

433 1455 684 1523 injuriam
720 1456 898 1510 facitis
928 1456 1121 1524 populo
1150 1470 1297 1522 meo,
1326 1463 1381 1509 et
1406 1470 1668 1523 personas
1701 1470 2000 1525 pauperum

432 1549 765 1604 confunditis
792 1548 872 1603 “i
908 1567 927 1600 ι
953 1548 1260 1603 Secundum
1295 1547 1411 1602 haec
1432 1557 1612 1602 autem
1637 1558 1685 1602 et
1712 1548 2002 1614 episcopus

433 1641 668 1695 illustrat
696 1640 1059 1695 ministerium
1098 1654 1256 1694 suum
1288 1638 1344 1692 iit
1369 1638 1706 1707 episcopatu.
1745 1640 1788 1691 si
1820 1640 1889 1691 sit
1915 1653 1997 1691 se-

430 1733 665 1786 cundum
716 1732 854 1801 quod
892 1730 1155 1786 describit
1183 1730 1473 1798 Apostolus
1500 1729 1567 1793 ιτ,
1608 1729 2000 1797 irreprehensi-

431 1823 574 1886 bilis,
606 1824 851 1891 vigilans,
882 1804 1137 1892 prudens,
1161 1829 1415 1884 ornatus,
1454 1818 1759 1886 hOSpitalis,
1790 1818 1996 1882 doctor,

430 1929 537 1968 non
563 1914 885 1979 vinolentus,
920 1927 1026 1967 non
1065 1925 1372 1981 percussor,
1426 1908 1520 1964 sed
1549 1908 1853 1970 modestus;
1887 1922 1994 1961 non

429 2002 714 2069 litigiosus,
748 2019 853 2057 non
881 2017 1099 2069 avarus,
1133 2002 1352 2055 domum
1397 2014 1550 2054 suam
1595 1999 1733 2053 bene
1782 2013 1994 2068 regens,

428 2092 568 2147 filios
593 2094 799 2148 habens
830 2094 883 2146 in
916 2093 1179 2161 obsequio
1225 2106 1347 2145 cum
1380 2090 1528 2144 omni
1566 2090 1857 2159 gravitate,
1885 2106 1995 2144 non

426 2183 602 2240 elatus
624 2184 898 2253 superbia,
933 2198 1000 2238 ne
1027 2183 1080 2237 in
1109 2181 1375 2252 judicium
1406 2180 1612 2235 incidat
1642 2180 1863 2234 diaboli.
1893 2180 1996 2246 Qui

428 2275 554 2330 talis
572 2287 677 2339 est,
712 2275 949 2329 illustrat
976 2274 1339 2328 ministerium
1393 2273 1740 2340 episcopatus
1776 2274 1882 2337 sui,
1929 2284 1991 2326 ut

425 2375 482 2421 et
512 2366 625 2433 ipse
654 2367 839 2420 audiat
863 2382 880 2420 :
902 2383 923 2418 ι
959 2366 1123 2435 Euge,
1150 2379 1309 2420 serve
1341 2364 1480 2418 boue
1507 2374 1561 2417 et
1594 2362 1767 2417 fidelis
1791 2381 1806 2429 ;
1832 2378 1996 2432 super

424 2470 597 2524 pauca
631 2455 779 2511 fuisti
804 2456 1008 2521 ﬁdelis,
1035 2469 1197 2524 super
1226 2453 1393 2509 multa
1421 2463 1472 2509 te
1505 2455 1831 2509 coustituam
1863 2453 1927 2509 ⁸⁸.
1970 2473 1991 2506 ι

427 2548 692 2602 Similiter
721 2557 901 2601 autem
932 2557 985 2601 et
1013 2549 1173 2601 vidua
1197 2548 1242 2580 δ’
1271 2546 1315 2601 si
1349 2554 1666 2615 permaneat
1692 2546 1747 2600 in
1796 2548 1997 2601 oratio-

423 2638 584 2694 nibus
612 2650 667 2694 et
698 2638 1167 2694 obsecrationibus
1203 2647 1362 2693 nocte
1384 2654 1449 2693 ac
1490 2638 1596 2705 die,
1631 2638 1868 2693 illustrat
1896 2641 1997 2693 mi-

424 2729 704 2783 nisterium
738 2730 1022 2785 viduitatis
1052 2747 1184 2785 sum.
1240 2728 1297 2784 Si
1336 2745 1468 2783 vero
1498 2731 1568 2783 sit
1600 2730 1725 2783 talis
1773 2729 1990 2798 qualem

419 2823 708 2892 Apostolus
736 2831 883 2876 notat
907 2823 979 2889 5°,
1013 2823 1207 2886 otiosa,
1235 2832 1291 2877 et
1325 2822 1574 2887 verbosa,
1601 2834 1654 2879 et
1687 2838 1792 2877 nou
1823 2823 1993 2877 solum

419 2916 671 2980 verbosa,
705 2915 798 2970 sed
822 2924 877 2969 et
899 2915 1138 2979 curiosa,
1168 2915 1394 2984 loquens
1432 2930 1552 2984 qum
1586 2930 1690 2968 non
1745 2925 1989 2984 oportet;

420 3019 519 3064 aut
544 3009 616 3064 sit
660 3008 713 3061 in
743 3006 954 3062 deliciis
981 3007 1184 3077 degens
1235 3006 1376 3078 (59),
1425 3016 1481 3061 et
1523 3008 1710 3061 vivens
1742 3019 1989 3072 mortua;

418 3099 536 3155 haec
567 3100 946 3161 dehouoravit,
972 3106 1027 3150 et
1050 3112 1155 3151 non
1191 3097 1485 3151 illustravit
1511 3098 1877 3153 ministerium
1910 3100 1991 3153 vi-
2024 3143 2047 3161 ,.

420 3190 642 3257 duitatis
674 3204 804 3243 sure.
835 3188 1037 3242 Eodem
1073 3191 1231 3241 modo
1264 3187 1434 3241 etiam
1468 3186 1622 3256 virgo
1667 3198 1987 3241 consecrata

418 3280 530 3335 Deo
575 3280 811 3334 illustrat
862 3279 1221 3332 ministerium
1257 3273 1588 3346 virginitatis
1636 3292 1779 3342 suae,
1816 3278 1861 3332 si
1919 3278 1991 3332 sit

416 3379 605 3423 sancta
638 3381 865 3437 corpore
900 3377 955 3421 et
987 3367 1198 3435 spiritu,
1225 3375 1278 3420 et
1304 3382 1409 3419 non
1438 3367 1632 3434 cogitet
1663 3381 1781 3435 qua:
1808 3366 1987 3420 homi-

388 3477 544 3517 Inum
579 3472 727 3526 sunt,
760 3461 852 3515 sed
876 3475 993 3529 quae
1028 3459 1140 3519 Dei,
1173 3458 1442 3527 quomodo
1476 3458 1687 3527 placeat
1708 3458 1815 3513 Deo
1838 3455 1903 3512 ⁵¹.
1928 3458 1987 3513 Si

414 3567 545 3607 vero
575 3552 731 3607 aliter
750 3562 893 3620 agat,
925 3566 1029 3605 non
1063 3551 1234 3605 solum
1269 3548 1383 3621 (60)
1418 3565 1527 3605 non
1557 3551 1798 3606 illustrat
1821 3551 1986 3605 mini-

421 3642 646 3697 sterium
678 3644 1002 3712 virginitatis
1049 3657 1193 3708 sme,
1246 3658 1345 3697 nec
1400 3643 1631 3697 illustrat
1681 3643 1981 3711 lampadem

413 3748 591 3798 suam,
637 3736 731 3789 sed
781 3736 1089 3790 econtrario
1136 3735 1316 3789 lumen
1358 3735 1475 3805 ejus
1515 3735 1900 3804 exstinguitur,
1929 3744 1984 3788 et

411 3825 642 3882 elﬁcitur
667 3843 768 3882 una
793 3828 860 3883 de
892 3827 1272 3896 insipientibus
1302 3827 1618 3897 virginibus.
1645 3825 1768 3880 [Iam
1796 3827 1984 3880 eadem

412 3926 467 3971 et
492 3919 860 3987 unusquisque
880 3920 931 3972 in
961 3918 1199 3973 Ecclesia
1221 3919 1427 3987 positus
1458 3918 1597 3987 apud
1631 3918 1985 3986 semetipsum

414 4016 644 4075 reputet,
684 4018 739 4061 ut
773 4011 825 4062 in
877 4024 1200 4077 quocunque
1246 4009 1365 4062 loco
1416 4017 1545 4072 stat,
1581 4007 1697 4060 sive
1731 4009 1785 4060 in
1816 4009 1986 4071 clero,

409 4101 523 4154 sive
552 4100 603 4152 in
635 4100 812 4168 plebe,
843 4100 1075 4154 illustret
1119 4101 1478 4154 ministerium
1528 4100 1652 4153 fidei
1700 4097 1815 4170 (6|).
1849 4114 1983 4162 suae,

407 4200 465 4247 et
512 4190 645 4245 tales
673 4190 834 4246 faciat
859 4200 1017 4245 actus
1040 4205 1203 4258 suos,
1243 4208 1262 4242 ι
1305 4201 1363 4244 ιιι
1392 4192 1639 4249 videntes
1678 4209 1699 4244 ι
1736 4191 1987 4245 homines

400 4332 405 4337 ’
496 4333 545 4366 ι’
570 4333 676 4387 Tit.
709 4349 748 4398 ι,
798 4332 831 4385 6
862 4347 977 4399 seq.
1074 4334 1123 4365 ⁸⁶
1153 4332 1279 4388 Isat.
1327 4349 1411 4396 ιιι,
1450 4333 1537 4399 li,
1586 4333 1672 4387 15.

407 4488 483 4541 Iv,
514 4473 601 4529 I9.
693 4474 740 4506 “
775 4475 932 4529 Rom.
966 4490 1041 4538 ix,
1068 4475 1123 4531 ’ὃν
1197 4474 1242 4506 ⁵⁷
1351 4475 1392 4529 Il
1423 4474 1547 4529 Cor.
1580 4491 1629 4539 v,
1670 4474 1757 4537 I9,
1789 4473 1878 4528 20.

462 4591 589 4664 agi-5'7)
630 4592 727 4648 Ms.
768 4610 908 4650 unus
959 4593 1157 4661 Regius
1191 4608 1339 4645 num.
1387 4590 1545 4664 16“,
1591 4610 1610 4641 ‹
1647 4592 1742 4643 sed
1779 4590 1980 4664 malum
2014 4598 2061 4654 Ι)

409 4662 510 4714 sibi
536 4660 818 4729 acquirit.»
843 4664 1033 4720 Czeteri
1063 4678 1190 4718 vero
1217 4678 1368 4725 mss.,
1391 4660 1647 4715 Rabanus
1675 4670 1729 4713 ct
1764 4662 1891 4715 editi
1926 4670 1984 4715 tit

406 4733 459 4785 itt
493 4741 661 4784 textu.

477 4800 590 4871 (58)
632 4800 733 4859 Ms.
794 4802 993 4871 Regius
1029 4818 1178 4855 num.
1213 4800 1375 4863 1659,
1436 4820 1455 4852 ι
1513 4801 1565 4853 ἰιι
1611 4800 1912 4871 judicium;
1955 4819 1973 4852 ι

405 4870 584 4924 επιειιί
616 4887 745 4925 vero
778 4888 933 4936 mss.,
964 4874 1223 4926 Rabanus
1266 4882 1320 4923 et
1351 4872 1506 4932 editi,
1542 4888 1561 4921 ι
1598 4874 1651 4923 in
1677 4870 1906 4933 judicio.
1952 4889 1971 4922 ι

406 4941 609 4993 Deinde
659 4942 815 5004 editi,
851 4960 870 4992 ε
904 4942 1194 5009 iudicabit,
1234 4960 1253 4993 ι
1289 4950 1346 4995 et
1368 4941 1442 4997 ita
1484 4940 1773 5006 legendum
1812 4940 1979 5009 qvide-

408 5019 515 5063 tur.
554 5009 683 5067 Mss.
718 5008 1104 5066 tamen'nostri
1137 5026 1328 5065 omnes
1359 5024 1416 5065 et
1445 5010 1701 5064 Rabanus
1731 5008 1974 5077 habent,

408 5098 427 5131 ι
453 5080 807 5148 judicahitur.
839 5099 859 5132 ι

473 5149 585 5217 (59)
630 5151 792 5215 Editi,
821 5168 841 5201 ι
870 5151 965 5204 sed
999 5150 1053 5203 in
1077 5148 1291 5203 deliciis
1318 5163 1508 5217 agens.
1542 5166 1561 5199 ι

471 5218 581 5289 (60)
622 5218 863 5273 Illustrat
896 5220 1246 5273 ministerium
1294 5218 1615 5289 virginitatis
1648 5234 1779 5289 ante,
1817 5219 1864 5271 si
1894 5220 1962 5271 sit

398 5287 582 5343 sancta
599 5304 814 5354 corpore
839 5298 886 5343 et
911 5290 1125 5356 spiritu.
1149 5298 1197 5342 et
1228 5303 1331 5340 non
1356 5288 1543 5356 cogitet
1560 5304 1677 5355 qua:
1699 5287 1964 5341 hominum

397 5367 540 5420 sunt,
582 5360 675 5411 sed
715 5375 833 5428 quae
880 5359 994 5419 Dei,
1043 5359 1301 5429 quomodo
1329 5357 1538 5429 placent
1584 5357 1714 5410 Deo.
1748 5357 1810 5411 Si
1844 5373 1962 5410 vero

380 5429 556 5517 (aliter
594 5426 741 5517 agat,
771 5446 872 5508 non
904 5426 1096 5485 solum.
1150 5427 1274 5479 Ilaec
1327 5426 1572 5517 in‘eldit'is
1604 5441 1709 5479 non
1739 5442 1963 5495 compa-

401 5509 541 5559 rent,
568 5494 661 5552 sed
696 5499 1054 5553 restituuntur
1086 5513 1151 5550 ex
1183 5511 1315 5549 mss.
1349 5503 1404 5548 et
1433 5494 1678 5549 Rabano.

470 5569 583 5637 (6|)
626 5566 786 5632 Editi,
826 5564 1218 5620 «ministerium
1238 5581 1395 5619 suum
1428 5564 1571 5617 tidci.
1609 5583 1628 5615 ι

465 5637 579 5703 (62)
623 5636 786 5703 Editi,
820 5655 839 5688 ι
873 5640 1115 5693 inlirmos
1143 5639 1308 5690 alere.
1342 5654 1362 5686 ›

458 5705 580 5832 365)
621 5702 790 5773 Editi,
875 5717 929 5764 et
961 5707 1264 5777 Rabanus,i
1296 5705 1351 5759 in
1382 5705 1633 5760 abortum
1675 5704 1962 5774 quemdam

494 5793 555 5832 ac
583 5791 669 5832 os.
707 5794 728 5828 υ

398 5786 669 5833 redactos.
707 5794 728 5828 ο

1776 4333 1820 4364 ⁸⁷
1845 4331 1863 4384 I
1890 4331 2027 4385 Tim.
2064 4349 2148 4398 ιιι,
2194 4332 2229 4386 2

406 4404 453 4434 ³⁵⁰
486 4404 618 4457 ibid.
658 4402 850 4471 6,15.
925 4403 1022 4456 ⁸⁸1
1067 4404 1190 4458 Cor.
1264 4418 1360 4465 vn,
1418 4404 1507 4466 59.,
1557 4404 1645 4458 51.
1721 4405 1767 4436 ⁸³
1818 4402 1987 4456 Matth

2093 4419 2123 4467 τ,
2163 4403 2250 4457 16.
2327 4404 2372 4434 ⁸³
2398 4405 2554 4457 Rom.
2601 4404 2790 4466 xtv,:2.

2106 550 2259 605 caelis
2287 558 2371 604 est
2400 551 2470 602 δ’.
2508 569 2526 601 ι
2562 544 2677 604 Hoc
2700 549 2845 605 enim
2881 545 3185 601 faciebatet
3204 546 3405 603 Paulus
3434 547 3689 605 docendo

2103 648 2315 708 gentes,
2349 654 2581 706 quorum
2610 648 2729 693 erat
2761 637 3058 707 apostolus,
3092 644 3148 690 et
3200 636 3539 699 instruendo,
3598 640 3684 692 in-

2108 732 2296 785 tirntos
2321 730 2674 800 "olere|(62),
2709 728 2960 799 parvulos
2977 729 3319 797 lactejalendo
3352 729 3421 794 “,
3451 730 3687 787 robustis

2103 822 2387 877 fortiorem
2406 822 2555 876 verbi
2581 822 2760 876 cibum
2781 819 3090 890 praebendo,
3120 832 3394 887 errantes,
3420 830 3476 875 et
3498 822 3551 875 in
3579 823 3686 876 fide

2105 912 2427 977 titubantes,
2465 927 2529 967 ac
2560 911 2706 965 velut
2739 911 2793 963 in
2861 910 3162 965 abortivum
3215 912 3487 980 quoddam
3521 912 3685 966 reda-

2101 1014 2220 1060 ctos
2241 1004 2354 1074 (65)
2387 1013 2633 1059 materno
2655 1002 2853 1057 all‘ectu
2879 1017 3092 1056 rursum
3119 1002 3488 1069 parturiendo,
3513 1002 3686 1056 donec

2101 1095 2352 1151 Christus
2385 1096 2718 1149 formaretur
2753 1093 2864 1163 (64)
2904 1094 2955 1147 in
2988 1096 3069 1149 eis
3094 1094 3141 1126 ⁵⁸
3172 1113 3183 1146 :
3215 1103 3271 1146 et
3303 1108 3399 1160 per
3422 1093 3538 1147 haec
3566 1110 3684 1148 om-

2104 1201 2189 1239 ma
2247 1186 2575 1240 illustrando
2623 1184 2991 1238 ministerium
3045 1183 3385 1254 apostolatus
3438 1186 3558 1249 sui,
3626 1187 3682 1240 in

2101 1276 2501 1331 aemulationem
2552 1277 2674 1330 ﬁdei
2709 1285 2764 1330 et
2815 1277 2990 1330 zelum
3042 1277 3196 1330 bona:
3250 1279 3684 1334 conversationis

2102 1366 2401 1421 adducebat
2425 1383 2646 1422 carnem
2673 1383 2826 1422 suam
2855 1367 2997 1437 (65),
3036 1367 3090 1421 id
3114 1377 3218 1431 est,
3244 1369 3543 1422 secundum
3569 1384 3689 1423 car-

2103 1474 2226 1513 nein
2257 1468 2556 1525 cognatos;
2590 1468 2648 1511 ut
2680 1460 2722 1512 si
2764 1474 2868 1511 non
2895 1473 3108 1521 omnes,
3133 1458 3347 1526 aliquos
3370 1468 3549 1512 tamen
3574 1459 3687 1513 sal-

2101 1563 2197 1603 vos
2225 1547 2434 1603 faceret
2464 1562 2530 1602 ex
2560 1549 2685 1604 illis.
2727 1550 2819 1604 Sic
2840 1563 2972 1616 ergo
2999 1550 3123 1601 dum
3152 1549 3463 1617 pervigilem
3488 1564 3677 1604 curaui

2100 1647 2154 1692 et
2197 1638 2378 1708 jttgem
2434 1639 2858 1694 sollicitudinem
2904 1655 3034 1709 erga
3087 1641 3390 1693 doctrinam
3438 1641 3680 1712 gentium

2102 1731 2263 1799 gerit,
2298 1739 2351 1783 et
2377 1735 2844 1787 conversationem
2869 1748 3058 1786 eorum
3091 1748 3156 1786 ac
3185 1733 3350 1785 vitam
3380 1733 3537 1787 valde
3560 1749 3683 1803 pro-

2032 1802 2076 1856 Β
2100 1820 2331 1875 habilem
2364 1820 2517 1885 facit,
2554 1822 2800 1877 videntes
2839 1824 2954 1877 haec
2977 1822 3249 1878 lsraelitas
3274 1822 3385 1895 (66)
3408 1824 3498 1894 qui
3523 1832 3683 1895 erant

2106 1914 2320 1981 cognati
2354 1910 2475 1981 ejus
2502 1915 2796 1968 secundum
2820 1921 3044 1968 carnem
3070 1915 3140 1979 ⁵⁸,
3172 1916 3238 1968 ad
3267 1915 3564 1970 imitandos
3584 1930 3680 1969 eos

2098 2005 2189 2071 qui
2221 2004 2510 2072 proficiunt
2554 2005 2608 2059 in
2656 2005 2761 2058 fide
2793 2004 2886 2059 Dei
2922 2005 3138 2071 invitat,
3184 2014 3238 2060 et
3279 2016 3540 2075 provocat
3573 2024 3587 2060 :
3624 2016 3681 2060 et

2097 2104 2182 2149 est
2213 2095 2384 2165 gloria
2416 2095 2701 2152 ministerii
2736 2096 2851 2164 ejus
2881 2111 3002 2150 cum
3032 2113 3098 2149 ex
3129 2097 3440 2152 eruditione
3484 2113 3675 2152 eorum

2098 2185 2261 2239 etiam
2296 2186 2400 2240 illis
2428 2186 2704 2254 profectus
2729 2187 2841 2258 (67)
2866 2189 3183 2243 accesserit.
3209 2208 3227 2240 ι
3252 2186 3309 2242 Si
3333 2190 3475 2241 enim
3507 2189 3682 2243 amis-

2097 2278 2177 2332 sio
2207 2293 2393 2332 corum
2446 2279 2815 2331 reconciliatio
2840 2291 2924 2334 est
2967 2279 3174 2341 mundi,
3210 2295 3329 2348 quae
3355 2290 3439 2334 est
3465 2295 3674 2333 assum-

2098 2368 2234 2436 ptio,
2267 2369 2369 2420 nisi
2402 2370 2512 2420 vita
2543 2384 2607 2422 ex
2637 2369 2903 2423 mortuis?
2936 2387 2954 2420 ι
2992 2368 3105 2422 Hoc
3140 2370 3272 2422 mihi
3300 2370 3589 2425 ostendere
3620 2370 3676 2423 iti

2098 2455 2184 2508 his
2219 2457 2563 2510 sermonibus
2617 2458 2834 2511 videtur
2885 2458 3193 2524 Apostolus,
3257 2459 3401 2528 quod
3461 2458 3677 2526 abiecto

2098 2546 2285 2614 Israel,
2326 2558 2382 2602 et
2419 2549 2484 2601 ad
2511 2558 2699 2617 gentes
2722 2549 3032 2604 necessario
3076 2550 3459 2618 praedicatione
3492 2560 3672 2604 trans-

2096 2638 2225 2703 lata,
2258 2640 2485 2693 mundus
2516 2639 2642 2711 (hoc
2692 2651 2794 2706 est,
2843 2643 3111 2697 universae
3147 2653 3336 2711 gentes
3367 2643 3523 2716 [68])
3582 2658 3671 2697 re-

2099 2731 2426 2786 conciliatus
2458 2744 2542 2786 est
2568 2733 2701 2798 Deo,
2737 2734 3031 2787 secundum
3065 2735 3206 2803 quod
3235 2733 3503 2803 scriptum
3534 2743 3617 2788 cst
3646 2750 3662 2786 :

2103 2842 2121 2875 ι
2169 2823 2306 2891 Quia
2341 2825 2480 2878 Dens
2532 2834 2652 2878 erat
2685 2825 2735 2878 in
2768 2827 2989 2881 Christo
3021 2826 3279 2879 mundum
3312 2824 3677 2880 reconcilians

2096 2914 2219 2979 sibi,
2255 2928 2358 2965 non
2390 2920 2643 2980 reputans
2671 2914 2777 2968 illis
2807 2914 3003 2968 delicta
3050 2915 3290 2982 ipsorum
3321 2915 3402 2979 '7;
3436 2932 3456 2966 ι
3486 2924 3540 2968 et
3567 2916 3672 2968 ite~

2098 3020 2213 3057 rum
2248 3003 2391 3057 sicut
2418 3000 2621 3058 Paulus
2644 3003 2780 3057 dicit
2811 3021 2826 3058 :
2868 3022 2886 3054 ι
2918 3003 3020 3071 Qui
3052 3004 3230 3074 posuit
3281 3005 3332 3057 in
3367 3004 3525 3057 nobis
3550 3019 3673 3059 vcr-
3714 3041 3724 3048 -

2053 3145 2062 3164 ,
2097 3093 2220 3146 bum
2259 3092 2753 3158 reconciliationis;
2785 3110 2804 3145 ι
2855 3109 2952 3163 per
2975 3095 3118 3162 quod
3150 3094 3377 3147 verbum
3409 3094 3623 3149 dicebat
3653 3110 3670 3147 :

2102 3202 2119 3234 ι
2152 3183 2427 3254 Rogamus
2474 3199 2574 3253 pro
2625 3184 2868 3250 Christo,
2919 3183 3349 3238 reconcilianiiui
3394 3184 3521 3239 Deo.
3555 3204 3574 3237 ι
3610 3186 3669 3240 Si

2095 3290 2245 3345 ergo,
2281 3275 2474 3342 inquit,
2506 3272 2814 3329 Israelitica:
2836 3276 3011 3344 gentis
3042 3273 3200 3342 hujus
3222 3273 3455 3340 abjectio
3478 3291 3668 3329 recou-

2096 3367 2422 3419 ciliationem
2450 3365 2705 3434 praestitit
2740 3365 2960 3429 mundo,
2984 3379 3039 3422 et
3054 3367 3098 3420 si
3115 3375 3260 3420 tanta
3285 3367 3521 3439 fuiterga
3536 3382 3672 3436 gen-

2098 3466 2204 3511 tem
2238 3458 2392 3510 istam
2428 3457 2625 3525 gratia,
2660 3472 2778 3525 quae
2800 3456 3010 3512 sublata
3037 3455 3107 3510 ab
3135 3472 3197 3510 ea
3221 3455 3334 3526 (69)
3355 3457 3669 3511 universum

2096 3550 2354 3602 mundum
2388 3549 2496 3601 Deo
2520 3547 3182 3611 reconciliaresufliceret,
3210 3555 3472 3615 quantum
3506 3560 3669 3617 putas

2092 3650 2218 3694 tunc
2239 3639 2533 3694 inerebitur
2556 3641 2805 3699 mundus.
2821 3654 2944 3694 cum
2966 3639 3130 3692 etiam
3152 3652 3285 3707 gens
3302 3638 3403 3691 ista
3423 3639 3672 3692 reconci-

2092 3731 2211 3785 liari
2246 3730 2506 3784 meruerit
2534 3730 2643 3784 Deo
2679 3730 2834 3800 (70)?
2861 3728 2930 3783 Et
2953 3729 3083 3797 quid
3127 3730 3260 3783 illud
3291 3730 3363 3783 sit
3407 3730 3552 3798 quod
3591 3744 3666 3785 ex

2089 3821 2252 3891 637
2286 3819 2725 3874 reconciliatione
2761 3820 2925 3876 Israel
2960 3820 3190 3874 mundus
3220 3810 3493 3888 acquirat,
3526 3821 3654 3874 bre-

2092 3913 2233 3965 viter
2258 3911 2503 3965 ostendit
2549 3911 2775 3966 dicens:
2822 3929 2841 3963 ι
2891 3900 3009 3965 Vita
3050 3927 3119 3965 ex
3150 3912 3400 3965 mortuis.
3435 3929 3455 3963 ι
3512 3909 3665 3964 Tunc

2091 4001 2235 4054 enim
2287 4001 2395 4053 erit
2442 4000 2744 4068 assumptio
2776 3998 2964 4064 Israel,
2997 4000 3215 4068 quando
3241 3999 3349 4068 jam
3379 4005 3435 4052 et
3465 4000 3662 4053 mortui

2092 4092 2257 4144 vitam
2308 4090 2597 4160 recipient,
2625 4101 2681 4146 et
2710 4092 2945 4146 mundus
2978 4107 3046 4145 ex
3093 4090 3430 4160 corruptibili
3477 4090 3665 4144 incor-

2091 4184 2364 4254 ruptibilis
2395 4183 2506 4251 ﬁet,
2546 4192 2601 4238 et
2638 4184 2895 4238 mortales
2926 4184 3339 4238 immortalitate
3371 4182 3662 4239 donabun-

2543 4332 2589 4363 ⁸⁸
2622 4332 2807 4386 Matth.
2856 4348 2986 4395 xxv,
3027 4332 3115 4384 25.
3192 4330 3238 4362 "
3272 4329 3290 4383 I
3321 4329 3463 4383 Titii.
3522 4346 3573 4389 v.
3603 4331 3661 4387 5.

2284 4349 2438 4397 ερηιι.
2543 4349 2589 4363 ’⁸³
2622 4349 2807 4386 51311111.
2856 4349 2986 4395 XXV,
3027 4349 3115 4384 ΖΟ.
3192 4349 3238 4362 ’⁸
3272 4349 3290 4383 Ι
3331 4349 3463 4383 11111.
3522 4349 3573 4389 ν,
3603 4349 3660 4387 ἃ).

2327 4404 2372 4434 ⁸³
2398 4405 2554 4457 Rom.
2601 4419 2710 4465 xiv,
2736 4404 2790 4456 :2.
2868 4405 2914 4435 ⁸⁸
2946 4402 2967 4454 1
3014 4402 3141 4457 Cor.
3171 4416 3254 4465 ιιι,
3281 4399 3338 4456 2.
3406 4401 3453 4431 ⁸⁸
3478 4401 3660 4455 Calai.

2160 4589 2272 4729 (6‘)
2313 4589 2477 4652 Editi,
2520 4608 2538 4640 ι
2584 4589 2866 4643 formetur.
2906 4608 2926 4640 ›

2160 4662 2251 4729 (65
2317 4659 2504 4714 Suam.
2544 4660 2699 4713 Deest
2724 4660 2775 4711 in
2806 4659 2926 4711 libri

2183 4655 2272 4714 65)
2317 4659 2504 4714 Suam.
2544 4660 2699 4713 Deest
2724 4660 2775 4711 in
2806 4659 2958 4713 libris
2982 4666 3137 4711 antea
3173 4655 3357 4711 editis.

2183 4664 2272 4729 65)
2317 4664 2504 4714 Suam.
2544 4664 2699 4713 Deest
2724 4664 2775 4711 in
2806 4664 2958 4713 libris
2982 4666 3137 4711 antea
3173 4664 3357 4711 editis.

2305 4728 2396 4783 Sic
2429 4743 2528 4803 ius.
2558 4729 2921 4803 Regittsnuut.
2960 4728 3114 4803 I639.
3135 4727 3328 4803 (Lallem
3367 4740 3495 4779 vero
3521 4741 3652 4803 mss.

2082 4811 2135 4855 et
2163 4794 2321 4860 editi,
2363 4817 2381 4848 ι
2414 4794 2666 4852 videntes
2715 4801 2828 4852 haec
2857 4797 3131 4852 Israelitaa.
3160 4814 3179 4847 ›
3210 4794 3490 4860 Rabanus,
3527 4814 3547 4847 ι
3574 4799 3655 4851 vi-

2083 4873 2217 4924 dens
2242 4877 2420 4923 autem
2464 4869 2755 4923 Israelitas.
2798 4886 2817 4918 ›

2174 4940 2264 5009 67)
2308 4938 2515 5004 Editi,:
2548 4952 2672 4992 cum
2713 4953 2780 4992 ex
2815 4934 3123 5009 eruditione
3153 4935 3315 4988 etiam
3343 4931 3471 4994 illis.
3497 4950 3517 4984 ι
3541 4942 3650 5009 etc.

2074 5004 2357 5073 Rabantts,
2399 5025 2417 5057 ι
2455 5023 2575 5059 cum
2612 5023 2676 5058 ex
2720 5005 3026 5060 eruditione
3057 5005 3252 5058 horum
3303 5017 3490 5070 atquus
3548 5004 3652 5058 illis

2092 5077 2379 5142 irofectns,
2413 5096 2432 5128 ι
2466 5086 2574 5130 etc.
2627 5076 2750 5134 Mss.
2786 5075 3298 5144 pleriqueucumex
3330 5073 3653 5144 eruditionis

2092 5095 2379 5142 )l'Ulech,
2413 5096 2432 5128 ι
2466 5095 2574 5130 etc.
2627 5095 2750 5134 MSS.
2786 5095 3298 5144 plerique,'t:tltttex
3330 5095 3647 5128 cruutttmttl

2072 5095 2279 5201 honore
2310 5148 2473 5202 etiam
2511 5147 2621 5198 illis
2647 5144 2942 5212 profectus,
2979 5163 2997 5194 ι
3026 5156 3134 5197 etc.
3175 5143 3281 5197 Sed
3312 5142 3515 5197 rectius
3546 5158 3647 5211 ms.

2075 5215 2276 5285 Regius
2302 5232 2451 5269 num.
2479 5214 2615 5269 1659
2649 5222 2705 5267 ιιι
2731 5215 2782 5266 in
2813 5226 3001 5267 nostro
3032 5221 3201 5285 textu_._

2145 5280 2256 5357 (⁷68)
2296 5284 2413 5357 Hoc
2461 5294 2577 5357 est,
2617 5285 2873 5336 universa:
2914 5293 3114 5352 gentes.
3168 5281 3293 5357 Ilaec
3319 5280 3535 5357 “desunt
3592 5283 3645 5334 in

2076 5350 2260 5418 editis,
2288 5356 2417 5409 etin
2447 5356 2717 5422 plerisque
2745 5368 2877 5406 mss.
2905 5350 3113 5405 necnon
3145 5351 3288 5422 apud
3317 5350 3596 5422 Rabanttnt
3622 5367 3639 5414 ;

2070 5426 2164 5479 sed
2204 5421 2645 5491 restitttut’tturexi
2678 5439 2778 5475 ms.
2832 5422 2999 5491 Regio
3033 5421 3361 5475 ttttitt.1659.

2144 5496 2256 5560 (69)
2299 5490 2471 5557 Editi,
2501 5514 2519 5542 ‹
2547 5508 2672 5562 erga
2706 5503 2895 5560 gentes
2917 5487 3022 5545 ista
3055 5491 3248 5559 gratia,
3276 5506 3395 5557 qua:
3430 5487 3642 5543 sublata

2071 5567 2139 5618 ab
2168 5581 2252 5618 co.
2299 5585 2316 5615 ι

2147 5633 2262 5703 (70)
2308 5633 2471 5696 Editi,
2500 5630 2893 5703 ereconciliari
2940 5627 3244 5703 merebitur
3290 5628 3420 5703 lico.
3452 5645 3471 5679 ι
3503 5625 3635 5703 Mss.

2074 5697 2282 5771 Regius
2311 5719 2459 5757 nunt.
2494 5700 2651 5771 1659,
2686 5717 2705 5750 ι
2739 5698 3088 5771 reconciliata
3113 5697 3272 5754 fuerit
3313 5699 3439 5763 Deo.
3480 5716 3500 5748 ι
3530 5697 3637 5751 Sed

2075 5768 2256 5828 caeleri
2295 5787 2425 5828 mss.
2454 5780 2505 5828 et
2532 5769 2788 5824 Rabanus
2820 5779 2878 5822 ut
2901 5768 2965 5838 in.
2991 5777 3161 5827 textu,
