  <div class='ocr_page' id='page_1' title='image "/cluster/home/n/w/nwhite01/storage/ocr_20150623/14:no.4/coo.31924054872928/607.png"; bbox 0 0 4146 6380; ppageno 0'>
   <div class='ocr_carea' id='block_1_1' title="bbox 472 307 607 354">
    <p class='ocr_par' dir='ltr' id='par_1_1' title="bbox 472 307 607 354">
     <span class='ocr_line' id='line_1_1' title="bbox 472 307 607 354; baseline -0.007 -1"><span class='ocrx_word' id='word_1_1' title='bbox 472 307 607 354; x_wconf 62' lang='grc' dir='ltr'>ίιῑι</span> 
     </span>
    </p>
   </div>
   <div class='ocr_carea' id='block_1_2' title="bbox 1949 309 2275 365">
    <p class='ocr_par' dir='ltr' id='par_1_2' title="bbox 1949 309 2275 365">
     <span class='ocr_line' id='line_1_2' title="bbox 1949 309 2275 365; baseline 0.003 -1"><span class='ocrx_word' id='word_1_2' title='bbox 1949 309 2275 365; x_wconf 76' lang='lat' dir='ltr'><strong>ORIGENIS</strong></span> 
     </span>
    </p>
   </div>
   <div class='ocr_carea' id='block_1_3' title="bbox 3614 318 3752 372">
    <p class='ocr_par' dir='ltr' id='par_1_3' title="bbox 3614 318 3752 372">
     <span class='ocr_line' id='line_1_3' title="bbox 3614 318 3752 372; baseline 0.029 -3"><span class='ocrx_word' id='word_1_3' title='bbox 3614 318 3752 372; x_wconf 62' lang='grc' dir='ltr'><strong>Ηυξ).</strong></span> 
     </span>
    </p>
   </div>
   <div class='ocr_carea' id='block_1_4' title="bbox 475 416 3754 504">
    <p class='ocr_par' dir='ltr' id='par_1_4' title="bbox 475 416 3754 504">
     <span class='ocr_line' id='line_1_4' title="bbox 475 416 3754 504; baseline 0.006 -32"><span class='ocrx_word' id='word_1_4' title='bbox 475 428 584 473; x_wconf 91' lang='lat' dir='ltr'><strong>tur.</strong></span> <span class='ocrx_word' id='word_1_5' title='bbox 621 416 929 471; x_wconf 79' lang='lat' dir='ltr'><strong>Absurdum</strong></span> <span class='ocrx_word' id='word_1_6' title='bbox 962 431 1201 487; x_wconf 87' lang='lat' dir='ltr'><strong>namque</strong></span> <span class='ocrx_word' id='word_1_7' title='bbox 1238 418 1518 499; x_wconf 85' lang='lat' dir='ltr'><strong>videretur</strong></span> <span class='ocrx_word' id='word_1_8' title='bbox 1564 423 1610 476; x_wconf 89' lang='lat' dir='ltr'><strong>si</strong></span> <span class='ocrx_word' id='word_1_9' title='bbox 1662 438 1785 478; x_wconf 81' lang='lat' dir='ltr'><strong>cum</strong></span> <span class='ocrx_word' id='word_1_10' title='bbox 1836 425 2068 481; x_wconf 77' lang='lat' dir='ltr'><strong>olIensio</strong></span> <span class='ocrx_word' id='word_1_11' title='bbox 2099 433 2142 491; x_wconf 75' lang='grc' dir='ltr'><strong>Α</strong></span> <span class='ocrx_word' id='word_1_12' title='bbox 2174 440 2280 481; x_wconf 82' lang='lat' dir='ltr'><strong>teni</strong></span> <span class='ocrx_word' id='word_1_13' title='bbox 2325 429 2552 497; x_wconf 81' lang='lat' dir='ltr'><strong>elegerit</strong></span> <span class='ocrx_word' id='word_1_14' title='bbox 2599 429 2782 496; x_wconf 86' lang='lat' dir='ltr'><strong>bona;</strong></span> <span class='ocrx_word' id='word_1_15' title='bbox 2820 438 2915 483; x_wconf 90' lang='lat' dir='ltr'><strong>aut</strong></span> <span class='ocrx_word' id='word_1_16' title='bbox 2963 432 3104 484; x_wconf 86' lang='lat' dir='ltr'><strong>mala</strong></span> <span class='ocrx_word' id='word_1_17' title='bbox 3155 431 3393 498; x_wconf 83' lang='lat' dir='ltr'><strong>dicatur,</strong></span> <span class='ocrx_word' id='word_1_18' title='bbox 3426 434 3473 488; x_wconf 98' lang='lat' dir='ltr'><strong>si</strong></span> <span class='ocrx_word' id='word_1_19' title='bbox 3524 435 3754 504; x_wconf 69' lang='lat' dir='ltr'><strong>elegerit</strong></span> 
     </span>
    </p>
   </div>
   <div class='ocr_carea' id='block_1_5' title="bbox 477 508 2063 585">
    <p class='ocr_par' dir='ltr' id='par_1_5' title="bbox 477 508 2063 585">
     <span class='ocr_line' id='line_1_5' title="bbox 477 508 2063 585; baseline 0.008 -24"><span class='ocrx_word' id='word_1_20' title='bbox 477 508 592 579; x_wconf 81' lang='grc'>(71)</span> <span class='ocrx_word' id='word_1_21' title='bbox 642 511 883 577; x_wconf 91' lang='lat' dir='ltr'><strong>ipsorum</strong></span> <span class='ocrx_word' id='word_1_22' title='bbox 940 509 1449 566; x_wconf 75' lang='lat' dir='ltr'><strong>reconciliationem</strong></span> <span class='ocrx_word' id='word_1_23' title='bbox 1504 517 1707 571; x_wconf 90' lang='lat' dir='ltr'><strong>mundo</strong></span> <span class='ocrx_word' id='word_1_24' title='bbox 1754 517 2063 585; x_wconf 91' lang='lat' dir='ltr'><strong>donaverit,</strong></span> 
     </span>
    </p>
   </div>
   <div class='ocr_carea' id='block_1_6' title="bbox 477 600 2065 677">
    <p class='ocr_par' dir='ltr' id='par_1_6' title="bbox 477 600 2065 677">
     <span class='ocr_line' id='line_1_6' title="bbox 477 600 2065 677; baseline 0.008 -23"><span class='ocrx_word' id='word_1_25' title='bbox 477 600 778 670; x_wconf 76' lang='lat' dir='ltr'><strong>assumptio</strong></span> <span class='ocrx_word' id='word_1_26' title='bbox 825 600 1065 669; x_wconf 90' lang='lat' dir='ltr'><strong>ipsorum</strong></span> <span class='ocrx_word' id='word_1_27' title='bbox 1118 619 1225 658; x_wconf 91' lang='lat' dir='ltr'><strong>non</strong></span> <span class='ocrx_word' id='word_1_28' title='bbox 1285 606 1463 675; x_wconf 80' lang='lat' dir='ltr'><strong>majus</strong></span> <span class='ocrx_word' id='word_1_29' title='bbox 1519 607 1725 677; x_wconf 89' lang='lat' dir='ltr'><strong>aliquid</strong></span> <span class='ocrx_word' id='word_1_30' title='bbox 1766 613 1969 666; x_wconf 91' lang='lat' dir='ltr'><strong>mundo</strong></span> <span class='ocrx_word' id='word_1_31' title='bbox 2010 622 2065 667; x_wconf 89' lang='lat' dir='ltr'><strong>et</strong></span> 
     </span>
    </p>
   </div>
   <div class='ocr_carea' id='block_1_7' title="bbox 474 692 1956 771">
    <p class='ocr_par' dir='ltr' id='par_1_7' title="bbox 474 692 1956 771">
     <span class='ocr_line' id='line_1_7' title="bbox 474 692 1956 771; baseline 0.006 -28"><span class='ocrx_word' id='word_1_32' title='bbox 474 693 822 763; x_wconf 74' lang='lat' dir='ltr'><strong>przrstantius</strong></span> <span class='ocrx_word' id='word_1_33' title='bbox 856 692 1167 771; x_wconf 71' lang='lat' dir='ltr'><strong>largiretur.</strong></span> <span class='ocrx_word' id='word_1_34' title='bbox 1943 696 1956 717; x_wconf 83' lang='lat'><strong>‘</strong></span> 
     </span>
    </p>
   </div>
   <div class='ocr_carea' id='block_1_8' title="bbox 545 782 2062 853">
    <p class='ocr_par' dir='ltr' id='par_1_8' title="bbox 545 782 2062 853">
     <span class='ocr_line' id='line_1_8' title="bbox 545 782 2062 853; baseline 0.01 -19"><span class='ocrx_word' id='word_1_35' title='bbox 545 783 632 835; x_wconf 84' lang='lat' dir='ltr'><strong>ll.</strong></span> <span class='ocrx_word' id='word_1_36' title='bbox 675 800 695 833; x_wconf 88' lang='grc'><em>‹</em></span> <span class='ocrx_word' id='word_1_37' title='bbox 729 782 882 849; x_wconf 87' lang='lat' dir='ltr'><strong>Quod</strong></span> <span class='ocrx_word' id='word_1_38' title='bbox 910 782 955 836; x_wconf 87' lang='lat' dir='ltr'><strong>si</strong></span> <span class='ocrx_word' id='word_1_39' title='bbox 991 783 1248 838; x_wconf 86' lang='lat' dir='ltr'><strong>delibatio</strong></span> <span class='ocrx_word' id='word_1_40' title='bbox 1286 796 1474 841; x_wconf 88' lang='lat' dir='ltr'><strong>saneta</strong></span> <span class='ocrx_word' id='word_1_41' title='bbox 1511 799 1617 853; x_wconf 90' lang='lat' dir='ltr'><strong>est,</strong></span> <span class='ocrx_word' id='word_1_42' title='bbox 1654 801 1711 843; x_wconf 90' lang='lat' dir='ltr'><strong>et</strong></span> <span class='ocrx_word' id='word_1_43' title='bbox 1741 807 1967 847; x_wconf 90' lang='lat' dir='ltr'><strong>massa:</strong></span> <span class='ocrx_word' id='word_1_44' title='bbox 2007 802 2062 849; x_wconf 87' lang='lat' dir='ltr'><strong>et</strong></span> 
     </span>
    </p>
   </div>
   <div class='ocr_carea' id='block_1_9' title="bbox 471 874 2061 952">
    <p class='ocr_par' dir='ltr' id='par_1_9' title="bbox 471 874 2061 952">
     <span class='ocr_line' id='line_1_9' title="bbox 471 874 2061 952; baseline 0.01 -27"><span class='ocrx_word' id='word_1_45' title='bbox 471 874 515 926; x_wconf 91' lang='lat' dir='ltr'><strong>si</strong></span> <span class='ocrx_word' id='word_1_46' title='bbox 554 874 706 928; x_wconf 82' lang='lat' dir='ltr'><strong>radix</strong></span> <span class='ocrx_word' id='word_1_47' title='bbox 739 883 953 940; x_wconf 90' lang='lat' dir='ltr'><strong>sancta,</strong></span> <span class='ocrx_word' id='word_1_48' title='bbox 983 884 1038 928; x_wconf 90' lang='lat' dir='ltr'><strong>et</strong></span> <span class='ocrx_word' id='word_1_49' title='bbox 1071 878 1230 930; x_wconf 90' lang='lat' dir='ltr'><strong>rami.</strong></span> <span class='ocrx_word' id='word_1_50' title='bbox 1288 878 1443 944; x_wconf 85' lang='lat' dir='ltr'><strong>Quod</strong></span> <span class='ocrx_word' id='word_1_51' title='bbox 1484 880 1530 934; x_wconf 91' lang='lat' dir='ltr'><strong>si</strong></span> <span class='ocrx_word' id='word_1_52' title='bbox 1575 882 1742 952; x_wconf 85' lang='lat' dir='ltr'><strong>aliqui</strong></span> <span class='ocrx_word' id='word_1_53' title='bbox 1791 901 1858 938; x_wconf 78' lang='lat' dir='ltr'><strong>ex</strong></span> <span class='ocrx_word' id='word_1_54' title='bbox 1893 889 2061 942; x_wconf 88' lang='lat' dir='ltr'><strong>ramis</strong></span> 
     </span>
    </p>
   </div>
   <div class='ocr_carea' id='block_1_10' title="bbox 469 965 2059 1041">
    <p class='ocr_par' dir='ltr' id='par_1_10' title="bbox 469 965 2059 1041">
     <span class='ocr_line' id='line_1_10' title="bbox 469 965 2059 1041; baseline 0.01 -24"><span class='ocrx_word' id='word_1_55' title='bbox 469 965 624 1019; x_wconf 81' lang='lat' dir='ltr'><strong>fracti</strong></span> <span class='ocrx_word' id='word_1_56' title='bbox 658 977 808 1030; x_wconf 90' lang='lat' dir='ltr'><strong>sunt,</strong></span> <span class='ocrx_word' id='word_1_57' title='bbox 848 977 904 1019; x_wconf 95' lang='lat' dir='ltr'><strong>tu</strong></span> <span class='ocrx_word' id='word_1_58' title='bbox 945 977 1125 1020; x_wconf 89' lang='lat' dir='ltr'><strong>autem</strong></span> <span class='ocrx_word' id='word_1_59' title='bbox 1179 984 1301 1022; x_wconf 90' lang='lat' dir='ltr'><strong>cum</strong></span> <span class='ocrx_word' id='word_1_60' title='bbox 1336 986 1482 1026; x_wconf 89' lang='lat' dir='ltr'><strong>esses</strong></span> <span class='ocrx_word' id='word_1_61' title='bbox 1519 975 1777 1041; x_wconf 75' lang='lat' dir='ltr'><strong>oleaster,</strong></span> <span class='ocrx_word' id='word_1_62' title='bbox 1813 977 2059 1033; x_wconf 86' lang='lat' dir='ltr'><strong>insertus</strong></span> 
     </span>
    </p>
   </div>
   <div class='ocr_carea' id='block_1_11' title="bbox 469 1057 2059 1135">
    <p class='ocr_par' dir='ltr' id='par_1_11' title="bbox 469 1057 2059 1135">
     <span class='ocr_line' id='line_1_11' title="bbox 469 1057 2059 1135; baseline 0.009 -26"><span class='ocrx_word' id='word_1_63' title='bbox 469 1074 527 1110; x_wconf 90' lang='lat' dir='ltr'><strong>es</strong></span> <span class='ocrx_word' id='word_1_64' title='bbox 556 1059 607 1109; x_wconf 90' lang='lat' dir='ltr'><strong>in</strong></span> <span class='ocrx_word' id='word_1_65' title='bbox 639 1057 766 1121; x_wconf 80' lang='lat' dir='ltr'><strong>illis,</strong></span> <span class='ocrx_word' id='word_1_66' title='bbox 798 1067 854 1111; x_wconf 93' lang='lat' dir='ltr'><strong>et</strong></span> <span class='ocrx_word' id='word_1_67' title='bbox 878 1059 1057 1112; x_wconf 86' lang='lat' dir='ltr'><strong>socius</strong></span> <span class='ocrx_word' id='word_1_68' title='bbox 1084 1058 1257 1114; x_wconf 81' lang='lat' dir='ltr'><strong>factus</strong></span> <span class='ocrx_word' id='word_1_69' title='bbox 1283 1076 1342 1114; x_wconf 88' lang='lat' dir='ltr'><strong>es</strong></span> <span class='ocrx_word' id='word_1_70' title='bbox 1389 1064 1589 1118; x_wconf 83' lang='lat' dir='ltr'><strong>radicis</strong></span> <span class='ocrx_word' id='word_1_71' title='bbox 1615 1076 1669 1119; x_wconf 91' lang='lat' dir='ltr'><strong>et</strong></span> <span class='ocrx_word' id='word_1_72' title='bbox 1712 1067 2059 1135; x_wconf 73' lang='lat' dir='ltr'><strong>pinguedinis</strong></span> 
     </span>
    </p>
   </div>
   <div class='ocr_carea' id='block_1_12' title="bbox 464 1149 2059 1227">
    <p class='ocr_par' dir='ltr' id='par_1_12' title="bbox 464 1149 2059 1227">
     <span class='ocr_line' id='line_1_12' title="bbox 464 1149 2059 1227; baseline 0.004 -24"><span class='ocrx_word' id='word_1_73' title='bbox 464 1149 637 1214; x_wconf 68' lang='lat' dir='ltr'><strong>olivm,</strong></span> <span class='ocrx_word' id='word_1_74' title='bbox 677 1150 783 1202; x_wconf 89' lang='lat' dir='ltr'><strong>noli</strong></span> <span class='ocrx_word' id='word_1_75' title='bbox 813 1149 1033 1219; x_wconf 76' lang='lat' dir='ltr'><strong>gloriari</strong></span> <span class='ocrx_word' id='word_1_76' title='bbox 1062 1151 1325 1205; x_wconf 86' lang='lat' dir='ltr'><strong>adversus</strong></span> <span class='ocrx_word' id='word_1_77' title='bbox 1355 1169 1560 1206; x_wconf 90' lang='lat' dir='ltr'><strong>ramos.</strong></span> <span class='ocrx_word' id='word_1_78' title='bbox 1589 1155 1740 1220; x_wconf 83' lang='lat' dir='ltr'><strong>Quod</strong></span> <span class='ocrx_word' id='word_1_79' title='bbox 1777 1158 1819 1210; x_wconf 90' lang='lat' dir='ltr'><strong>si</strong></span> <span class='ocrx_word' id='word_1_80' title='bbox 1854 1158 2059 1227; x_wconf 80' lang='lat' dir='ltr'><strong>gloria—</strong></span> 
     </span>
    </p>
   </div>
   <div class='ocr_carea' id='block_1_13' title="bbox 465 1240 2053 1317">
    <p class='ocr_par' dir='ltr' id='par_1_13' title="bbox 465 1240 2053 1317">
     <span class='ocr_line' id='line_1_13' title="bbox 465 1240 2053 1317; baseline 0.006 -27"><span class='ocrx_word' id='word_1_81' title='bbox 465 1240 562 1301; x_wconf 90' lang='lat' dir='ltr'><strong>ris,</strong></span> <span class='ocrx_word' id='word_1_82' title='bbox 600 1254 707 1293; x_wconf 89' lang='lat' dir='ltr'><strong>non</strong></span> <span class='ocrx_word' id='word_1_83' title='bbox 737 1247 788 1290; x_wconf 89' lang='lat' dir='ltr'><strong>tu</strong></span> <span class='ocrx_word' id='word_1_84' title='bbox 815 1240 1050 1293; x_wconf 89' lang='lat' dir='ltr'><strong>radicem</strong></span> <span class='ocrx_word' id='word_1_85' title='bbox 1079 1250 1285 1308; x_wconf 88' lang='lat' dir='ltr'><strong>portas,</strong></span> <span class='ocrx_word' id='word_1_86' title='bbox 1309 1242 1403 1293; x_wconf 91' lang='lat' dir='ltr'><strong>sed</strong></span> <span class='ocrx_word' id='word_1_87' title='bbox 1432 1244 1583 1296; x_wconf 80' lang='lat' dir='ltr'><strong>radix</strong></span> <span class='ocrx_word' id='word_1_88' title='bbox 1618 1254 1689 1298; x_wconf 92' lang='lat' dir='ltr'><strong>te.</strong></span> <span class='ocrx_word' id='word_1_89' title='bbox 1712 1244 1857 1300; x_wconf 87' lang='lat' dir='ltr'><strong>Dicis</strong></span> <span class='ocrx_word' id='word_1_90' title='bbox 1888 1263 2053 1317; x_wconf 79' lang='lat' dir='ltr'><strong>ergo:</strong></span> 
     </span>
    </p>
   </div>
   <div class='ocr_carea' id='block_1_14' title="bbox 462 1329 2054 1408">
    <p class='ocr_par' dir='ltr' id='par_1_14' title="bbox 462 1329 2054 1408">
     <span class='ocr_line' id='line_1_14' title="bbox 462 1329 2054 1408; baseline 0.008 -26"><span class='ocrx_word' id='word_1_91' title='bbox 462 1329 649 1384; x_wconf 87' lang='lat' dir='ltr'><strong>Fracti</strong></span> <span class='ocrx_word' id='word_1_92' title='bbox 697 1339 822 1383; x_wconf 91' lang='lat' dir='ltr'><strong>sunt</strong></span> <span class='ocrx_word' id='word_1_93' title='bbox 869 1331 1030 1394; x_wconf 89' lang='lat' dir='ltr'><strong>rami,</strong></span> <span class='ocrx_word' id='word_1_94' title='bbox 1081 1341 1138 1385; x_wconf 90' lang='lat' dir='ltr'><strong>ut</strong></span> <span class='ocrx_word' id='word_1_95' title='bbox 1176 1348 1279 1403; x_wconf 76' lang='lat' dir='ltr'><strong>ego</strong></span> <span class='ocrx_word' id='word_1_96' title='bbox 1332 1334 1563 1389; x_wconf 90' lang='lat' dir='ltr'><strong>inserar.</strong></span> <span class='ocrx_word' id='word_1_97' title='bbox 1612 1335 1795 1391; x_wconf 87' lang='lat' dir='ltr'><strong>Bene:</strong></span> <span class='ocrx_word' id='word_1_98' title='bbox 1834 1350 2054 1408; x_wconf 78' lang='lat' dir='ltr'><strong>propter</strong></span> 
     </span>
    </p>
   </div>
   <div class='ocr_carea' id='block_1_15' title="bbox 463 1422 2053 1486">
    <p class='ocr_par' dir='ltr' id='par_1_15' title="bbox 463 1422 2053 1486">
     <span class='ocr_line' id='line_1_15' title="bbox 463 1422 2053 1486; baseline 0.008 -13"><span class='ocrx_word' id='word_1_99' title='bbox 463 1422 898 1477; x_wconf 71' lang='lat' dir='ltr'><strong>incredulitatem</strong></span> <span class='ocrx_word' id='word_1_100' title='bbox 928 1422 1084 1479; x_wconf 80' lang='lat' dir='ltr'><strong>fracti</strong></span> <span class='ocrx_word' id='word_1_101' title='bbox 1121 1435 1265 1479; x_wconf 90' lang='lat' dir='ltr'><strong>sunt.</strong></span> <span class='ocrx_word' id='word_1_102' title='bbox 1302 1424 1382 1478; x_wconf 90' lang='lat' dir='ltr'><strong>Tu</strong></span> <span class='ocrx_word' id='word_1_103' title='bbox 1420 1436 1599 1480; x_wconf 89' lang='lat' dir='ltr'><strong>autem</strong></span> <span class='ocrx_word' id='word_1_104' title='bbox 1639 1428 1744 1483; x_wconf 83' lang='lat' dir='ltr'><strong>ﬁde</strong></span> <span class='ocrx_word' id='word_1_105' title='bbox 1774 1438 1927 1486; x_wconf 87' lang='lat' dir='ltr'><strong>stas:</strong></span> <span class='ocrx_word' id='word_1_106' title='bbox 1955 1446 2053 1485; x_wconf 87' lang='lat' dir='ltr'><strong>no-</strong></span> 
     </span>
    </p>
   </div>
   <div class='ocr_carea' id='block_1_16' title="bbox 464 1515 2047 1588">
    <p class='ocr_par' dir='ltr' id='par_1_16' title="bbox 464 1515 2047 1588">
     <span class='ocr_line' id='line_1_16' title="bbox 464 1515 2047 1588; baseline 0.005 -20"><span class='ocrx_word' id='word_1_107' title='bbox 464 1515 499 1569; x_wconf 93' lang='lat' dir='ltr'><strong>li</strong></span> <span class='ocrx_word' id='word_1_108' title='bbox 535 1517 767 1581; x_wconf 78' lang='lat' dir='ltr'><strong>superbe</strong></span> <span class='ocrx_word' id='word_1_109' title='bbox 795 1532 984 1584; x_wconf 88' lang='lat' dir='ltr'><strong>sapere</strong></span> <span class='ocrx_word' id='word_1_110' title='bbox 1015 1517 1148 1588; x_wconf 67' lang='lat'><strong>(72),</strong></span> <span class='ocrx_word' id='word_1_111' title='bbox 1172 1520 1265 1572; x_wconf 89' lang='lat' dir='ltr'><strong>sed</strong></span> <span class='ocrx_word' id='word_1_112' title='bbox 1315 1521 1462 1573; x_wconf 91' lang='lat' dir='ltr'><strong>time.</strong></span> <span class='ocrx_word' id='word_1_113' title='bbox 1511 1520 1567 1573; x_wconf 89' lang='lat' dir='ltr'><strong>Si</strong></span> <span class='ocrx_word' id='word_1_114' title='bbox 1599 1521 1744 1575; x_wconf 90' lang='lat' dir='ltr'><strong>enim</strong></span> <span class='ocrx_word' id='word_1_115' title='bbox 1782 1523 1922 1577; x_wconf 91' lang='lat' dir='ltr'><strong>Deus</strong></span> <span class='ocrx_word' id='word_1_116' title='bbox 1948 1539 2047 1576; x_wconf 89' lang='lat' dir='ltr'><strong>na-</strong></span> 
     </span>
    </p>
   </div>
   <div class='ocr_carea' id='block_1_17' title="bbox 464 1606 2047 1681">
    <p class='ocr_par' dir='ltr' id='par_1_17' title="bbox 464 1606 2047 1681">
     <span class='ocr_line' id='line_1_17' title="bbox 464 1606 2047 1681; baseline 0.007 -22"><span class='ocrx_word' id='word_1_117' title='bbox 464 1608 731 1662; x_wconf 80' lang='lat' dir='ltr'><strong>turalibus</strong></span> <span class='ocrx_word' id='word_1_118' title='bbox 767 1606 933 1659; x_wconf 87' lang='lat' dir='ltr'><strong>ramis</strong></span> <span class='ocrx_word' id='word_1_119' title='bbox 963 1623 1066 1660; x_wconf 91' lang='lat' dir='ltr'><strong>non</strong></span> <span class='ocrx_word' id='word_1_120' title='bbox 1101 1609 1363 1678; x_wconf 82' lang='lat' dir='ltr'><strong>pepercit,</strong></span> <span class='ocrx_word' id='word_1_121' title='bbox 1395 1625 1494 1664; x_wconf 87' lang='lat' dir='ltr'><strong>nec</strong></span> <span class='ocrx_word' id='word_1_122' title='bbox 1536 1613 1629 1667; x_wconf 89' lang='lat' dir='ltr'><strong>tibi</strong></span> <span class='ocrx_word' id='word_1_123' title='bbox 1662 1624 1870 1681; x_wconf 86' lang='lat' dir='ltr'><strong>parcet.</strong></span> <span class='ocrx_word' id='word_1_124' title='bbox 1914 1616 2047 1671; x_wconf 86' lang='lat' dir='ltr'><strong>Vide</strong></span> 
     </span>
    </p>
   </div>
   <div class='ocr_carea' id='block_1_18' title="bbox 461 1698 2042 1774">
    <p class='ocr_par' dir='ltr' id='par_1_18' title="bbox 461 1698 2042 1774">
     <span class='ocr_line' id='line_1_18' title="bbox 461 1698 2042 1774; baseline 0.006 -23"><span class='ocrx_word' id='word_1_125' title='bbox 461 1713 594 1767; x_wconf 82' lang='lat' dir='ltr'><strong>ergo</strong></span> <span class='ocrx_word' id='word_1_126' title='bbox 622 1698 916 1751; x_wconf 81' lang='lat' dir='ltr'><strong>bonitatem</strong></span> <span class='ocrx_word' id='word_1_127' title='bbox 948 1709 1003 1752; x_wconf 92' lang='lat' dir='ltr'><strong>et</strong></span> <span class='ocrx_word' id='word_1_128' title='bbox 1033 1700 1383 1753; x_wconf 81' lang='lat' dir='ltr'><strong>severitatem</strong></span> <span class='ocrx_word' id='word_1_129' title='bbox 1438 1700 1530 1755; x_wconf 90' lang='lat' dir='ltr'><strong>Dei</strong></span> <span class='ocrx_word' id='word_1_130' title='bbox 1557 1721 1570 1757; x_wconf 88' lang='lat'><strong>:</strong></span> <span class='ocrx_word' id='word_1_131' title='bbox 1617 1703 1670 1757; x_wconf 89' lang='lat' dir='ltr'><strong>in</strong></span> <span class='ocrx_word' id='word_1_132' title='bbox 1701 1719 1798 1759; x_wconf 93' lang='lat' dir='ltr'><strong>eos</strong></span> <span class='ocrx_word' id='word_1_133' title='bbox 1825 1708 2042 1774; x_wconf 78' lang='lat' dir='ltr'><strong>quidem</strong></span> 
     </span>
    </p>
   </div>
   <div class='ocr_carea' id='block_1_19' title="bbox 462 1789 2046 1864">
    <p class='ocr_par' dir='ltr' id='par_1_19' title="bbox 462 1789 2046 1864">
     <span class='ocr_line' id='line_1_19' title="bbox 462 1789 2046 1864; baseline 0.007 -24"><span class='ocrx_word' id='word_1_134' title='bbox 462 1791 551 1857; x_wconf 91' lang='lat' dir='ltr'><strong>qui</strong></span> <span class='ocrx_word' id='word_1_135' title='bbox 586 1789 922 1854; x_wconf 82' lang='lat' dir='ltr'><strong>ceciderunt,</strong></span> <span class='ocrx_word' id='word_1_136' title='bbox 956 1792 1306 1845; x_wconf 81' lang='lat' dir='ltr'><strong>severitatem</strong></span> <span class='ocrx_word' id='word_1_137' title='bbox 1329 1807 1344 1855; x_wconf 88' lang='lat'><strong>;</strong></span> <span class='ocrx_word' id='word_1_138' title='bbox 1365 1793 1416 1845; x_wconf 91' lang='lat' dir='ltr'><strong>in</strong></span> <span class='ocrx_word' id='word_1_139' title='bbox 1443 1802 1494 1846; x_wconf 91' lang='lat' dir='ltr'><strong>te</strong></span> <span class='ocrx_word' id='word_1_140' title='bbox 1517 1803 1697 1849; x_wconf 89' lang='lat' dir='ltr'><strong>autem</strong></span> <span class='ocrx_word' id='word_1_141' title='bbox 1728 1797 2046 1864; x_wconf 88' lang='lat' dir='ltr'><strong>bonitatem,</strong></span> 
     </span>
    </p>
   </div>
   <div class='ocr_carea' id='block_1_20' title="bbox 462 1883 2045 1953">
    <p class='ocr_par' dir='ltr' id='par_1_20' title="bbox 462 1883 2045 1953">
     <span class='ocr_line' id='line_1_20' title="bbox 462 1883 2045 1953; baseline 0.005 -18"><span class='ocrx_word' id='word_1_142' title='bbox 462 1884 506 1935; x_wconf 89' lang='lat' dir='ltr'><strong>si</strong></span> <span class='ocrx_word' id='word_1_143' title='bbox 538 1883 904 1949; x_wconf 86' lang='lat' dir='ltr'><strong>permanseris</strong></span> <span class='ocrx_word' id='word_1_144' title='bbox 940 1883 992 1936; x_wconf 94' lang='lat' dir='ltr'><strong>in</strong></span> <span class='ocrx_word' id='word_1_145' title='bbox 1040 1886 1306 1938; x_wconf 84' lang='lat' dir='ltr'><strong>bonitate.</strong></span> <span class='ocrx_word' id='word_1_146' title='bbox 1350 1884 1606 1953; x_wconf 83' lang='lat' dir='ltr'><strong>Alioquin</strong></span> <span class='ocrx_word' id='word_1_147' title='bbox 1639 1897 1696 1940; x_wconf 92' lang='lat' dir='ltr'><strong>et</strong></span> <span class='ocrx_word' id='word_1_148' title='bbox 1728 1896 1782 1941; x_wconf 91' lang='lat' dir='ltr'><strong>tu</strong></span> <span class='ocrx_word' id='word_1_149' title='bbox 1817 1890 2045 1943; x_wconf 79' lang='lat' dir='ltr'><strong>excide-</strong></span> 
     </span>
    </p>
   </div>
   <div class='ocr_carea' id='block_1_21' title="bbox 462 1975 2048 2045">
    <p class='ocr_par' dir='ltr' id='par_1_21' title="bbox 462 1975 2048 2045">
     <span class='ocr_line' id='line_1_21' title="bbox 462 1975 2048 2045; baseline 0.004 -19"><span class='ocrx_word' id='word_1_150' title='bbox 462 1975 560 2037; x_wconf 86' lang='lat' dir='ltr'><strong>ris,</strong></span> <span class='ocrx_word' id='word_1_151' title='bbox 585 1982 639 2027; x_wconf 87' lang='lat' dir='ltr'><strong>ct</strong></span> <span class='ocrx_word' id='word_1_152' title='bbox 667 1975 765 2038; x_wconf 90' lang='lat' dir='ltr'><strong>illi,</strong></span> <span class='ocrx_word' id='word_1_153' title='bbox 791 1975 836 2028; x_wconf 89' lang='lat' dir='ltr'><strong>si</strong></span> <span class='ocrx_word' id='word_1_154' title='bbox 872 1990 979 2028; x_wconf 83' lang='lat' dir='ltr'><strong>non</strong></span> <span class='ocrx_word' id='word_1_155' title='bbox 1006 1977 1407 2044; x_wconf 86' lang='lat' dir='ltr'><strong>permanserint</strong></span> <span class='ocrx_word' id='word_1_156' title='bbox 1439 1978 1491 2030; x_wconf 88' lang='lat' dir='ltr'><strong>in</strong></span> <span class='ocrx_word' id='word_1_157' title='bbox 1525 1979 1931 2045; x_wconf 85' lang='lat' dir='ltr'><strong>incredulitate,</strong></span> <span class='ocrx_word' id='word_1_158' title='bbox 1966 1983 2048 2034; x_wconf 91' lang='lat' dir='ltr'><strong>in-</strong></span> 
     </span>
    </p>
   </div>
   <div class='ocr_carea' id='block_1_22' title="bbox 460 2064 2046 2126">
    <p class='ocr_par' dir='ltr' id='par_1_22' title="bbox 460 2064 2046 2126">
     <span class='ocr_line' id='line_1_22' title="bbox 460 2064 2046 2126; baseline 0.005 -9"><span class='ocrx_word' id='word_1_159' title='bbox 460 2074 729 2119; x_wconf 89' lang='lat' dir='ltr'><strong>sereutur.</strong></span> <span class='ocrx_word' id='word_1_160' title='bbox 767 2064 967 2120; x_wconf 86' lang='lat' dir='ltr'><strong>Potens</strong></span> <span class='ocrx_word' id='word_1_161' title='bbox 997 2076 1080 2119; x_wconf 90' lang='lat' dir='ltr'><strong>est</strong></span> <span class='ocrx_word' id='word_1_162' title='bbox 1101 2067 1245 2119; x_wconf 90' lang='lat' dir='ltr'><strong>enim</strong></span> <span class='ocrx_word' id='word_1_163' title='bbox 1280 2067 1423 2122; x_wconf 91' lang='lat' dir='ltr'><strong>Deus</strong></span> <span class='ocrx_word' id='word_1_164' title='bbox 1458 2070 1653 2122; x_wconf 89' lang='lat' dir='ltr'><strong>iterum</strong></span> <span class='ocrx_word' id='word_1_165' title='bbox 1691 2071 1935 2126; x_wconf 84' lang='lat' dir='ltr'><strong>inserere</strong></span> <span class='ocrx_word' id='word_1_166' title='bbox 1979 2073 2046 2125; x_wconf 93' lang='lat' dir='ltr'><strong>il-</strong></span> 
     </span>
    </p>
   </div>
   <div class='ocr_carea' id='block_1_23' title="bbox 459 2156 2048 2225">
    <p class='ocr_par' dir='ltr' id='par_1_23' title="bbox 459 2156 2048 2225">
     <span class='ocr_line' id='line_1_23' title="bbox 459 2156 2048 2225; baseline 0.005 -17"><span class='ocrx_word' id='word_1_167' title='bbox 459 2156 561 2210; x_wconf 86' lang='lat' dir='ltr'><strong>los.</strong></span> <span class='ocrx_word' id='word_1_168' title='bbox 600 2157 735 2210; x_wconf 83' lang='lat' dir='ltr'><strong>Nam</strong></span> <span class='ocrx_word' id='word_1_169' title='bbox 771 2158 814 2210; x_wconf 90' lang='lat' dir='ltr'><strong>si</strong></span> <span class='ocrx_word' id='word_1_170' title='bbox 856 2165 910 2210; x_wconf 92' lang='lat' dir='ltr'><strong>tu</strong></span> <span class='ocrx_word' id='word_1_171' title='bbox 945 2172 1013 2210; x_wconf 83' lang='lat' dir='ltr'><strong>ex</strong></span> <span class='ocrx_word' id='word_1_172' title='bbox 1061 2157 1295 2211; x_wconf 90' lang='lat' dir='ltr'><strong>naturali</strong></span> <span class='ocrx_word' id='word_1_173' title='bbox 1326 2159 1562 2215; x_wconf 88' lang='lat' dir='ltr'><strong>oleastro</strong></span> <span class='ocrx_word' id='word_1_174' title='bbox 1594 2162 1814 2216; x_wconf 80' lang='lat' dir='ltr'><strong>excisus</strong></span> <span class='ocrx_word' id='word_1_175' title='bbox 1861 2177 1944 2225; x_wconf 89' lang='lat' dir='ltr'><strong>es,</strong></span> <span class='ocrx_word' id='word_1_176' title='bbox 1993 2172 2048 2216; x_wconf 80' lang='lat' dir='ltr'><strong>et</strong></span> 
     </span>
    </p>
   </div>
   <div class='ocr_carea' id='block_1_24' title="bbox 456 2248 2040 2322">
    <p class='ocr_par' dir='ltr' id='par_1_24' title="bbox 456 2248 2040 2322">
     <span class='ocr_line' id='line_1_24' title="bbox 456 2248 2040 2322; baseline 0.003 -21"><span class='ocrx_word' id='word_1_177' title='bbox 456 2259 648 2301; x_wconf 87' lang='lat' dir='ltr'><strong>contra</strong></span> <span class='ocrx_word' id='word_1_178' title='bbox 676 2260 922 2301; x_wconf 87' lang='lat' dir='ltr'><strong>naturam</strong></span> <span class='ocrx_word' id='word_1_179' title='bbox 944 2248 1180 2304; x_wconf 89' lang='lat' dir='ltr'><strong>insertus</strong></span> <span class='ocrx_word' id='word_1_180' title='bbox 1210 2266 1269 2305; x_wconf 90' lang='lat' dir='ltr'><strong>es</strong></span> <span class='ocrx_word' id='word_1_181' title='bbox 1304 2255 1357 2306; x_wconf 89' lang='lat' dir='ltr'><strong>in</strong></span> <span class='ocrx_word' id='word_1_182' title='bbox 1392 2253 1590 2306; x_wconf 89' lang='lat' dir='ltr'><strong>bonam</strong></span> <span class='ocrx_word' id='word_1_183' title='bbox 1621 2253 1843 2320; x_wconf 91' lang='lat' dir='ltr'><strong>olivam,</strong></span> <span class='ocrx_word' id='word_1_184' title='bbox 1868 2270 2040 2322; x_wconf 89' lang='lat' dir='ltr'><strong>quan-</strong></span> 
     </span>
    </p>
   </div>
   <div class='ocr_carea' id='block_1_25' title="bbox 460 2340 2049 2410">
    <p class='ocr_par' dir='ltr' id='par_1_25' title="bbox 460 2340 2049 2410">
     <span class='ocr_line' id='line_1_25' title="bbox 460 2340 2049 2410; baseline 0.006 -17"><span class='ocrx_word' id='word_1_185' title='bbox 460 2352 515 2394; x_wconf 86' lang='lat' dir='ltr'><strong>to</strong></span> <span class='ocrx_word' id='word_1_186' title='bbox 548 2342 720 2406; x_wconf 79' lang='lat' dir='ltr'><strong>magis</strong></span> <span class='ocrx_word' id='word_1_187' title='bbox 743 2340 794 2392; x_wconf 89' lang='lat' dir='ltr'><strong>hi</strong></span> <span class='ocrx_word' id='word_1_188' title='bbox 829 2342 1135 2395; x_wconf 88' lang='lat' dir='ltr'><strong>secundum</strong></span> <span class='ocrx_word' id='word_1_189' title='bbox 1170 2354 1443 2410; x_wconf 89' lang='lat' dir='ltr'><strong>naturam,</strong></span> <span class='ocrx_word' id='word_1_190' title='bbox 1479 2346 1790 2400; x_wconf 89' lang='lat' dir='ltr'><strong>insereutur</strong></span> <span class='ocrx_word' id='word_1_191' title='bbox 1817 2360 1929 2402; x_wconf 68' lang='lat' dir='ltr'><strong>sum</strong></span> <span class='ocrx_word' id='word_1_192' title='bbox 1949 2348 2049 2402; x_wconf 92' lang='lat' dir='ltr'><strong>oli-</strong></span> 
     </span>
    </p>
   </div>
   <div class='ocr_carea' id='block_1_26' title="bbox 456 2434 2050 2507">
    <p class='ocr_par' dir='ltr' id='par_1_26' title="bbox 456 2434 2050 2507">
     <span class='ocr_line' id='line_1_26' title="bbox 456 2434 2050 2507; baseline 0.008 -25"><span class='ocrx_word' id='word_1_193' title='bbox 456 2447 539 2485; x_wconf 68' lang='lat' dir='ltr'><strong>va:</strong></span> <span class='ocrx_word' id='word_1_194' title='bbox 557 2443 605 2494; x_wconf 60' lang='grc' dir='ltr'><strong>εἰ(</strong></span> <span class='ocrx_word' id='word_1_195' title='bbox 618 2436 812 2493; x_wconf 84' lang='lat' dir='ltr'><strong>Nescio</strong></span> <span class='ocrx_word' id='word_1_196' title='bbox 825 2437 1101 2507; x_wconf 89' lang='lat' dir='ltr'><strong>quomode</strong></span> <span class='ocrx_word' id='word_1_197' title='bbox 1117 2436 1160 2469; x_wconf 82' lang='grc'><strong>⁵⁸</strong></span> <span class='ocrx_word' id='word_1_198' title='bbox 1190 2434 1244 2487; x_wconf 89' lang='lat' dir='ltr'><strong>hi</strong></span> <span class='ocrx_word' id='word_1_199' title='bbox 1276 2436 1368 2501; x_wconf 91' lang='lat' dir='ltr'><strong>qui</strong></span> <span class='ocrx_word' id='word_1_200' title='bbox 1400 2437 1465 2488; x_wconf 91' lang='lat' dir='ltr'><strong>de</strong></span> <span class='ocrx_word' id='word_1_201' title='bbox 1488 2435 1673 2493; x_wconf 82' lang='lat' dir='ltr'><strong>schola</strong></span> <span class='ocrx_word' id='word_1_202' title='bbox 1698 2435 1968 2494; x_wconf 80' lang='lat' dir='ltr'><strong>Valentini</strong></span> <span class='ocrx_word' id='word_1_203' title='bbox 1995 2451 2050 2494; x_wconf 91' lang='lat' dir='ltr'><strong>et</strong></span> 
     </span>
    </p>
   </div>
   <div class='ocr_carea' id='block_1_27' title="bbox 460 2524 2049 2591">
    <p class='ocr_par' dir='ltr' id='par_1_27' title="bbox 460 2524 2049 2591">
     <span class='ocr_line' id='line_1_27' title="bbox 460 2524 2049 2591; baseline 0.006 -14"><span class='ocrx_word' id='word_1_204' title='bbox 460 2524 716 2579; x_wconf 85' lang='lat' dir='ltr'><strong>Basilidis</strong></span> <span class='ocrx_word' id='word_1_205' title='bbox 764 2527 1008 2591; x_wconf 90' lang='lat' dir='ltr'><strong>veniunt,</strong></span> <span class='ocrx_word' id='word_1_206' title='bbox 1046 2527 1164 2581; x_wconf 63' lang='lat' dir='ltr'><strong>haec</strong></span> <span class='ocrx_word' id='word_1_207' title='bbox 1197 2530 1272 2581; x_wconf 92' lang='lat' dir='ltr'><strong>ita</strong></span> <span class='ocrx_word' id='word_1_208' title='bbox 1320 2545 1348 2583; x_wconf 87' lang='lat' dir='ltr'><strong>a</strong></span> <span class='ocrx_word' id='word_1_209' title='bbox 1386 2526 1555 2584; x_wconf 76' lang='lat' dir='ltr'><strong>Paulo</strong></span> <span class='ocrx_word' id='word_1_210' title='bbox 1609 2531 1754 2584; x_wconf 88' lang='lat' dir='ltr'><strong>dicta</strong></span> <span class='ocrx_word' id='word_1_211' title='bbox 1796 2548 1903 2586; x_wconf 90' lang='lat' dir='ltr'><strong>non</strong></span> <span class='ocrx_word' id='word_1_212' title='bbox 1949 2547 2049 2587; x_wconf 89' lang='lat' dir='ltr'><strong>au-</strong></span> 
     </span>
    </p>
   </div>
   <div class='ocr_carea' id='block_1_28' title="bbox 458 2617 2049 2691">
    <p class='ocr_par' dir='ltr' id='par_1_28' title="bbox 458 2617 2049 2691">
     <span class='ocr_line' id='line_1_28' title="bbox 458 2617 2049 2691; baseline 0.004 -20"><span class='ocrx_word' id='word_1_213' title='bbox 458 2617 694 2679; x_wconf 84' lang='lat' dir='ltr'><strong>dientes,</strong></span> <span class='ocrx_word' id='word_1_214' title='bbox 740 2627 933 2687; x_wconf 72' lang='lat' dir='ltr'><strong>putaut</strong></span> <span class='ocrx_word' id='word_1_215' title='bbox 960 2632 1083 2674; x_wconf 87' lang='lat' dir='ltr'><strong>esse</strong></span> <span class='ocrx_word' id='word_1_216' title='bbox 1119 2632 1367 2674; x_wconf 87' lang='lat' dir='ltr'><strong>naturam</strong></span> <span class='ocrx_word' id='word_1_217' title='bbox 1395 2624 1698 2676; x_wconf 88' lang='lat' dir='ltr'><strong>animarum</strong></span> <span class='ocrx_word' id='word_1_218' title='bbox 1739 2638 1859 2691; x_wconf 87' lang='lat' dir='ltr'><strong>quae</strong></span> <span class='ocrx_word' id='word_1_219' title='bbox 1905 2639 2049 2679; x_wconf 90' lang='lat' dir='ltr'><strong>sem-</strong></span> 
     </span>
    </p>
   </div>
   <div class='ocr_carea' id='block_1_29' title="bbox 460 2709 2049 2785">
    <p class='ocr_par' dir='ltr' id='par_1_29' title="bbox 460 2709 2049 2785">
     <span class='ocr_line' id='line_1_29' title="bbox 460 2709 2049 2785; baseline 0.004 -23"><span class='ocrx_word' id='word_1_220' title='bbox 460 2724 558 2777; x_wconf 89' lang='lat' dir='ltr'><strong>per</strong></span> <span class='ocrx_word' id='word_1_221' title='bbox 586 2709 732 2763; x_wconf 87' lang='lat' dir='ltr'><strong>salva</strong></span> <span class='ocrx_word' id='word_1_222' title='bbox 762 2710 929 2775; x_wconf 91' lang='lat' dir='ltr'><strong>sit,et</strong></span> <span class='ocrx_word' id='word_1_223' title='bbox 958 2727 1231 2779; x_wconf 88' lang='lat' dir='ltr'><strong>nunquam</strong></span> <span class='ocrx_word' id='word_1_224' title='bbox 1251 2722 1459 2780; x_wconf 86' lang='lat' dir='ltr'><strong>pereat,</strong></span> <span class='ocrx_word' id='word_1_225' title='bbox 1493 2725 1547 2768; x_wconf 90' lang='lat' dir='ltr'><strong>et</strong></span> <span class='ocrx_word' id='word_1_226' title='bbox 1576 2715 1737 2767; x_wconf 91' lang='lat' dir='ltr'><strong>aliam</strong></span> <span class='ocrx_word' id='word_1_227' title='bbox 1761 2730 1880 2785; x_wconf 73' lang='lat' dir='ltr'><strong>qua:</strong></span> <span class='ocrx_word' id='word_1_228' title='bbox 1905 2730 2049 2770; x_wconf 86' lang='lat' dir='ltr'><strong>sem-</strong></span> 
     </span>
    </p>
   </div>
   <div class='ocr_carea' id='block_1_30' title="bbox 451 2804 2049 2875">
    <p class='ocr_par' dir='ltr' id='par_1_30' title="bbox 451 2804 2049 2875">
     <span class='ocr_line' id='line_1_30' title="bbox 451 2804 2049 2875; baseline 0.005 -23"><span class='ocrx_word' id='word_1_229' title='bbox 451 2814 557 2868; x_wconf 85' lang='lat' dir='ltr'><strong>per</strong></span> <span class='ocrx_word' id='word_1_230' title='bbox 588 2811 796 2868; x_wconf 86' lang='lat' dir='ltr'><strong>pereat,</strong></span> <span class='ocrx_word' id='word_1_231' title='bbox 822 2809 878 2854; x_wconf 88' lang='lat' dir='ltr'><strong>et</strong></span> <span class='ocrx_word' id='word_1_232' title='bbox 922 2817 1197 2870; x_wconf 85' lang='lat' dir='ltr'><strong>uuuquam</strong></span> <span class='ocrx_word' id='word_1_233' title='bbox 1235 2804 1514 2858; x_wconf 89' lang='lat' dir='ltr'><strong>salvetur:</strong></span> <span class='ocrx_word' id='word_1_234' title='bbox 1547 2820 1667 2858; x_wconf 90' lang='lat' dir='ltr'><strong>cum</strong></span> <span class='ocrx_word' id='word_1_235' title='bbox 1701 2816 1886 2875; x_wconf 88' lang='lat' dir='ltr'><strong>aperte</strong></span> <span class='ocrx_word' id='word_1_236' title='bbox 1917 2806 2049 2860; x_wconf 86' lang='lat' dir='ltr'><strong>Pau-</strong></span> 
     </span>
    </p>
   </div>
   <div class='ocr_carea' id='block_1_31' title="bbox 458 2891 2047 2967">
    <p class='ocr_par' dir='ltr' id='par_1_31' title="bbox 458 2891 2047 2967">
     <span class='ocr_line' id='line_1_31' title="bbox 458 2891 2047 2967; baseline 0.006 -24"><span class='ocrx_word' id='word_1_237' title='bbox 458 2891 544 2943; x_wconf 89' lang='lat' dir='ltr'><strong>lus</strong></span> <span class='ocrx_word' id='word_1_238' title='bbox 577 2893 721 2946; x_wconf 73' lang='lat' dir='ltr'><strong>dic.it</strong></span> <span class='ocrx_word' id='word_1_239' title='bbox 772 2892 972 2946; x_wconf 84' lang='lat' dir='ltr'><strong>fractos</strong></span> <span class='ocrx_word' id='word_1_240' title='bbox 1016 2908 1135 2947; x_wconf 90' lang='lat' dir='ltr'><strong>esse</strong></span> <span class='ocrx_word' id='word_1_241' title='bbox 1191 2909 1372 2948; x_wconf 89' lang='lat' dir='ltr'><strong>ramos</strong></span> <span class='ocrx_word' id='word_1_242' title='bbox 1432 2896 1584 2949; x_wconf 81' lang='lat' dir='ltr'><strong>home</strong></span> <span class='ocrx_word' id='word_1_243' title='bbox 1631 2897 1788 2952; x_wconf 76' lang='lat' dir='ltr'><strong>nlivze</strong></span> <span class='ocrx_word' id='word_1_244' title='bbox 1823 2908 2047 2967; x_wconf 87' lang='lat' dir='ltr'><strong>propter</strong></span> 
     </span>
    </p>
   </div>
   <div class='ocr_carea' id='block_1_32' title="bbox 460 2983 2047 3059">
    <p class='ocr_par' dir='ltr' id='par_1_32' title="bbox 460 2983 2047 3059">
     <span class='ocr_line' id='line_1_32' title="bbox 460 2983 2047 3059; baseline 0.004 -24"><span class='ocrx_word' id='word_1_245' title='bbox 460 2983 892 3039; x_wconf 86' lang='lat' dir='ltr'><strong>incredulitatem</strong></span> <span class='ocrx_word' id='word_1_246' title='bbox 929 3001 1103 3049; x_wconf 88' lang='lat' dir='ltr'><strong>suam,</strong></span> <span class='ocrx_word' id='word_1_247' title='bbox 1139 2998 1194 3040; x_wconf 93' lang='lat' dir='ltr'><strong>et</strong></span> <span class='ocrx_word' id='word_1_248' title='bbox 1226 2987 1423 3039; x_wconf 78' lang='lat' dir='ltr'><strong>divina:</strong></span> <span class='ocrx_word' id='word_1_249' title='bbox 1450 2987 1763 3042; x_wconf 86' lang='lat' dir='ltr'><strong>severitatis</strong></span> <span class='ocrx_word' id='word_1_250' title='bbox 1804 2988 1918 3059; x_wconf 79' lang='lat'><strong>(73)</strong></span> <span class='ocrx_word' id='word_1_251' title='bbox 1963 2991 2047 3042; x_wconf 93' lang='lat' dir='ltr'><strong>in-</strong></span> 
     </span>
    </p>
   </div>
   <div class='ocr_carea' id='block_1_33' title="bbox 457 3075 2046 3149">
    <p class='ocr_par' dir='ltr' id='par_1_33' title="bbox 457 3075 2046 3149">
     <span class='ocr_line' id='line_1_33' title="bbox 457 3075 2046 3149; baseline 0.006 -23"><span class='ocrx_word' id='word_1_252' title='bbox 457 3075 695 3145; x_wconf 76' lang='lat' dir='ltr'><strong>diguisse</strong></span> <span class='ocrx_word' id='word_1_253' title='bbox 748 3076 1027 3132; x_wconf 85' lang='lat' dir='ltr'><strong>vindicta:</strong></span> <span class='ocrx_word' id='word_1_254' title='bbox 1077 3087 1132 3131; x_wconf 91' lang='lat' dir='ltr'><strong>et</strong></span> <span class='ocrx_word' id='word_1_255' title='bbox 1177 3094 1366 3132; x_wconf 92' lang='lat' dir='ltr'><strong>rursus</strong></span> <span class='ocrx_word' id='word_1_256' title='bbox 1404 3080 1622 3133; x_wconf 86' lang='lat' dir='ltr'><strong>oleastri</strong></span> <span class='ocrx_word' id='word_1_257' title='bbox 1668 3094 1871 3140; x_wconf 88' lang='lat' dir='ltr'><strong>ramos,</strong></span> <span class='ocrx_word' id='word_1_258' title='bbox 1926 3095 2046 3149; x_wconf 64' lang='lat' dir='ltr'><strong>quin</strong></span> 
     </span>
    </p>
   </div>
   <div class='ocr_carea' id='block_1_34' title="bbox 458 3167 2041 3237">
    <p class='ocr_par' dir='ltr' id='par_1_34' title="bbox 458 3167 2041 3237">
     <span class='ocr_line' id='line_1_34' title="bbox 458 3167 2041 3237; baseline 0.004 -19"><span class='ocrx_word' id='word_1_259' title='bbox 458 3167 599 3230; x_wconf 88' lang='lat' dir='ltr'><strong>apud</strong></span> <span class='ocrx_word' id='word_1_260' title='bbox 637 3167 757 3220; x_wconf 89' lang='lat' dir='ltr'><strong>illos</strong></span> <span class='ocrx_word' id='word_1_261' title='bbox 794 3176 986 3221; x_wconf 88' lang='lat' dir='ltr'><strong>natura</strong></span> <span class='ocrx_word' id='word_1_262' title='bbox 1019 3170 1231 3237; x_wconf 88' lang='lat' dir='ltr'><strong>perdita</strong></span> <span class='ocrx_word' id='word_1_263' title='bbox 1265 3170 1511 3237; x_wconf 90' lang='lat' dir='ltr'><strong>ponitur,</strong></span> <span class='ocrx_word' id='word_1_264' title='bbox 1544 3169 1779 3223; x_wconf 86' lang='lat' dir='ltr'><strong>insertos</strong></span> <span class='ocrx_word' id='word_1_265' title='bbox 1800 3184 1925 3224; x_wconf 87' lang='lat' dir='ltr'><strong>esse</strong></span> <span class='ocrx_word' id='word_1_266' title='bbox 1961 3185 2041 3223; x_wconf 88' lang='lat' dir='ltr'><strong>ra-</strong></span> 
     </span>
    </p>
   </div>
   <div class='ocr_carea' id='block_1_35' title="bbox 456 3261 2042 3332">
    <p class='ocr_par' dir='ltr' id='par_1_35' title="bbox 456 3261 2042 3332">
     <span class='ocr_line' id='line_1_35' title="bbox 456 3261 2042 3332; baseline 0.004 -21"><span class='ocrx_word' id='word_1_267' title='bbox 456 3261 561 3313; x_wconf 88' lang='lat' dir='ltr'><strong>dici</strong></span> <span class='ocrx_word' id='word_1_268' title='bbox 587 3269 639 3312; x_wconf 82' lang='lat' dir='ltr'><strong>et</strong></span> <span class='ocrx_word' id='word_1_269' title='bbox 679 3262 991 3331; x_wconf 83' lang='lat' dir='ltr'><strong>piugnediui</strong></span> <span class='ocrx_word' id='word_1_270' title='bbox 1019 3262 1193 3315; x_wconf 67' lang='lat' dir='ltr'><strong>olivae.</strong></span> <span class='ocrx_word' id='word_1_271' title='bbox 1234 3262 1339 3316; x_wconf 85' lang='lat' dir='ltr'><strong>Sed</strong></span> <span class='ocrx_word' id='word_1_272' title='bbox 1372 3263 1478 3315; x_wconf 89' lang='lat' dir='ltr'><strong>illis</strong></span> <span class='ocrx_word' id='word_1_273' title='bbox 1511 3263 1731 3332; x_wconf 90' lang='lat' dir='ltr'><strong>quidem</strong></span> <span class='ocrx_word' id='word_1_274' title='bbox 1777 3277 1876 3331; x_wconf 92' lang='lat' dir='ltr'><strong>per</strong></span> <span class='ocrx_word' id='word_1_275' title='bbox 1924 3263 2042 3317; x_wconf 68' lang='lat' dir='ltr'><strong>haec</strong></span> 
     </span>
    </p>
   </div>
   <div class='ocr_carea' id='block_1_36' title="bbox 454 3350 2037 3426">
    <p class='ocr_par' dir='ltr' id='par_1_36' title="bbox 454 3350 2037 3426">
     <span class='ocr_line' id='line_1_36' title="bbox 454 3350 2037 3426; baseline 0.004 -25"><span class='ocrx_word' id='word_1_276' title='bbox 454 3350 616 3407; x_wconf 71' lang='lat' dir='ltr'><strong>facile</strong></span> <span class='ocrx_word' id='word_1_277' title='bbox 644 3368 961 3420; x_wconf 85' lang='lat' dir='ltr'><strong>responsum</strong></span> <span class='ocrx_word' id='word_1_278' title='bbox 992 3353 1064 3409; x_wconf 91' lang='lat' dir='ltr'><strong>sit</strong></span> <span class='ocrx_word' id='word_1_279' title='bbox 1095 3353 1232 3426; x_wconf 69' lang='lat'><strong>(74).</strong></span> <span class='ocrx_word' id='word_1_280' title='bbox 1266 3354 1631 3408; x_wconf 85' lang='lat' dir='ltr'><strong>Nihilominus</strong></span> <span class='ocrx_word' id='word_1_281' title='bbox 1654 3363 1837 3408; x_wconf 91' lang='lat' dir='ltr'><strong>autem</strong></span> <span class='ocrx_word' id='word_1_282' title='bbox 1870 3355 2037 3408; x_wconf 86' lang='lat' dir='ltr'><strong>etiam</strong></span> 
     </span>
    </p>
   </div>
   <div class='ocr_carea' id='block_1_37' title="bbox 458 3439 2038 3507">
    <p class='ocr_par' dir='ltr' id='par_1_37' title="bbox 458 3439 2038 3507">
     <span class='ocr_line' id='line_1_37' title="bbox 458 3439 2038 3507; baseline 0.001 -14"><span class='ocrx_word' id='word_1_283' title='bbox 458 3439 732 3507; x_wconf 88' lang='lat' dir='ltr'><strong>nobisqui</strong></span> <span class='ocrx_word' id='word_1_284' title='bbox 773 3458 936 3495; x_wconf 91' lang='lat' dir='ltr'><strong>unam</strong></span> <span class='ocrx_word' id='word_1_285' title='bbox 969 3458 1091 3497; x_wconf 89' lang='lat' dir='ltr'><strong>esse</strong></span> <span class='ocrx_word' id='word_1_286' title='bbox 1123 3454 1375 3496; x_wconf 90' lang='lat' dir='ltr'><strong>naturam</strong></span> <span class='ocrx_word' id='word_1_287' title='bbox 1429 3444 1675 3496; x_wconf 91' lang='lat' dir='ltr'><strong>omnium</strong></span> <span class='ocrx_word' id='word_1_288' title='bbox 1731 3442 2038 3506; x_wconf 77' lang='lat' dir='ltr'><strong>hominum,</strong></span> 
     </span>
    </p>
   </div>
   <div class='ocr_carea' id='block_1_38' title="bbox 457 3532 2040 3604">
    <p class='ocr_par' dir='ltr' id='par_1_38' title="bbox 457 3532 2040 3604">
     <span class='ocr_line' id='line_1_38' title="bbox 457 3532 2040 3604; baseline -0.001 -17"><span class='ocrx_word' id='word_1_289' title='bbox 457 3533 569 3587; x_wconf 90' lang='lat' dir='ltr'><strong>imo</strong></span> <span class='ocrx_word' id='word_1_290' title='bbox 597 3532 711 3604; x_wconf 83' lang='lat'><strong>(75)</strong></span> <span class='ocrx_word' id='word_1_291' title='bbox 751 3536 994 3589; x_wconf 89' lang='lat' dir='ltr'><strong>omnium</strong></span> <span class='ocrx_word' id='word_1_292' title='bbox 1028 3535 1433 3589; x_wconf 88' lang='lat' dir='ltr'><strong>rationabilium</strong></span> <span class='ocrx_word' id='word_1_293' title='bbox 1469 3535 1721 3598; x_wconf 91' lang='lat' dir='ltr'><strong>dicimus,</strong></span> <span class='ocrx_word' id='word_1_294' title='bbox 1764 3543 1821 3588; x_wconf 89' lang='lat' dir='ltr'><strong>et</strong></span> <span class='ocrx_word' id='word_1_295' title='bbox 1850 3533 1917 3586; x_wconf 91' lang='lat' dir='ltr'><strong>ad</strong></span> <span class='ocrx_word' id='word_1_296' title='bbox 1948 3549 2040 3587; x_wconf 86' lang='lat' dir='ltr'><strong>sa-</strong></span> 
     </span>
    </p>
   </div>
   <div class='ocr_carea' id='block_1_39' title="bbox 456 3627 2041 3695">
    <p class='ocr_par' dir='ltr' id='par_1_39' title="bbox 456 3627 2041 3695">
     <span class='ocr_line' id='line_1_39' title="bbox 456 3627 2041 3695; baseline 0.001 -17"><span class='ocrx_word' id='word_1_297' title='bbox 456 3627 620 3680; x_wconf 89' lang='lat' dir='ltr'><strong>lutem</strong></span> <span class='ocrx_word' id='word_1_298' title='bbox 665 3627 953 3695; x_wconf 78' lang='lat' dir='ltr'><strong>aequaliter</strong></span> <span class='ocrx_word' id='word_1_299' title='bbox 1000 3628 1257 3694; x_wconf 87' lang='lat' dir='ltr'><strong>habilem,</strong></span> <span class='ocrx_word' id='word_1_300' title='bbox 1292 3637 1349 3682; x_wconf 92' lang='lat' dir='ltr'><strong>et</strong></span> <span class='ocrx_word' id='word_1_301' title='bbox 1378 3629 1443 3681; x_wconf 89' lang='lat' dir='ltr'><strong>ad</strong></span> <span class='ocrx_word' id='word_1_302' title='bbox 1479 3627 1837 3695; x_wconf 87' lang='lat' dir='ltr'><strong>perditionem</strong></span> <span class='ocrx_word' id='word_1_303' title='bbox 1862 3627 1905 3679; x_wconf 88' lang='lat' dir='ltr'><strong>si</strong></span> <span class='ocrx_word' id='word_1_304' title='bbox 1944 3639 2041 3679; x_wconf 92' lang='lat' dir='ltr'><strong>ne-</strong></span> 
     </span>
    </p>
   </div>
   <div class='ocr_carea' id='block_1_40' title="bbox 453 3716 2040 3789">
    <p class='ocr_par' dir='ltr' id='par_1_40' title="bbox 453 3716 2040 3789">
     <span class='ocr_line' id='line_1_40' title="bbox 453 3716 2040 3789; baseline 0.001 -19"><span class='ocrx_word' id='word_1_305' title='bbox 453 3718 642 3786; x_wconf 80' lang='lat' dir='ltr'><strong>gligat,</strong></span> <span class='ocrx_word' id='word_1_306' title='bbox 667 3721 886 3773; x_wconf 90' lang='lat' dir='ltr'><strong>occurri</strong></span> <span class='ocrx_word' id='word_1_307' title='bbox 918 3729 1100 3789; x_wconf 88' lang='lat' dir='ltr'><strong>potest</strong></span> <span class='ocrx_word' id='word_1_308' title='bbox 1121 3728 1173 3774; x_wconf 91' lang='lat' dir='ltr'><strong>et</strong></span> <span class='ocrx_word' id='word_1_309' title='bbox 1198 3721 1306 3774; x_wconf 90' lang='lat' dir='ltr'><strong>dici</strong></span> <span class='ocrx_word' id='word_1_310' title='bbox 1333 3738 1347 3773; x_wconf 92' lang='lat'><strong>:</strong></span> <span class='ocrx_word' id='word_1_311' title='bbox 1375 3719 1655 3785; x_wconf 84' lang='lat' dir='ltr'><strong>Quomodo</strong></span> <span class='ocrx_word' id='word_1_312' title='bbox 1687 3732 1817 3788; x_wconf 82' lang='lat' dir='ltr'><strong>ergo</strong></span> <span class='ocrx_word' id='word_1_313' title='bbox 1837 3716 2040 3771; x_wconf 86' lang='lat' dir='ltr'><strong>Paulus</strong></span> 
     </span>
    </p>
   </div>
   <div class='ocr_carea' id='block_1_41' title="bbox 453 3801 2039 3882">
    <p class='ocr_par' dir='ltr' id='par_1_41' title="bbox 453 3801 2039 3882">
     <span class='ocr_line' id='line_1_41' title="bbox 453 3801 2039 3882; baseline 0 -18"><span class='ocrx_word' id='word_1_314' title='bbox 453 3801 652 3864; x_wconf 69' lang='lat' dir='ltr'><strong>olivam</strong></span> <span class='ocrx_word' id='word_1_315' title='bbox 697 3810 895 3865; x_wconf 88' lang='lat' dir='ltr'><strong>bonam</strong></span> <span class='ocrx_word' id='word_1_316' title='bbox 930 3822 984 3866; x_wconf 90' lang='lat' dir='ltr'><strong>et</strong></span> <span class='ocrx_word' id='word_1_317' title='bbox 1033 3813 1331 3868; x_wconf 89' lang='lat' dir='ltr'><strong>oleastrum</strong></span> <span class='ocrx_word' id='word_1_318' title='bbox 1377 3814 1550 3882; x_wconf 90' lang='lat' dir='ltr'><strong>ponit,</strong></span> <span class='ocrx_word' id='word_1_319' title='bbox 1588 3826 1710 3865; x_wconf 90' lang='lat' dir='ltr'><strong>eum</strong></span> <span class='ocrx_word' id='word_1_320' title='bbox 1755 3811 1945 3879; x_wconf 88' lang='lat' dir='ltr'><strong>utique</strong></span> <span class='ocrx_word' id='word_1_321' title='bbox 1994 3811 2039 3864; x_wconf 92' lang='lat' dir='ltr'><strong>si</strong></span> 
     </span>
    </p>
   </div>
   <div class='ocr_carea' id='block_1_42' title="bbox 456 3901 2040 3974">
    <p class='ocr_par' dir='ltr' id='par_1_42' title="bbox 456 3901 2040 3974">
     <span class='ocr_line' id='line_1_42' title="bbox 456 3901 2040 3974; baseline 0.001 -20"><span class='ocrx_word' id='word_1_322' title='bbox 456 3918 617 3955; x_wconf 87' lang='lat' dir='ltr'><strong>uuam</strong></span> <span class='ocrx_word' id='word_1_323' title='bbox 653 3905 821 3958; x_wconf 88' lang='lat' dir='ltr'><strong>sciret</strong></span> <span class='ocrx_word' id='word_1_324' title='bbox 854 3919 977 3959; x_wconf 88' lang='lat' dir='ltr'><strong>esse</strong></span> <span class='ocrx_word' id='word_1_325' title='bbox 1006 3916 1257 3958; x_wconf 87' lang='lat' dir='ltr'><strong>naturam</strong></span> <span class='ocrx_word' id='word_1_326' title='bbox 1291 3906 1555 3969; x_wconf 91' lang='lat' dir='ltr'><strong>omnium,</strong></span> <span class='ocrx_word' id='word_1_327' title='bbox 1590 3904 1792 3957; x_wconf 77' lang='lat' dir='ltr'><strong>diversi</strong></span> <span class='ocrx_word' id='word_1_328' title='bbox 1824 3901 2040 3974; x_wconf 76' lang='lat' dir='ltr'><strong>generis</strong></span> 
     </span>
    </p>
   </div>
   <div class='ocr_carea' id='block_1_43' title="bbox 455 3994 2038 4066">
    <p class='ocr_par' dir='ltr' id='par_1_43' title="bbox 455 3994 2038 4066">
     <span class='ocr_line' id='line_1_43' title="bbox 455 3994 2038 4066; baseline 0.001 -20"><span class='ocrx_word' id='word_1_329' title='bbox 455 3994 713 4049; x_wconf 90' lang='lat' dir='ltr'><strong>arborum</strong></span> <span class='ocrx_word' id='word_1_330' title='bbox 763 4012 868 4048; x_wconf 90' lang='lat' dir='ltr'><strong>non</strong></span> <span class='ocrx_word' id='word_1_331' title='bbox 917 3996 1311 4051; x_wconf 81' lang='lat' dir='ltr'><strong>introduxisset</strong></span> <span class='ocrx_word' id='word_1_332' title='bbox 1358 3995 1710 4066; x_wconf 78' lang='lat' dir='ltr'><strong>exeiuplum?</strong></span> <span class='ocrx_word' id='word_1_333' title='bbox 1744 3996 2038 4050; x_wconf 89' lang='lat' dir='ltr'><strong>Dicendum</strong></span> 
     </span>
    </p>
   </div>
   <div class='ocr_carea' id='block_1_44' title="bbox 453 4086 2038 4155">
    <p class='ocr_par' dir='ltr' id='par_1_44' title="bbox 453 4086 2038 4155">
     <span class='ocr_line' id='line_1_44' title="bbox 453 4086 2038 4155; baseline 0.001 -18"><span class='ocrx_word' id='word_1_334' title='bbox 453 4100 589 4155; x_wconf 80' lang='lat' dir='ltr'><strong>ergo</strong></span> <span class='ocrx_word' id='word_1_335' title='bbox 619 4089 684 4140; x_wconf 91' lang='lat' dir='ltr'><strong>ad</strong></span> <span class='ocrx_word' id='word_1_336' title='bbox 728 4088 880 4141; x_wconf 69' lang='lat' dir='ltr'><strong>haec:</strong></span> <span class='ocrx_word' id='word_1_337' title='bbox 914 4086 1069 4140; x_wconf 87' lang='lat' dir='ltr'><strong>Sicut</strong></span> <span class='ocrx_word' id='word_1_338' title='bbox 1101 4088 1281 4141; x_wconf 88' lang='lat' dir='ltr'><strong>onmis</strong></span> <span class='ocrx_word' id='word_1_339' title='bbox 1304 4087 1532 4141; x_wconf 88' lang='lat' dir='ltr'><strong>materia</strong></span> <span class='ocrx_word' id='word_1_340' title='bbox 1563 4088 1885 4155; x_wconf 89' lang='lat' dir='ltr'><strong>corporalis,</strong></span> <span class='ocrx_word' id='word_1_341' title='bbox 1915 4102 2038 4141; x_wconf 82' lang='lat' dir='ltr'><strong>eum</strong></span> 
     </span>
    </p>
   </div>
   <div class='ocr_carea' id='block_1_45' title="bbox 463 4178 2036 4247">
    <p class='ocr_par' dir='ltr' id='par_1_45' title="bbox 463 4178 2036 4247">
     <span class='ocr_line' id='line_1_45' title="bbox 463 4178 2036 4247; baseline 0.002 -17"><span class='ocrx_word' id='word_1_342' title='bbox 463 4178 584 4231; x_wconf 91' lang='lat' dir='ltr'><strong>sine</strong></span> <span class='ocrx_word' id='word_1_343' title='bbox 622 4178 786 4231; x_wconf 91' lang='lat' dir='ltr'><strong>dubio</strong></span> <span class='ocrx_word' id='word_1_344' title='bbox 813 4179 976 4232; x_wconf 88' lang='lat' dir='ltr'><strong>unius</strong></span> <span class='ocrx_word' id='word_1_345' title='bbox 1025 4189 1234 4233; x_wconf 59' lang='lat' dir='ltr'><strong>naturae</strong></span> <span class='ocrx_word' id='word_1_346' title='bbox 1279 4180 1370 4243; x_wconf 87' lang='lat' dir='ltr'><strong>sit,</strong></span> <span class='ocrx_word' id='word_1_347' title='bbox 1422 4194 1517 4247; x_wconf 89' lang='lat' dir='ltr'><strong>per</strong></span> <span class='ocrx_word' id='word_1_348' title='bbox 1566 4180 1881 4233; x_wconf 89' lang='lat' dir='ltr'><strong>accidentes</strong></span> <span class='ocrx_word' id='word_1_349' title='bbox 1932 4179 2036 4234; x_wconf 91' lang='lat' dir='ltr'><strong>sibi</strong></span> 
     </span>
    </p>
   </div>
   <div class='ocr_carea' id='block_1_46' title="bbox 461 4270 2034 4343">
    <p class='ocr_par' dir='ltr' id='par_1_46' title="bbox 461 4270 2034 4343">
     <span class='ocr_line' id='line_1_46' title="bbox 461 4270 2034 4343; baseline 0 -19"><span class='ocrx_word' id='word_1_350' title='bbox 461 4270 754 4338; x_wconf 82' lang='lat' dir='ltr'><strong>qualitates</strong></span> <span class='ocrx_word' id='word_1_351' title='bbox 800 4272 1047 4326; x_wconf 88' lang='lat' dir='ltr'><strong>diversas</strong></span> <span class='ocrx_word' id='word_1_352' title='bbox 1092 4275 1304 4343; x_wconf 88' lang='lat' dir='ltr'><strong>species</strong></span> <span class='ocrx_word' id='word_1_353' title='bbox 1343 4271 1549 4341; x_wconf 78' lang='lat' dir='ltr'><strong>profert</strong></span> <span class='ocrx_word' id='word_1_354' title='bbox 1600 4272 1683 4325; x_wconf 85' lang='lat' dir='ltr'><strong>vel</strong></span> <span class='ocrx_word' id='word_1_355' title='bbox 1722 4286 2034 4339; x_wconf 87' lang='lat' dir='ltr'><strong>corporum,</strong></span> 
     </span>
    </p>
   </div>
   <div class='ocr_carea' id='block_1_47' title="bbox 455 4361 2039 4425">
    <p class='ocr_par' dir='ltr' id='par_1_47' title="bbox 455 4361 2039 4425">
     <span class='ocr_line' id='line_1_47' title="bbox 455 4361 2039 4425; baseline 0.001 -12"><span class='ocrx_word' id='word_1_356' title='bbox 455 4362 540 4415; x_wconf 88' lang='lat' dir='ltr'><strong>vel</strong></span> <span class='ocrx_word' id='word_1_357' title='bbox 570 4361 846 4425; x_wconf 89' lang='lat' dir='ltr'><strong>arborum,</strong></span> <span class='ocrx_word' id='word_1_358' title='bbox 871 4363 953 4417; x_wconf 86' lang='lat' dir='ltr'><strong>vel</strong></span> <span class='ocrx_word' id='word_1_359' title='bbox 989 4365 1315 4417; x_wconf 88' lang='lat' dir='ltr'><strong>herbarum:</strong></span> <span class='ocrx_word' id='word_1_360' title='bbox 1347 4367 1419 4417; x_wconf 89' lang='lat' dir='ltr'><strong>ita</strong></span> <span class='ocrx_word' id='word_1_361' title='bbox 1453 4375 1507 4416; x_wconf 92' lang='lat' dir='ltr'><strong>et</strong></span> <span class='ocrx_word' id='word_1_362' title='bbox 1532 4379 1652 4416; x_wconf 88' lang='lat' dir='ltr'><strong>cum</strong></span> <span class='ocrx_word' id='word_1_363' title='bbox 1681 4364 1924 4417; x_wconf 92' lang='lat' dir='ltr'><strong>omnium</strong></span> <span class='ocrx_word' id='word_1_364' title='bbox 1952 4379 2039 4415; x_wconf 87' lang='lat' dir='ltr'><strong>ra-</strong></span> 
     </span>
    </p>
   </div>
   <div class='ocr_carea' id='block_1_48' title="bbox 2174 518 3749 595">
    <p class='ocr_par' dir='ltr' id='par_1_48' title="bbox 2174 518 3749 595">
     <span class='ocr_line' id='line_1_48' title="bbox 2174 518 3749 595; baseline 0.008 -24"><span class='ocrx_word' id='word_1_365' title='bbox 2174 518 2313 571; x_wconf 88' lang='lat' dir='ltr'><strong>mala</strong></span> <span class='ocrx_word' id='word_1_366' title='bbox 2344 535 2358 571; x_wconf 87' lang='lat'><strong>:</strong></span> <span class='ocrx_word' id='word_1_367' title='bbox 2392 529 2448 572; x_wconf 90' lang='lat' dir='ltr'><strong>et</strong></span> <span class='ocrx_word' id='word_1_368' title='bbox 2490 521 2569 574; x_wconf 92' lang='lat' dir='ltr'><strong>sic</strong></span> <span class='ocrx_word' id='word_1_369' title='bbox 2611 521 2987 589; x_wconf 89' lang='lat' dir='ltr'><strong>unusquisque</strong></span> <span class='ocrx_word' id='word_1_370' title='bbox 3014 524 3317 577; x_wconf 80' lang='lat' dir='ltr'><strong>secundum</strong></span> <span class='ocrx_word' id='word_1_371' title='bbox 3369 530 3632 595; x_wconf 88' lang='lat' dir='ltr'><strong>propositi</strong></span> <span class='ocrx_word' id='word_1_372' title='bbox 3664 534 3749 585; x_wconf 86' lang='lat' dir='ltr'><strong>soi</strong></span> 
     </span>
    </p>
   </div>
   <div class='ocr_carea' id='block_1_49' title="bbox 2171 608 3750 688">
    <p class='ocr_par' dir='ltr' id='par_1_49' title="bbox 2171 608 3750 688">
     <span class='ocr_line' id='line_1_49' title="bbox 2171 608 3750 688; baseline 0.009 -28"><span class='ocrx_word' id='word_1_373' title='bbox 2171 619 2349 663; x_wconf 85' lang='lat' dir='ltr'><strong>motus</strong></span> <span class='ocrx_word' id='word_1_374' title='bbox 2380 608 2493 680; x_wconf 84' lang='lat'><strong>(76)</strong></span> <span class='ocrx_word' id='word_1_375' title='bbox 2525 619 2611 662; x_wconf 84' lang='lat' dir='ltr'><strong>aut</strong></span> <span class='ocrx_word' id='word_1_376' title='bbox 2647 610 2787 665; x_wconf 89' lang='lat' dir='ltr'><strong>bona</strong></span> <span class='ocrx_word' id='word_1_377' title='bbox 2817 611 2983 677; x_wconf 88' lang='lat' dir='ltr'><strong>oliva,</strong></span> <span class='ocrx_word' id='word_1_378' title='bbox 3018 615 3062 667; x_wconf 85' lang='lat' dir='ltr'><strong>si</strong></span> <span class='ocrx_word' id='word_1_379' title='bbox 3098 617 3202 668; x_wconf 89' lang='lat' dir='ltr'><strong>iter</strong></span> <span class='ocrx_word' id='word_1_380' title='bbox 3249 616 3471 669; x_wconf 85' lang='lat' dir='ltr'><strong>virtutis</strong></span> <span class='ocrx_word' id='word_1_381' title='bbox 3514 618 3750 688; x_wconf 87' lang='lat' dir='ltr'><strong>incedat,</strong></span> 
     </span>
    </p>
   </div>
   <div class='ocr_carea' id='block_1_50' title="bbox 2170 699 3752 768">
    <p class='ocr_par' dir='ltr' id='par_1_50' title="bbox 2170 699 3752 768">
     <span class='ocr_line' id='line_1_50' title="bbox 2170 699 3752 768; baseline 0.01 -19"><span class='ocrx_word' id='word_1_382' title='bbox 2170 709 2260 751; x_wconf 88' lang='lat' dir='ltr'><strong>aut</strong></span> <span class='ocrx_word' id='word_1_383' title='bbox 2284 701 2328 752; x_wconf 89' lang='lat' dir='ltr'><strong>si</strong></span> <span class='ocrx_word' id='word_1_384' title='bbox 2352 699 2629 754; x_wconf 87' lang='lat' dir='ltr'><strong>contraria</strong></span> <span class='ocrx_word' id='word_1_385' title='bbox 2665 712 2922 768; x_wconf 88' lang='lat' dir='ltr'><strong>sectetur,</strong></span> <span class='ocrx_word' id='word_1_386' title='bbox 2960 702 3197 759; x_wconf 89' lang='lat' dir='ltr'><strong>oleaster</strong></span> <span class='ocrx_word' id='word_1_387' title='bbox 3218 706 3604 762; x_wconf 88' lang='lat' dir='ltr'><strong>nominabitur.</strong></span> <span class='ocrx_word' id='word_1_388' title='bbox 3625 710 3752 765; x_wconf 88' lang='lat' dir='ltr'><strong>Inde</strong></span> 
     </span>
    </p>
   </div>
   <div class='ocr_carea' id='block_1_51' title="bbox 2168 790 3747 866">
    <p class='ocr_par' dir='ltr' id='par_1_51' title="bbox 2168 790 3747 866">
     <span class='ocr_line' id='line_1_51' title="bbox 2168 790 3747 866; baseline 0.011 -26"><span class='ocrx_word' id='word_1_389' title='bbox 2168 790 2402 857; x_wconf 89' lang='lat' dir='ltr'><strong>denique</strong></span> <span class='ocrx_word' id='word_1_390' title='bbox 2431 801 2486 843; x_wconf 91' lang='lat' dir='ltr'><strong>et</strong></span> <span class='ocrx_word' id='word_1_391' title='bbox 2533 790 2797 846; x_wconf 90' lang='lat' dir='ltr'><strong>Dominus</strong></span> <span class='ocrx_word' id='word_1_392' title='bbox 2842 793 2893 845; x_wconf 91' lang='lat' dir='ltr'><strong>in</strong></span> <span class='ocrx_word' id='word_1_393' title='bbox 2947 794 3237 866; x_wconf 79' lang='lat' dir='ltr'><strong>Evangelio</strong></span> <span class='ocrx_word' id='word_1_394' title='bbox 3291 798 3540 853; x_wconf 87' lang='lat' dir='ltr'><strong>dicebat:</strong></span> <span class='ocrx_word' id='word_1_395' title='bbox 3585 818 3605 850; x_wconf 74' lang='grc' dir='ltr'><strong>ι</strong></span> <span class='ocrx_word' id='word_1_396' title='bbox 3641 804 3747 857; x_wconf 82' lang='lat' dir='ltr'><strong>Aut</strong></span> 
     </span>
    </p>
   </div>
   <div class='ocr_carea' id='block_1_52' title="bbox 2169 884 3747 956">
    <p class='ocr_par' dir='ltr' id='par_1_52' title="bbox 2169 884 3747 956">
     <span class='ocr_line' id='line_1_52' title="bbox 2169 884 3747 956; baseline 0.008 -21"><span class='ocrx_word' id='word_1_397' title='bbox 2169 884 2331 939; x_wconf 76' lang='lat' dir='ltr'><strong>facite</strong></span> <span class='ocrx_word' id='word_1_398' title='bbox 2366 885 2622 939; x_wconf 86' lang='lat' dir='ltr'><strong>arborem</strong></span> <span class='ocrx_word' id='word_1_399' title='bbox 2662 888 2883 949; x_wconf 83' lang='lat' dir='ltr'><strong>bonam,</strong></span> <span class='ocrx_word' id='word_1_400' title='bbox 2926 897 2982 939; x_wconf 87' lang='lat' dir='ltr'><strong>et</strong></span> <span class='ocrx_word' id='word_1_401' title='bbox 3013 886 3224 943; x_wconf 81' lang='lat' dir='ltr'><strong>fructus</strong></span> <span class='ocrx_word' id='word_1_402' title='bbox 3257 891 3371 956; x_wconf 84' lang='lat' dir='ltr'><strong>ejus</strong></span> <span class='ocrx_word' id='word_1_403' title='bbox 3414 890 3620 951; x_wconf 88' lang='lat' dir='ltr'><strong>bonos:</strong></span> <span class='ocrx_word' id='word_1_404' title='bbox 3655 906 3747 948; x_wconf 91' lang='lat' dir='ltr'><strong>aut</strong></span> 
     </span>
    </p>
   </div>
   <div class='ocr_carea' id='block_1_53' title="bbox 2169 974 3738 1052">
    <p class='ocr_par' dir='ltr' id='par_1_53' title="bbox 2169 974 3738 1052">
     <span class='ocr_line' id='line_1_53' title="bbox 2169 974 3738 1052; baseline 0.006 -25"><span class='ocrx_word' id='word_1_405' title='bbox 2169 974 2330 1028; x_wconf 82' lang='lat' dir='ltr'><strong>facite</strong></span> <span class='ocrx_word' id='word_1_406' title='bbox 2362 979 2620 1029; x_wconf 87' lang='lat' dir='ltr'><strong>arborem</strong></span> <span class='ocrx_word' id='word_1_407' title='bbox 2657 979 2875 1041; x_wconf 86' lang='lat' dir='ltr'><strong>malam,</strong></span> <span class='ocrx_word' id='word_1_408' title='bbox 2909 989 2965 1032; x_wconf 89' lang='lat' dir='ltr'><strong>et</strong></span> <span class='ocrx_word' id='word_1_409' title='bbox 3002 978 3211 1034; x_wconf 85' lang='lat' dir='ltr'><strong>fructus</strong></span> <span class='ocrx_word' id='word_1_410' title='bbox 3251 984 3368 1050; x_wconf 87' lang='lat' dir='ltr'><strong>ejus</strong></span> <span class='ocrx_word' id='word_1_411' title='bbox 3413 986 3584 1039; x_wconf 87' lang='lat' dir='ltr'><strong>malos</strong></span> <span class='ocrx_word' id='word_1_412' title='bbox 3605 986 3681 1052; x_wconf 75' lang='lat'><strong>&quot;;</strong></span> <span class='ocrx_word' id='word_1_413' title='bbox 3720 1006 3738 1037; x_wconf 75' lang='grc' dir='ltr'><strong>ι</strong></span> 
     </span>
    </p>
   </div>
   <div class='ocr_carea' id='block_1_54' title="bbox 2166 1069 3740 1141">
    <p class='ocr_par' dir='ltr' id='par_1_54' title="bbox 2166 1069 3740 1141">
     <span class='ocr_line' id='line_1_54' title="bbox 2166 1069 3740 1141; baseline 0.008 -25"><span class='ocrx_word' id='word_1_414' title='bbox 2166 1076 2219 1117; x_wconf 82' lang='grc' dir='ltr'><strong>ιιι</strong></span> <span class='ocrx_word' id='word_1_415' title='bbox 2258 1069 2568 1121; x_wconf 86' lang='lat' dir='ltr'><strong>ostenderet</strong></span> <span class='ocrx_word' id='word_1_416' title='bbox 2595 1069 2845 1122; x_wconf 88' lang='lat' dir='ltr'><strong>arborem</strong></span> <span class='ocrx_word' id='word_1_417' title='bbox 2872 1070 3068 1122; x_wconf 87' lang='lat' dir='ltr'><strong>bonam</strong></span> <span class='ocrx_word' id='word_1_418' title='bbox 3095 1072 3178 1125; x_wconf 88' lang='lat' dir='ltr'><strong>vel</strong></span> <span class='ocrx_word' id='word_1_419' title='bbox 3212 1072 3409 1126; x_wconf 87' lang='lat' dir='ltr'><strong>malam</strong></span> <span class='ocrx_word' id='word_1_420' title='bbox 3440 1090 3545 1128; x_wconf 91' lang='lat' dir='ltr'><strong>non</strong></span> <span class='ocrx_word' id='word_1_421' title='bbox 3571 1080 3740 1141; x_wconf 87' lang='lat' dir='ltr'><strong>nasci,</strong></span> 
     </span>
    </p>
   </div>
   <div class='ocr_carea' id='block_1_55' title="bbox 2165 1156 3743 1234">
    <p class='ocr_par' dir='ltr' id='par_1_55' title="bbox 2165 1156 3743 1234">
     <span class='ocr_line' id='line_1_55' title="bbox 2165 1156 3743 1234; baseline 0.006 -23"><span class='ocrx_word' id='word_1_422' title='bbox 2165 1159 2259 1211; x_wconf 89' lang='lat' dir='ltr'><strong>sed</strong></span> <span class='ocrx_word' id='word_1_423' title='bbox 2303 1158 2441 1211; x_wconf 85' lang='lat' dir='ltr'><strong>ﬁeri.</strong></span> <span class='ocrx_word' id='word_1_424' title='bbox 2481 1156 2599 1211; x_wconf 86' lang='lat' dir='ltr'><strong>Jam</strong></span> <span class='ocrx_word' id='word_1_425' title='bbox 2632 1174 2758 1212; x_wconf 87' lang='lat' dir='ltr'><strong>vero</strong></span> <span class='ocrx_word' id='word_1_426' title='bbox 2794 1159 2838 1212; x_wconf 91' lang='lat' dir='ltr'><strong>si</strong></span> <span class='ocrx_word' id='word_1_427' title='bbox 2893 1161 3119 1215; x_wconf 87' lang='lat' dir='ltr'><strong>accedat</strong></span> <span class='ocrx_word' id='word_1_428' title='bbox 3144 1162 3259 1231; x_wconf 78' lang='lat'><strong>(77)</strong></span> <span class='ocrx_word' id='word_1_429' title='bbox 3289 1164 3494 1234; x_wconf 90' lang='lat' dir='ltr'><strong>aliquid</strong></span> <span class='ocrx_word' id='word_1_430' title='bbox 3540 1167 3607 1220; x_wconf 83' lang='lat' dir='ltr'><strong>ad</strong></span> <span class='ocrx_word' id='word_1_431' title='bbox 3651 1182 3743 1220; x_wconf 86' lang='lat' dir='ltr'><strong>ar-</strong></span> 
     </span>
    </p>
   </div>
   <div class='ocr_carea' id='block_1_56' title="bbox 2163 1252 3744 1326">
    <p class='ocr_par' dir='ltr' id='par_1_56' title="bbox 2163 1252 3744 1326">
     <span class='ocr_line' id='line_1_56' title="bbox 2163 1252 3744 1326; baseline 0.004 -21"><span class='ocrx_word' id='word_1_432' title='bbox 2163 1252 2311 1306; x_wconf 89' lang='lat' dir='ltr'><strong>bitrii</strong></span> <span class='ocrx_word' id='word_1_433' title='bbox 2338 1254 2673 1318; x_wconf 89' lang='lat' dir='ltr'><strong>libertatem,</strong></span> <span class='ocrx_word' id='word_1_434' title='bbox 2700 1252 2843 1321; x_wconf 91' lang='lat' dir='ltr'><strong>quod</strong></span> <span class='ocrx_word' id='word_1_435' title='bbox 2873 1253 3218 1309; x_wconf 83' lang='lat' dir='ltr'><strong>extrinsecus</strong></span> <span class='ocrx_word' id='word_1_436' title='bbox 3250 1256 3333 1309; x_wconf 83' lang='lat' dir='ltr'><strong>vel</strong></span> <span class='ocrx_word' id='word_1_437' title='bbox 3360 1258 3428 1309; x_wconf 90' lang='lat' dir='ltr'><strong>ad</strong></span> <span class='ocrx_word' id='word_1_438' title='bbox 3456 1258 3594 1310; x_wconf 91' lang='lat' dir='ltr'><strong>mala</strong></span> <span class='ocrx_word' id='word_1_439' title='bbox 3617 1273 3744 1326; x_wconf 89' lang='lat' dir='ltr'><strong>pro-</strong></span> 
     </span>
    </p>
   </div>
   <div class='ocr_carea' id='block_1_57' title="bbox 2163 1344 3739 1419">
    <p class='ocr_par' dir='ltr' id='par_1_57' title="bbox 2163 1344 3739 1419">
     <span class='ocr_line' id='line_1_57' title="bbox 2163 1344 3739 1419; baseline 0.004 -22"><span class='ocrx_word' id='word_1_440' title='bbox 2163 1355 2342 1412; x_wconf 84' lang='lat' dir='ltr'><strong>vocet,</strong></span> <span class='ocrx_word' id='word_1_441' title='bbox 2377 1346 2461 1401; x_wconf 88' lang='lat' dir='ltr'><strong>vel</strong></span> <span class='ocrx_word' id='word_1_442' title='bbox 2496 1348 2740 1400; x_wconf 88' lang='lat' dir='ltr'><strong>hortetur</strong></span> <span class='ocrx_word' id='word_1_443' title='bbox 2768 1346 2836 1399; x_wconf 93' lang='lat' dir='ltr'><strong>ad</strong></span> <span class='ocrx_word' id='word_1_444' title='bbox 2865 1344 3004 1399; x_wconf 85' lang='lat' dir='ltr'><strong>bona</strong></span> <span class='ocrx_word' id='word_1_445' title='bbox 3030 1361 3125 1415; x_wconf 91' lang='lat' dir='ltr'><strong>per</strong></span> <span class='ocrx_word' id='word_1_446' title='bbox 3152 1346 3449 1403; x_wconf 81' lang='lat' dir='ltr'><strong>inelIabiles</strong></span> <span class='ocrx_word' id='word_1_447' title='bbox 3475 1353 3739 1419; x_wconf 89' lang='lat' dir='ltr'><strong>quasdam</strong></span> 
     </span>
    </p>
   </div>
   <div class='ocr_carea' id='block_1_58' title="bbox 2162 1434 3740 1505">
    <p class='ocr_par' dir='ltr' id='par_1_58' title="bbox 2162 1434 3740 1505">
     <span class='ocr_line' id='line_1_58' title="bbox 2162 1434 3740 1505; baseline 0.005 -16"><span class='ocrx_word' id='word_1_448' title='bbox 2162 1436 2358 1490; x_wconf 71' lang='lat' dir='ltr'><strong>divina:</strong></span> <span class='ocrx_word' id='word_1_449' title='bbox 2379 1434 2744 1492; x_wconf 79' lang='lat' dir='ltr'><strong>Providentia:</strong></span> <span class='ocrx_word' id='word_1_450' title='bbox 2772 1438 3226 1505; x_wconf 88' lang='lat' dir='ltr'><strong>dispensationes,</strong></span> <span class='ocrx_word' id='word_1_451' title='bbox 3265 1441 3319 1493; x_wconf 91' lang='lat' dir='ltr'><strong>in</strong></span> <span class='ocrx_word' id='word_1_452' title='bbox 3355 1441 3505 1494; x_wconf 91' lang='lat' dir='ltr'><strong>nullo</strong></span> <span class='ocrx_word' id='word_1_453' title='bbox 3542 1457 3740 1497; x_wconf 86' lang='lat' dir='ltr'><strong>conse-</strong></span> 
     </span>
    </p>
   </div>
   <div class='ocr_carea' id='block_1_59' title="bbox 2161 1528 3743 1598">
    <p class='ocr_par' dir='ltr' id='par_1_59' title="bbox 2161 1528 3743 1598">
     <span class='ocr_line' id='line_1_59' title="bbox 2161 1528 3743 1598; baseline 0.004 -17"><span class='ocrx_word' id='word_1_454' title='bbox 2161 1528 2440 1595; x_wconf 83' lang='lat' dir='ltr'><strong>quentiam</strong></span> <span class='ocrx_word' id='word_1_455' title='bbox 2501 1532 2796 1598; x_wconf 69' lang='lat' dir='ltr'><strong>proposita:</strong></span> <span class='ocrx_word' id='word_1_456' title='bbox 2849 1530 3206 1586; x_wconf 87' lang='lat' dir='ltr'><strong>absolutionis</strong></span> <span class='ocrx_word' id='word_1_457' title='bbox 3250 1531 3492 1587; x_wconf 74' lang='lat' dir='ltr'><strong>oll‘endit.</strong></span> <span class='ocrx_word' id='word_1_458' title='bbox 3569 1534 3743 1588; x_wconf 87' lang='lat' dir='ltr'><strong>llabet</strong></span> 
     </span>
    </p>
   </div>
   <div class='ocr_carea' id='block_1_60' title="bbox 2155 1620 3736 1696">
    <p class='ocr_par' dir='ltr' id='par_1_60' title="bbox 2155 1620 3736 1696">
     <span class='ocr_line' id='line_1_60' title="bbox 2155 1620 3736 1696; baseline 0.005 -23"><span class='ocrx_word' id='word_1_459' title='bbox 2155 1620 2303 1673; x_wconf 90' lang='lat' dir='ltr'><strong>enim</strong></span> <span class='ocrx_word' id='word_1_460' title='bbox 2334 1621 2388 1673; x_wconf 93' lang='lat' dir='ltr'><strong>in</strong></span> <span class='ocrx_word' id='word_1_461' title='bbox 2415 1624 2704 1690; x_wconf 88' lang='lat' dir='ltr'><strong>semetipsa</strong></span> <span class='ocrx_word' id='word_1_462' title='bbox 2735 1622 2846 1693; x_wconf 88' lang='lat'><strong>(78)</strong></span> <span class='ocrx_word' id='word_1_463' title='bbox 2875 1635 3067 1679; x_wconf 87' lang='lat' dir='ltr'><strong>natura</strong></span> <span class='ocrx_word' id='word_1_464' title='bbox 3098 1624 3433 1681; x_wconf 80' lang='lat' dir='ltr'><strong>rationabilis</strong></span> <span class='ocrx_word' id='word_1_465' title='bbox 3471 1627 3736 1696; x_wconf 76' lang='lat' dir='ltr'><strong>vigentem</strong></span> 
     </span>
    </p>
   </div>
   <div class='ocr_carea' id='block_1_61' title="bbox 2152 1708 3735 1788">
    <p class='ocr_par' dir='ltr' id='par_1_61' title="bbox 2152 1708 3735 1788">
     <span class='ocr_line' id='line_1_61' title="bbox 2152 1708 3735 1788; baseline 0.006 -22"><span class='ocrx_word' id='word_1_466' title='bbox 2152 1722 2211 1766; x_wconf 85' lang='lat' dir='ltr'><strong>et</strong></span> <span class='ocrx_word' id='word_1_467' title='bbox 2243 1712 2310 1766; x_wconf 90' lang='lat' dir='ltr'><strong>ad</strong></span> <span class='ocrx_word' id='word_1_468' title='bbox 2343 1713 2460 1768; x_wconf 73' lang='lat' dir='ltr'><strong>luce</strong></span> <span class='ocrx_word' id='word_1_469' title='bbox 2493 1714 2711 1768; x_wconf 89' lang='lat' dir='ltr'><strong>arbitrii</strong></span> <span class='ocrx_word' id='word_1_470' title='bbox 2755 1708 3084 1781; x_wconf 83' lang='lat' dir='ltr'><strong>libertatem,</strong></span> <span class='ocrx_word' id='word_1_471' title='bbox 3132 1733 3237 1788; x_wconf 91' lang='lat' dir='ltr'><strong>qua</strong></span> <span class='ocrx_word' id='word_1_472' title='bbox 3281 1718 3367 1772; x_wconf 87' lang='lat' dir='ltr'><strong>vel</strong></span> <span class='ocrx_word' id='word_1_473' title='bbox 3411 1719 3657 1786; x_wconf 90' lang='lat' dir='ltr'><strong>obedire,</strong></span> <span class='ocrx_word' id='word_1_474' title='bbox 3689 1722 3735 1775; x_wconf 92' lang='lat' dir='ltr'><strong>si</strong></span> 
     </span>
    </p>
   </div>
   <div class='ocr_carea' id='block_1_62' title="bbox 2084 1794 3739 1880">
    <p class='ocr_par' dir='ltr' id='par_1_62' title="bbox 2084 1794 3739 1880">
     <span class='ocr_line' id='line_1_62' title="bbox 2084 1794 3739 1880; baseline 0.007 -27"><span class='ocrx_word' id='word_1_475' title='bbox 2084 1794 2125 1848; x_wconf 88' lang='grc' dir='ltr'>Β</span> <span class='ocrx_word' id='word_1_476' title='bbox 2164 1804 2318 1869; x_wconf 88' lang='lat' dir='ltr'><strong>velit,</strong></span> <span class='ocrx_word' id='word_1_477' title='bbox 2353 1807 2688 1873; x_wconf 89' lang='lat' dir='ltr'><strong>provocanti,</strong></span> <span class='ocrx_word' id='word_1_478' title='bbox 2723 1807 2826 1868; x_wconf 91' lang='lat' dir='ltr'><strong>vel,</strong></span> <span class='ocrx_word' id='word_1_479' title='bbox 2857 1808 2900 1862; x_wconf 87' lang='lat' dir='ltr'><strong>si</strong></span> <span class='ocrx_word' id='word_1_480' title='bbox 2930 1809 3088 1874; x_wconf 91' lang='lat' dir='ltr'><strong>nolit,</strong></span> <span class='ocrx_word' id='word_1_481' title='bbox 3119 1824 3380 1878; x_wconf 87' lang='lat' dir='ltr'><strong>spernere</strong></span> <span class='ocrx_word' id='word_1_482' title='bbox 3413 1815 3586 1880; x_wconf 86' lang='lat' dir='ltr'><strong>possit</strong></span> <span class='ocrx_word' id='word_1_483' title='bbox 3609 1813 3739 1865; x_wconf 90' lang='lat' dir='ltr'><strong>hor-</strong></span> 
     </span>
    </p>
   </div>
   <div class='ocr_carea' id='block_1_63' title="bbox 2153 1896 3737 1971">
    <p class='ocr_par' dir='ltr' id='par_1_63' title="bbox 2153 1896 3737 1971">
     <span class='ocr_line' id='line_1_63' title="bbox 2153 1896 3737 1971; baseline 0.004 -24"><span class='ocrx_word' id='word_1_484' title='bbox 2153 1903 2381 1950; x_wconf 88' lang='lat' dir='ltr'><strong>tantem.</strong></span> <span class='ocrx_word' id='word_1_485' title='bbox 2415 1896 2567 1961; x_wconf 92' lang='lat' dir='ltr'><strong>Quod</strong></span> <span class='ocrx_word' id='word_1_486' title='bbox 2601 1908 2781 1952; x_wconf 89' lang='lat' dir='ltr'><strong>autem</strong></span> <span class='ocrx_word' id='word_1_487' title='bbox 2805 1900 3061 1966; x_wconf 79' lang='lat' dir='ltr'><strong>diximus,</strong></span> <span class='ocrx_word' id='word_1_488' title='bbox 3087 1903 3214 1970; x_wconf 89' lang='lat' dir='ltr'><strong>quia</strong></span> <span class='ocrx_word' id='word_1_489' title='bbox 3252 1904 3494 1956; x_wconf 59' lang='lat' dir='ltr'><strong>materia</strong></span> <span class='ocrx_word' id='word_1_490' title='bbox 3543 1918 3737 1971; x_wconf 84' lang='lat' dir='ltr'><strong>corpo-</strong></span> 
     </span>
    </p>
   </div>
   <div class='ocr_carea' id='block_1_64' title="bbox 2154 1987 3736 2065">
    <p class='ocr_par' dir='ltr' id='par_1_64' title="bbox 2154 1987 3736 2065">
     <span class='ocr_line' id='line_1_64' title="bbox 2154 1987 3736 2065; baseline 0.006 -26"><span class='ocrx_word' id='word_1_491' title='bbox 2154 1987 2254 2041; x_wconf 87' lang='lat' dir='ltr'><strong>rali</strong></span> <span class='ocrx_word' id='word_1_492' title='bbox 2298 1991 2629 2045; x_wconf 87' lang='lat' dir='ltr'><strong>accedentes</strong></span> <span class='ocrx_word' id='word_1_493' title='bbox 2654 1992 3003 2048; x_wconf 79' lang='lat' dir='ltr'><strong>extrinsecus</strong></span> <span class='ocrx_word' id='word_1_494' title='bbox 3032 1996 3325 2063; x_wconf 85' lang='lat' dir='ltr'><strong>qualitates</strong></span> <span class='ocrx_word' id='word_1_495' title='bbox 3354 1996 3584 2051; x_wconf 86' lang='lat' dir='ltr'><strong>reddunt</strong></span> <span class='ocrx_word' id='word_1_496' title='bbox 3612 2012 3736 2065; x_wconf 75' lang='lat' dir='ltr'><strong>spe-</strong></span> 
     </span>
    </p>
   </div>
   <div class='ocr_carea' id='block_1_65' title="bbox 2150 2080 3733 2156">
    <p class='ocr_par' dir='ltr' id='par_1_65' title="bbox 2150 2080 3733 2156">
     <span class='ocr_line' id='line_1_65' title="bbox 2150 2080 3733 2156; baseline 0.006 -24"><span class='ocrx_word' id='word_1_497' title='bbox 2150 2080 2261 2134; x_wconf 90' lang='lat' dir='ltr'><strong>cies</strong></span> <span class='ocrx_word' id='word_1_498' title='bbox 2312 2081 2578 2143; x_wconf 86' lang='lat' dir='ltr'><strong>diversas,</strong></span> <span class='ocrx_word' id='word_1_499' title='bbox 2619 2081 2832 2151; x_wconf 85' lang='lat' dir='ltr'><strong>aliquas</strong></span> <span class='ocrx_word' id='word_1_500' title='bbox 2868 2086 3088 2152; x_wconf 80' lang='lat' dir='ltr'><strong>quidem</strong></span> <span class='ocrx_word' id='word_1_501' title='bbox 3135 2088 3202 2140; x_wconf 91' lang='lat' dir='ltr'><strong>ad</strong></span> <span class='ocrx_word' id='word_1_502' title='bbox 3249 2087 3475 2141; x_wconf 90' lang='lat' dir='ltr'><strong>multum</strong></span> <span class='ocrx_word' id='word_1_503' title='bbox 3522 2099 3733 2156; x_wconf 80' lang='lat' dir='ltr'><strong>tempus</strong></span> 
     </span>
    </p>
   </div>
   <div class='ocr_carea' id='block_1_66' title="bbox 2151 2174 3729 2242">
    <p class='ocr_par' dir='ltr' id='par_1_66' title="bbox 2151 2174 3729 2242">
     <span class='ocr_line' id='line_1_66' title="bbox 2151 2174 3729 2242; baseline 0.004 -18"><span class='ocrx_word' id='word_1_504' title='bbox 2151 2184 2561 2241; x_wconf 88' lang='lat' dir='ltr'><strong>permanentes,</strong></span> <span class='ocrx_word' id='word_1_505' title='bbox 2590 2174 2801 2242; x_wconf 87' lang='lat' dir='ltr'><strong>aliquas</strong></span> <span class='ocrx_word' id='word_1_506' title='bbox 2832 2177 2899 2228; x_wconf 93' lang='lat' dir='ltr'><strong>ad</strong></span> <span class='ocrx_word' id='word_1_507' title='bbox 2930 2177 3113 2240; x_wconf 89' lang='lat' dir='ltr'><strong>breve,</strong></span> <span class='ocrx_word' id='word_1_508' title='bbox 3145 2178 3435 2231; x_wconf 90' lang='lat' dir='ltr'><strong>nomudlas</strong></span> <span class='ocrx_word' id='word_1_509' title='bbox 3468 2193 3599 2232; x_wconf 90' lang='lat' dir='ltr'><strong>vero</strong></span> <span class='ocrx_word' id='word_1_510' title='bbox 3623 2197 3729 2232; x_wconf 91' lang='lat' dir='ltr'><strong>non</strong></span> 
     </span>
    </p>
   </div>
   <div class='ocr_carea' id='block_1_67' title="bbox 2150 2264 3814 2337">
    <p class='ocr_par' dir='ltr' id='par_1_67' title="bbox 2150 2264 3814 2337">
     <span class='ocr_line' id='line_1_67' title="bbox 2150 2264 3814 2337; baseline 0.001 -18"><span class='ocrx_word' id='word_1_511' title='bbox 2150 2264 2326 2319; x_wconf 82' lang='lat' dir='ltr'><strong>Solum</strong></span> <span class='ocrx_word' id='word_1_512' title='bbox 2352 2266 2509 2319; x_wconf 91' lang='lat' dir='ltr'><strong>annis</strong></span> <span class='ocrx_word' id='word_1_513' title='bbox 2544 2268 2779 2337; x_wconf 78' lang='lat' dir='ltr'><strong>exiguis,</strong></span> <span class='ocrx_word' id='word_1_514' title='bbox 2805 2270 2899 2320; x_wconf 88' lang='lat' dir='ltr'><strong>sed</strong></span> <span class='ocrx_word' id='word_1_515' title='bbox 2936 2267 3208 2321; x_wconf 88' lang='lat' dir='ltr'><strong>interdum</strong></span> <span class='ocrx_word' id='word_1_516' title='bbox 3243 2270 3408 2322; x_wconf 89' lang='lat' dir='ltr'><strong>etiam</strong></span> <span class='ocrx_word' id='word_1_517' title='bbox 3454 2270 3733 2325; x_wconf 86' lang='lat' dir='ltr'><strong>mensibus</strong></span> <span class='ocrx_word' id='word_1_518' title='bbox 3805 2309 3814 2320; x_wconf 97' lang='lat'><strong>.</strong></span> 
     </span>
    </p>
   </div>
   <div class='ocr_carea' id='block_1_68' title="bbox 2151 2357 3729 2429">
    <p class='ocr_par' dir='ltr' id='par_1_68' title="bbox 2151 2357 3729 2429">
     <span class='ocr_line' id='line_1_68' title="bbox 2151 2357 3729 2429; baseline 0.003 -20"><span class='ocrx_word' id='word_1_519' title='bbox 2151 2367 2242 2409; x_wconf 91' lang='lat' dir='ltr'><strong>aut</strong></span> <span class='ocrx_word' id='word_1_520' title='bbox 2272 2357 2465 2411; x_wconf 89' lang='lat' dir='ltr'><strong>diebus</strong></span> <span class='ocrx_word' id='word_1_521' title='bbox 2492 2360 2681 2426; x_wconf 89' lang='lat' dir='ltr'><strong>paucis</strong></span> <span class='ocrx_word' id='word_1_522' title='bbox 2709 2360 2793 2412; x_wconf 80' lang='lat' dir='ltr'><strong>vix</strong></span> <span class='ocrx_word' id='word_1_523' title='bbox 2813 2360 3095 2424; x_wconf 89' lang='lat' dir='ltr'><strong>durantes,</strong></span> <span class='ocrx_word' id='word_1_524' title='bbox 3126 2360 3197 2412; x_wconf 88' lang='lat' dir='ltr'><strong>ita</strong></span> <span class='ocrx_word' id='word_1_525' title='bbox 3236 2361 3577 2429; x_wconf 81' lang='lat' dir='ltr'><strong>intelligitur.</strong></span> <span class='ocrx_word' id='word_1_526' title='bbox 3604 2359 3729 2416; x_wconf 86' lang='lat' dir='ltr'><strong>Ver-</strong></span> 
     </span>
    </p>
   </div>
   <div class='ocr_carea' id='block_1_69' title="bbox 2152 2448 3730 2518">
    <p class='ocr_par' dir='ltr' id='par_1_69' title="bbox 2152 2448 3730 2518">
     <span class='ocr_line' id='line_1_69' title="bbox 2152 2448 3730 2518; baseline 0.003 -18"><span class='ocrx_word' id='word_1_527' title='bbox 2152 2448 2204 2501; x_wconf 88' lang='lat' dir='ltr'><strong>bi</strong></span> <span class='ocrx_word' id='word_1_528' title='bbox 2242 2463 2450 2501; x_wconf 89' lang='lat' dir='ltr'><strong>causa:</strong></span> <span class='ocrx_word' id='word_1_529' title='bbox 2485 2449 2700 2516; x_wconf 83' lang='lat' dir='ltr'><strong>species</strong></span> <span class='ocrx_word' id='word_1_530' title='bbox 2725 2449 2872 2514; x_wconf 71' lang='lat' dir='ltr'><strong>cteli,</strong></span> <span class='ocrx_word' id='word_1_531' title='bbox 2898 2458 2953 2504; x_wconf 91' lang='lat' dir='ltr'><strong>et</strong></span> <span class='ocrx_word' id='word_1_532' title='bbox 2984 2449 3137 2512; x_wconf 87' lang='lat' dir='ltr'><strong>solis,</strong></span> <span class='ocrx_word' id='word_1_533' title='bbox 3177 2460 3269 2503; x_wconf 90' lang='lat' dir='ltr'><strong>aut</strong></span> <span class='ocrx_word' id='word_1_534' title='bbox 3308 2450 3469 2518; x_wconf 82' lang='lat' dir='ltr'><strong>lunae,</strong></span> <span class='ocrx_word' id='word_1_535' title='bbox 3509 2452 3591 2506; x_wconf 92' lang='lat' dir='ltr'><strong>vel</strong></span> <span class='ocrx_word' id='word_1_536' title='bbox 3641 2468 3730 2505; x_wconf 82' lang='lat' dir='ltr'><strong>as-</strong></span> 
     </span>
    </p>
   </div>
   <div class='ocr_carea' id='block_1_70' title="bbox 2153 2542 3729 2611">
    <p class='ocr_par' dir='ltr' id='par_1_70' title="bbox 2153 2542 3729 2611">
     <span class='ocr_line' id='line_1_70' title="bbox 2153 2542 3729 2611; baseline 0.002 -16"><span class='ocrx_word' id='word_1_537' title='bbox 2153 2552 2365 2595; x_wconf 90' lang='lat' dir='ltr'><strong>trorum</strong></span> <span class='ocrx_word' id='word_1_538' title='bbox 2390 2542 2589 2596; x_wconf 86' lang='lat' dir='ltr'><strong>talibus</strong></span> <span class='ocrx_word' id='word_1_539' title='bbox 2612 2544 2933 2610; x_wconf 87' lang='lat' dir='ltr'><strong>quibusdam</strong></span> <span class='ocrx_word' id='word_1_540' title='bbox 2963 2543 3207 2597; x_wconf 61' lang='lat' dir='ltr'><strong>formata</strong></span> <span class='ocrx_word' id='word_1_541' title='bbox 3230 2555 3357 2598; x_wconf 91' lang='lat' dir='ltr'><strong>sunt</strong></span> <span class='ocrx_word' id='word_1_542' title='bbox 3377 2544 3729 2611; x_wconf 88' lang='lat' dir='ltr'><strong>qualitatibus</strong></span> 
     </span>
    </p>
   </div>
   <div class='ocr_carea' id='block_1_71' title="bbox 2151 2635 3729 2705">
    <p class='ocr_par' dir='ltr' id='par_1_71' title="bbox 2151 2635 3729 2705">
     <span class='ocr_line' id='line_1_71' title="bbox 2151 2635 3729 2705; baseline 0 -17"><span class='ocrx_word' id='word_1_543' title='bbox 2151 2651 2270 2703; x_wconf 69' lang='lat' dir='ltr'><strong>quae</strong></span> <span class='ocrx_word' id='word_1_544' title='bbox 2304 2650 2476 2704; x_wconf 90' lang='lat' dir='ltr'><strong>usque</strong></span> <span class='ocrx_word' id='word_1_545' title='bbox 2504 2637 2572 2690; x_wconf 89' lang='lat' dir='ltr'><strong>ad</strong></span> <span class='ocrx_word' id='word_1_546' title='bbox 2607 2636 2790 2691; x_wconf 70' lang='lat' dir='ltr'><strong>szecnli</strong></span> <span class='ocrx_word' id='word_1_547' title='bbox 2824 2636 2987 2691; x_wconf 82' lang='lat' dir='ltr'><strong>linem</strong></span> <span class='ocrx_word' id='word_1_548' title='bbox 3014 2638 3311 2705; x_wconf 90' lang='lat' dir='ltr'><strong>perdurare</strong></span> <span class='ocrx_word' id='word_1_549' title='bbox 3352 2635 3642 2701; x_wconf 78' lang='lat' dir='ltr'><strong>sulliciant,</strong></span> <span class='ocrx_word' id='word_1_550' title='bbox 3673 2647 3729 2689; x_wconf 90' lang='lat' dir='ltr'><strong>et</strong></span> 
     </span>
    </p>
   </div>
   <div class='ocr_carea' id='block_1_72' title="bbox 2152 2726 3725 2796">
    <p class='ocr_par' dir='ltr' id='par_1_72' title="bbox 2152 2726 3725 2796">
     <span class='ocr_line' id='line_1_72' title="bbox 2152 2726 3725 2796; baseline 0.001 -17"><span class='ocrx_word' id='word_1_551' title='bbox 2152 2741 2436 2796; x_wconf 69' lang='lat' dir='ltr'><strong>usquequo</strong></span> <span class='ocrx_word' id='word_1_552' title='bbox 2471 2726 2776 2781; x_wconf 90' lang='lat' dir='ltr'><strong>liberentur</strong></span> <span class='ocrx_word' id='word_1_553' title='bbox 2833 2744 2852 2778; x_wconf 81' lang='grc' dir='ltr'><strong>ι</strong></span> <span class='ocrx_word' id='word_1_554' title='bbox 2894 2742 2923 2781; x_wconf 92' lang='lat' dir='ltr'><strong>a</strong></span> <span class='ocrx_word' id='word_1_555' title='bbox 2960 2729 3226 2782; x_wconf 87' lang='lat' dir='ltr'><strong>servitute</strong></span> <span class='ocrx_word' id='word_1_556' title='bbox 3261 2729 3630 2796; x_wconf 85' lang='lat' dir='ltr'><strong>corruptionis</strong></span> <span class='ocrx_word' id='word_1_557' title='bbox 3673 2728 3725 2781; x_wconf 91' lang='lat' dir='ltr'><strong>io</strong></span> 
     </span>
    </p>
   </div>
   <div class='ocr_carea' id='block_1_73' title="bbox 2154 2815 3726 2886">
    <p class='ocr_par' dir='ltr' id='par_1_73' title="bbox 2154 2815 3726 2886">
     <span class='ocr_line' id='line_1_73' title="bbox 2154 2815 3726 2886; baseline 0 -18"><span class='ocrx_word' id='word_1_558' title='bbox 2154 2815 2463 2869; x_wconf 88' lang='lat' dir='ltr'><strong>libertatem</strong></span> <span class='ocrx_word' id='word_1_559' title='bbox 2503 2816 2692 2886; x_wconf 71' lang='lat' dir='ltr'><strong>gloria:</strong></span> <span class='ocrx_word' id='word_1_560' title='bbox 2740 2816 2978 2869; x_wconf 84' lang='lat' dir='ltr'><strong>ﬁliorum</strong></span> <span class='ocrx_word' id='word_1_561' title='bbox 3029 2815 3122 2869; x_wconf 92' lang='lat' dir='ltr'><strong>Dei</strong></span> <span class='ocrx_word' id='word_1_562' title='bbox 3146 2817 3247 2869; x_wconf 75' lang='grc' dir='ltr'><strong>⁸ο.»</strong></span> <span class='ocrx_word' id='word_1_563' title='bbox 3283 2818 3420 2871; x_wconf 68' lang='lat' dir='ltr'><strong>Alia:</strong></span> <span class='ocrx_word' id='word_1_564' title='bbox 3449 2832 3578 2871; x_wconf 83' lang='lat' dir='ltr'><strong>vero</strong></span> <span class='ocrx_word' id='word_1_565' title='bbox 3602 2829 3726 2871; x_wconf 88' lang='lat' dir='ltr'><strong>sunt</strong></span> 
     </span>
    </p>
   </div>
   <div class='ocr_carea' id='block_1_74' title="bbox 2152 2907 3726 2977">
    <p class='ocr_par' dir='ltr' id='par_1_74' title="bbox 2152 2907 3726 2977">
     <span class='ocr_line' id='line_1_74' title="bbox 2152 2907 3726 2977; baseline 0.001 -19"><span class='ocrx_word' id='word_1_566' title='bbox 2152 2916 2499 2960; x_wconf 74' lang='lat' dir='ltr'><strong>terrenarum</strong></span> <span class='ocrx_word' id='word_1_567' title='bbox 2554 2922 2844 2975; x_wconf 89' lang='lat' dir='ltr'><strong>corporum</strong></span> <span class='ocrx_word' id='word_1_568' title='bbox 2895 2907 3212 2976; x_wconf 84' lang='lat' dir='ltr'><strong>qualitates,</strong></span> <span class='ocrx_word' id='word_1_569' title='bbox 3267 2917 3322 2961; x_wconf 91' lang='lat' dir='ltr'><strong>et</strong></span> <span class='ocrx_word' id='word_1_570' title='bbox 3377 2910 3430 2961; x_wconf 92' lang='lat' dir='ltr'><strong>in</strong></span> <span class='ocrx_word' id='word_1_571' title='bbox 3483 2910 3617 2977; x_wconf 88' lang='lat' dir='ltr'><strong>ipsis</strong></span> <span class='ocrx_word' id='word_1_572' title='bbox 3643 2919 3726 2962; x_wconf 87' lang='lat' dir='ltr'><strong>est</strong></span> 
     </span>
    </p>
   </div>
   <div class='ocr_carea' id='block_1_75' title="bbox 2151 2996 3723 3055">
    <p class='ocr_par' dir='ltr' id='par_1_75' title="bbox 2151 2996 3723 3055">
     <span class='ocr_line' id='line_1_75' title="bbox 2151 2996 3723 3055; baseline -0.001 -2"><span class='ocrx_word' id='word_1_573' title='bbox 2151 3000 2319 3053; x_wconf 91' lang='lat' dir='ltr'><strong>multa</strong></span> <span class='ocrx_word' id='word_1_574' title='bbox 2373 2996 2702 3055; x_wconf 82' lang='lat' dir='ltr'><strong>dill&#39;erentia.</strong></span> <span class='ocrx_word' id='word_1_575' title='bbox 2764 2997 3154 3053; x_wconf 78' lang='lat' dir='ltr'><strong>Nonnullorum</strong></span> <span class='ocrx_word' id='word_1_576' title='bbox 3205 3000 3351 3053; x_wconf 91' lang='lat' dir='ltr'><strong>enim</strong></span> <span class='ocrx_word' id='word_1_577' title='bbox 3413 3001 3723 3053; x_wconf 90' lang='lat' dir='ltr'><strong>animalium</strong></span> 
     </span>
    </p>
   </div>
   <div class='ocr_carea' id='block_1_76' title="bbox 2151 3088 3724 3158">
    <p class='ocr_par' dir='ltr' id='par_1_76' title="bbox 2151 3088 3724 3158">
     <span class='ocr_line' id='line_1_76' title="bbox 2151 3088 3724 3158; baseline 0.001 -15"><span class='ocrx_word' id='word_1_578' title='bbox 2151 3103 2401 3158; x_wconf 87' lang='lat' dir='ltr'><strong>corpora,</strong></span> <span class='ocrx_word' id='word_1_579' title='bbox 2432 3088 2514 3144; x_wconf 92' lang='lat' dir='ltr'><strong>vel</strong></span> <span class='ocrx_word' id='word_1_580' title='bbox 2539 3089 2824 3155; x_wconf 89' lang='lat' dir='ltr'><strong>arborum,</strong></span> <span class='ocrx_word' id='word_1_581' title='bbox 2860 3090 2944 3145; x_wconf 89' lang='lat' dir='ltr'><strong>vel</strong></span> <span class='ocrx_word' id='word_1_582' title='bbox 2968 3091 3176 3155; x_wconf 89' lang='lat' dir='ltr'><strong>avimn,</strong></span> <span class='ocrx_word' id='word_1_583' title='bbox 3203 3091 3389 3146; x_wconf 89' lang='lat' dir='ltr'><strong>multis</strong></span> <span class='ocrx_word' id='word_1_584' title='bbox 3436 3092 3724 3147; x_wconf 87' lang='lat' dir='ltr'><strong>admodum</strong></span> 
     </span>
    </p>
   </div>
   <div class='ocr_carea' id='block_1_77' title="bbox 2145 3180 3720 3250">
    <p class='ocr_par' dir='ltr' id='par_1_77' title="bbox 2145 3180 3720 3250">
     <span class='ocr_line' id='line_1_77' title="bbox 2145 3180 3720 3250; baseline 0 -15"><span class='ocrx_word' id='word_1_585' title='bbox 2145 3188 2373 3250; x_wconf 89' lang='lat' dir='ltr'><strong>possunt</strong></span> <span class='ocrx_word' id='word_1_586' title='bbox 2400 3181 2605 3235; x_wconf 89' lang='lat' dir='ltr'><strong>durare</strong></span> <span class='ocrx_word' id='word_1_587' title='bbox 2637 3181 3022 3250; x_wconf 84' lang='lat' dir='ltr'><strong>temporibus;</strong></span> <span class='ocrx_word' id='word_1_588' title='bbox 3074 3180 3304 3235; x_wconf 82' lang='lat' dir='ltr'><strong>aliorum</strong></span> <span class='ocrx_word' id='word_1_589' title='bbox 3352 3196 3483 3236; x_wconf 90' lang='lat' dir='ltr'><strong>vero</strong></span> <span class='ocrx_word' id='word_1_590' title='bbox 3514 3183 3720 3250; x_wconf 87' lang='lat' dir='ltr'><strong>paucis,</strong></span> 
     </span>
    </p>
   </div>
   <div class='ocr_carea' id='block_1_78' title="bbox 2145 3270 3723 3341">
    <p class='ocr_par' dir='ltr' id='par_1_78' title="bbox 2145 3270 3723 3341">
     <span class='ocr_line' id='line_1_78' title="bbox 2145 3270 3723 3341; baseline -0.003 -14"><span class='ocrx_word' id='word_1_591' title='bbox 2145 3280 2241 3327; x_wconf 84' lang='lat' dir='ltr'><strong>aut</strong></span> <span class='ocrx_word' id='word_1_592' title='bbox 2287 3272 2440 3326; x_wconf 90' lang='lat' dir='ltr'><strong>valde</strong></span> <span class='ocrx_word' id='word_1_593' title='bbox 2492 3272 2724 3341; x_wconf 81' lang='lat' dir='ltr'><strong>exiguis.</strong></span> <span class='ocrx_word' id='word_1_594' title='bbox 2759 3270 2913 3338; x_wconf 88' lang='lat' dir='ltr'><strong>Quod</strong></span> <span class='ocrx_word' id='word_1_595' title='bbox 2947 3272 2995 3324; x_wconf 91' lang='lat' dir='ltr'><strong>si</strong></span> <span class='ocrx_word' id='word_1_596' title='bbox 3046 3271 3161 3326; x_wconf 59' lang='lat' dir='ltr'><strong>haec</strong></span> <span class='ocrx_word' id='word_1_597' title='bbox 3202 3272 3341 3326; x_wconf 88' lang='lat' dir='ltr'><strong>bene</strong></span> <span class='ocrx_word' id='word_1_598' title='bbox 3393 3272 3723 3336; x_wconf 81' lang='lat' dir='ltr'><strong>intellexisti,</strong></span> 
     </span>
    </p>
   </div>
   <div class='ocr_carea' id='block_1_79' title="bbox 2144 3364 3722 3432">
    <p class='ocr_par' dir='ltr' id='par_1_79' title="bbox 2144 3364 3722 3432">
     <span class='ocr_line' id='line_1_79' title="bbox 2144 3364 3722 3432; baseline -0.001 -13"><span class='ocrx_word' id='word_1_599' title='bbox 2144 3375 2489 3419; x_wconf 83' lang='lat' dir='ltr'><strong>transeamus</strong></span> <span class='ocrx_word' id='word_1_600' title='bbox 2516 3380 2660 3418; x_wconf 89' lang='lat' dir='ltr'><strong>nunc</strong></span> <span class='ocrx_word' id='word_1_601' title='bbox 2680 3364 2748 3416; x_wconf 91' lang='lat' dir='ltr'><strong>ab</strong></span> <span class='ocrx_word' id='word_1_602' title='bbox 2775 3364 3039 3432; x_wconf 76' lang='lat' dir='ltr'><strong>exemplis</strong></span> <span class='ocrx_word' id='word_1_603' title='bbox 3065 3377 3340 3431; x_wconf 71' lang='lat' dir='ltr'><strong>corporea:</strong></span> <span class='ocrx_word' id='word_1_604' title='bbox 3356 3364 3632 3432; x_wconf 90' lang='lat' dir='ltr'><strong>qualitatis</strong></span> <span class='ocrx_word' id='word_1_605' title='bbox 3656 3368 3722 3418; x_wconf 85' lang='lat' dir='ltr'><strong>ad</strong></span> 
     </span>
    </p>
   </div>
   <div class='ocr_carea' id='block_1_80' title="bbox 2143 3453 3723 3524">
    <p class='ocr_par' dir='ltr' id='par_1_80' title="bbox 2143 3453 3723 3524">
     <span class='ocr_line' id='line_1_80' title="bbox 2143 3453 3723 3524; baseline 0 -16"><span class='ocrx_word' id='word_1_606' title='bbox 2143 3466 2357 3508; x_wconf 69' lang='lat' dir='ltr'><strong>natura:</strong></span> <span class='ocrx_word' id='word_1_607' title='bbox 2390 3453 2731 3507; x_wconf 82' lang='lat' dir='ltr'><strong>rationabilis</strong></span> <span class='ocrx_word' id='word_1_608' title='bbox 2781 3455 3099 3519; x_wconf 86' lang='lat' dir='ltr'><strong>qualitatem</strong></span> <span class='ocrx_word' id='word_1_609' title='bbox 3135 3470 3147 3505; x_wconf 92' lang='lat'><strong>:</strong></span> <span class='ocrx_word' id='word_1_610' title='bbox 3196 3463 3253 3509; x_wconf 85' lang='lat' dir='ltr'><strong>et</strong></span> <span class='ocrx_word' id='word_1_611' title='bbox 3298 3455 3424 3509; x_wconf 88' lang='lat' dir='ltr'><strong>vide</strong></span> <span class='ocrx_word' id='word_1_612' title='bbox 3453 3458 3723 3524; x_wconf 86' lang='lat' dir='ltr'><strong>quomodo</strong></span> 
     </span>
    </p>
   </div>
   <div class='ocr_carea' id='block_1_81' title="bbox 2143 3544 3720 3612">
    <p class='ocr_par' dir='ltr' id='par_1_81' title="bbox 2143 3544 3720 3612">
     <span class='ocr_line' id='line_1_81' title="bbox 2143 3544 3720 3612; baseline 0 -15"><span class='ocrx_word' id='word_1_613' title='bbox 2143 3544 2265 3597; x_wconf 74' lang='lat' dir='ltr'><strong>alite</strong></span> <span class='ocrx_word' id='word_1_614' title='bbox 2322 3544 2544 3612; x_wconf 86' lang='lat' dir='ltr'><strong>quidem</strong></span> <span class='ocrx_word' id='word_1_615' title='bbox 2602 3544 2654 3596; x_wconf 89' lang='lat' dir='ltr'><strong>in</strong></span> <span class='ocrx_word' id='word_1_616' title='bbox 2712 3544 3071 3612; x_wconf 82' lang='lat' dir='ltr'><strong>qualitatibus</strong></span> <span class='ocrx_word' id='word_1_617' title='bbox 3128 3544 3483 3599; x_wconf 83' lang='lat' dir='ltr'><strong>beatitudinis</strong></span> <span class='ocrx_word' id='word_1_618' title='bbox 3528 3548 3720 3600; x_wconf 65' lang='lat' dir='ltr'><strong>saecula</strong></span> 
     </span>
    </p>
   </div>
   <div class='ocr_carea' id='block_1_82' title="bbox 2143 3635 3720 3709">
    <p class='ocr_par' dir='ltr' id='par_1_82' title="bbox 2143 3635 3720 3709">
     <span class='ocr_line' id='line_1_82' title="bbox 2143 3635 3720 3709; baseline 0.003 -22"><span class='ocrx_word' id='word_1_619' title='bbox 2143 3635 2308 3687; x_wconf 88' lang='lat' dir='ltr'><strong>multa</strong></span> <span class='ocrx_word' id='word_1_620' title='bbox 2343 3642 2642 3705; x_wconf 88' lang='lat' dir='ltr'><strong>perdurant</strong></span> <span class='ocrx_word' id='word_1_621' title='bbox 2672 3650 2687 3686; x_wconf 91' lang='lat'><strong>:</strong></span> <span class='ocrx_word' id='word_1_622' title='bbox 2719 3646 2774 3689; x_wconf 91' lang='lat' dir='ltr'><strong>et</strong></span> <span class='ocrx_word' id='word_1_623' title='bbox 2814 3637 2932 3689; x_wconf 71' lang='lat' dir='ltr'><strong>alia:</strong></span> <span class='ocrx_word' id='word_1_624' title='bbox 2965 3637 3017 3689; x_wconf 93' lang='lat' dir='ltr'><strong>in</strong></span> <span class='ocrx_word' id='word_1_625' title='bbox 3046 3636 3313 3704; x_wconf 87' lang='lat' dir='ltr'><strong>qualitate</strong></span> <span class='ocrx_word' id='word_1_626' title='bbox 3347 3637 3569 3691; x_wconf 66' lang='lat' dir='ltr'><strong>malitia:</strong></span> <span class='ocrx_word' id='word_1_627' title='bbox 3606 3637 3720 3709; x_wconf 87' lang='lat'><strong>(79)</strong></span> 
     </span>
    </p>
   </div>
   <div class='ocr_carea' id='block_1_83' title="bbox 2143 3726 3722 3798">
    <p class='ocr_par' dir='ltr' id='par_1_83' title="bbox 2143 3726 3722 3798">
     <span class='ocr_line' id='line_1_83' title="bbox 2143 3726 3722 3798; baseline 0.002 -18"><span class='ocrx_word' id='word_1_628' title='bbox 2143 3726 2497 3781; x_wconf 87' lang='lat' dir='ltr'><strong>nihilominus</strong></span> <span class='ocrx_word' id='word_1_629' title='bbox 2535 3728 2704 3798; x_wconf 78' lang='lat'><strong>638</strong></span> <span class='ocrx_word' id='word_1_630' title='bbox 2747 3729 2944 3782; x_wconf 83' lang='lat' dir='ltr'><strong>s:ecula</strong></span> <span class='ocrx_word' id='word_1_631' title='bbox 2986 3728 3154 3781; x_wconf 89' lang='lat' dir='ltr'><strong>multa</strong></span> <span class='ocrx_word' id='word_1_632' title='bbox 3205 3739 3570 3784; x_wconf 88' lang='lat' dir='ltr'><strong>consumunt:</strong></span> <span class='ocrx_word' id='word_1_633' title='bbox 3604 3729 3722 3783; x_wconf 79' lang='lat' dir='ltr'><strong>aliae</strong></span> 
     </span>
    </p>
   </div>
   <div class='ocr_carea' id='block_1_84' title="bbox 2140 3820 3723 3889">
    <p class='ocr_par' dir='ltr' id='par_1_84' title="bbox 2140 3820 3723 3889">
     <span class='ocr_line' id='line_1_84' title="bbox 2140 3820 3723 3889; baseline 0.001 -16"><span class='ocrx_word' id='word_1_634' title='bbox 2140 3834 2206 3873; x_wconf 86' lang='lat' dir='ltr'><strong>ex</strong></span> <span class='ocrx_word' id='word_1_635' title='bbox 2232 3821 2364 3889; x_wconf 88' lang='lat' dir='ltr'><strong>ipsis</strong></span> <span class='ocrx_word' id='word_1_636' title='bbox 2388 3836 2556 3888; x_wconf 89' lang='lat' dir='ltr'><strong>parvo</strong></span> <span class='ocrx_word' id='word_1_637' title='bbox 2585 3833 2829 3889; x_wconf 89' lang='lat' dir='ltr'><strong>tempore</strong></span> <span class='ocrx_word' id='word_1_638' title='bbox 2855 3820 2936 3875; x_wconf 90' lang='lat' dir='ltr'><strong>vel</strong></span> <span class='ocrx_word' id='word_1_639' title='bbox 2980 3821 3033 3873; x_wconf 94' lang='lat' dir='ltr'><strong>in</strong></span> <span class='ocrx_word' id='word_1_640' title='bbox 3061 3822 3374 3883; x_wconf 80' lang='lat' dir='ltr'><strong>virtutibus,</strong></span> <span class='ocrx_word' id='word_1_641' title='bbox 3403 3820 3489 3876; x_wconf 85' lang='lat' dir='ltr'><strong>vel</strong></span> <span class='ocrx_word' id='word_1_642' title='bbox 3518 3822 3569 3875; x_wconf 91' lang='lat' dir='ltr'><strong>in</strong></span> <span class='ocrx_word' id='word_1_643' title='bbox 3609 3837 3723 3875; x_wconf 90' lang='lat' dir='ltr'><strong>ma-</strong></span> 
     </span>
    </p>
   </div>
   <div class='ocr_carea' id='block_1_85' title="bbox 2141 3910 3719 3982">
    <p class='ocr_par' dir='ltr' id='par_1_85' title="bbox 2141 3910 3719 3982">
     <span class='ocr_line' id='line_1_85' title="bbox 2141 3910 3719 3982; baseline 0.001 -20"><span class='ocrx_word' id='word_1_644' title='bbox 2141 3910 2274 3964; x_wconf 92' lang='lat' dir='ltr'><strong>litiis</strong></span> <span class='ocrx_word' id='word_1_645' title='bbox 2304 3922 2527 3965; x_wconf 90' lang='lat' dir='ltr'><strong>manent</strong></span> <span class='ocrx_word' id='word_1_646' title='bbox 2553 3928 2568 3977; x_wconf 90' lang='lat'><strong>;</strong></span> <span class='ocrx_word' id='word_1_647' title='bbox 2605 3913 2725 3966; x_wconf 70' lang='lat' dir='ltr'><strong>alia:</strong></span> <span class='ocrx_word' id='word_1_648' title='bbox 2749 3912 3064 3982; x_wconf 76' lang='lat' dir='ltr'><strong>perexiguo,</strong></span> <span class='ocrx_word' id='word_1_649' title='bbox 3094 3911 3214 3964; x_wconf 63' lang='lat' dir='ltr'><strong>aliae</strong></span> <span class='ocrx_word' id='word_1_650' title='bbox 3235 3912 3524 3965; x_wconf 85' lang='lat' dir='ltr'><strong>admodum</strong></span> <span class='ocrx_word' id='word_1_651' title='bbox 3549 3910 3719 3965; x_wconf 81' lang='lat' dir='ltr'><strong>brevi.</strong></span> 
     </span>
    </p>
   </div>
   <div class='ocr_carea' id='block_1_86' title="bbox 2140 4000 3719 4070">
    <p class='ocr_par' dir='ltr' id='par_1_86' title="bbox 2140 4000 3719 4070">
     <span class='ocr_line' id='line_1_86' title="bbox 2140 4000 3719 4070; baseline -0.002 -17"><span class='ocrx_word' id='word_1_652' title='bbox 2140 4000 2382 4068; x_wconf 91' lang='lat' dir='ltr'><strong>Quorum</strong></span> <span class='ocrx_word' id='word_1_653' title='bbox 2414 4017 2511 4070; x_wconf 84' lang='lat' dir='ltr'><strong>per</strong></span> <span class='ocrx_word' id='word_1_654' title='bbox 2540 4002 2751 4070; x_wconf 77' lang='lat' dir='ltr'><strong>singula</strong></span> <span class='ocrx_word' id='word_1_655' title='bbox 2782 4002 3031 4056; x_wconf 90' lang='lat' dir='ltr'><strong>notitiam</strong></span> <span class='ocrx_word' id='word_1_656' title='bbox 3062 4016 3160 4052; x_wconf 92' lang='lat' dir='ltr'><strong>nos</strong></span> <span class='ocrx_word' id='word_1_657' title='bbox 3192 4001 3412 4068; x_wconf 90' lang='lat' dir='ltr'><strong>quidem</strong></span> <span class='ocrx_word' id='word_1_658' title='bbox 3449 4000 3719 4059; x_wconf 86' lang='lat' dir='ltr'><strong>homines.</strong></span> 
     </span>
    </p>
   </div>
   <div class='ocr_carea' id='block_1_87' title="bbox 2139 4092 3721 4163">
    <p class='ocr_par' dir='ltr' id='par_1_87' title="bbox 2139 4092 3721 4163">
     <span class='ocr_line' id='line_1_87' title="bbox 2139 4092 3721 4163; baseline -0.004 -17"><span class='ocrx_word' id='word_1_659' title='bbox 2139 4102 2326 4162; x_wconf 90' lang='lat' dir='ltr'><strong>utpote</strong></span> <span class='ocrx_word' id='word_1_660' title='bbox 2354 4092 2728 4159; x_wconf 88' lang='lat' dir='ltr'><strong>corruptibilis</strong></span> <span class='ocrx_word' id='word_1_661' title='bbox 2759 4092 3006 4159; x_wconf 88' lang='lat' dir='ltr'><strong>corporis</strong></span> <span class='ocrx_word' id='word_1_662' title='bbox 3038 4092 3149 4163; x_wconf 92' lang='lat'><strong>(80)</strong></span> <span class='ocrx_word' id='word_1_663' title='bbox 3199 4094 3438 4159; x_wconf 88' lang='lat' dir='ltr'><strong>pondere</strong></span> <span class='ocrx_word' id='word_1_664' title='bbox 3480 4104 3721 4159; x_wconf 59' lang='grc' dir='ltr'>ιιι-ωειλ·-</span> 
     </span>
    </p>
   </div>
   <div class='ocr_carea' id='block_1_88' title="bbox 2138 4184 3720 4253">
    <p class='ocr_par' dir='ltr' id='par_1_88' title="bbox 2138 4184 3720 4253">
     <span class='ocr_line' id='line_1_88' title="bbox 2138 4184 3720 4253; baseline -0.003 -15"><span class='ocrx_word' id='word_1_665' title='bbox 2138 4185 2270 4248; x_wconf 81' lang='lat' dir='ltr'><strong>vati,</strong></span> <span class='ocrx_word' id='word_1_666' title='bbox 2311 4184 2684 4253; x_wconf 78' lang='lat' dir='ltr'><strong>perexiguam,</strong></span> <span class='ocrx_word' id='word_1_667' title='bbox 2722 4185 3009 4238; x_wconf 88' lang='lat' dir='ltr'><strong>autetiam</strong></span> <span class='ocrx_word' id='word_1_668' title='bbox 3058 4184 3259 4237; x_wconf 90' lang='lat' dir='ltr'><strong>nullam</strong></span> <span class='ocrx_word' id='word_1_669' title='bbox 3306 4197 3502 4252; x_wconf 87' lang='lat' dir='ltr'><strong>capere</strong></span> <span class='ocrx_word' id='word_1_670' title='bbox 3530 4196 3720 4250; x_wconf 87' lang='lat' dir='ltr'><strong>possu-</strong></span> 
     </span>
    </p>
   </div>
   <div class='ocr_carea' id='block_1_89' title="bbox 2141 4269 3716 4342">
    <p class='ocr_par' dir='ltr' id='par_1_89' title="bbox 2141 4269 3716 4342">
     <span class='ocr_line' id='line_1_89' title="bbox 2141 4269 3716 4342; baseline -0.003 -14"><span class='ocrx_word' id='word_1_671' title='bbox 2141 4290 2279 4329; x_wconf 89' lang='lat' dir='ltr'><strong>mus.</strong></span> <span class='ocrx_word' id='word_1_672' title='bbox 2313 4274 2418 4342; x_wconf 87' lang='lat' dir='ltr'><strong>Qui</strong></span> <span class='ocrx_word' id='word_1_673' title='bbox 2456 4289 2586 4328; x_wconf 83' lang='lat' dir='ltr'><strong>vero</strong></span> <span class='ocrx_word' id='word_1_674' title='bbox 2615 4285 2896 4328; x_wconf 87' lang='lat' dir='ltr'><strong>scrutatur</strong></span> <span class='ocrx_word' id='word_1_675' title='bbox 2931 4275 3135 4338; x_wconf 88' lang='lat' dir='ltr'><strong>omnia,</strong></span> <span class='ocrx_word' id='word_1_676' title='bbox 3170 4276 3338 4329; x_wconf 91' lang='lat' dir='ltr'><strong>etiam</strong></span> <span class='ocrx_word' id='word_1_677' title='bbox 3383 4273 3490 4325; x_wconf 89' lang='lat' dir='ltr'><strong>alta</strong></span> <span class='ocrx_word' id='word_1_678' title='bbox 3526 4272 3616 4325; x_wconf 88' lang='lat' dir='ltr'><strong>Dei</strong></span> <span class='ocrx_word' id='word_1_679' title='bbox 3649 4269 3716 4331; x_wconf 71' lang='grc' dir='ltr'><strong>δ’,</strong></span> 
     </span>
    </p>
   </div>
   <div class='ocr_carea' id='block_1_90' title="bbox 2140 4361 3716 4433">
    <p class='ocr_par' dir='ltr' id='par_1_90' title="bbox 2140 4361 3716 4433">
     <span class='ocr_line' id='line_1_90' title="bbox 2140 4361 3716 4433; baseline -0.005 -14"><span class='ocrx_word' id='word_1_680' title='bbox 2140 4363 2380 4433; x_wconf 90' lang='lat' dir='ltr'><strong>Spiritus</strong></span> <span class='ocrx_word' id='word_1_681' title='bbox 2411 4374 2637 4419; x_wconf 89' lang='lat' dir='ltr'><strong>sanctus</strong></span> <span class='ocrx_word' id='word_1_682' title='bbox 2668 4366 2923 4418; x_wconf 89' lang='lat' dir='ltr'><strong>universa</strong></span> <span class='ocrx_word' id='word_1_683' title='bbox 2955 4365 3124 4426; x_wconf 87' lang='lat' dir='ltr'><strong>novit,</strong></span> <span class='ocrx_word' id='word_1_684' title='bbox 3175 4373 3233 4418; x_wconf 91' lang='lat' dir='ltr'><strong>et</strong></span> <span class='ocrx_word' id='word_1_685' title='bbox 3276 4373 3403 4417; x_wconf 91' lang='lat' dir='ltr'><strong>uota</strong></span> <span class='ocrx_word' id='word_1_686' title='bbox 3457 4361 3587 4416; x_wconf 78' lang='lat' dir='ltr'><strong>facit</strong></span> <span class='ocrx_word' id='word_1_687' title='bbox 3632 4362 3716 4413; x_wconf 83' lang='lat' dir='ltr'><strong>cui</strong></span> 
     </span>
    </p>
   </div>
   <div class='ocr_carea' id='block_1_91' title="bbox 456 4453 3713 4524">
    <p class='ocr_par' dir='ltr' id='par_1_91' title="bbox 456 4453 3713 4524">
     <span class='ocr_line' id='line_1_91' title="bbox 456 4453 3713 4524; baseline 0 -20"><span class='ocrx_word' id='word_1_688' title='bbox 456 4453 791 4507; x_wconf 90' lang='lat' dir='ltr'><strong>tionabilinm</strong></span> <span class='ocrx_word' id='word_1_689' title='bbox 837 4470 941 4507; x_wconf 91' lang='lat' dir='ltr'><strong>una</strong></span> <span class='ocrx_word' id='word_1_690' title='bbox 996 4466 1187 4510; x_wconf 89' lang='lat' dir='ltr'><strong>natura</strong></span> <span class='ocrx_word' id='word_1_691' title='bbox 1228 4458 1321 4519; x_wconf 88' lang='lat' dir='ltr'><strong>sit,</strong></span> <span class='ocrx_word' id='word_1_692' title='bbox 1371 4455 1582 4509; x_wconf 87' lang='lat' dir='ltr'><strong>arbitrii</strong></span> <span class='ocrx_word' id='word_1_693' title='bbox 1621 4456 1822 4524; x_wconf 91' lang='lat' dir='ltr'><strong>proprii</strong></span> <span class='ocrx_word' id='word_1_694' title='bbox 1854 4470 2041 4523; x_wconf 64' lang='lat' dir='ltr'><strong>aequa-</strong></span> <span class='ocrx_word' id='word_1_695' title='bbox 2073 4470 2115 4523; x_wconf 74' lang='grc' dir='ltr'>ι)</span> <span class='ocrx_word' id='word_1_696' title='bbox 2150 4457 2264 4523; x_wconf 89' lang='lat' dir='ltr'><strong>ipse</strong></span> <span class='ocrx_word' id='word_1_697' title='bbox 2295 4456 2533 4510; x_wconf 87' lang='lat' dir='ltr'><strong>voluerit</strong></span> <span class='ocrx_word' id='word_1_698' title='bbox 2577 4458 2842 4510; x_wconf 87' lang='lat' dir='ltr'><strong>revelare.</strong></span> <span class='ocrx_word' id='word_1_699' title='bbox 2871 4457 2928 4510; x_wconf 94' lang='lat' dir='ltr'><strong>ln</strong></span> <span class='ocrx_word' id='word_1_700' title='bbox 2962 4456 3047 4509; x_wconf 92' lang='lat' dir='ltr'><strong>his</strong></span> <span class='ocrx_word' id='word_1_701' title='bbox 3079 4455 3281 4509; x_wconf 88' lang='lat' dir='ltr'><strong>etenim</strong></span> <span class='ocrx_word' id='word_1_702' title='bbox 3337 4454 3627 4523; x_wconf 67' lang='lat' dir='ltr'><strong>praacipue,</strong></span> <span class='ocrx_word' id='word_1_703' title='bbox 3664 4453 3713 4503; x_wconf 91' lang='lat' dir='ltr'><strong>id</strong></span> 
     </span>
    </p>
   </div>
   <div class='ocr_carea' id='block_1_92' title="bbox 455 4542 2036 4615">
    <p class='ocr_par' dir='ltr' id='par_1_92' title="bbox 455 4542 2036 4615">
     <span class='ocr_line' id='line_1_92' title="bbox 455 4542 2036 4615; baseline 0.003 -19"><span class='ocrx_word' id='word_1_704' title='bbox 455 4542 580 4596; x_wconf 88' lang='lat' dir='ltr'><strong>liter</strong></span> <span class='ocrx_word' id='word_1_705' title='bbox 612 4544 862 4598; x_wconf 89' lang='lat' dir='ltr'><strong>libertate</strong></span> <span class='ocrx_word' id='word_1_706' title='bbox 887 4547 1108 4610; x_wconf 90' lang='lat' dir='ltr'><strong>donata,</strong></span> <span class='ocrx_word' id='word_1_707' title='bbox 1139 4547 1568 4615; x_wconf 76' lang='lat' dir='ltr'><strong>uniuSanusque</strong></span> <span class='ocrx_word' id='word_1_708' title='bbox 1619 4547 1822 4614; x_wconf 90' lang='lat' dir='ltr'><strong>proprii</strong></span> <span class='ocrx_word' id='word_1_709' title='bbox 1856 4556 2036 4600; x_wconf 88' lang='lat' dir='ltr'><strong>motus</strong></span> 
     </span>
    </p>
   </div>
   <div class='ocr_carea' id='block_1_93' title="bbox 452 4635 2033 4707">
    <p class='ocr_par' dir='ltr' id='par_1_93' title="bbox 452 4635 2033 4707">
     <span class='ocr_line' id='line_1_93' title="bbox 452 4635 2033 4707; baseline 0.002 -20"><span class='ocrx_word' id='word_1_710' title='bbox 452 4650 520 4687; x_wconf 81' lang='lat' dir='ltr'><strong>ex</strong></span> <span class='ocrx_word' id='word_1_711' title='bbox 553 4635 761 4690; x_wconf 90' lang='lat' dir='ltr'><strong>arbitrii</strong></span> <span class='ocrx_word' id='word_1_712' title='bbox 790 4648 1062 4706; x_wconf 89' lang='lat' dir='ltr'><strong>potestate</strong></span> <span class='ocrx_word' id='word_1_713' title='bbox 1093 4640 1312 4707; x_wconf 88' lang='lat' dir='ltr'><strong>prolati,</strong></span> <span class='ocrx_word' id='word_1_714' title='bbox 1347 4638 1427 4691; x_wconf 88' lang='lat' dir='ltr'><strong>vel</strong></span> <span class='ocrx_word' id='word_1_715' title='bbox 1449 4641 1515 4692; x_wconf 91' lang='lat' dir='ltr'><strong>ad</strong></span> <span class='ocrx_word' id='word_1_716' title='bbox 1545 4639 1824 4700; x_wconf 88' lang='lat' dir='ltr'><strong>virtutem,</strong></span> <span class='ocrx_word' id='word_1_717' title='bbox 1854 4637 1936 4691; x_wconf 88' lang='lat' dir='ltr'><strong>vel</strong></span> <span class='ocrx_word' id='word_1_718' title='bbox 1966 4639 2033 4690; x_wconf 89' lang='lat' dir='ltr'><strong>ad</strong></span> 
     </span>
    </p>
   </div>
   <div class='ocr_carea' id='block_1_94' title="bbox 456 4728 2035 4800">
    <p class='ocr_par' dir='ltr' id='par_1_94' title="bbox 456 4728 2035 4800">
     <span class='ocr_line' id='line_1_94' title="bbox 456 4728 2035 4800; baseline 0.001 -21"><span class='ocrx_word' id='word_1_719' title='bbox 456 4728 734 4787; x_wconf 70' lang='lat' dir='ltr'><strong>libidintvn</strong></span> <span class='ocrx_word' id='word_1_720' title='bbox 767 4730 1068 4799; x_wconf 81' lang='lat' dir='ltr'><strong>subjeCtam</strong></span> <span class='ocrx_word' id='word_1_721' title='bbox 1108 4732 1208 4786; x_wconf 90' lang='lat' dir='ltr'><strong>sibi</strong></span> <span class='ocrx_word' id='word_1_722' title='bbox 1243 4732 1481 4785; x_wconf 90' lang='lat' dir='ltr'><strong>animam</strong></span> <span class='ocrx_word' id='word_1_723' title='bbox 1511 4731 1904 4800; x_wconf 89' lang='lat' dir='ltr'><strong>perduceutes,</strong></span> <span class='ocrx_word' id='word_1_724' title='bbox 1949 4729 2035 4783; x_wconf 92' lang='lat' dir='ltr'><strong>vel</strong></span> 
     </span>
    </p>
   </div>
   <div class='ocr_carea' id='block_1_95' title="bbox 452 4818 2030 4892">
    <p class='ocr_par' dir='ltr' id='par_1_95' title="bbox 452 4818 2030 4892">
     <span class='ocr_line' id='line_1_95' title="bbox 452 4818 2030 4892; baseline 0.003 -21"><span class='ocrx_word' id='word_1_725' title='bbox 452 4818 507 4871; x_wconf 91' lang='lat' dir='ltr'><strong>in</strong></span> <span class='ocrx_word' id='word_1_726' title='bbox 530 4821 683 4874; x_wconf 64' lang='lat' dir='ltr'><strong>bonae</strong></span> <span class='ocrx_word' id='word_1_727' title='bbox 710 4836 854 4885; x_wconf 90' lang='lat' dir='ltr'><strong>eam,</strong></span> <span class='ocrx_word' id='word_1_728' title='bbox 876 4823 959 4876; x_wconf 87' lang='lat' dir='ltr'><strong>vel</strong></span> <span class='ocrx_word' id='word_1_729' title='bbox 980 4824 1031 4876; x_wconf 92' lang='lat' dir='ltr'><strong>iu</strong></span> <span class='ocrx_word' id='word_1_730' title='bbox 1059 4824 1215 4877; x_wconf 72' lang='lat' dir='ltr'><strong>make</strong></span> <span class='ocrx_word' id='word_1_731' title='bbox 1242 4824 1459 4876; x_wconf 91' lang='lat' dir='ltr'><strong>arboris</strong></span> <span class='ocrx_word' id='word_1_732' title='bbox 1489 4823 1726 4892; x_wconf 90' lang='lat' dir='ltr'><strong>speciem</strong></span> <span class='ocrx_word' id='word_1_733' title='bbox 1760 4822 2030 4876; x_wconf 80' lang='lat' dir='ltr'><strong>formant:</strong></span> 
     </span>
    </p>
   </div>
   <div class='ocr_carea' id='block_1_96' title="bbox 452 4911 2029 4981">
    <p class='ocr_par' dir='ltr' id='par_1_96' title="bbox 452 4911 2029 4981">
     <span class='ocr_line' id='line_1_96' title="bbox 452 4911 2029 4981; baseline 0 -18"><span class='ocrx_word' id='word_1_734' title='bbox 452 4918 512 4963; x_wconf 91' lang='lat' dir='ltr'><strong>ut</strong></span> <span class='ocrx_word' id='word_1_735' title='bbox 544 4922 638 4965; x_wconf 87' lang='lat' dir='ltr'><strong>aut</strong></span> <span class='ocrx_word' id='word_1_736' title='bbox 671 4913 809 4967; x_wconf 91' lang='lat' dir='ltr'><strong>bona</strong></span> <span class='ocrx_word' id='word_1_737' title='bbox 847 4918 1010 4967; x_wconf 91' lang='lat' dir='ltr'><strong>arbor</strong></span> <span class='ocrx_word' id='word_1_738' title='bbox 1058 4916 1291 4977; x_wconf 91' lang='lat' dir='ltr'><strong>dicatur,</strong></span> <span class='ocrx_word' id='word_1_739' title='bbox 1327 4914 1370 4966; x_wconf 84' lang='lat' dir='ltr'><strong>si</strong></span> <span class='ocrx_word' id='word_1_740' title='bbox 1405 4927 1504 4981; x_wconf 91' lang='lat' dir='ltr'><strong>per</strong></span> <span class='ocrx_word' id='word_1_741' title='bbox 1534 4911 1746 4964; x_wconf 90' lang='lat' dir='ltr'><strong>arbitrii</strong></span> <span class='ocrx_word' id='word_1_742' title='bbox 1789 4919 2029 4979; x_wconf 88' lang='lat' dir='ltr'><strong>potesta-</strong></span> 
     </span>
    </p>
   </div>
   <div class='ocr_carea' id='block_1_97' title="bbox 523 5003 1653 5074">
    <p class='ocr_par' dir='ltr' id='par_1_97' title="bbox 523 5003 1653 5074">
     <span class='ocr_line' id='line_1_97' title="bbox 523 5003 1653 5074; baseline 0.002 -17"><span class='ocrx_word' id='word_1_743' title='bbox 523 5003 569 5034; x_wconf 81' lang='grc'><strong>⁵⁸</strong></span> <span class='ocrx_word' id='word_1_744' title='bbox 600 5003 759 5058; x_wconf 81' lang='lat' dir='ltr'><strong>Rom.</strong></span> <span class='ocrx_word' id='word_1_745' title='bbox 792 5021 867 5071; x_wconf 73' lang='grc' dir='ltr'>ιι,</span> <span class='ocrx_word' id='word_1_746' title='bbox 908 5007 974 5059; x_wconf 81' lang='grc'>16</span> <span class='ocrx_word' id='word_1_747' title='bbox 1004 5021 1124 5074; x_wconf 73' lang='grc' dir='ltr'><strong>ειμι.</strong></span> <span class='ocrx_word' id='word_1_748' title='bbox 1202 5006 1248 5037; x_wconf 79' lang='grc'><strong><em>⁶⁹</em></strong></span> <span class='ocrx_word' id='word_1_749' title='bbox 1278 5005 1653 5068; x_wconf 73' lang='lat' dir='ltr'><strong>Mattli.x1,33.</strong></span> 
     </span>
    </p>
   </div>
   <div class='ocr_carea' id='block_1_98' title="bbox 526 5095 1568 5165">
    <p class='ocr_par' dir='ltr' id='par_1_98' title="bbox 526 5095 1568 5165">
     <span class='ocr_line' id='line_1_98' title="bbox 526 5095 1568 5165; baseline -0.001 -17"><span class='ocrx_word' id='word_1_750' title='bbox 526 5095 640 5165; x_wconf 93' lang='lat' dir='ltr'><strong>(7l)</strong></span> <span class='ocrx_word' id='word_1_751' title='bbox 675 5097 812 5151; x_wconf 86' lang='lat' dir='ltr'><strong>Editi</strong></span> <span class='ocrx_word' id='word_1_752' title='bbox 835 5137 850 5162; x_wconf 92' lang='lat'><strong>,</strong></span> <span class='ocrx_word' id='word_1_753' title='bbox 888 5116 907 5148; x_wconf 74' lang='grc' dir='ltr'><strong>ι</strong></span> <span class='ocrx_word' id='word_1_754' title='bbox 937 5101 1078 5152; x_wconf 89' lang='lat' dir='ltr'><strong>sicut</strong></span> <span class='ocrx_word' id='word_1_755' title='bbox 1112 5097 1363 5160; x_wconf 85' lang='lat' dir='ltr'><strong>oll&#39;ensio,</strong></span> <span class='ocrx_word' id='word_1_756' title='bbox 1404 5116 1422 5147; x_wconf 76' lang='grc' dir='ltr'><strong>ι</strong></span> <span class='ocrx_word' id='word_1_757' title='bbox 1461 5105 1568 5148; x_wconf 85' lang='lat' dir='ltr'><strong>etc.</strong></span> 
     </span>
    </p>
   </div>
   <div class='ocr_carea' id='block_1_99' title="bbox 524 5163 2030 5237">
    <p class='ocr_par' dir='ltr' id='par_1_99' title="bbox 524 5163 2030 5237">
     <span class='ocr_line' id='line_1_99' title="bbox 524 5163 2030 5237; baseline 0.001 -19"><span class='ocrx_word' id='word_1_758' title='bbox 524 5163 640 5235; x_wconf 70' lang='grc'>(72)</span> <span class='ocrx_word' id='word_1_759' title='bbox 675 5167 839 5230; x_wconf 79' lang='lat' dir='ltr'><strong>Editi,</strong></span> <span class='ocrx_word' id='word_1_760' title='bbox 878 5186 895 5217; x_wconf 85' lang='lat' dir='ltr'><strong>t</strong></span> <span class='ocrx_word' id='word_1_761' title='bbox 926 5170 1033 5222; x_wconf 90' lang='lat' dir='ltr'><strong>noli</strong></span> <span class='ocrx_word' id='word_1_762' title='bbox 1066 5170 1232 5221; x_wconf 85' lang='lat' dir='ltr'><strong>altum</strong></span> <span class='ocrx_word' id='word_1_763' title='bbox 1259 5181 1472 5237; x_wconf 86' lang='lat' dir='ltr'><strong>sapere.</strong></span> <span class='ocrx_word' id='word_1_764' title='bbox 1505 5185 1525 5217; x_wconf 76' lang='grc' dir='ltr'><strong>ι</strong></span> <span class='ocrx_word' id='word_1_765' title='bbox 1564 5165 1667 5219; x_wconf 88' lang='lat' dir='ltr'><strong>Sed</strong></span> <span class='ocrx_word' id='word_1_766' title='bbox 1701 5180 1804 5221; x_wconf 89' lang='lat' dir='ltr'><strong>ms.</strong></span> <span class='ocrx_word' id='word_1_767' title='bbox 1828 5163 2030 5235; x_wconf 79' lang='lat' dir='ltr'><strong>Regius</strong></span> 
     </span>
    </p>
   </div>
   <div class='ocr_carea' id='block_1_100' title="bbox 452 5237 1142 5291">
    <p class='ocr_par' dir='ltr' id='par_1_100' title="bbox 452 5237 1142 5291">
     <span class='ocr_line' id='line_1_100' title="bbox 452 5237 1142 5291; baseline 0.006 -4"><span class='ocrx_word' id='word_1_768' title='bbox 452 5250 604 5289; x_wconf 87' lang='lat' dir='ltr'><strong>num.</strong></span> <span class='ocrx_word' id='word_1_769' title='bbox 640 5237 776 5291; x_wconf 78' lang='grc'>1659</span> <span class='ocrx_word' id='word_1_770' title='bbox 805 5248 862 5291; x_wconf 84' lang='grc' dir='ltr'><strong>ιιι</strong></span> <span class='ocrx_word' id='word_1_771' title='bbox 886 5238 939 5291; x_wconf 92' lang='lat' dir='ltr'><strong>in</strong></span> <span class='ocrx_word' id='word_1_772' title='bbox 972 5247 1142 5291; x_wconf 83' lang='lat' dir='ltr'><strong>textu.</strong></span> 
     </span>
    </p>
   </div>
   <div class='ocr_carea' id='block_1_101' title="bbox 526 5304 2027 5376">
    <p class='ocr_par' dir='ltr' id='par_1_101' title="bbox 526 5304 2027 5376">
     <span class='ocr_line' id='line_1_101' title="bbox 526 5304 2027 5376; baseline -0.001 -18"><span class='ocrx_word' id='word_1_773' title='bbox 526 5306 638 5375; x_wconf 80' lang='lat'><strong>(75)</strong></span> <span class='ocrx_word' id='word_1_774' title='bbox 673 5311 765 5362; x_wconf 83' lang='lat' dir='ltr'><strong>Sic</strong></span> <span class='ocrx_word' id='word_1_775' title='bbox 793 5318 937 5362; x_wconf 88' lang='lat' dir='ltr'><strong>recte</strong></span> <span class='ocrx_word' id='word_1_776' title='bbox 963 5323 1063 5361; x_wconf 90' lang='lat' dir='ltr'><strong>ms.</strong></span> <span class='ocrx_word' id='word_1_777' title='bbox 1103 5306 1302 5376; x_wconf 79' lang='lat' dir='ltr'><strong>Regius</strong></span> <span class='ocrx_word' id='word_1_778' title='bbox 1326 5321 1477 5358; x_wconf 89' lang='lat' dir='ltr'><strong>nmn.</strong></span> <span class='ocrx_word' id='word_1_779' title='bbox 1508 5304 1667 5359; x_wconf 72' lang='grc'><strong>1659.</strong></span> <span class='ocrx_word' id='word_1_780' title='bbox 1699 5304 2027 5376; x_wconf 86' lang='lat' dir='ltr'><strong>Editivero,</strong></span> 
     </span>
    </p>
   </div>
   <div class='ocr_carea' id='block_1_102' title="bbox 458 5374 2027 5445">
    <p class='ocr_par' dir='ltr' id='par_1_102' title="bbox 458 5374 2027 5445">
     <span class='ocr_line' id='line_1_102' title="bbox 458 5374 2027 5445; baseline 0.003 -21"><span class='ocrx_word' id='word_1_781' title='bbox 458 5392 477 5424; x_wconf 77' lang='grc' dir='ltr'><strong>ι</strong></span> <span class='ocrx_word' id='word_1_782' title='bbox 508 5374 561 5429; x_wconf 87' lang='lat' dir='ltr'><strong>et</strong></span> <span class='ocrx_word' id='word_1_783' title='bbox 588 5374 659 5431; x_wconf 90' lang='lat' dir='ltr'><strong>ibi</strong></span> <span class='ocrx_word' id='word_1_784' title='bbox 695 5378 1022 5439; x_wconf 85' lang='lat' dir='ltr'><strong>severitatis,</strong></span> <span class='ocrx_word' id='word_1_785' title='bbox 1047 5397 1066 5431; x_wconf 75' lang='grc' dir='ltr'><strong>ι</strong></span> <span class='ocrx_word' id='word_1_786' title='bbox 1100 5374 1208 5433; x_wconf 76' lang='lat' dir='ltr'><strong>etc.</strong></span> <span class='ocrx_word' id='word_1_787' title='bbox 1244 5374 1377 5431; x_wconf 78' lang='lat' dir='ltr'><strong>Mss.</strong></span> <span class='ocrx_word' id='word_1_788' title='bbox 1416 5377 1681 5445; x_wconf 87' lang='lat' dir='ltr'><strong>plerique,</strong></span> <span class='ocrx_word' id='word_1_789' title='bbox 1720 5392 1739 5425; x_wconf 79' lang='grc' dir='ltr'><strong>ι</strong></span> <span class='ocrx_word' id='word_1_790' title='bbox 1773 5386 1829 5428; x_wconf 92' lang='lat' dir='ltr'><strong>et</strong></span> <span class='ocrx_word' id='word_1_791' title='bbox 1853 5374 1928 5429; x_wconf 90' lang='lat' dir='ltr'><strong>ibi</strong></span> <span class='ocrx_word' id='word_1_792' title='bbox 1957 5388 2027 5428; x_wconf 90' lang='lat' dir='ltr'><strong>ne</strong></span> 
     </span>
    </p>
   </div>
   <div class='ocr_carea' id='block_1_103' title="bbox 453 5448 967 5509">
    <p class='ocr_par' dir='ltr' id='par_1_103' title="bbox 453 5448 967 5509">
     <span class='ocr_line' id='line_1_103' title="bbox 453 5448 967 5509; baseline 0.008 -12"><span class='ocrx_word' id='word_1_793' title='bbox 453 5448 784 5509; x_wconf 84' lang='lat' dir='ltr'><strong>severitatis,</strong></span> <span class='ocrx_word' id='word_1_794' title='bbox 809 5467 827 5499; x_wconf 75' lang='grc' dir='ltr'><strong><em>ο</em></strong></span> <span class='ocrx_word' id='word_1_795' title='bbox 859 5458 967 5501; x_wconf 90' lang='lat' dir='ltr'><strong>etc.</strong></span> 
     </span>
    </p>
   </div>
   <div class='ocr_carea' id='block_1_104' title="bbox 527 5511 2023 5586">
    <p class='ocr_par' dir='ltr' id='par_1_104' title="bbox 527 5511 2023 5586">
     <span class='ocr_line' id='line_1_104' title="bbox 527 5511 2023 5586; baseline -0.001 -19"><span class='ocrx_word' id='word_1_796' title='bbox 527 5516 638 5585; x_wconf 71' lang='grc'>(74)</span> <span class='ocrx_word' id='word_1_797' title='bbox 670 5517 836 5581; x_wconf 84' lang='lat' dir='ltr'><strong>Editi,</strong></span> <span class='ocrx_word' id='word_1_798' title='bbox 865 5535 884 5568; x_wconf 77' lang='grc' dir='ltr'><strong>ι</strong></span> <span class='ocrx_word' id='word_1_799' title='bbox 911 5518 1127 5586; x_wconf 83' lang='lat' dir='ltr'><strong>pinguis</strong></span> <span class='ocrx_word' id='word_1_800' title='bbox 1158 5516 1335 5570; x_wconf 61' lang='lat' dir='ltr'><strong>olivae.</strong></span> <span class='ocrx_word' id='word_1_801' title='bbox 1363 5514 1467 5568; x_wconf 88' lang='lat' dir='ltr'><strong>Sed</strong></span> <span class='ocrx_word' id='word_1_802' title='bbox 1505 5513 1610 5568; x_wconf 90' lang='lat' dir='ltr'><strong>illis</strong></span> <span class='ocrx_word' id='word_1_803' title='bbox 1655 5529 1752 5584; x_wconf 88' lang='lat' dir='ltr'><strong>per</strong></span> <span class='ocrx_word' id='word_1_804' title='bbox 1784 5515 1900 5568; x_wconf 66' lang='lat' dir='ltr'><strong>hare</strong></span> <span class='ocrx_word' id='word_1_805' title='bbox 1923 5511 2023 5586; x_wconf 10' lang='lat' dir='ltr'><strong>ffa-</strong></span> 
     </span>
    </p>
   </div>
   <div class='ocr_carea' id='block_1_105' title="bbox 458 5585 2024 5655">
    <p class='ocr_par' dir='ltr' id='par_1_105' title="bbox 458 5585 2024 5655">
     <span class='ocr_line' id='line_1_105' title="bbox 458 5585 2024 5655; baseline 0.001 -20"><span class='ocrx_word' id='word_1_806' title='bbox 458 5585 576 5638; x_wconf 86' lang='lat' dir='ltr'><strong>cilis</strong></span> <span class='ocrx_word' id='word_1_807' title='bbox 629 5585 924 5655; x_wconf 13' lang='lat' dir='ltr'><strong>responsio,</strong></span> <span class='ocrx_word' id='word_1_808' title='bbox 958 5585 1053 5641; x_wconf 87' lang='lat' dir='ltr'><strong>sit.</strong></span> <span class='ocrx_word' id='word_1_809' title='bbox 1088 5605 1106 5639; x_wconf 71' lang='grc' dir='ltr'><strong>ι</strong></span> <span class='ocrx_word' id='word_1_810' title='bbox 1164 5587 1292 5639; x_wconf 86' lang='lat' dir='ltr'><strong>Mss.</strong></span> <span class='ocrx_word' id='word_1_811' title='bbox 1337 5586 1591 5655; x_wconf 89' lang='lat' dir='ltr'><strong>quidam,</strong></span> <span class='ocrx_word' id='word_1_812' title='bbox 1625 5604 1644 5637; x_wconf 82' lang='grc' dir='ltr'><strong>ι</strong></span> <span class='ocrx_word' id='word_1_813' title='bbox 1682 5585 2024 5654; x_wconf 79' lang='lat' dir='ltr'><strong>pinguedinis</strong></span> 
     </span>
    </p>
   </div>
   <div class='ocr_carea' id='block_1_106' title="bbox 453 5654 2021 5726">
    <p class='ocr_par' dir='ltr' id='par_1_106' title="bbox 453 5654 2021 5726">
     <span class='ocr_line' id='line_1_106' title="bbox 453 5654 2021 5726; baseline 0.002 -22"><span class='ocrx_word' id='word_1_814' title='bbox 453 5654 640 5726; x_wconf 63' lang='lat' dir='ltr'><strong>olivae;</strong></span> <span class='ocrx_word' id='word_1_815' title='bbox 665 5673 685 5707; x_wconf 73' lang='grc' dir='ltr'><strong>ι</strong></span> <span class='ocrx_word' id='word_1_816' title='bbox 717 5654 772 5710; x_wconf 87' lang='lat' dir='ltr'><strong>et</strong></span> <span class='ocrx_word' id='word_1_817' title='bbox 808 5656 968 5726; x_wconf 87' lang='lat' dir='ltr'><strong>paulo</strong></span> <span class='ocrx_word' id='word_1_818' title='bbox 999 5667 1118 5723; x_wconf 91' lang='lat' dir='ltr'><strong>post</strong></span> <span class='ocrx_word' id='word_1_819' title='bbox 1138 5654 1396 5710; x_wconf 89' lang='lat' dir='ltr'><strong>omittunt</strong></span> <span class='ocrx_word' id='word_1_820' title='bbox 1425 5672 1444 5704; x_wconf 75' lang='grc' dir='ltr'><strong>ι</strong></span> <span class='ocrx_word' id='word_1_821' title='bbox 1475 5656 1716 5721; x_wconf 88' lang='lat' dir='ltr'><strong>quidem,</strong></span> <span class='ocrx_word' id='word_1_822' title='bbox 1743 5673 1762 5705; x_wconf 70' lang='grc' dir='ltr'><strong>ι</strong></span> <span class='ocrx_word' id='word_1_823' title='bbox 1796 5658 1889 5709; x_wconf 83' lang='lat' dir='ltr'><strong>sed</strong></span> <span class='ocrx_word' id='word_1_824' title='bbox 1915 5668 2021 5709; x_wconf 91' lang='lat' dir='ltr'><strong>ms.</strong></span> 
     </span>
    </p>
   </div>
   <div class='ocr_carea' id='block_1_107' title="bbox 456 5723 1609 5794">
    <p class='ocr_par' dir='ltr' id='par_1_107' title="bbox 456 5723 1609 5794">
     <span class='ocr_line' id='line_1_107' title="bbox 456 5723 1609 5794; baseline 0.003 -19"><span class='ocrx_word' id='word_1_825' title='bbox 456 5723 657 5794; x_wconf 72' lang='lat' dir='ltr'><strong>Regius</strong></span> <span class='ocrx_word' id='word_1_826' title='bbox 684 5723 833 5780; x_wconf 63' lang='lat' dir='ltr'><strong>num.</strong></span> <span class='ocrx_word' id='word_1_827' title='bbox 870 5727 1007 5782; x_wconf 77' lang='grc'>1659</span> <span class='ocrx_word' id='word_1_828' title='bbox 1048 5736 1108 5780; x_wconf 89' lang='grc' dir='ltr'><strong>ιιι</strong></span> <span class='ocrx_word' id='word_1_829' title='bbox 1138 5730 1191 5780; x_wconf 90' lang='lat' dir='ltr'><strong>in</strong></span> <span class='ocrx_word' id='word_1_830' title='bbox 1224 5736 1609 5794; x_wconf 9' lang='lat' dir='ltr'><strong>nostrortcxtu.</strong></span> 
     </span>
    </p>
   </div>
   <div class='ocr_carea' id='block_1_108' title="bbox 529 5793 2031 5868">
    <p class='ocr_par' dir='ltr' id='par_1_108' title="bbox 529 5793 2031 5868">
     <span class='ocr_line' id='line_1_108' title="bbox 529 5793 2031 5868; baseline -0.001 -20"><span class='ocrx_word' id='word_1_831' title='bbox 529 5795 641 5867; x_wconf 77' lang='lat'><strong>(75)</strong></span> <span class='ocrx_word' id='word_1_832' title='bbox 683 5795 776 5852; x_wconf 89' lang='lat' dir='ltr'><strong>Sic</strong></span> <span class='ocrx_word' id='word_1_833' title='bbox 803 5810 903 5851; x_wconf 90' lang='lat' dir='ltr'><strong>ms.</strong></span> <span class='ocrx_word' id='word_1_834' title='bbox 932 5795 1134 5868; x_wconf 76' lang='lat' dir='ltr'><strong>Regius</strong></span> <span class='ocrx_word' id='word_1_835' title='bbox 1163 5812 1311 5850; x_wconf 84' lang='grc' dir='ltr'>ιιιιιιι.</span> <span class='ocrx_word' id='word_1_836' title='bbox 1344 5793 1501 5851; x_wconf 82' lang='grc'>1659.</span> <span class='ocrx_word' id='word_1_837' title='bbox 1539 5793 1681 5853; x_wconf 88' lang='lat' dir='ltr'><strong>Editi</strong></span> <span class='ocrx_word' id='word_1_838' title='bbox 1710 5809 1839 5851; x_wconf 88' lang='lat' dir='ltr'><strong>vero</strong></span> <span class='ocrx_word' id='word_1_839' title='bbox 1868 5793 2031 5851; x_wconf 90' lang='lat' dir='ltr'><strong>omit-</strong></span> 
     </span>
    </p>
   </div>
   <div class='ocr_carea' id='block_1_109' title="bbox 1729 5003 2227 5071">
    <p class='ocr_par' dir='ltr' id='par_1_109' title="bbox 1729 5003 2227 5071">
     <span class='ocr_line' id='line_1_109' title="bbox 1729 5003 2227 5071; baseline 0.002 -15"><span class='ocrx_word' id='word_1_840' title='bbox 1729 5005 1774 5035; x_wconf 78' lang='lat'><strong>&quot;</strong></span> <span class='ocrx_word' id='word_1_841' title='bbox 1818 5004 2100 5071; x_wconf 81' lang='lat' dir='ltr'><strong>Rom.vltt,</strong></span> <span class='ocrx_word' id='word_1_842' title='bbox 2137 5003 2227 5057; x_wconf 70' lang='lat' dir='ltr'><strong>2i.</strong></span> 
     </span>
    </p>
   </div>
   <div class='ocr_carea' id='block_1_110' title="bbox 2137 4544 3717 4615">
    <p class='ocr_par' dir='ltr' id='par_1_110' title="bbox 2137 4544 3717 4615">
     <span class='ocr_line' id='line_1_110' title="bbox 2137 4544 3717 4615; baseline -0.001 -16"><span class='ocrx_word' id='word_1_843' title='bbox 2137 4557 2241 4607; x_wconf 86' lang='lat' dir='ltr'><strong>est,</strong></span> <span class='ocrx_word' id='word_1_844' title='bbox 2274 4546 2326 4599; x_wconf 90' lang='lat' dir='ltr'><strong>in</strong></span> <span class='ocrx_word' id='word_1_845' title='bbox 2373 4547 2782 4615; x_wconf 74' lang='lat' dir='ltr'><strong>dispensatione</strong></span> <span class='ocrx_word' id='word_1_846' title='bbox 2835 4547 3179 4601; x_wconf 88' lang='lat' dir='ltr'><strong>rationabilis</strong></span> <span class='ocrx_word' id='word_1_847' title='bbox 3212 4554 3425 4600; x_wconf 84' lang='lat' dir='ltr'><strong>naturae</strong></span> <span class='ocrx_word' id='word_1_848' title='bbox 3460 4544 3717 4614; x_wconf 82' lang='lat' dir='ltr'><strong>apostoli-</strong></span> 
     </span>
    </p>
   </div>
   <div class='ocr_carea' id='block_1_111' title="bbox 2136 4635 3718 4695">
    <p class='ocr_par' dir='ltr' id='par_1_111' title="bbox 2136 4635 3718 4695">
     <span class='ocr_line' id='line_1_111' title="bbox 2136 4635 3718 4695; baseline 0.001 -7"><span class='ocrx_word' id='word_1_849' title='bbox 2136 4651 2258 4688; x_wconf 88' lang='lat' dir='ltr'><strong>cum</strong></span> <span class='ocrx_word' id='word_1_850' title='bbox 2295 4635 2422 4689; x_wconf 90' lang='lat' dir='ltr'><strong>illud</strong></span> <span class='ocrx_word' id='word_1_851' title='bbox 2447 4638 2735 4691; x_wconf 70' lang='lat' dir='ltr'><strong>dicendum</strong></span> <span class='ocrx_word' id='word_1_852' title='bbox 2767 4647 2851 4693; x_wconf 89' lang='lat' dir='ltr'><strong>est</strong></span> <span class='ocrx_word' id='word_1_853' title='bbox 2878 4660 2891 4695; x_wconf 92' lang='lat'><strong>:</strong></span> <span class='ocrx_word' id='word_1_854' title='bbox 2928 4657 2947 4690; x_wconf 82' lang='grc' dir='ltr'><strong>ι</strong></span> <span class='ocrx_word' id='word_1_855' title='bbox 2976 4638 3021 4695; x_wconf 91' lang='lat'><strong>0</strong></span> <span class='ocrx_word' id='word_1_856' title='bbox 3043 4638 3274 4692; x_wconf 88' lang='lat' dir='ltr'><strong>altitudo</strong></span> <span class='ocrx_word' id='word_1_857' title='bbox 3298 4638 3612 4693; x_wconf 85' lang='lat' dir='ltr'><strong>divitiarum</strong></span> <span class='ocrx_word' id='word_1_858' title='bbox 3637 4651 3718 4690; x_wconf 86' lang='lat' dir='ltr'><strong>sa-</strong></span> 
     </span>
    </p>
   </div>
   <div class='ocr_carea' id='block_1_112' title="bbox 2138 4729 3715 4798">
    <p class='ocr_par' dir='ltr' id='par_1_112' title="bbox 2138 4729 3715 4798">
     <span class='ocr_line' id='line_1_112' title="bbox 2138 4729 3715 4798; baseline 0 -18"><span class='ocrx_word' id='word_1_859' title='bbox 2138 4729 2382 4796; x_wconf 63' lang='lat' dir='ltr'><strong>pientiw,</strong></span> <span class='ocrx_word' id='word_1_860' title='bbox 2420 4738 2476 4782; x_wconf 93' lang='lat' dir='ltr'><strong>et</strong></span> <span class='ocrx_word' id='word_1_861' title='bbox 2510 4729 2756 4784; x_wconf 82' lang='lat' dir='ltr'><strong>scientia:</strong></span> <span class='ocrx_word' id='word_1_862' title='bbox 2792 4732 2908 4795; x_wconf 85' lang='lat' dir='ltr'><strong>Dei,</strong></span> <span class='ocrx_word' id='word_1_863' title='bbox 2961 4745 3123 4798; x_wconf 90' lang='lat' dir='ltr'><strong>quam</strong></span> <span class='ocrx_word' id='word_1_864' title='bbox 3179 4729 3558 4784; x_wconf 88' lang='lat' dir='ltr'><strong>inserutabilia</strong></span> <span class='ocrx_word' id='word_1_865' title='bbox 3588 4738 3715 4783; x_wconf 89' lang='lat' dir='ltr'><strong>sunt</strong></span> 
     </span>
    </p>
   </div>
   <div class='ocr_carea' id='block_1_113' title="bbox 2131 4818 3719 4890">
    <p class='ocr_par' dir='ltr' id='par_1_113' title="bbox 2131 4818 3719 4890">
     <span class='ocr_line' id='line_1_113' title="bbox 2131 4818 3719 4890; baseline 0.001 -19"><span class='ocrx_word' id='word_1_866' title='bbox 2131 4818 2339 4888; x_wconf 89' lang='lat' dir='ltr'><strong>judicia</strong></span> <span class='ocrx_word' id='word_1_867' title='bbox 2367 4820 2510 4889; x_wconf 89' lang='lat' dir='ltr'><strong>ejus,</strong></span> <span class='ocrx_word' id='word_1_868' title='bbox 2540 4831 2596 4875; x_wconf 89' lang='lat' dir='ltr'><strong>et</strong></span> <span class='ocrx_word' id='word_1_869' title='bbox 2622 4821 3025 4890; x_wconf 79' lang='lat' dir='ltr'><strong>investigabiles</strong></span> <span class='ocrx_word' id='word_1_870' title='bbox 3057 4822 3160 4874; x_wconf 72' lang='lat' dir='ltr'><strong>viae</strong></span> <span class='ocrx_word' id='word_1_871' title='bbox 3187 4821 3305 4888; x_wconf 89' lang='lat' dir='ltr'><strong>ejus</strong></span> <span class='ocrx_word' id='word_1_872' title='bbox 3330 4822 3411 4876; x_wconf 73' lang='lat' dir='ltr'><strong>“l</strong></span> <span class='ocrx_word' id='word_1_873' title='bbox 3442 4840 3460 4873; x_wconf 71' lang='grc' dir='ltr'><strong>ι</strong></span> <span class='ocrx_word' id='word_1_874' title='bbox 3496 4820 3589 4876; x_wconf 90' lang='lat' dir='ltr'><strong>Sic</strong></span> <span class='ocrx_word' id='word_1_875' title='bbox 3631 4835 3719 4875; x_wconf 89' lang='lat' dir='ltr'><strong>er-</strong></span> 
     </span>
    </p>
   </div>
   <div class='ocr_carea' id='block_1_114' title="bbox 2134 4912 3709 4981">
    <p class='ocr_par' dir='ltr' id='par_1_114' title="bbox 2134 4912 3709 4981">
     <span class='ocr_line' id='line_1_114' title="bbox 2134 4912 3709 4981; baseline 0.002 -18"><span class='ocrx_word' id='word_1_876' title='bbox 2134 4926 2202 4979; x_wconf 85' lang='lat' dir='ltr'><strong>go</strong></span> <span class='ocrx_word' id='word_1_877' title='bbox 2230 4912 2605 4979; x_wconf 90' lang='lat' dir='ltr'><strong>unusquisque</strong></span> <span class='ocrx_word' id='word_1_878' title='bbox 2625 4926 2691 4965; x_wconf 79' lang='lat' dir='ltr'><strong>ex</strong></span> <span class='ocrx_word' id='word_1_879' title='bbox 2715 4913 2929 4965; x_wconf 85' lang='lat' dir='ltr'><strong>arbitrii</strong></span> <span class='ocrx_word' id='word_1_880' title='bbox 2950 4924 3220 4981; x_wconf 83' lang='lat' dir='ltr'><strong>potestate</strong></span> <span class='ocrx_word' id='word_1_881' title='bbox 3248 4923 3343 4968; x_wconf 88' lang='lat' dir='ltr'><strong>aut</strong></span> <span class='ocrx_word' id='word_1_882' title='bbox 3372 4914 3512 4969; x_wconf 89' lang='lat' dir='ltr'><strong>bona</strong></span> <span class='ocrx_word' id='word_1_883' title='bbox 3544 4912 3709 4978; x_wconf 86' lang='lat' dir='ltr'><strong>oliva,</strong></span> 
     </span>
    </p>
   </div>
   <div class='ocr_carea' id='block_1_115' title="bbox 2302 5001 3297 5071">
    <p class='ocr_par' dir='ltr' id='par_1_115' title="bbox 2302 5001 3297 5071">
     <span class='ocr_line' id='line_1_115' title="bbox 2302 5001 3297 5071; baseline 0.007 -16"><span class='ocrx_word' id='word_1_884' title='bbox 2302 5003 2383 5056; x_wconf 77' lang='lat' dir='ltr'><strong>“l</strong></span> <span class='ocrx_word' id='word_1_885' title='bbox 2414 5001 2543 5056; x_wconf 88' lang='lat' dir='ltr'><strong>Cor.</strong></span> <span class='ocrx_word' id='word_1_886' title='bbox 2578 5017 2640 5067; x_wconf 86' lang='lat' dir='ltr'><strong>tt,</strong></span> <span class='ocrx_word' id='word_1_887' title='bbox 2678 5001 2762 5056; x_wconf 78' lang='lat'><strong>10.</strong></span> <span class='ocrx_word' id='word_1_888' title='bbox 2841 5004 2886 5034; x_wconf 85' lang='lat'>“</span> <span class='ocrx_word' id='word_1_889' title='bbox 2910 5003 3068 5059; x_wconf 82' lang='lat' dir='ltr'><strong>Rom.</strong></span> <span class='ocrx_word' id='word_1_890' title='bbox 3099 5021 3176 5071; x_wconf 74' lang='grc' dir='ltr'>ιιι,</span> <span class='ocrx_word' id='word_1_891' title='bbox 3206 5006 3297 5063; x_wconf 75' lang='grc'><strong>55.</strong></span> 
     </span>
    </p>
   </div>
   <div class='ocr_carea' id='block_1_116' title="bbox 2136 5095 3718 5160">
    <p class='ocr_par' dir='ltr' id='par_1_116' title="bbox 2136 5095 3718 5160">
     <span class='ocr_line' id='line_1_116' title="bbox 2136 5095 3718 5160; baseline 0.001 -12"><span class='ocrx_word' id='word_1_892' title='bbox 2136 5104 2277 5156; x_wconf 85' lang='lat' dir='ltr'><strong>lunt,</strong></span> <span class='ocrx_word' id='word_1_893' title='bbox 2310 5112 2329 5145; x_wconf 83' lang='lat' dir='ltr'><strong>t</strong></span> <span class='ocrx_word' id='word_1_894' title='bbox 2350 5095 2594 5148; x_wconf 89' lang='lat' dir='ltr'><strong>omnium</strong></span> <span class='ocrx_word' id='word_1_895' title='bbox 2620 5095 2922 5160; x_wconf 87' lang='lat' dir='ltr'><strong>hominum,</strong></span> <span class='ocrx_word' id='word_1_896' title='bbox 2949 5098 3076 5150; x_wconf 88' lang='lat' dir='ltr'><strong>imo.</strong></span> <span class='ocrx_word' id='word_1_897' title='bbox 3098 5115 3117 5148; x_wconf 76' lang='grc' dir='ltr'><strong>ι</strong></span> <span class='ocrx_word' id='word_1_898' title='bbox 3143 5096 3335 5151; x_wconf 83' lang='lat' dir='ltr'><strong>C:eteri</strong></span> <span class='ocrx_word' id='word_1_899' title='bbox 3362 5111 3492 5152; x_wconf 87' lang='lat' dir='ltr'><strong>mss.</strong></span> <span class='ocrx_word' id='word_1_900' title='bbox 3517 5095 3718 5150; x_wconf 86' lang='lat' dir='ltr'><strong>habent</strong></span> 
     </span>
    </p>
   </div>
   <div class='ocr_carea' id='block_1_117' title="bbox 2138 5164 3510 5225">
    <p class='ocr_par' dir='ltr' id='par_1_117' title="bbox 2138 5164 3510 5225">
     <span class='ocr_line' id='line_1_117' title="bbox 2138 5164 3510 5225; baseline 0.002 -10"><span class='ocrx_word' id='word_1_901' title='bbox 2138 5183 2156 5215; x_wconf 83' lang='grc' dir='ltr'><strong>ι</strong></span> <span class='ocrx_word' id='word_1_902' title='bbox 2192 5167 2319 5225; x_wconf 91' lang='lat' dir='ltr'><strong>imo,</strong></span> <span class='ocrx_word' id='word_1_903' title='bbox 2352 5183 2370 5215; x_wconf 76' lang='grc' dir='ltr'><strong>ι</strong></span> <span class='ocrx_word' id='word_1_904' title='bbox 2406 5164 2496 5217; x_wconf 88' lang='lat' dir='ltr'><strong>sed</strong></span> <span class='ocrx_word' id='word_1_905' title='bbox 2523 5165 2781 5219; x_wconf 85' lang='lat' dir='ltr'><strong>omittunt</strong></span> <span class='ocrx_word' id='word_1_906' title='bbox 2822 5184 2841 5217; x_wconf 81' lang='grc' dir='ltr'><strong>ι</strong></span> <span class='ocrx_word' id='word_1_907' title='bbox 2874 5168 3113 5219; x_wconf 78' lang='lat' dir='ltr'><strong>ouiniutn</strong></span> <span class='ocrx_word' id='word_1_908' title='bbox 3155 5167 3457 5220; x_wconf 90' lang='lat' dir='ltr'><strong>hominum.</strong></span> <span class='ocrx_word' id='word_1_909' title='bbox 3490 5185 3510 5218; x_wconf 74' lang='grc' dir='ltr'><strong>ι</strong></span> 
     </span>
    </p>
   </div>
   <div class='ocr_carea' id='block_1_118' title="bbox 2203 5234 3714 5307">
    <p class='ocr_par' dir='ltr' id='par_1_118' title="bbox 2203 5234 3714 5307">
     <span class='ocr_line' id='line_1_118' title="bbox 2203 5234 3714 5307; baseline 0.001 -19"><span class='ocrx_word' id='word_1_910' title='bbox 2203 5235 2315 5307; x_wconf 88' lang='grc'>(76)</span> <span class='ocrx_word' id='word_1_911' title='bbox 2342 5234 2507 5296; x_wconf 84' lang='lat' dir='ltr'><strong>Editi,</strong></span> <span class='ocrx_word' id='word_1_912' title='bbox 2543 5251 2560 5283; x_wconf 78' lang='grc' dir='ltr'><strong>ι</strong></span> <span class='ocrx_word' id='word_1_913' title='bbox 2599 5245 2655 5287; x_wconf 90' lang='lat' dir='ltr'><strong>et</strong></span> <span class='ocrx_word' id='word_1_914' title='bbox 2687 5238 3059 5307; x_wconf 87' lang='lat' dir='ltr'><strong>unusquisque</strong></span> <span class='ocrx_word' id='word_1_915' title='bbox 3092 5239 3391 5291; x_wconf 89' lang='lat' dir='ltr'><strong>secundum</strong></span> <span class='ocrx_word' id='word_1_916' title='bbox 3434 5235 3714 5306; x_wconf 86' lang='lat' dir='ltr'><strong>pr0posita</strong></span> 
     </span>
    </p>
   </div>
   <div class='ocr_carea' id='block_1_119' title="bbox 2131 5306 2654 5367">
    <p class='ocr_par' dir='ltr' id='par_1_119' title="bbox 2131 5306 2654 5367">
     <span class='ocr_line' id='line_1_119' title="bbox 2131 5306 2654 5367; baseline -0.002 -9"><span class='ocrx_word' id='word_1_917' title='bbox 2131 5306 2214 5358; x_wconf 90' lang='lat' dir='ltr'><strong>sui</strong></span> <span class='ocrx_word' id='word_1_918' title='bbox 2259 5316 2457 5367; x_wconf 85' lang='lat' dir='ltr'><strong>motus,</strong></span> <span class='ocrx_word' id='word_1_919' title='bbox 2492 5323 2510 5355; x_wconf 73' lang='grc' dir='ltr'><strong>ι</strong></span> <span class='ocrx_word' id='word_1_920' title='bbox 2548 5312 2654 5358; x_wconf 89' lang='lat' dir='ltr'><strong>etc.</strong></span> 
     </span>
    </p>
   </div>
   <div class='ocr_carea' id='block_1_120' title="bbox 2203 5374 3553 5442">
    <p class='ocr_par' dir='ltr' id='par_1_120' title="bbox 2203 5374 3553 5442">
     <span class='ocr_line' id='line_1_120' title="bbox 2203 5374 3553 5442; baseline 0.001 -16"><span class='ocrx_word' id='word_1_921' title='bbox 2203 5375 2316 5442; x_wconf 89' lang='lat'><strong>(77)</strong></span> <span class='ocrx_word' id='word_1_922' title='bbox 2348 5374 2515 5436; x_wconf 87' lang='lat' dir='ltr'><strong>Alias,</strong></span> <span class='ocrx_word' id='word_1_923' title='bbox 2556 5392 2574 5425; x_wconf 75' lang='grc' dir='ltr'><strong>ι</strong></span> <span class='ocrx_word' id='word_1_924' title='bbox 2611 5376 2653 5428; x_wconf 92' lang='lat' dir='ltr'><strong>si</strong></span> <span class='ocrx_word' id='word_1_925' title='bbox 2690 5374 2919 5437; x_wconf 80' lang='lat' dir='ltr'><strong>accidit;</strong></span> <span class='ocrx_word' id='word_1_926' title='bbox 2959 5392 2979 5426; x_wconf 76' lang='grc' dir='ltr'><strong>ι</strong></span> <span class='ocrx_word' id='word_1_927' title='bbox 3011 5374 3106 5439; x_wconf 91' lang='lat' dir='ltr'><strong>al.,</strong></span> <span class='ocrx_word' id='word_1_928' title='bbox 3143 5393 3162 5427; x_wconf 75' lang='grc' dir='ltr'><strong>ι</strong></span> <span class='ocrx_word' id='word_1_929' title='bbox 3198 5376 3242 5430; x_wconf 90' lang='lat' dir='ltr'><strong>si</strong></span> <span class='ocrx_word' id='word_1_930' title='bbox 3275 5374 3506 5431; x_wconf 88' lang='lat' dir='ltr'><strong>accedit.</strong></span> <span class='ocrx_word' id='word_1_931' title='bbox 3535 5395 3553 5426; x_wconf 74' lang='grc' dir='ltr'><strong>ι</strong></span> 
     </span>
    </p>
   </div>
   <div class='ocr_carea' id='block_1_121' title="bbox 2204 5444 3711 5516">
    <p class='ocr_par' dir='ltr' id='par_1_121' title="bbox 2204 5444 3711 5516">
     <span class='ocr_line' id='line_1_121' title="bbox 2204 5444 3711 5516; baseline 0.001 -23"><span class='ocrx_word' id='word_1_932' title='bbox 2204 5446 2317 5516; x_wconf 86' lang='lat'><strong>(78)</strong></span> <span class='ocrx_word' id='word_1_933' title='bbox 2346 5445 2526 5516; x_wconf 88' lang='lat' dir='ltr'><strong>Alias,</strong></span> <span class='ocrx_word' id='word_1_934' title='bbox 2577 5463 2595 5495; x_wconf 76' lang='grc' dir='ltr'><strong>ι</strong></span> <span class='ocrx_word' id='word_1_935' title='bbox 2630 5445 2682 5497; x_wconf 93' lang='lat' dir='ltr'><strong>in</strong></span> <span class='ocrx_word' id='word_1_936' title='bbox 2718 5446 3031 5516; x_wconf 88' lang='lat' dir='ltr'><strong>semetipso.</strong></span> <span class='ocrx_word' id='word_1_937' title='bbox 3068 5465 3087 5498; x_wconf 71' lang='grc' dir='ltr'><strong>ι</strong></span> <span class='ocrx_word' id='word_1_938' title='bbox 3128 5446 3332 5500; x_wconf 91' lang='lat' dir='ltr'><strong>Deinde</strong></span> <span class='ocrx_word' id='word_1_939' title='bbox 3380 5447 3534 5510; x_wconf 87' lang='lat' dir='ltr'><strong>editi,</strong></span> <span class='ocrx_word' id='word_1_940' title='bbox 3586 5463 3604 5494; x_wconf 78' lang='grc' dir='ltr'><strong>ι</strong></span> <span class='ocrx_word' id='word_1_941' title='bbox 3630 5444 3711 5495; x_wconf 88' lang='lat' dir='ltr'><strong>vi-</strong></span> 
     </span>
    </p>
   </div>
   <div class='ocr_carea' id='block_1_122' title="bbox 2130 5515 3707 5584">
    <p class='ocr_par' dir='ltr' id='par_1_122' title="bbox 2130 5515 3707 5584">
     <span class='ocr_line' id='line_1_122' title="bbox 2130 5515 3707 5584; baseline 0.003 -19"><span class='ocrx_word' id='word_1_942' title='bbox 2130 5515 2343 5584; x_wconf 65' lang='lat' dir='ltr'><strong>gentem</strong></span> <span class='ocrx_word' id='word_1_943' title='bbox 2376 5515 2451 5583; x_wconf 80' lang='lat' dir='ltr'><strong>(et</strong></span> <span class='ocrx_word' id='word_1_944' title='bbox 2490 5517 2602 5569; x_wconf 76' lang='lat' dir='ltr'><strong>hzee</strong></span> <span class='ocrx_word' id='word_1_945' title='bbox 2626 5515 2861 5582; x_wconf 89' lang='lat' dir='ltr'><strong>arbitrii)</strong></span> <span class='ocrx_word' id='word_1_946' title='bbox 2898 5517 3222 5581; x_wconf 80' lang='lat' dir='ltr'><strong>libertatem,</strong></span> <span class='ocrx_word' id='word_1_947' title='bbox 3251 5532 3373 5584; x_wconf 63' lang='lat' dir='ltr'><strong>quae</strong></span> <span class='ocrx_word' id='word_1_948' title='bbox 3409 5517 3512 5581; x_wconf 89' lang='lat' dir='ltr'><strong>vel,</strong></span> <span class='ocrx_word' id='word_1_949' title='bbox 3550 5534 3569 5567; x_wconf 73' lang='grc' dir='ltr'><strong>ι</strong></span> <span class='ocrx_word' id='word_1_950' title='bbox 3601 5527 3707 5569; x_wconf 85' lang='lat' dir='ltr'><strong>etc.</strong></span> 
     </span>
    </p>
   </div>
   <div class='ocr_carea' id='block_1_123' title="bbox 2129 5583 3426 5652">
    <p class='ocr_par' dir='ltr' id='par_1_123' title="bbox 2129 5583 3426 5652">
     <span class='ocr_line' id='line_1_123' title="bbox 2129 5583 3426 5652; baseline 0.002 -16"><span class='ocrx_word' id='word_1_951' title='bbox 2129 5583 2195 5636; x_wconf 87' lang='lat' dir='ltr'><strong>Et</strong></span> <span class='ocrx_word' id='word_1_952' title='bbox 2228 5596 2434 5652; x_wconf 86' lang='lat' dir='ltr'><strong>postea,</strong></span> <span class='ocrx_word' id='word_1_953' title='bbox 2480 5602 2499 5634; x_wconf 74' lang='grc' dir='ltr'><strong>ι</strong></span> <span class='ocrx_word' id='word_1_954' title='bbox 2539 5585 2845 5641; x_wconf 81' lang='lat' dir='ltr'><strong>accidentes</strong></span> <span class='ocrx_word' id='word_1_955' title='bbox 2879 5589 3234 5644; x_wconf 79' lang='lat' dir='ltr'><strong>extrinsecus.</strong></span> <span class='ocrx_word' id='word_1_956' title='bbox 3269 5583 3287 5637; x_wconf 65' lang='grc' dir='ltr'><strong>ἰ</strong></span> <span class='ocrx_word' id='word_1_957' title='bbox 3322 5594 3426 5640; x_wconf 90' lang='lat' dir='ltr'><strong>etc.</strong></span> 
     </span>
    </p>
   </div>
   <div class='ocr_carea' id='block_1_124' title="bbox 2202 5654 3708 5727">
    <p class='ocr_par' dir='ltr' id='par_1_124' title="bbox 2202 5654 3708 5727">
     <span class='ocr_line' id='line_1_124' title="bbox 2202 5654 3708 5727; baseline 0 -20"><span class='ocrx_word' id='word_1_958' title='bbox 2202 5654 2314 5724; x_wconf 85' lang='lat'><strong>(79)</strong></span> <span class='ocrx_word' id='word_1_959' title='bbox 2349 5656 2438 5727; x_wconf 83' lang='lat' dir='ltr'><strong>Sic</strong></span> <span class='ocrx_word' id='word_1_960' title='bbox 2473 5672 2601 5727; x_wconf 81' lang='lat' dir='ltr'><strong>mss.</strong></span> <span class='ocrx_word' id='word_1_961' title='bbox 2653 5657 2793 5708; x_wconf 75' lang='lat' dir='ltr'><strong>Editi</strong></span> <span class='ocrx_word' id='word_1_962' title='bbox 2833 5670 2979 5718; x_wconf 80' lang='lat' dir='ltr'><strong>vero,</strong></span> <span class='ocrx_word' id='word_1_963' title='bbox 3018 5673 3036 5706; x_wconf 76' lang='grc' dir='ltr'><strong>ι</strong></span> <span class='ocrx_word' id='word_1_964' title='bbox 3068 5667 3121 5710; x_wconf 91' lang='lat' dir='ltr'><strong>et</strong></span> <span class='ocrx_word' id='word_1_965' title='bbox 3161 5658 3277 5710; x_wconf 78' lang='lat' dir='ltr'><strong>alite</strong></span> <span class='ocrx_word' id='word_1_966' title='bbox 3294 5656 3552 5727; x_wconf 86' lang='lat' dir='ltr'><strong>qualitate</strong></span> <span class='ocrx_word' id='word_1_967' title='bbox 3580 5668 3708 5723; x_wconf 89' lang='lat' dir='ltr'><strong>per-</strong></span> 
     </span>
    </p>
   </div>
   <div class='ocr_carea' id='block_1_125' title="bbox 2130 5721 2831 5781">
    <p class='ocr_par' dir='ltr' id='par_1_125' title="bbox 2130 5721 2831 5781">
     <span class='ocr_line' id='line_1_125' title="bbox 2130 5721 2831 5781; baseline 0.013 -11"><span class='ocrx_word' id='word_1_968' title='bbox 2130 5721 2268 5775; x_wconf 77' lang='lat' dir='ltr'><strong>ﬁdim</strong></span> <span class='ocrx_word' id='word_1_969' title='bbox 2298 5721 2379 5776; x_wconf 52' lang='grc' dir='ltr'>ιρι</span> <span class='ocrx_word' id='word_1_970' title='bbox 2406 5725 2643 5781; x_wconf 72' lang='lat' dir='ltr'><strong>malitim,</strong></span> <span class='ocrx_word' id='word_1_971' title='bbox 2670 5744 2688 5774; x_wconf 73' lang='grc' dir='ltr'><strong>ι</strong></span> <span class='ocrx_word' id='word_1_972' title='bbox 2722 5734 2831 5779; x_wconf 84' lang='lat' dir='ltr'><strong>etc.</strong></span> 
     </span>
    </p>
   </div>
   <div class='ocr_carea' id='block_1_126' title="bbox 2207 5792 3706 5866">
    <p class='ocr_par' dir='ltr' id='par_1_126' title="bbox 2207 5792 3706 5866">
     <span class='ocr_line' id='line_1_126' title="bbox 2207 5792 3706 5866; baseline 0.002 -18"><span class='ocrx_word' id='word_1_973' title='bbox 2207 5792 2318 5865; x_wconf 82' lang='lat'><strong>(80)</strong></span> <span class='ocrx_word' id='word_1_974' title='bbox 2354 5794 2514 5858; x_wconf 77' lang='lat' dir='ltr'><strong>Editi,</strong></span> <span class='ocrx_word' id='word_1_975' title='bbox 2555 5814 2573 5846; x_wconf 73' lang='grc' dir='ltr'><strong>ι</strong></span> <span class='ocrx_word' id='word_1_976' title='bbox 2610 5804 2796 5864; x_wconf 86' lang='lat' dir='ltr'><strong>utpote</strong></span> <span class='ocrx_word' id='word_1_977' title='bbox 2823 5794 3208 5866; x_wconf 86' lang='lat' dir='ltr'><strong>corruptibiles</strong></span> <span class='ocrx_word' id='word_1_978' title='bbox 3243 5796 3513 5866; x_wconf 87' lang='lat' dir='ltr'><strong>corporis,</strong></span> <span class='ocrx_word' id='word_1_979' title='bbox 3544 5814 3560 5848; x_wconf 78' lang='grc' dir='ltr'><strong>ι</strong></span> <span class='ocrx_word' id='word_1_980' title='bbox 3598 5800 3706 5851; x_wconf 73' lang='lat' dir='ltr'><strong>em.</strong></span> 
     </span>
    </p>
   </div>
  </div>
