4146 6384
470 325 604 377 H95

1379 328 1733 386 COMMENT.
1776 328 1844 382 IN
1883 326 2080 383 EPIST
2117 328 2207 385 AD
2244 330 2410 387 ROM.
2446 331 2574 388 LIB.
2616 332 2734 388 Vill

3566 330 3704 383 ίιυδ

455 459 555 504 aut
580 450 821 505 oleaster
844 448 1102 515 ellicitur,
1129 457 1221 504 aut
1245 446 1534 504 lsraelitici
1563 449 1799 520 generis,
1835 458 1930 502 aut
1956 449 2035 502 al—
2061 453 2109 510 Α
2136 450 2294 505 docet
2323 466 2421 507 nos
2453 451 2747 520 Apostolus
2779 464 2885 504 non
2915 449 3101 505 extolli
3130 450 3391 506 adversus
3438 447 3708 513 radicem,

458 542 635 596 terius
669 540 957 611 culpabilis
1005 543 1207 610 gentis,
1256 548 1315 595 ut
1363 542 1582 595 dicatur
1637 542 1702 594 de
1751 556 1815 595 eo
1846 557 1860 594 :
1895 539 2033 606 Quia

461 651 483 685 ι
509 633 729 687 alienati
771 643 897 687 sunt
924 639 1239 701 peccatores
1263 631 1329 685 ab
1368 641 1525 684 utero
1551 631 1683 699 (8i),
1715 641 2037 684 erraverunt

456 740 488 780 ιι
522 736 754 781 ventre:
795 726 958 780 locuti
998 735 1124 780 sunt
1169 724 1408 802 falsa)”:
1446 743 1464 774 ι
1517 724 1587 776 ita
1631 733 1690 776 ut
1719 724 1828 776 sint
1878 740 2035 792 pcre-

459 823 601 889 grini
658 832 1144 885 testamentorum,
1202 829 1259 875 et
1309 821 1555 888 hospites
1615 822 2034 891 pI'OIIIlSSlOIIUIII

458 914 554 968 Dei
578 915 641 967 “.
670 913 737 967 Et
764 914 851 967 alii
872 916 923 966 in
951 913 1118 966 Deum
1143 912 1426 982 jactantur
1447 927 1515 968 ex
1541 923 1718 976 utero,
1739 924 1793 966 et
1816 914 2034 968 dicunt:

464 1023 485 1056 ‹
522 1003 577 1057 lu
613 1015 663 1058 te
686 1006 924 1073 jactatus
942 1020 1061 1058 sum
1089 1019 1157 1057 ex
1181 1014 1363 1066 utero,
1388 1004 1454 1058 de
1478 1014 1665 1058 ventre
1693 1004 1885 1057 matris
1909 1019 2039 1057 meae

459 1094 603 1149 Deus
650 1111 803 1148 meus
844 1109 903 1149 es
945 1108 1001 1148 tu
1029 1095 1095 1148 ⁸⁸.
1131 1114 1150 1146 ι
1194 1096 1300 1148 Sed
1334 1096 1621 1162 quoniam,
1669 1104 1728 1148 ut
1779 1096 2035 1159 diximus,

457 1193 749 1253 permanet
798 1198 1014 1251 semper
1073 1194 1284 1237 natura:
1347 1182 1473 1237 huic
1524 1183 1749 1235 libertas
1800 1182 2035 1246 arbitrii,

460 1273 726 1340 possibile
754 1283 838 1327 est
868 1284 925 1327 ut
949 1289 1072 1328 cum
1102 1275 1171 1327 sit
1204 1273 1329 1343 quis
1376 1273 1689 1328 Israeliticae
1733 1274 1934 1343 gentis,
1984 1281 2040 1326 et

458 1366 614 1419 bona:
648 1365 804 1420 oliva:
836 1382 1044 1433 ramus,
1086 1368 1305 1421 decidat
1364 1368 1416 1420 in
1472 1365 1934 1430 incredulitatem,
1986 1375 2040 1419 et

461 1454 781 1524 frangatur:
815 1466 870 1510 et
900 1472 1089 1511 rursus
1123 1457 1262 1510 alius
1293 1458 1385 1526 qui
1419 1457 1664 1525 elegerat
1699 1456 1878 1524 gentis
1917 1470 2040 1510 esse

460 1547 746 1616 culpabilis
798 1548 909 1619 (82)
957 1559 1011 1602 et
1047 1549 1387 1618 peccatricis,
1449 1560 1503 1604 et
1557 1564 1654 1619 per
1703 1550 1804 1603 hoc
1854 1564 2038 1603 ramus

459 1638 685 1694 oleastri
716 1641 1020 1705 dicebatur,
1065 1642 1111 1696 si
1148 1651 1502 1695 convertatur
1538 1643 1603 1694 ad
1643 1642 1803 1696 fidem
1851 1641 2038 1713 (habet

460 1731 604 1785 enim
638 1732 688 1785 in
719 1747 778 1787 se
803 1731 1013 1787 arbitrii
1044 1731 1126 1785 sui
1161 1730 1275 1804 (85)
1302 1732 1631 1797 libertatem,
1656 1747 1764 1801 qua
1787 1732 2035 1787 converti

2138 543 2221 596 vel
2255 542 2463 599 fractos
2494 557 2675 597 ramos
2706 541 2998 609 Israelitas,
3046 556 3225 612 neque
3262 542 3525 598 insultare
3577 539 3705 596 eis:

2137 636 2264 704 quia
2321 651 2426 690 non
2480 650 2579 691 nos
2623 638 2859 691 radicem
2910 647 3211 705 portamus,
3254 637 3347 693 sed
3390 639 3548 694 radix
3578 653 3701 694 nos.

2136 726 2253 781 Non
2294 728 2437 781 enim
2489 728 2749 782 habemus
2790 728 2904 798 (89)
2935 728 3076 797 quod
3112 744 3217 781 non
3263 730 3598 799 accepimus.
3646 728 3706 784 Si

2136 830 2316 872 autern
2346 822 2678 884 accepimus,
2704 820 2835 887 quid
2863 821 3160 888 gloriamur
3202 821 3358 890 quasi
3409 836 3513 875 non
3547 837 3709 877 acce-

2137 912 2375 980 perimus
2398 911 2493 964 "?
2543 911 2677 964 Tum
2733 912 2926 966 deinde
2958 914 3113 980 quasi
3151 913 3475 982 quibusdam
3528 913 3711 983 impu-

2137 1000 2352 1055 dentius
2381 1003 2762 1056 iusultautibus
2784 1012 2839 1056 et
2866 1002 3171 1057 dicentibus
3199 1018 3211 1053 :
3246 1001 3301 1056 Si
3331 1020 3350 1053 ι
3391 1003 3552 1056 fracti
3582 1012 3713 1057 sunt

2140 1093 2272 1145 rami
2337 1092 2501 1165 (90):
2575 1096 2749 1152 bene:
2782 1103 3006 1164 propter
3056 1093 3496 1148 incredulitatem
3550 1094 3712 1148 fracti

2139 1191 2284 1246 sunt,
2321 1192 2379 1235 ut
2409 1198 2508 1252 ego
2551 1184 2828 1238 insererer
2859 1202 2879 1234 ι
2936 1184 3027 1253 qui
3061 1184 3391 1238 credebam:
3431 1184 3532 1238 bos
3578 1197 3715 1251 ergo

2138 1274 2440 1341 reprimens
2485 1274 2776 1343 Apostolus
2827 1276 2956 1329 dicit
2987 1291 3001 1327 :
3053 1275 3130 1328 Illi
3160 1274 3377 1342 quidem
3410 1291 3507 1344 per
3534 1275 3713 1330 incre-

2137 1362 2416 1417 dulitatem
2446 1362 2604 1416 fracti
2638 1373 2786 1427 sunt,
2832 1372 2886 1418 et
2927 1372 2982 1417 tu
3020 1365 3259 1418 insertus
3288 1376 3348 1417 es
3385 1378 3479 1431 per
3523 1363 3709 1429 fidem,
3770 1418 3773 1421 .

2136 1464 2189 1509 et
2216 1455 2268 1508 iu
2299 1456 2401 1509 lide
2432 1466 2585 1509 stas:
2619 1458 2714 1511 sed
2745 1466 3015 1510 memento
3045 1455 3173 1524 quia
3231 1472 3251 1505 ι
3287 1454 3466 1510 omnis
3508 1454 3604 1523 qui
3648 1468 3711 1509 se

2136 1546 2339 1600 exaltat
2382 1546 2756 1601 bumiliabitur
2797 1548 2889 1608 7°;
2927 1565 2950 1602 ι
3009 1555 3064 1600 et
3107 1546 3229 1601 ideo
3276 1562 3297 1596 ι
3332 1544 3441 1600 ηοιί
3476 1546 3712 1615 superbe

2138 1648 2333 1703 sapere
2357 1633 2493 1704 (9i),
2532 1653 2551 1685 ι
2590 1634 2699 1689 noli
2748 1634 2858 1688 alta
2888 1644 2942 1690 et
2971 1634 3111 1688 elata
3144 1635 3412 1704 proloqui.
3449 1633 3710 1701 Quamvis

2139 1726 2283 1780 enim
2325 1727 2377 1779 in
2411 1727 2593 1780 radice
2623 1737 2757 1792 stes,
2790 1739 2844 1781 et
2874 1728 3010 1781 bene
3033 1737 3168 1793 stes,
3202 1726 3391 1782 timeto
3425 1736 3605 1782 tamen
3636 1728 3712 1782 vi-

462 1825 634 1892 possit
660 1824 723 1877 ad
754 1826 953 1878 bonum
985 1818 1098 1893 [84]
1127 1796 1456 1890 ),’ἱιιὲθι·ἰιιιιι
1482 1825 1639 1879 bona:
1665 1796 1822 1880 oliva:
1858 1839 1953 1894 per
1975 1824 2035 1877 [ἰ-
2073 1796 2115 1853 B
2141 1816 2276 1871 deus
2313 1818 2439 1886 quia
2471 1826 2527 1871 et
2555 1816 2643 1871 alii
2671 1817 2866 1887 quibus
2890 1817 3113 1873 insultas
3138 1818 3213 1873 ibi
3242 1827 3512 1873 steterunt
3538 1820 3628 1873 ubi
3655 1826 3713 1874 et

462 1915 608 1979 dem,
638 1925 691 1969 et
719 1914 949 1971 eilicitur
994 1917 1178 1971 socius
1208 1915 1432 1980 radicis,
1467 1926 1523 1970 et
1555 1916 1898 1985 pinguedinis
1937 1916 2038 1972 oli-

462 2018 545 2059 vae
572 2004 639 2060 “.
686 2005 942 2060 Radicem
977 2020 1108 2061 vero
1138 2006 1281 2061 hanc
1309 2006 1398 2059 alii
1431 2005 1699 2060 Abraham
1731 2006 2034 2073 nominant,

462 2094 553 2148 alii
588 2093 744 2161 Seth,
784 2095 874 2149 alii
902 2095 1140 2163 aliquem
1176 2112 1343 2151 unum
1373 2110 1437 2150 ex
1468 2096 1717 2165 patribus
1750 2097 1889 2152 bene
1919 2113 2031 2153 me-

461 2185 586 2239 ritis
623 2195 831 2254 ponunt
879 2186 1013 2256 (85).
1048 2188 1165 2257 Ego
1195 2197 1377 2241 autem
1423 2189 1659 2242 radicem
1712 2187 1873 2242 aliam
1918 2204 2039 2259 quae

460 2285 648 2330 sancta
679 2277 769 2340 sit,
799 2286 855 2330 et
873 2288 1092 2333 sanctas
1113 2279 1383 2348 primitias
1411 2278 1597 2334 nescio
1622 2278 1723 2334 nisi
1753 2279 2037 2335 Dominum

461 2376 712 2420 nostrum
745 2366 858 2437 (86)
909 2367 1095 2424 Jesum
1128 2367 1429 2425 Christum.
1460 2370 1580 2438 Ipse
1607 2379 1690 2426 est
1731 2371 1876 2425 enim
1923 2372 2038 2438 pri-

463 2460 631 2513 milia:
661 2462 924 2528 omnium,
956 2461 1041 2516 vel
1075 2480 1094 2512 ι
1132 2444 1416 2526 delibatio,
1454 2480 1473 2513 ι
1511 2471 1572 2515 ιιι
1597 2462 1650 2515 in
1679 2463 1935 2531 praesenti
1961 2463 2041 2518 lo-

463 2563 530 2603 co
559 2551 821 2605 habemus
848 2553 1120 2621 Apostoli,
1155 2554 1451 2608 secundum
1479 2552 1531 2607 id
1557 2554 1698 2621 quod
1733 2554 1862 2609 alibi
1891 2555 1955 2609 de
1975 2570 2040 2608 eo

462 2639 698 2693 dicitur:
738 2660 757 2692 ι
781 2641 882 2708 Qui
910 2653 995 2697 est
1022 2644 1415 2715 primogenitus
1442 2644 1621 2697 omnis
1651 2655 1918 2699 creaturae
1932 2645 2034 2698 ⁸⁷.»

464 2730 605 2786 Huic
646 2747 878 2801 namque
923 2735 1090 2788 radici
1122 2735 1301 2789 omnis
1339 2734 1433 2803 qui
1467 2734 1709 2789 salvatur
1748 2737 2036 2800 inseritur,

462 2829 521 2874 et
557 2835 624 2875 ex
653 2822 756 2876 bac
785 2821 1116 2877 delibatione
1149 2831 1342 2881 sancta
1369 2825 1554 2878 omnis
1600 2839 1779 2878 massa
1811 2824 2036 2880 humani

463 2914 680 2982 generis
726 2915 1150 2970 sanctiﬁcatur:
1194 2922 1249 2969 et
1286 2929 1416 2968 vere
1464 2915 1608 2969 sicut
1644 2915 1799 2969 radix
1848 2926 2039 2970 sancta

464 3004 816 3059 manentibus
862 3005 915 3058 in
965 3020 1023 3060 se
1078 3005 1245 3059 ramis
1294 3005 1606 3059 sanctitatis
1654 3006 2036 3077 pinguedinem

466 3095 687 3161 praebet,
720 3097 845 3149 dum
880 3111 974 3164 per
999 3096 1261 3165 Spiritum
1294 3110 1450 3149 suum
1480 3106 1727 3150 sanctum
1754 3098 2037 3151 aihaercu—

466 3193 548 3237 tes
578 3184 682 3237 sibi
722 3184 982 3251 vivificat,
1010 3187 1177 3241 verbo
1227 3188 1452 3253 excolit,
1499 3187 1766 3256 sapientia
1817 3186 2038 3242 ﬂoridos

466 3275 662 3340 reddit,
690 3283 746 3330 et
775 3277 827 3330 in
858 3278 1104 3330 omnium
1157 3278 1416 3332 virtutum
1466 3277 1802 3348 plenitudine
1844 3274 2039 3331 aﬂ'erre

463 3366 673 3421 fructus
701 3369 895 3423 uberes
928 3368 1054 3421 facit
1097 3384 1111 3420 :
1158 3368 1232 3422 ita
1277 3379 1337 3423 ut
1375 3379 1431 3423 et
1462 3370 1580 3438 ipsa
1630 3370 1777 3424 dicat
1813 3373 1879 3424 de
1911 3372 2034 3426 eis:

477 3473 501 3509 ι
539 3458 654 3526 Ego
688 3467 869 3512 autem
902 3461 1046 3514 sicut
1069 3459 1211 3515 oliva
1237 3458 1517 3517 fructifera
1547 3462 1599 3516 in
1625 3462 1785 3517 domo
1812 3463 1904 3518 Dei
1933 3465 2032 3517 ⁸⁸.»

462 3547 676 3603 Etenim
696 3552 739 3605 si
755 3552 886 3605 rami
903 3552 993 3621 qui
1011 3550 1167 3606 fracti
1191 3561 1338 3617 sunt,
1358 3563 1576 3624 propter
1604 3537 2035 3612 incredulitatem

458 3636 618 3693 fracti
635 3651 840 3705 sunt,et
856 3646 1120 3711 quistant,
1149 3643 1436 3697 fidestaut:
1457 3645 1579 3713 quis
1594 3645 1844 3704 aliuserit
1859 3649 1910 3700 in
1931 3663 2037 3716 quo

461 3741 608 3785 Stant
630 3733 731 3787 nisi
756 3732 914 3787 Jesus
931 3733 1182 3788 Christus
1205 3734 1228 3787 ?
1255 3745 1309 3789 et
1335 3737 1459 3804 quis
1480 3737 1720 3792 estalius
1747 3755 1777 3789 a
1809 3754 1916 3807 quo
1941 3756 2038 3809 per

462 3822 896 3876 incredulitatem
925 3824 1083 3878 fracti
1110 3836 1255 3893 sunt,
1285 3828 1384 3880 nisi
1412 3829 1529 3896 ipse
1556 3828 1638 3881 cui
1661 3842 1765 3881 non
1789 3830 2036 3885 credide-

461 3915 631 3967 runt?
663 3915 891 3983 Semper
952 3930 1085 3985 ergo
1112 3917 1420 3987 quicunque
1468 3921 1689 3974 advena:
1731 3920 1798 3974 ad
1850 3919 2033 3985 ﬁdem,

457 4004 543 4058 vel
569 4003 636 4055 ad
670 4007 1139 4061 conversationem
1173 4006 1339 4062 Israel
1375 4008 1487 4080 (87)
1518 4010 1830 4075 veniebant,
1875 4011 2035 4064 Chri-

457 4105 545 4148 sto
604 4096 695 4164 qui
734 4106 852 4149 erat
892 4111 1054 4152 verus
1097 4096 1262 4153 Israel
1308 4100 1705 4155 inserebantur.
1758 4101 2034 4171 Praecipue

460 4196 642 4241 tamen
700 4202 768 4241 ex
820 4198 1061 4257 tempore
1108 4190 1374 4245 adventus
1407 4192 1524 4259 ejus
1565 4197 1764 4247 multus
1798 4195 2033 4249 oleaster

457 4281 720 4334 inseritur
749 4279 860 4353 (88)
888 4282 1015 4335 huic
1046 4283 1239 4351 radici,
1272 4284 1359 4338 vel
1405 4285 1570 4340 ramis
1594 4270 1735 4354 ejus,
1767 4288 2031 4355 apostolis

455 4371 668 4426 scilicet
707 4381 766 4425 et
816 4372 1095 4441 prophetis
1144 4374 1274 4429 Dei:
1317 4385 1375 4428 ut
1438 4376 1532 4444 qui
1584 4377 1896 4432 inseruntur
1927 4379 2026 4444 eis,

2141 1920 2196 1963 tu
2238 1919 2387 1964 stas:
2422 1918 2475 1964 et
2503 1919 2553 1963 tu
2578 1924 2698 1963 cum
2727 1909 2796 1964 ibi
2828 1925 2932 1964 non
2964 1924 3134 1977 esses,
3162 1910 3229 1965 ad
3261 1911 3418 1966 oliva:
3464 1909 3577 1983 (9‘2)
3608 1913 3713 1965 bu-

2132 2000 2221 2070 jus
2258 2003 2493 2057 radicem
2525 2002 2748 2055 aliunde
2777 2003 3071 2059 translatus
3108 2017 3187 2069 es,
3220 2012 3276 2058 et
3322 2003 3584 2074 possibile
3627 2012 3713 2060 est:

2138 2095 2302 2148 etiam
2344 2102 2397 2149 te
2436 2109 2686 2163 peccare.
2717 2094 2852 2149 Nam
2896 2103 2953 2149 et
2994 2095 3097 2149 hoc
3141 2094 3256 2165 ipso
3285 2095 3431 2164 quod
3457 2095 3710 2164 superbis

2139 2196 2192 2239 et
2215 2185 2491 2250 exaltaris,
2514 2185 2626 2253 jam
2651 2201 2883 2255 peccas:
2917 2195 2973 2241 et
2993 2186 3126 2241 scito
3156 2188 3412 2256 quoniam
3443 2203 3465 2238 ι
3496 2186 3541 2241 si
3569 2186 3713 2243 Deus

2141 2276 2474 2331 naturalibus
2527 2279 2690 2331 ramis
2745 2293 2849 2333 non
2900 2279 3162 2349 pepercit,
3207 2294 3307 2335 nec
3342 2279 3437 2335 tibi
3465 2288 3707 2349 parcet.»

2139 2365 2271 2420 Post
2307 2368 2420 2421 haec
2460 2382 2588 2423 vero
2640 2370 2747 2424 iste
2781 2368 2893 2441 (95)
2939 2370 3031 2440 qui
3087 2372 3333 2440 superbit
3377 2378 3433 2425 et
3488 2371 3714 2427 insultat

2140 2458 2330 2528 lapsis,
2371 2460 2654 2515 altioribus
2695 2460 2765 2515 ab
2800 2460 3057 2530 Apostoio
3098 2462 3347 2517 sensibus
3390 2461 3715 2519 humilitatis

2143 2550 2446 2616 imbuitur;
2484 2559 2538 2604 et
2581 2551 2786 2606 dicitur
2836 2551 2903 2605 ad
2947 2568 3070 2606 eum
3099 2569 3113 2606 :
3147 2550 3226 2606 Tu
3258 2554 3350 2622 qui
3395 2553 3509 2608 hac
3553 2554 3712 2618 dicis,

2144 2658 2166 2692 ι
2204 2640 2326 2696 vide
2358 2642 2656 2697 bonitatem
2687 2652 2741 2698 et
2769 2644 3117 2697 severitatem
3151 2644 3241 2698 Dei
3272 2663 3285 2698 :
3317 2662 3337 2694 ι
3374 2654 3429 2699 et
3463 2660 3580 2699 cum
3630 2646 3713 2699 vi-

2141 2734 2236 2787 des
2265 2734 2611 2788 severitatem
2651 2734 2771 2804 ejus
2814 2749 2941 2806 erga
2977 2735 3254 2791 defractos
3278 2751 3481 2801 ramos,
3534 2749 3712 2792 metu-

2139 2822 2335 2877 ettdum
2367 2825 2461 2878 tibi
2494 2834 2578 2879 est
2605 2839 2670 2878 ne
2694 2823 2836 2879 forte
2886 2835 2940 2879 et
2991 2835 3046 2881 tu
3075 2825 3205 2881 dum
3250 2828 3506 2897 superbis
3539 2838 3594 2881 et
3624 2828 3711 2881 itt-

2140 2916 2310 2970 sultas
2333 2916 2517 2984 lapsis,
2546 2918 2893 2973 severitatem
2928 2918 3021 2973 Dei
3074 2934 3196 2989 qua:
3240 2930 3554 2988 peccatores
3586 2936 3713 2991 per-

2144 3018 2323 3076 urget,
2380 3007 2630 3061 incurras
2660 3008 2775 3077 ipse
2826 3010 3123 3078 peccando.
3157 3009 3384 3064 Bonitas
3420 3012 3561 3065 enim
3595 3012 3714 3077 ejus

2064 3126 2107 3185 ε
2141 3107 2425 3167 permanet
2452 3098 2502 3149 in
2523 3098 2712 3166 bisqui
2735 3099 2787 3152 in
2815 3100 3051 3154 bonitate
3079 3104 3497 3173 permanserint.
3525 3125 3543 3157 ι
3567 3106 3711 3161 Alio.

2139 3185 2268 3253 quin
2291 3204 2309 3237 ι
2326 3187 2513 3240 eodem
2528 3187 2715 3241 ordine
2735 3206 2754 3239 ι
2775 3198 2826 3241 et
2843 3189 3004 3253 ιιιρεί
3028 3189 3080 3243 in
3100 3192 3337 3248 bonitate
3350 3208 3453 3249 non
3467 3210 3714 3264 perman-

2137 3274 2655 3338 seris,rexcideris:
2691 3285 2745 3329 et
2771 3277 2847 3329 illi
2874 3277 2918 3331 si
2953 3281 3006 3330 in
3043 3278 3421 3335 incredulitate
3458 3296 3563 3335 non
3585 3296 3713 3352 per-

2122 3369 2456 3435 manserint,
2473 3368 2833 3424 iuserentur.»
2863 3371 2971 3425 Deo
2995 3374 3139 3427 enim
3170 3390 3273 3429 non
3293 3386 3376 3430 est
3398 3374 3711 3445 impossibi-

2138 3459 2187 3513 le
2207 3478 2226 3511 ι
2251 3461 2445 3515 iterum
2464 3459 2706 3514 inserere
2728 3461 2847 3515 illos
2866 3482 2884 3511 ι
2904 3463 2948 3517 si
2970 3465 3226 3519 recedant
3241 3467 3310 3521 ab
3331 3466 3709 3524 incredulitate

2133 3550 2299 3622 639
2318 3566 2413 3621 per
2442 3566 2599 3620 quam
2634 3551 2788 3607 fracti
2816 3564 2940 3607 sunt
2974 3573 2989 3608 :
3030 3558 3467 3627 quandoquidem
3495 3558 3709 3615 facilius

2136 3645 2351 3696 videtur
2374 3644 2606 3711 propria!
2632 3645 2843 3698 arboris
2884 3661 3068 3699 ramos
3101 3647 3268 3700 radici
3298 3662 3409 3702 sua:
3454 3648 3706 3714 reddere,

2136 3749 2295 3804 quam
2315 3735 2553 3789 inserere
2569 3735 2792 3790 alienos.
2808 3735 2959 3802 Quod
2979 3744 3155 3790 autem
3184 3737 3370 3802 dixit,r
3391 3753 3459 3792 ex
3474 3742 3707 3797 naturali

2133 3827 2390 3895 oleastro,
2424 3841 2514 3879 ret
2537 3826 2778 3880 iterumtr
2797 3827 3093 3881 secundum
3125 3840 3371 3884 naturam
3400 3831 3708 3886 inserentur

2134 3932 2244 3972 suae
2257 3917 2432 3983 olivas,
2458 3936 2476 3969 ι
2505 3926 2752 3971 naturam
2768 3918 2924 3972 oliva:
2952 3917 3036 3972 vel
3053 3919 3269 3974 oleastri
3294 3924 3584 3977 secundum
3606 3923 3706 3979 hoc

2133 4012 2389 4064 debemus
2409 4009 2656 4078 accipere
2679 4011 2820 4076 quod
2842 4024 3003 4077 supra
3029 4011 3398 4080 exposuimus,
3418 4016 3560 4084 quod
3593 4016 3706 4086 (94)

2131 4099 2340 4153 arbitrii
2375 4099 2598 4153 libertas
2628 4110 2878 4152 naturam
2905 4100 3095 4153 fecerit
3126 4102 3417 4171 unicuique
3445 4104 3530 4158 vel
3559 4105 3705 4159 olea-

2130 4190 2251 4256 stri,
2282 4191 2364 4244 vel
2421 4189 2573 4244 bona:
2602 4190 2781 4245 olivae.
2828 4188 3237 4247 Observandum
3273 4209 3403 4247 sane
3446 4206 3528 4249 est
3560 4200 3704 4266 quod

2133 4283 2186 4337 hi
2215 4283 2429 4351 quidem
2452 4284 2543 4352 qui
2574 4298 2641 4336 ex
2666 4284 2884 4353 prepria
2912 4285 3053 4337 oliva
3075 4284 3416 4351 deciderunt,
3438 4284 3594 4340 fracti
3624 4290 3706 4340 di-

2130 4385 2328 4429 cuntur
2359 4391 2374 4441 ;
2403 4375 2453 4427 lu
2486 4388 2613 4427 vero
2647 4376 2738 4444 qui
2773 4390 2840 4428 ex
2884 4374 3122 4429 oleastro
3158 4376 3491 4439 inseruntur,
3525 4377 3567 4430 si
3607 4377 3705 4431 ite-

454 4463 590 4517 socii
621 4462 753 4517 [iant
780 4465 978 4519 radicis
1001 4473 1056 4520 et
1078 4466 1426 4537 pinguedinis
1457 4468 1688 4523 Christi.
1743 4468 1876 4524 Post
1907 4470 2021 4525 haec
2056 4465 2100 4519 D
2128 4482 2245 4521 rum
2272 4466 2637 4537 peccaverint,
2682 4479 2786 4519 non
2814 4464 3125 4537 frangendi,
3159 4466 3303 4536 quod
3345 4467 3532 4536 utique
3559 4477 3703 4523 esset

525 4598 739 4677 f’ﬂPsal.
759 4619 863 4677 Lvii
882 4645 897 4670 ,
926 4604 986 4677 1.
1016 4676 1029 4677 ί
1057 4606 1103 4637 ³⁵
1144 4605 1338 4674 Ephes.
1370 4622 1440 4677 ιι,
1476 4606 1562 4661 12.
1638 4609 1683 4639 ⁸³
1699 4606 1838 4664 Psal.
1869 4625 1988 4677 xxi,
2018 4611 2034 4663 l

2179 4603 2225 4635 “
2251 4602 2405 4657 Rom.
2435 4615 2514 4666 ιιι,
2544 4601 2630 4655 l7.
2707 4600 2750 4632 ⁵⁷
2792 4600 3000 4655 Coloss.
3038 4616 3075 4664 ι,
3112 4599 3200 4653 15.
3278 4599 3322 4631 ⁸⁸
3344 4598 3482 4653 Psal.
3512 4613 3585 4661 Li,
3614 4598 3700 4653 10.

453 4666 534 4722 "1
562 4669 686 4725 Cor.
716 4689 784 4737 tv,
821 4666 892 4729 7.⁷
946 4675 991 4706 ⁷⁰
1011 4676 1143 4729 Luc.
1176 4666 1327 4741 ιὶνιιι,
1357 4666 1444 4731 ML

523 4779 637 4853 (8|)
672 4780 839 4853 Editi,
870 4803 889 4834 ι
919 4801 947 4837 a
980 4788 1158 4849 vulva,
1181 4795 1500 4841 erraverunt
1530 4787 1598 4841 ab
1628 4799 1810 4853 utero,
1844 4808 1863 4841 ι
1913 4799 2018 4853 etc.

546 4852 635 4926 ξιξ.)
670 4852 887 4926 {Editi,}
917 4870 1083 4924 genus
1105 4872 1225 4910 esse
1257 4858 1561 4926 culpabilis,
1590 4876 1609 4908 ι
1642 4869 1750 4912 etc.

542 4921 636 4987 ΒΞ»)
676 4921 795 4973 Sui.
829 4921 989 4978 Deest
1021 4926 1071 4977 in
1104 4927 1283 4980 editis.

546 4991 634 5060 84)
670 4991 833 5052 Editi,
868 5011 886 5043 ι
918 4996 983 5046 ad
1020 4995 1176 5047 ﬁdem
1208 4998 1352 5050 boni.
1384 5016 1404 5048 ι

523 5061 636 5131 (85)
670 5061 832 5133 Editi,
863 5080 893 5133 ιΔ
918 5065 1068 5116 bona:
1093 5067 1289 5118 utentis
1320 5074 1542 5133 ponunt.
1580 5087 1599 5120 ι
1637 5067 1730 5120 Ms.
1756 5083 1892 5122 unus
1913 5068 2017 5121 Re-

445 5129 565 5197 gius
591 5131 925 5205 uum.lli§9,
954 5150 974 5182 ι
1007 5135 1129 5205 boni
1157 5129 1333 5188 meriti
1363 5147 1586 5205 ponunt.
1623 5155 1643 5188 ι
1664 5138 1855 5192 Gaiteri
1888 5154 2017 5193 vero

448 5216 581 5254 mss.
620 5209 676 5253 et
719 5199 972 5255 llabanus
1006 5212 1064 5254 ut
1094 5203 1144 5256 in
1177 5213 1349 5259 textu.

519 5269 632 5337 (86)
660 5271 753 5324 Sic
781 5271 913 5345 editi
941 5283 1009 5345 et,
1027 5274 1298 5328 Rabauus.
1320 5274 1416 5329 Ms.
1448 5274 1650 5345 Regius
1678 5290 1829 5330 num.
1863 5274 2019 5338 1659,

452 5355 472 5386 ς
513 5356 710 5393 meum.
746 5359 765 5391 ι
819 5342 1015 5397 Caneri
1064 5357 1195 5396 mss.
1240 5349 1498 5399 omittunt
1536 5342 1627 5399 vel
1674 5364 1692 5397 ι
1722 5355 1962 5401 uestrum
1998 5367 2019 5400 ι

447 5408 527 5460 vel
572 5427 593 5460 ‹
624 5426 820 5464 meum.
853 5429 872 5462 ι

522 5478 633 5545 (87)
664 5479 789 5534 Mss.
821 5483 926 5535 duo
951 5481 1173 5549 habent,
1201 5501 1221 5534 ι
1249 5483 1317 5538 ad
1347 5485 1762 5540 conversionem
1792 5485 2013 5541 Israel»

541 5553 629 5613 88)
666 5550 829 5614 Editi,
861 5571 880 5603 ‹
906 5554 1163 5608 insertus.
1191 5573 1212 5608 ι

541 5557 629 5613 88)
666 5557 829 5614 Editi,
861 5571 880 5603 ‹
906 5557 1163 5608 insertus.
1191 5573 1212 5608 ι

516 5557 753 5690 (89)Με.
804 5622 1002 5692 Regius
1050 5639 1196 5679 num.
1249 5623 1407 5690 1639,
1465 5641 1486 5675 ι
1519 5624 1647 5679 Post
1688 5623 1881 5679 edocet
1918 5641 2019 5681 nos

448 5691 739 5759 Apostolus
778 5691 1109 5748 non’extolli
1143 5695 1431 5748 adversum
1465 5709 1648 5749 ramos
1683 5694 1907 5757 fractos,
1961 5697 2013 5749 id

449 5771 534 5816 est
575 5762 913 5820 lsraelitas...
948 5763 1091 5817 Nihil
1121 5767 1266 5818 enim
1289 5766 1571 5835 habemus,
1594 5784 1614 5819 ι
1647 5774 1755 5823 etc.
1778 5765 1886 5824 Sed
1907 5780 2014 5823 ca:-

686 5856 961 5918 eraon.
1026 5854 1145 5919 Gn.
1199 5854 1369 5921 XIV.

2127 4790 2225 4843 teri
2261 4802 2414 4850 mss.,
2443 4784 2703 4837 Rabanus
2727 4793 2780 4836 et
2810 4792 2938 4837 editi
2968 4793 3023 4835 ut
3050 4784 3100 4835 in
3138 4791 3326 4834 nostro
3378 4789 3550 4843 textu,
3596 4784 3699 4838 nisi

2123 4859 2264 4928 quod
2297 4858 2424 4928 editi
2454 4855 2709 4908 omittaut
2736 4872 2753 4903 ι
2782 4852 2883 4914 vel,
2914 4870 2933 4903 ι
2958 4863 3013 4906 et
3039 4853 3288 4906 ltabanus
3322 4852 3515 4905 habeat
3549 4870 3567 4902 ι
3597 4864 3650 4907 et
3676 4873 3696 4906 ι

2122 4926 2503 5080 ριῖῗςὶδῖἕξῖιῖἰ,
2541 5011 2561 5044 ι
2594 4991 3070 5062 impudentibus...
3099 4993 3206 5046 Sed
3243 4988 3400 5045 fracti
3433 4999 3563 5045 sunt
3608 5008 3698 5046 ra-

2122 5074 2217 5129 mi,
2249 5087 2269 5118 ι
2305 5074 2410 5119 etc.

2193 5134 2302 5207 (9|)
2333 5133 2492 5207 Editi,
2530 5153 2548 5183 ι
2582 5133 2808 5207 superba
2835 5145 3045 5207 sapere.
3077 5147 3095 5181 ι

2197 5200 2311 5277 (9‘2)
2342 5205 2442 5257 Ms.
2470 5202 2670 5278 Regius
2693 5217 2842 5278 num.
2875 5201 3035 5278 1959,
3069 5217 3089 5251 ι
3122 5208 3270 5278 etntu
3295 5214 3418 5254 cum
3456 5200 3530 5255 ibi
3556 5212 3695 5278 stes,

2127 5269 2395 5358 ad'oli'vae,
2429 5291 2449 5323 ι
2475 5269 2582 5326 θεοῖ
2622 5272 2727 5326 Sed
2755 5273 2939 5325 caeteri
2987 5286 3142 5336 mss.,
3175 5269 3430 5325 Rabanus
3470 5278 3526 5325 et
3568 5272 3692 5324 editi

2132 5354 2481 5485 ωῶἓζθῖέιῖξ
2511 5410 2793 5467 Omittitur
2817 5413 2872 5466 in
2900 5410 3098 5477 editis;
3139 5410 3232 5480 qui
3266 5419 3450 5480 postea
3475 5409 3695 5473 habent,

2134 5505 2156 5540 ‹
2184 5483 2239 5541 et
2262 5483 2391 5540 dicit
2411 5483 2476 5535 ad
2504 5497 2650 5537 curn.
2697 5500 2718 5533 ›

2198 5556 2310 5629 (94)
2355 5552 2569 5631 ιῇριιᾳιι
2609 5570 2626 5600 ι
2657 5550 2930 5631 omittitur
2959 5553 3009 5631 in
3051 5550 3228 5631 editis,
3261 5551 3372 5631 sed
3391 5548 3693 5631 restituitur

2123 5620 2340 5682 ex'ms.
2392 5623 2560 5690 Regio
2598 5636 2745 5674 num.
2779 5620 2916 5676 1659
2961 5629 3016 5674 et
3062 5622 3302 5676 Rabauo.
3333 5622 3526 5676 Caneri
3571 5637 3692 5674 vctu

2126 5713 2260 5755 mss.
2293 5695 2495 5753 habent
2521 5714 2542 5750 r
2579 5701 2638 5748 ut
2665 5710 2686 5744 ι
2712 5706 2813 5771 pro
2842 5708 2863 5743 ι
2903 5691 3066 5761 quod.
3108 5710 3128 5743 ι

3368 5848 3447 5907 3S
