4146 6372
432 335 568 389 1195

1910 332 2232 389 ORIGENIS

3540 338 3680 394 1196

426 454 625 515 levius.
659 452 751 506 sed
781 449 1062 505 excidendi
1102 447 1461 518 appellantur.
1494 446 1549 500 In
1579 461 1688 516 quo
1710 449 2001 502 veltemcn-
2031 451 2074 505 Α
2104 461 2226 509 suo,
2252 445 2507 516 possibile
2544 464 2647 500 non
2693 456 2814 501 erat
2842 463 2961 513 nos,
2992 448 3082 517 qui
3128 462 3347 503 eramus
3369 460 3576 519 gentes,
3606 453 3683 507 in-

425 544 800 613 tior'prol'ecto
837 543 926 595 Dei
957 541 1220 595 severitas
1243 524 1535 600 indicatur,
1565 538 1609 592 si
1640 548 1996 608 posteaquam

423 634 694 703 quis(95),
721 648 840 686 cum
867 640 1012 687 esset
1037 631 1291 697 oleaster,
1315 644 1370 686 et
1402 648 1464 685 ex
1490 637 1835 698 peccatorum
1864 629 1997 681 silva

422 725 705 789 collectus,
751 724 819 777 ad
849 721 1082 775 radicem
1132 721 1253 776 lidei
1289 737 1356 776 ac
1400 721 1705 776 sanctitatis
1735 721 2001 775 adductus

423 826 527 876 est,
559 830 747 869 rursus
783 828 997 868 amaros
1035 814 1257 867 malitia:
1281 814 1525 883 proferat
1554 828 1766 868 succos.
1794 811 1900 867 Sed
1934 825 2002 864 ne

426 912 527 963 hoc
554 909 770 977 quidem
812 907 974 960 lateat
1023 921 1121 960 nos
1173 906 1228 960 in
1285 906 1388 960 boc
1419 904 1560 971 loco,
1597 906 1741 973 quod
1778 918 1886 958 non
1930 917 2000 956 eo

423 1000 615 1054 ordine
658 997 950 1068 Apostolus
987 997 1165 1063 olivze,
1217 1004 1271 1051 et
1319 996 1541 1051 oleastri
1589 995 1998 1050 similitudinem

422 1090 629 1159 posuit,
664 1089 809 1158 quod
841 1089 981 1157 apud
1011 1087 1279 1157 agricolas
1306 1088 1561 1142 habetur.
1591 1086 1668 1141 Illi
1696 1087 1841 1141 enim
1884 1099 1999 1138 ma-

425 1187 505 1254 gis
526 1185 724 1239 olivam
754 1184 991 1239 oleastro
1018 1185 1279 1249 inserere,
1310 1192 1368 1239 et
1387 1199 1492 1239 non
1523 1185 1680 1239 olivas
1701 1184 1997 1239 oleastrum

424 1276 604 1330 solent
640 1296 654 1330 ;
683 1274 881 1328 Paulus
912 1290 1046 1327 vero
1082 1274 1379 1341 apostolica
1438 1277 1761 1330 auctoritate
1808 1277 2000 1330 ordine

422 1376 756 1421 commutato
806 1380 895 1420 res
943 1365 1113 1435 magis
1153 1366 1352 1430 causis,
1389 1380 1551 1434 quam
1596 1379 1789 1421 causas
1836 1370 2001 1421 rebus

423 1459 628 1527 aptavit
649 1457 787 1527 (96).

495 1549 582 1603 1‘2.
619 1568 637 1600 ι
675 1549 810 1603 Nolo
856 1549 999 1603 enim
1037 1548 1150 1617 (97)
1183 1563 1277 1602 vos
1320 1548 1595 1618 ignorare,
1635 1548 2000 1619 fratres,*my—

427 1644 646 1697 sterium
681 1642 805 1704 hoc,
841 1651 902 1694 ut
930 1655 1036 1696 non
1077 1641 1197 1695 sitis
1231 1641 1372 1709 apud
1405 1642 1760 1709 vosmetipsos
1788 1642 2003 1710 sapien-

423 1745 502 1789 tes
541 1753 556 1788 :
590 1736 713 1803 quia
741 1736 956 1790 accitas
990 1748 1056 1786 ex
1086 1743 1239 1801 parte
1260 1732 1490 1802 contigit
1526 1733 1579 1786 in
1612 1732 1797 1795 Israel,
1829 1734 2001 1789 donec

2110 540 2276 594 troire
2306 539 2358 593 in
2408 538 2779 593 [nereditatem
2816 539 2932 603 Dei,
2969 549 3026 592 et
3069 540 3121 593 in
3169 541 3369 610 sceptri
3416 541 3536 609 ejus
3559 542 3679 608 jura

2107 635 2420 687 succedere.
2465 633 2670 688 Idcirco
2719 634 2884 702 igitur
2944 634 3149 702 patitur
3191 634 3333 690 Deus
3381 650 3445 690 ex
3486 649 3638 706 parte
3665 680 3681 701 ,

2108 728 2161 780 id
2210 735 2293 780 est
2338 742 2440 780 non
2491 727 2771 789 omnibus,
2804 727 2897 782 sed
2937 727 3207 797 aliquibus
3249 742 3313 781 ex
3361 727 3524 784 Israel
3567 729 3685 786 ﬂeri

2104 823 2424 883 et'ecitatem,
2458 821 2526 872 ab
2559 819 2666 873 illis
2711 820 2829 873 sine
2857 819 3022 872 dubio
3053 819 3263 889 angelis
3294 818 3514 875 obtentu
3542 822 3686 875 invi-

2106 910 2187 962 dae
2217 909 2573 964 mnmlatiouis
2607 910 2808 963 illatam
2841 908 2940 978 (5),
2960 910 3048 975 qui
3092 919 3409 963 c:etcrarnm
3440 910 3683 978 gentium

2108 1000 2286 1055 sortiti
2322 1001 2530 1055 fuerant
2573 1001 2960 1069 principatum.
2990 997 3190 1054 Passus
3237 1007 3320 1052 est
3349 1014 3479 1067 ergo
3517 998 3682 1064 Deus,

2108 1103 2309 1147 etcum
2344 1103 2526 1162 posset
2549 1088 2863 1162 prohibere,
2892 1092 3085 1153 noluit,
3113 1099 3170 1143 ut
3198 1106 3297 1159 pro
3335 1090 3422 1145 his
3447 1091 3538 1160 qui
3574 1106 3684 1145 cae-

2106 1187 2268 1240 citate
2299 1186 2527 1253 decepti,
2551 1187 2603 1237 id
2632 1194 2719 1237 est
2742 1183 2923 1237 cordis
2959 1183 3247 1235 obtusione
3270 1181 3503 1251 prolapsi
3533 1191 3680 1246 sunt,

2108 1279 2346 1345 ipsorum
2374 1276 2467 1345 qui
2518 1277 2653 1330 istos
2684 1276 3011 1344 deceperant
3040 1274 3316 1342 portiones
3342 1288 3494 1327 suam
3539 1273 3683 1327 Deus

2110 1367 2314 1420 laceret
2358 1367 2697 1435 portionem.
2727 1374 2788 1418 ut
2830 1363 3232 1432 quodammodo
3258 1363 3312 1415 in
3347 1376 3413 1416 eo
3441 1361 3516 1430 (4)
3564 1362 3684 1432 ipso

2106 1472 2215 1527 quo
2232 1464 2506 1525 ceperant.
2528 1462 2878 1525 caperentur.
2902 1454 3230 1509 Avertentes
3246 1452 3390 1507 enim
3416 1454 3484 1508 ad
3507 1469 3567 1508 se
3582 1468 3683 1522 per

2107 1547 2310 1614 peccati
2347 1546 2422 1617 (5)
2458 1546 2743 1600 illecebras
2797 1544 2892 1598 Dei
2945 1543 3177 1612 plebem,
3217 1543 3396 1597 locum
3434 1542 3684 1599 fecerunt

2108 1637 2361 1706 gentibus
2387 1635 2724 1704 ingrediendi
2758 1633 3225 1699 inibaareditatem
3257 1633 3372 1698 Dei,
3408 1632 3517 1688 Deo
3555 1650 3681 1688 cum

2110 1729 2242 1796 ipsis
2268 1727 2543 1782 communi
2569 1727 2806 1797 quodam
2839 1736 2895 1780 et
2933 1725 3246 1795 :equissimo
3287 1724 3411 1793 jure
3443 1725 3681 1780 habente

423 1828 696 1896 plenitudo
725 1826 962 1895 gentium
999 1824 1338 1877 subintraret
1368 1842 1384 1877 :
1416 1834 1472 1876 et
1509 1824 1587 1877 sic
1623 1825 1803 1877 omnis
1833 1823 1996 1877 Israel
2031 1813 2070 1867 Β
2098 1819 2380 1887 judicium,
2408 1829 2468 1871 ut
2502 1818 2676 1872 donec
2710 1817 2786 1872 illi
2834 1817 3046 1889 plebem
3083 1817 3176 1872 Dei
3215 1818 3268 1871 in
3310 1816 3574 1872 caecitatis
3601 1816 3679 1887 (6)

421 1918 601 1973 salvus
648 1918 822 1980 ﬁeret,
869 1916 1010 1970 sicut
1057 1917 1319 1984 scriptum
1357 1925 1485 1969 est:
1530 1913 1728 1969 Veniet
1753 1929 1821 1969 et
1867 1914 1999 1969 Sion

421 2009 511 2075 qui
558 2007 753 2062 liberet
786 2017 843 2061 et
880 2016 1091 2060 avertat
1141 2005 1449 2075 impietates
1482 2007 1551 2061 ab
1586 2006 1790 2062 Iacob:
1821 2017 1878 2062 et
1898 2009 2004 2062 boe

421 2096 528 2152 illis
559 2112 587 2148 a
624 2109 709 2150 me
739 2105 1144 2157 testamentum,
1172 2111 1294 2150 cum
1345 2096 1623 2152 abstulero
1650 2107 1869 2164 peccata
1914 2112 2002 2154 eo-

420 2203 540 2243 rum
570 2188 636 2241 τι.
672 2207 691 2240 ι
720 2188 909 2243 Adhuc
935 2190 999 2241 ad
1024 2203 1120 2242 eos
1143 2189 1235 2257 qni
1263 2203 1327 2243 ex
1354 2189 1603 2258 gentibus
1632 2191 1997 2256 crediderant,

419 2279 575 2348 quasi
623 2279 796 2334 elatos
840 2289 895 2334 et
944 2280 1321 2349 superbientes
1352 2281 1642 2335 adversum
1689 2296 1872 2336 ramos
1906 2283 1999 2351 qui

420 2368 575 2424 fracti
629 2378 796 2434 sunt,
834 2382 891 2423 et
940 2378 1193 2440 putantes
1227 2373 1373 2440 quod
1426 2373 1528 2427 hoc
1562 2387 1669 2426 non
1720 2373 1811 2427 Dei
1846 2373 2002 2428 boni-

420 2470 532 2515 tate
558 2461 669 2531 (98)
703 2470 758 2515 et
800 2461 1055 2516 inell‘abili
1088 2463 1498 2532 dispensatione
1535 2464 1814 2532 sapientiae
1854 2465 1996 2533 ejus,

419 2552 513 2605 sed
540 2551 652 2605 suis
672 2551 883 2605 meritis
906 2554 1183 2609 consecuti
1212 2562 1429 2615 sunt,ut
1459 2553 1565 2610 illis
1587 2555 1843 2611 defractis
1861 2599 1875 2622 ,
1894 2557 1997 2627 ipsi

419 2657 543 2697 cum
570 2652 754 2698 essent
782 2643 1029 2708 oleastri,
1058 2645 1436 2699 insererentur
1466 2647 1519 2700 in
1550 2646 1747 2702 bonam
1770 2647 1995 2713 olivam,

419 2736 548 2791 dicit
580 2753 595 2790 :
622 2755 645 2787 ί
679 2735 819 2790 ΝοΙο
844 2752 942 2791 vos
965 2739 1239 2808 ignorare,
1266 2738 1492 2805 fratres,
1521 2740 1840 2810 mysterium
1869 2740 1993 2806 hoc,

419 2834 480 2882 ut
502 2842 608 2882 non
639 2828 759 2882 sitis
787 2829 927 2896 apud
949 2831 1310 2899 vosmetipsos
1349 2831 1653 2899 sapientes;
1689 2851 1709 2885 ι
1741 2833 1869 2902 quia
1911 2834 1996 2887 in-

418 2917 624 2973 sultare
672 2918 864 2985 lapsis.
895 2929 951 2972 et
983 2919 1201 2986 gloriari
1245 2921 1504 2976 adversus
1543 2937 1725 2978 ramos
1757 2923 1849 2994 qui
1884 2922 1995 2977 fra-

419 3009 491 3063 cti
526 3017 670 3070 sunt.
700 3024 805 3061 non
853 3010 911 3062 ιιι
952 3023 1057 3079 per
1108 3010 1197 3063 Dei
1245 3011 1588 3080 sapientiam,
1631 3012 1723 3067 sed
1755 3028 1851 3081 per
1884 3013 1990 3067 bu-

418 3118 639 3156 manant
684 3101 973 3157 amabilem
1015 3102 1152 3173 (99),
1193 3114 1248 3158 et
1282 3106 1621 3172 ignorantem
1673 3107 1987 3174 mysterium

418 3191 535 3246 Dei.
572 3194 673 3260 Qui
698 3194 840 3249 enim
883 3196 1180 3249 secundum
1232 3195 1402 3249 Deum
1435 3197 1599 3264 sapit.
1630 3197 1683 3250 in
1710 3197 1990 3254 beneﬁcus

415 3285 514 3339 Dei
567 3301 672 3339 non
721 3285 941 3339 insultat
973 3285 1223 3353 abjeclis,
1259 3288 1352 3339 sed
1398 3302 1520 3341 cum
1566 3287 1759 3341 timore
1783 3289 1990 3357 gratias

415 3377 527 3446 agit
577 3377 961 3431 misericordiae
999 3376 1304 3446 ‘largientis.
1340 3375 1436 3430 Est
1490 3392 1621 3447 ergo
1670 3378 1988 3448 mysterium

414 3472 558 3540 quod
594 3472 945 3539 ignorabatur
969 3470 1036 3524 ab
1057 3472 1124 3525 iis
1142 3472 1233 3540 qui
1264 3470 1617 3534 iusultabant,
1644 3472 1986 3539 huiusmodi;

414 3565 689 3633 quomodo
716 3565 769 3617 in
807 3564 1144 3632 dispersione
1181 3564 1411 3617 liliorum
1442 3564 1611 3618 Adam
1637 3567 1847 3619 caneris
1872 3566 1993 3633 qui-

414 3655 622 3725 busque
637 3657 884 3725 gentibus
903 3656 1196 3711 secundum
1227 3656 1541 3724 angeiorum
1572 3672 1855 3711 numerum
1881 3659 1992 3711 dis-

413 3748 667 3813 tributis,
723 3749 943 3818 propria
995 3750 1238 3817 quaedam
1291 3764 1416 3817 pars
1464 3748 1555 3803 Dei
1591 3749 1687 3821 (1)
1729 3749 1869 3804 facta
1918 3751 1990 3804 sit

414 3838 579 3895 Israel
607 3842 674 3904 7',
703 3842 914 3895 sicutet
940 3841 992 3894 in
1032 3840 1154 3895 aliis
1174 3842 1264 3895 ubi
1300 3842 1564 3910 oportuit,
1583 3852 1640 3895 et
1670 3842 1722 3896 itt
1750 3842 1833 3897 his
1855 3842 1986 3911 ipsis

412 3930 576 4000 paulo
604 3932 850 4002 superius
883 3932 1322 3992 memoravimus.
1343 3934 1408 3986 ad
1442 3918 1578 4002 quos
1614 3944 1669 3986 et
1692 3938 1985 4003 repromis-

412 4025 598 4077 slones
640 4024 928 4086 bonorum,
965 4034 1022 4079 et
1072 4034 1421 4091 testamenta,
1452 4035 1507 4079 et
1551 4026 1820 4097 legislatio
1843 4029 1984 4084 facta

413 4124 498 4171 est
523 4114 590 4169 ".
625 4115 874 4170 Manente
903 4131 1034 4188 ergo
1064 4129 1216 4187 parte
1264 4119 1354 4172 illa
1388 4118 1466 4189 (2)
1494 4117 1706 4174 Domini
1750 4121 1804 4175 in
1840 4132 1983 4175 statu

2103 1913 2415 1981 captivitate
2439 1912 2768 1977 detinerent,
2806 1914 2960 1981 quasi
2987 1913 3055 1967 ad
3082 1913 3257 1968 vicem
3288 1926 3498 1978 eorum,
3538 1925 3680 1981 quos

2103 2007 2172 2059 ab
2197 2005 2353 2059 initio
2384 2020 2448 2059 ex
2497 2006 2744 2075 portione
2785 2005 2875 2059 Dei
2899 2015 2954 2059 et
2981 2016 3266 2075 segregata
3304 2005 3425 2075 ejus
3450 2005 3678 2059 haeredi-

2104 2106 2214 2152 tate
2249 2100 2634 2155 subtraxerant
2662 2138 2675 2159 ,
2706 2098 2945 2167 gentium
2997 2114 3258 2153 numerus
3310 2099 3630 2154 redderetur
3659 2114 3675 2152 :

2102 2205 2226 2244 cum
2277 2203 2406 2243 vero
2457 2188 2739 2257 plenitudo
2789 2187 3026 2257 gentium
3087 2188 3280 2244 fuisset
3334 2189 3570 2258 expleta,
3620 2198 3680 2245 et

2099 2282 2443 2336 mmulatione
2477 2281 2669 2335 Salutis
2700 2296 2887 2335 eorum
2914 2280 3171 2349 coepisset
3212 2280 3378 2335 Israel
3404 2281 3680 2337 discutere

2099 2391 2127 2426 a
2157 2374 2451 2441 semetipso
2473 2373 2772 2427 caecitatem
2802 2372 3004 2434 cordis,
3025 2382 3080 2426 et
3107 2372 3335 2426 elevatis
3367 2373 3541 2427 oculis
3564 2375 3678 2427 suis

2097 2464 2372 2519 Christqu
2405 2479 2595 2518 verum
2643 2464 2827 2517 lumen
2861 2464 3129 2530 aspicere,
3170 2465 3242 2518 ita
3272 2464 3572 2519 secundum
3598 2463 3676 2537 (7)

2097 2556 2462 2624 praecedentes
2506 2557 2824 2626 prophetias
2876 2557 3104 2610 salutem
3151 2571 3313 2625 quam
3373 2559 3679 2612 obcmcatus

2096 2650 2353 2702 amiserat
2397 2647 2583 2713 Israel,
2617 2657 2889 2716 quaereret
2938 2648 3246 2718 instigatus,
3297 2649 3488 2703 dicens
3534 2647 3677 2719 apud

2094 2739 2446 2807 semetipsum
2471 2737 2602 2791 illttd
2626 2738 3099 2807 propheticum":
3140 2757 3159 2790 ι
3202 2738 3467 2794 Revertar
3503 2741 3572 2793 ad
3603 2738 3684 2792 vi-

2094 2845 2213 2882 rum
2245 2842 2426 2883 meum
2455 2829 2709 2897 priorem,
2729 2829 2985 2898 quoniam
3008 2829 3199 2884 melius
3222 2829 3350 2884 mihi
3372 2841 3491 2886 erat
3523 2841 3675 2895 ante,

2091 2936 2253 2993 quam
2282 2921 2459 2977 modo.
2491 2939 2511 2973 ι
2539 2919 2691 2987 Quod
2732 2930 2912 2974 autem
2959 2922 3073 2976 haec
3119 2921 3223 2975 illis
3254 2922 3519 2991 promissa
3566 2923 3679 2977 sint

2092 3031 2189 3083 per
2220 3016 2508 3085 prophetas
2528 3054 2544 3077 ,
2593 3014 2647 3067 in
2704 3013 2886 3066 multis
2918 3014 3136 3083 quidem
3175 3014 3505 3082 propheticis
3528 3014 3681 3069 volu-

2093 3107 2328 3161 minibus
2390 3108 2662 3161 invenitur
2692 3122 2708 3159 :
2740 3119 3001 3175 ponemus
3040 3115 3219 3158 tamen
3253 3109 3395 3174 quod
3443 3105 3680 3160 suIIieiat

2096 3206 2163 3258 ad
2202 3213 2460 3273 praesens,
2519 3215 2685 3253 unum
2738 3199 2807 3253 de
2847 3196 3081 3253 Ieremia
3127 3196 3678 3269 testimoniumm

2097 3295 2167 3349 ita
2199 3295 2485 3348 continens
2516 3313 2530 3350 :
2563 3310 2582 3345 α
2607 3292 2662 3345 Si
2688 3290 2961 3344 exaltetur
2987 3289 3182 3345 caelum
3214 3288 3268 3342 iu
3308 3289 3677 3352 exCelsuut,et

2095 3397 2238 3443 terra
2277 3387 2591 3442 bumilietur
2615 3384 2888 3448 deorsum,
2919 3397 3018 3452 ego
3051 3397 3156 3435 non
3184 3384 3483 3450 rcprobabo
3506 3395 3677 3453 genus

2095 3475 2261 3531 Israel
2296 3490 2396 3545 pro
2445 3476 2697 3528 onmibus
2727 3489 2846 3542 quae
2881 3476 3125 3528 fecerunt
3157 3472 3224 3528 ".
3265 3491 3284 3524 ›
3322 3471 3376 3526 Si
3412 3487 3545 3541 ergo
3574 3487 3675 3541 pro

2098 3583 2164 3623 eo
2200 3578 2259 3621 ut
2282 3565 2534 3621 introiret
2565 3564 2802 3635 gentium
2851 3563 3150 3632 plenitudo,
3177 3565 3393 3619 caecitas
3422 3563 3561 3618 facta
3590 3574 3675 3619 est

2099 3661 2150 3715 in
2187 3659 2347 3714 Israel
2362 3675 2469 3729 pro
2500 3660 2750 3713 omnibus
2775 3674 2894 3727 quae
2930 3662 3189 3723 l'ecerum,
3218 3658 3336 3711 sine
3361 3657 3524 3712 dubio
3548 3672 3672 3711 cum

2097 3756 2343 3824 ingressa
2386 3752 2550 3807 fuerit
2578 3753 2816 3823 gentium
2870 3751 3189 3819 plenitudo,
3222 3750 3439 3804 caecitas
3484 3762 3671 3804 cessa.

2094 3846 2175 3900 bit
2203 3844 2299 3916 (8).
2336 3844 2490 3912 Quod
2527 3844 2574 3898 si
2619 3845 2733 3909 vis,
2768 3844 2942 3912 inquit
2989 3841 3313 3910 Apostolus,
3345 3841 3487 3895 scire
3536 3855 3673 3910 quo-

2095 3936 2256 3990 modo
2285 3938 2447 3990 etiam
2480 3945 2599 4005 post
2630 3937 2925 3989 caecitatem
2957 3933 3247 3987 salvandus
3266 3934 3338 3988 sit
3364 3931 3551 3996 Israel,
3577 3948 3673 3985 au-

2094 4031 2148 4084 di
2187 4027 2455 4097 quomodo
2486 4028 2746 4096 scriptum
2780 4036 2906 4081 est:
2943 4043 2962 4076 ι
3000 4023 3188 4078 Veniet
3221 4041 3286 4078 ex
3315 4023 3447 4077 Sion
3480 4024 3570 4094 qui
3609 4022 3672 4076 li-

2092 4125 2267 4188 beret,
2295 4133 2353 4197 et
2381 4129 2590 4176 avertat
2624 4119 2955 4188 impietatem
2985 4117 3051 4170 ab
3072 4115 3240 4171 Jacob
3275 4134 3289 4169 :
3320 4125 3375 4170 et
3415 4116 3521 4168 hoc
3562 4115 3669 4169 illis

484 4276 527 4306 '"
561 4274 716 4328 Botn.
752 4289 831 4337 χι,
861 4273 934 4329 25
959 4289 1072 4343 seq.
1144 4278 1190 4309 "
1224 4276 1376 4330 Dent.
1401 4250 1646 4341 xxxn,8.
1726 4280 1772 4311 ⁷⁸
1802 4279 1956 4333 Rom.
1981 4295 2053 4344 tx,
2080 4279 2132 4334 1.
2207 4278 2408 4334 "Osee
2433 4278 2566 4343 ",7.
2642 4271 3154 4335 "Jerem.xxxt,37
3178 4289 3195 4338 ;
3218 4272 3287 4326 al.
3308 4287 3537 4339 xxxvm,
3573 4279 3664 4334 57.

479 4412 595 4494 (95)
635 4412 709 4494 Ita
739 4412 1024 4494 legendum
1049 4414 1393 4469 videtur.Ms.
1418 4411 1793 4494 Itegli‘usnnm.
1823 4410 1979 4494 l659,
2016 4427 2058 4481 ι)
2335 4420 2391 4465 et
2417 4411 2771 4494 repromissio
2804 4412 3141 4494 honorum.)
3179 4421 3312 4494 et_c_.,
3333 4416 3425 4467 sed
3454 4429 3585 4468 mss.
3610 4428 3667 4469 ct

416 4501 438 4533 ι
471 4481 514 4537 si
547 4493 733 4552 postea
765 4483 886 4550 quis
926 4498 1106 4552 quam.
1138 4502 1282 4546 ctttu,
1320 4505 1338 4535 ι
1375 4495 1480 4538 etc.
1515 4481 1708 4535 Crateri
1763 4497 1890 4536 tuss.
1928 4493 1982 4535 et

412 4552 667 4606 Rabanus
699 4553 956 4606 omittunt
985 4572 1005 4603 ι
1042 4555 1181 4621 quis.
1224 4574 1244 4606 ι

452 4622 607 4695 (illi)
630 4623 721 4695 Sic
756 4638 886 4675 mss.
920 4620 1288 4695 [ει-ςείῖξηιιιρεζ
1319 4622 1574 4695 [tabanus
1617 4632 1673 4675 et
1702 4620 1851 4676 editi.

411 4692 542 4747 vero
576 4692 778 4762 Regius
816 4709 962 4747 unm.
1004 4692 1159 4752 1636,
1201 4713 1220 4744 ι
1260 4692 1459 4747 Paulus
1508 4707 1636 4744 vero
1681 4693 1981 4758 apostolica

410 4765 739 4816 auctoritate
784 4762 1053 4825 Spirituali
1090 4764 1212 4817 huic
1238 4776 1293 4817 et
1325 4777 1476 4815 novat-
1505 4762 1850 4830 agricultura:
1880 4776 1980 4816 no-

410 4847 537 4887 vum
565 4847 630 4887 ac
654 4832 987 4900 spiritualem
1019 4833 1224 4888 colendi
1254 4832 1496 4886 ordinem
1523 4833 1719 4899 posuit.
1755 4851 1775 4884 ›

482 4902 596 4975 (97)
637 4902 843 4975 Enim._
877 4902 1225 4975 Desideratur
1257 4904 1311 4956 iu
1358 4909 1517 4955 antea
1567 4902 1745 4975 editis.
1778 4902 1981 4958 Deinde

409 4970 585 5027 iidem
603 4973 732 5026 editi
760 4972 961 5025 habent
988 4988 1009 5021 ‹
1038 4974 1268 5027 intraret
1296 4990 1316 5024 ι
1354 4987 1453 5041 pro
1504 4990 1523 5022 ι
1563 4971 1913 5038 subintraret,
1955 4992 1975 5024 ι

410 5051 467 5096 et
496 5060 517 5093 ι
546 5041 746 5105 eripiat
775 5058 793 5091 ι
828 5056 925 5108 pro
960 5061 978 5092 ι
1016 5042 1228 5097 liberet.
1266 5062 1282 5094 ι

479 5112 592 5180 (98)
629 5111 793 5175 Editi,
824 5129 844 5162 α
882 5111 973 5181 qui
1025 5112 1182 5167 l'racti
1219 5120 1346 5167 sunt
1367 5153 1383 5177 ,
1415 5123 1667 5181 putantes
1696 5113 1840 5182 quod
1873 5127 1977 5166 non

410 5180 503 5235 Dei
536 5183 796 5246 bonitate,
838 5200 856 5231 ι
888 5180 993 5235 etc.

478 5251 590 5323 (99)
626 5250 786 5323 Etliti,
816 5267 835 5300 t
867 5250 1206 5323 culpabilem.
1241 5271 1260 5303 ›
1291 5252 1548 5307 Rabautts
1572 5261 1629 5305 et
1650 5267 1749 5305 ms.
1780 5250 1979 5317 Regius

408 5319 749 5384 ηιιίηί1659,
787 5339 805 5370 α
842 5321 1128 5374 notabilem
1168 5339 1183 5386 ;
1220 5340 1238 5372 ι
1283 5335 1341 5376 et
1390 5335 1535 5377 ret-te
1564 5323 1777 5389 quidem
1805 5361 1819 5383 ,
1856 5336 1978 5371 naut

410 5410 430 5441 ι
475 5390 725 5445 notabilis
755 5407 774 5441 ι
808 5391 952 5459 apud
999 5390 1386 5455 Quintilianum
1432 5395 1570 5445 idem
1615 5402 1697 5443 est
1740 5407 1804 5445 ac
1839 5408 1856 5440 ι
1897 5406 1981 5442 re-

408 5460 805 5527 prehensibilis.
836 5479 856 5513 ι
892 5459 992 5514 Ms.
1028 5460 1225 5527 Regius
1247 5464 1405 5527 alter,
1440 5461 1779 5517 unutabilem
1803 5480 1818 5528 ;
1846 5479 1864 5510 ι
1902 5461 1981 5513 al-

410 5542 493 5583 ter
526 5548 546 5581 ι
586 5529 903 5586 notabilem.
951 5549 972 5582 ι

475 5602 549 5674 (1)
571 5622 590 5655 t
614 5602 708 5674 Dei
733 5620 750 5651 ι
769 5600 1109 5674 omit_titur__ii_t
1132 5599 1402 5674 plerisque
1424 5613 1554 5674 “138.
1572 5607 1629 5674 et
1651 5598 1792 5667 apud
1812 5597 1982 5674 Daba-

398 5667 569 5734 nubi;
590 5672 684 5726 sed
705 5679 879 5725 exstat
898 5671 953 5722 in
975 5668 1154 5731 editis,
1168 5678 1228 5734 et
1250 5668 1302 5721 in
1327 5684 1428 5720 ms.
1452 5667 1620 5738 Regio
1640 5684 1792 5724 num.
1820 5670 1974 5723 1650.

402 5743 608 5800 Deinde
635 5741 786 5806 editi,
824 5760 842 5792 ι
887 5739 1028 5794 sicut
1054 5738 1111 5793 in
1138 5738 1289 5806 aliis,
1319 5746 1375 5793 et
1402 5738 1544 5796 sicut
1568 5748 1782 5809 oportet
1809 5739 1867 5796 in
1895 5739 1982 5796 his

2090 4482 2345 4536 liabauus
2374 4490 2434 4535 ut
2490 4484 2542 4534 in
2598 4492 2767 4543 textu,
2817 4483 2919 4536 nisi
2974 4483 3114 4550 quod
3149 4484 3371 4551 quidam
3411 4495 3666 4539 Olltlllattl.

2090 4571 2107 4602 ι
2145 4560 2196 4605 et
2232 4570 2249 4602 ι
2288 4560 2413 4605 ante
2452 4570 2471 4603 ι
2510 4551 2562 4604 in
2598 4552 2682 4606 bis
2709 4551 2857 4620 ipsis.
2898 4570 2919 4603 ι

2156 4621 2233 4691 (2)
2272 4622 2398 4676 Illa.
2431 4621 2717 4691 Otttittitur
2752 4624 2804 4675 in
2837 4620 3020 4676 editis.

2155 4692 2229 4761 (5)
2269 4693 2361 4762 Sic
2387 4690 2708 4762 ms.ltegius
2741 4707 2891 4762 num.
2924 4690 3083 4745 1659.
3113 4690 3266 4744 Alter
3303 4707 3433 4746 vero
3461 4691 3662 4762 Regius

2084 4777 2232 4816 num.
2264 4761 2402 4815 1640
2427 4770 2481 4815 et
2506 4761 2687 4823 editi,t
2719 4761 2942 4815 obtentu
2979 4762 3192 4814 invidia:
3218 4773 3271 4816 et
3304 4761 3664 4819 aututlatiouis

2085 4832 2344 4884 illatam.»
2365 4831 2560 4886 Caneri
2592 4846 2719 4885 mss.
2754 4840 2810 4883 et
2835 4829 3148 4895 Rabanus,t
3186 4834 3412 4886 obtentu
3442 4835 3661 4889 invidae

2082 4902 2446 4955 teutulationis
2478 4900 2707 4953 illatam.
2747 4919 2766 4952 ι

2153 4970 2230 5042 (1)
2276 4971 2436 5044 Editi,
2470 4987 2488 5021 ι
2527 4972 2827 5037 portionem
2884 4985 3037 5026 suam
3080 4972 3224 5026 Deus
3266 4971 3492 5036 laceret,
3523 4988 3661 5044 quo-

2083 5041 2372 5093 tlattttttodo
2404 5042 2457 5093 in
2488 5057 2578 5101 eo,
2613 5059 2632 5091 ι
2673 5052 2782 5094 etc.

2155 5112 2231 5179 (3)
2275 5109 2468 5173 Etliti,t
2490 5109 3018 5182 Advertentesenim
3050 5111 3117 5164 ad
3147 5125 3206 5164 se
3234 5110 3388 5182 (mss.
3409 5111 3657 5181 quidam,

2086 5199 2105 5230 ι
2143 5187 2462 5233 Avertentes
2482 5183 2626 5233 enim
2658 5196 2686 5231 a
2717 5195 2779 5234 se
2823 5181 2871 5247 ι)
2903 5196 2998 5249 per
3026 5183 3257 5248 peccati,
3299 5198 3318 5231 ι
3346 5194 3454 5239 etc.

2153 5251 2227 5321 (6)
2271 5251 2429 5322 ltlditi,
2461 5268 2481 5300 ι
2522 5261 2574 5303 ut
2607 5250 2767 5304 donet
2798 5250 2902 5304 illis
2933 5251 3051 5321 (al.,
3072 5266 3100 5322 t
3124 5250 3204 5302 illi
3236 5251 3281 5322 ι)
3312 5252 3522 5319 plebem
3559 5252 3656 5309 Dei

2081 5319 2243 5388 quam
2262 5320 2608 5390 (Salodianus
2624 5322 2826 5374 omittit
2842 5338 2862 5371 ι
2883 5319 3042 5390 quam
3066 5319 3111 5390 ι)
3127 5326 3180 5373 in
3208 5319 3525 5385 caecitatis,»
3541 5338 3654 5379 etc.

2153 5391 2230 5460 (7)
2278 5391 2400 5445 Mss.
2457 5389 2705 5460 plerique
2730 5402 2786 5444 et
2833 5389 3129 5454 Itabauus',
3170 5407 3189 5441 ι
3232 5391 3524 5459 aspiceret,
3577 5397 3651 5447 ita

2082 5463 2402 5523 secundum,
2449 5478 2469 5510 ι
2522 5469 2627 5513 etc.
2676 5459 2782 5514 Sed
2842 5475 2943 5513 tus.
2982 5461 3180 5527 Regius
3231 5476 3379 5515 nutu.
3428 5462 3569 5517 1659
3601 5475 3654 5517 et

2081 5531 2232 5592 editi,
2254 5539 2311 5583 ιιι
2336 5529 2385 5582 in
2409 5538 2594 5601 nostro
2619 5538 2787 5583 textu.
2812 5528 3017 5583 Deinde
3039 5533 3427 5601 tttss.quidam,
3458 5548 3478 5581 ι
3508 5547 3654 5601 qua:-

2084 5601 2515 5671 rereius‘tigatus
2538 5600 2764 5671 diceret,
2791 5617 2811 5653 ι
2843 5610 2972 5666 etc.,
2994 5598 3156 5671 male.

2152 5670 2228 5740 (8)
2302 5668 2391 5723 Sic
2419 5686 2519 5724 tus.
2548 5668 2748 5737 Regius
2780 5670 3313 5729 num.l659.Catteri
3338 5685 3467 5730 vero
3491 5683 3654 5741 ωδε..

2080 5737 2340 5796 [tabanus
2361 5751 2417 5797 et
2444 5741 2595 5809 editi,
2632 5757 2653 5792 ι
2687 5753 2886 5798 cessat.
2919 5759 2941 5794 ι
