4146 6364
418 424 556 478 “97

1340 425 1700 484 COMMENT.
1743 427 1808 480 IN
1847 424 2066 480 EPIST.
2102 424 2192 477 AD
2227 422 2393 479 ROM.
2426 423 2556 477 LIB.
2602 422 2738 479 VIII.

3537 422 3675 476 1198

419 561 451 598 a
479 559 564 599 me
597 553 995 609 testamentum,
1027 561 1150 600 cum
1203 549 1478 602 abstulero
1509 560 1726 616 peccata
1757 563 1996 604 eorum.»
2031 551 2078 606 Α
2108 560 2210 613 qua
2241 559 2368 598 vero
2410 544 2604 608 tristia,
2650 545 2694 597 si
2743 543 2958 612 quidem
3000 557 3067 596 ne
3101 541 3264 597 Israel
3308 543 3578 608 dicuntur,
3609 544 3679 601 ad

415 635 707 692 Sciendum
736 649 866 689 sane
890 647 989 701 est,
1006 637 1145 704 quod
1170 637 1220 690 in
1239 638 1494 707 preplteta
1517 641 1666 699 Isaia,
1688 643 1828 694 unde
1852 639 2001 694 testi-

414 729 653 782 monium
673 727 812 781 istud
843 712 1038 783 Paul-us
1055 730 1300 794 assumit,
1324 745 1421 796 pro
1449 746 1513 785 eo
1535 734 1675 800 quod
1705 733 1999 800 dixitApo-

413 824 633 882 stolus,«
657 819 913 872 venietex
931 819 1078 881 Sion,
1095 839 1112 870 ι
1135 821 1394 889 scriptum
1414 831 1519 884 est,
1545 841 1563 873 ι
1592 823 2000 893 venietpropter

413 909 544 964 Sion
561 928 605 975 ;»
624 919 676 964 et
691 911 830 980 quod
851 911 924 964 ait
945 911 1078 974 Itic,t
1099 926 1217 963 cum
1236 913 1505 965 abstulero
1522 925 1734 981 peccata
1753 931 1956 976 eorum,
1973 933 1991 966 ι

413 1000 485 1056 ibi
517 1003 737 1056 omnino
763 1002 1022 1070 scriptum
1055 1019 1158 1056 non
1189 1012 1268 1057 est
1288 1044 1304 1068 ,
1333 1005 1425 1058 sed
1454 1020 1550 1058 nec
1579 1007 1716 1074 apud
1747 1005 1998 1061 Ilebrzeos

411 1093 627 1158 quidem
667 1105 680 1148 :
719 1092 958 1160 Apostoli
1016 1102 1194 1146 tamen
1247 1094 1567 1147 auctoritate
1610 1106 1993 1166 praesumptum

411 1191 514 1236 est.
538 1183 752 1236 Interim
777 1186 996 1238 veniens
1020 1183 1274 1239 Dominus
1297 1202 1362 1239 ex
1385 1185 1514 1240 Sion
1539 1187 1748 1252 liberat,
1769 1199 1822 1242 et
1845 1205 1997 1243 aver-

415 1273 481 1327 tit
515 1274 820 1342 impietates
851 1276 918 1328 ab
969 1274 1156 1332 Jacob.
1207 1277 1418 1331 Avertit
1457 1290 1639 1333 autem
1676 1281 1750 1349 (9)
1805 1281 1997 1349 impie-

416 1373 556 1419 tates
609 1366 676 1419 ab
723 1381 788 1422 eo
823 1367 1120 1421 secundum
1170 1369 1297 1421 illud
1336 1373 1479 1438 quod
1507 1373 1766 1440 scriptum
1792 1383 1874 1425 est
1900 1373 1946 1402 ⁷⁸
1976 1391 1988 1427 :

416 1455 552 1521 Quia
589 1474 608 1507 ‹
641 1458 811 1514 diluet
862 1460 1116 1515 Dominus
1157 1462 1350 1516 sordes
1402 1463 1633 1516 ﬁliorum
1667 1473 1715 1517 et
1760 1464 1990 1517 ﬁliarmn

417 1547 570 1608 Sion,
600 1555 654 1600 et
703 1549 1016 1618 sanguinem
1052 1551 1332 1604 mundabit
1359 1552 1466 1621 (10)
1497 1553 1562 1606 de
1587 1553 1763 1606 medio
1793 1553 1908 1621 ejus
1937 1555 1988 1608 in

413 1641 837 1712 Spiritujudicii,
879 1652 933 1698 et
961 1645 1153 1714 spiritu
1192 1646 1420 1701 ustionis
1453 1645 1562 1716 (11)
1598 1663 1612 1711 ;
1644 1666 1662 1696 ι
1695 1656 1750 1700 et
1791 1649 1894 1702 hoc
1917 1648 1990 1703 ita

415 1732 531 1787 ﬁeri
561 1742 939 1789 testamentum
969 1736 1050 1790 eis
1068 1747 1186 1790 erat
1217 1753 1245 1790 a
1275 1738 1406 1803 Deo,
1441 1748 1499 1792 ut
1525 1739 1606 1793 sic
1633 1739 1700 1792 ab
1726 1740 1806 1793 eis
1828 1755 1987 1792 aver-

415 1831 661 1878 terentur
690 1825 996 1894 impietales
1019 1866 1034 1890 ,
1065 1837 1118 1881 et
1163 1827 1510 1882 auferreutur
1564 1837 1806 1895 peccata.
1856 1829 1988 1895 Quis

2109 636 2234 689 illos
2259 635 2376 690 sine
2409 635 2571 688 dubio
2601 635 2838 702 reliquos
2863 635 2950 702 qui
2991 637 3247 688 excaecati
3278 646 3401 688 sunt
3426 637 3678 694 referun-

2109 736 2196 781 tur
2227 745 2240 781 :
2265 727 2308 780 si
2346 742 2471 780 vero
2497 727 2561 781 de
2595 727 2860 795 gentibus,
2881 726 2997 779 illos
3027 725 3272 793 profecto
3301 728 3392 795 qui
3421 739 3548 782 sunt
3575 745 3677 784 ex-

2106 831 2187 874 tra
2221 821 2610 888 plenitudinem
2643 820 2931 889 Sll‘ittgtllll.
2975 818 3166 872 Omnia
3199 826 3375 872 tamen
3407 822 3528 874 linis
3554 835 3679 889 per-

2106 922 2280 980 urget,
2328 922 2380 964 et
2424 926 2518 965 eos
2563 913 2777 979 quidem
2818 912 2906 980 qui
2955 911 3098 964 beati
3140 921 3284 974 sunt,
3323 911 3437 965 sive
3478 913 3554 966 illi
3607 927 3678 982 ex

2105 1002 2297 1068 Israel,
2333 1002 2448 1055 sive
2482 1001 2644 1054 etiam
2693 1016 2756 1053 ex
2811 1001 3063 1070 gentibus
3102 1000 3353 1063 veniant,
3395 1001 3677 1065 pra‘sentis

2105 1094 2364 1162 temporis
2397 1092 2507 1162 (16)
2544 1092 2868 1159 evangelicae
2893 1092 3154 1146 doctrina:
3193 1106 3372 1145 sermo
3403 1093 3674 1160 purificat,

2103 1197 2156 1240 ut
2190 1187 2298 1240 sint
2328 1187 2461 1240 tales
2490 1187 2628 1241 sicut
2651 1195 2806 1238 erant
2850 1183 2924 1236 illi
2957 1183 3024 1236 ad
3059 1197 3195 1251 quos
3234 1183 3490 1236 Dominus
3526 1185 3677 1239 dice-

2100 1279 2192 1332 bat
2222 1277 2268 1308 ⁸ο
2298 1293 2311 1327 :
2356 1297 2374 1328 ‹
2412 1279 2546 1331 Ecce
2569 1276 2680 1344 jam
2707 1291 2800 1330 vos
2843 1274 3029 1328 mundi
3061 1275 3196 1328 estis
3224 1286 3441 1344 propter
3467 1291 3678 1330 sermo-

2103 1385 2224 1422 nem
2255 1385 2413 1436 quem
2444 1369 2652 1423 locutus
2681 1384 2799 1421 sum
2833 1368 3004 1421 vobis.
3040 1389 3058 1420 ι
3095 1368 3196 1435 Qui
3245 1383 3372 1420 vero
3399 1368 3546 1421 verbi
3582 1368 3679 1423 Dei

2099 1469 2152 1514 et
2197 1461 2458 1513 doctrina:
2517 1459 2845 1528 evangelica:
2883 1460 3312 1527 puriﬁcationem
3358 1462 3625 1526 Spreverit
3654 1498 3672 1524 ,

2101 1551 2346 1610 tristibus
2390 1561 2445 1604 et
2475 1553 2772 1618 poenalibus
2819 1550 3284 1618 purificationibus
3318 1551 3672 1620 semetipsum

2095 1653 2360 1706 reservat,
2379 1651 2435 1696 ut
2451 1643 2855 1712 ignisgehennae
2868 1642 2921 1696 in
2935 1643 3272 1698 cruciatibus
3284 1656 3492 1714 purget,
3509 1661 3671 1715 quem

2096 1748 2199 1789 nec
2220 1733 2513 1803 apostolica
2539 1733 2783 1788 doctrina
2818 1746 2915 1786 nec
2941 1733 3285 1802 evangelicus
3336 1749 3518 1789 sermo
3543 1751 3673 1804 pur-

2093 1825 2259 1894 gavit,
2282 1825 2574 1878 secundum
2611 1824 2740 1878 illud
2772 1827 2911 1894 quod
2939 1826 3194 1894 scriptum
3223 1835 3307 1880 est
3331 1826 3372 1858 “‘
3394 1844 3408 1878 :
3429 1845 3449 1878 ι
3489 1827 3552 1881 Et
3577 1844 3676 1897 pu-

411 1923 598 1970 autem
649 1918 722 1971 sit
772 1918 875 1972 iste
924 1918 1102 1973 omnis
1133 1917 1294 1973 Israel
1329 1920 1418 1988 qui
1465 1920 1650 1974 salvus
1685 1921 1858 1982 fleret,
1907 1921 1990 1974 vel
2023 1903 2066 1958 Β
2095 1914 2321 1969 riﬁcabo
2348 1925 2402 1969 te
2433 1914 2541 1985 igni
2566 1915 2634 1968 ad
2659 1929 2875 1984 purum.
2917 1934 2936 1966 ι
2965 1913 3162 1968 Verum
3197 1915 3248 1969 in
3277 1915 3379 1970 hac
3403 1916 3517 1985 ipsa
3543 1932 3676 1985 pur-

411 2013 535 2070 qua:
566 2002 669 2056 erit
701 2003 800 2056 ista
838 2003 1116 2072 plenitudo
1164 2007 1327 2059 etiam
1363 2010 1626 2075 gentium,
1664 2007 1808 2062 Deus
1839 2007 1989 2063 solus

412 2097 584 2161 novit,
615 2107 669 2151 et
697 2096 1020 2166 Uuigenitus
1051 2115 1204 2166 suus,
1231 2111 1284 2154 et
1324 2101 1368 2154 si
1395 2103 1486 2171 qui
1520 2101 1661 2158 forte
1686 2105 1844 2158 amici
1873 2105 1991 2175 ejus

411 2199 572 2257 sunt;
599 2191 664 2245 ad
695 2205 832 2259 quos
874 2192 1012 2246 dicat
1038 2193 1084 2223 ⁷⁷
1118 2209 1133 2246 :
1179 2212 1197 2244 ‹
1234 2192 1350 2247 Jam
1390 2210 1495 2248 non
1529 2196 1703 2250 dicam
1745 2213 1840 2252 vos
1874 2213 1990 2253 ser-

411 2297 528 2343 vos,
569 2285 662 2338 sed
708 2286 950 2350 amicos;
980 2286 1108 2355 quia
1158 2297 1282 2340 uota
1333 2287 1487 2340 vobis
1515 2287 1618 2342 feci
1662 2290 1841 2342 omnia
1868 2305 1989 2358 quae

413 2375 592 2428 audivi
642 2391 674 2429 a
721 2377 904 2433 Patre.
946 2396 964 2428 ι
1007 2378 1119 2431 lIoc
1161 2388 1338 2432 tamen
1389 2388 1565 2446 potest
1607 2381 1770 2434 etiam
1801 2392 1988 2435 nostro

411 2468 593 2520 sensui
621 2483 945 2533 occurrere,
977 2470 1119 2538 quod
1161 2471 1304 2524 sicut
1343 2470 1545 2537 Israel,
1577 2473 1816 2540 quandiu
1859 2487 1986 2542 per-

409 2569 592 2612 manet
618 2561 915 2613 secundum
945 2577 1164 2614 carnem
1194 2561 1450 2624 Israel,et
1473 2577 1578 2617 non
1605 2565 1767 2617 etiam
1799 2579 1989 2619 secun-

409 2649 536 2704 dum
565 2651 813 2718 spiritum
839 2645 1019 2706 factus
1042 2651 1204 2707 fuerit
1227 2654 1468 2708 Israelita
1500 2669 1663 2710 verus
1697 2666 1876 2712 mente
1903 2658 1983 2710 vi-

407 2735 542 2792 dens
571 2738 761 2802 Deum,
781 2742 1050 2808 pertinere
1078 2742 1188 2813 (12)
1220 2759 1323 2798 non
1350 2755 1530 2814 potest
1551 2747 1618 2800 ad
1641 2745 1889 2811 salutem,
1909 2747 1982 2802 ita

408 2845 510 2884 nec
540 2843 726 2899 gentes
752 2829 968 2901 quidem
999 2851 1190 2891 omnes
1235 2838 1458 2891 omnino
1509 2838 1708 2893 salvari
1738 2848 1982 2908 possunt,

409 2917 512 2972 nisi
541 2935 661 2987 quae
702 2920 844 2976 intra
887 2923 1276 2991 plenitudinem
1313 2925 1514 2980 fuerint
1548 2937 1797 2996 repertae,
1830 2943 1982 2997 qua:-

409 3023 623 3082 ounque
650 3010 742 3064 illa
776 3022 858 3067 est
879 3029 998 3083 qua:
1022 3015 1092 3069 ab
1123 3016 1386 3086 Apostolo
1432 3016 1711 3086 plenitudo
1737 3020 1850 3090 (15)
1884 3036 1983 3075 no-

409 3107 665 3158 minatur.
705 3105 777 3158 Ita
807 3122 934 3176 ergo
969 3108 1285 3178 mysterium
1325 3107 1414 3160 Dei
1453 3108 1710 3163 iueII’abili
1743 3110 1978 3178 quadam

408 3194 688 3261 sapientiae
742 3195 858 3262 ejus
911 3197 1316 3264 dispensatione
1370 3206 1671 3262 tractatur,
1702 3208 1758 3253 ut
1811 3201 1974 3255 etiam

409 3298 531 3337 cum
562 3284 672 3339 ‘sibi
714 3288 892 3340 anima
929 3299 1128 3341 sortem
1177 3289 1438 3343 malorum
1485 3291 1596 3357 ipsa
1627 3291 1976 3359 consciverit,

408 3377 498 3432 ille
533 3379 622 3446 qui
660 3379 809 3432 novit
851 3379 1101 3434 universa
1133 3380 1439 3451 disponere,
1474 3381 1832 3448 abjectionem
1863 3383 1980 3454 ejus

407 3479 465 3524 et
501 3485 737 3538 poenam,
776 3470 1004 3523 aliorum
1042 3469 1202 3525 faciat
1239 3471 1490 3526 salutem.
1523 3474 1628 3527 Sed
1661 3483 1714 3527 et
1749 3474 1878 3529 illud
1901 3475 1980 3530 vi-

409 3561 569 3617 detur
593 3564 723 3617 mihi
755 3564 808 3617 in
842 3564 942 3618 hoc.
969 3563 1080 3636 (14)
1109 3565 1226 3620 loco
1247 3566 1555 3636 diligentius
1578 3567 1942 3622 contuendum
1963 3611 1978 3635 ,

410 3653 550 3720 quod
591 3655 886 3707 crecitatem
927 3656 1084 3708 istam
1128 3671 1234 3709 non
1275 3657 1406 3711 dicit
1432 3656 1578 3711 omni
1607 3655 1773 3711 Israel
1806 3659 1984 3712 conti-

409 3743 572 3810 gisse,
605 3745 699 3798 sed
733 3763 752 3796 ‹
790 3760 856 3799 ex
883 3755 1056 3813 parte.
1098 3745 1360 3815 Reliquiae
1395 3766 1414 3798 ι
1449 3749 1592 3802 enim
1633 3766 1651 3798 ι
1686 3748 1980 3801 secundum

409 3831 731 3888 electionem
758 3834 944 3902 gratiae
973 3833 1136 3888 salvae
1167 3835 1322 3890 facta:
1364 3845 1490 3890 sunt
1516 3835 1583 3889 ⁷⁸.
1625 3855 1644 3888 ι
1680 3837 1752 3890 De
1785 3837 1981 3903 quibus

409 3925 652 3993 reliquiis
686 3934 741 3978 et
767 3925 930 3979 Isaias
958 3925 1376 3994 prophetaverat
1423 3925 1608 3980 dicens
1639 3941 1653 3977 :
1687 3945 1706 3976 ι
1737 3924 1848 3980 Nisi
1883 3926 1984 3979 Do-

409 4019 593 4072 minus
647 4017 885 4071 Sabaoth
940 4017 1244 4086 reliquisset
1294 4017 1450 4074 nobis
1497 4033 1681 4073 semen
1713 4019 1827 4072 ".t
1864 4018 1983 4073 Istae

409 4127 538 4182 ergo
575 4111 812 4180 reliquiae
848 4112 900 4163 in
943 4110 1276 4166 beatitudine
1319 4112 1678 4167 conferuntur
1717 4127 1838 4165 cum
1867 4111 1981 4180 ple-

409 4203 655 4258 nitudine
687 4204 922 4271 gentium
951 4221 964 4255 :
1005 4204 1183 4257 caeteri
1211 4218 1338 4256 vero
1361 4203 1451 4272 qui
1482 4203 1734 4257 excrecati
1765 4213 1981 4258 suntex

407 4297 600 4361 Israel,
623 4295 982 4350 conferuntur
1010 4295 1096 4350 his
1130 4297 1383 4368 gentibus
1411 4311 1530 4364 qua:
1559 4310 1663 4348 non
1691 4304 1982 4364 potuerunt

409 4388 473 4440 ad
507 4386 894 4455 plenitudinem
929 4388 1232 4455 pervenire.
1263 4386 1353 4439 Sic
1383 4400 1510 4454 ergo
1535 4383 1646 4455 (15)
1677 4399 1796 4454 quae
1835 4385 1984 4440 inve-

407 4479 631 4532 niuntur
673 4477 726 4532 in
762 4477 1105 4533 sermonibus
1149 4476 1535 4545 prophetarum
1576 4476 1642 4529 de
1687 4478 1985 4545 repromis-

2094 2007 2310 2075 gatione
2338 2020 2458 2074 qua:
2493 2018 2591 2074 per
2633 2019 2852 2074 poenam
2902 2004 3043 2074 ignis
3090 2005 3416 2072 adhibetur,
3452 2005 3676 2074 quantis

2095 2095 2450 2164 temporibus,
2485 2096 2768 2163 quantisve
2815 2095 3028 2150 saeculis
3057 2095 3124 2150 dc
3161 2098 3542 2166 peccauit-ibus
3575 2114 3676 2151 ex-

2093 2188 2270 2256 igatur
2299 2186 2412 2257 (17)
2438 2189 2736 2252 cruciatus,
2765 2187 2912 2241 solus
2933 2188 3075 2242 scire
3103 2201 3281 2258 pateSt
3303 2188 3390 2243 ille
3416 2191 3500 2244 cui
3525 2208 3544 2240 ι
3571 2189 3673 2243 Pa-

2092 2285 2180 2334 ter
2214 2294 2376 2333 omne
2399 2278 2663 2346 judicium
2693 2279 3000 2345 tradidit",
3046 2299 3064 2331 ι
3096 2283 3184 2348 qui
3217 2283 3286 2335 ita
3321 2282 3493 2352 diligit
3517 2298 3674 2338 crea-

2093 2381 2267 2424 turam
2297 2386 2475 2434 suam,
2504 2379 2563 2423 ut
2602 2385 2700 2439 pro
2728 2372 2838 2440 ipsa
2864 2373 3206 2426 evacuaverit
3228 2374 3571 2442 semetipsum
3605 2376 3674 2429 de.

2095 2459 2185 2514 Dei
2223 2462 2420 2525 forma,
2459 2471 2515 2514 et
2553 2462 2697 2515 servi
2742 2461 2969 2516 formam
3002 2463 3334 2532 susceperit,
3378 2465 3672 2520 ltumilians

2089 2553 2439 2623 semetipsum
2491 2568 2662 2623 usque
2699 2555 2764 2607 ad
2812 2564 3035 2609 mortem
3066 2554 3152 2620 ⁸⁸,
3182 2556 3368 2610 volens
3419 2574 3440 2607 ι
3483 2572 3674 2614 omnes

2087 2648 2335 2702 homines
2360 2647 2537 2702 salvos
2573 2647 2710 2711 lieri,
2742 2655 2794 2701 et
2830 2647 2881 2700 in
2931 2646 3260 2716 agnitionem
3300 2649 3544 2703 veritatis
3575 2665 3671 2704 ve-

2087 2741 2205 2794 nire
2227 2740 2296 2794 εδ.
2337 2758 2356 2791 ι
2383 2739 2767 2794 Verumtamen
2799 2741 3109 2795 meminisse
3151 2756 3364 2809 semper
3386 2743 3668 2812 debemus,

2086 2832 2228 2899 quod
2261 2841 2582 2899 przesentem
2619 2833 2794 2887 locum
2843 2834 3135 2902 Apostolus
3167 2836 3319 2903 quasi
3354 2837 3670 2906 mysterium

2085 2924 2276 2978 haberi
2301 2925 2464 2978 voluit
2487 2923 2618 2996 (18),
2662 2941 2770 2994 quo
2799 2926 3008 2980 scilicet
3046 2927 3350 2994 bujusmodi
3382 2944 3571 2983 sensus
3601 2931 3670 2983 Ii-

2084 3013 2232 3068 deles
2266 3017 2470 3083 quique
2495 3025 2548 3068 et
2578 3015 2803 3083 perfecti
2843 3017 2984 3070 intra
3033 3019 3352 3087 semetipsos
3383 3021 3527 3074 velut
3552 3037 3668 3091 my-

2082 3104 2307 3158 sterium
2339 3105 2430 3158 Dei
2465 3104 2681 3159 silentio
2713 3115 2897 3175 tegant
2918 3144 2932 3169 ,
2970 3121 3069 3161 nec
3108 3109 3306 3176 passim
3338 3109 3670 3176 imperfectis

2083 3204 2138 3249 et
2188 3196 2367 3251 minus
2412 3197 2703 3266 capacibus
2753 3198 3050 3267 proferant.
3100 3216 3118 3251 ι
3162 3200 3478 3272 Mystez-Eum
3521 3205 3667 3260 enim

2087 3288 2251 3358 regis,
2282 3307 2300 3339 ι
2339 3288 2415 3342 ait
2444 3289 2725 3358 Scriptura
2753 3291 2824 3355 ⁸⁸,
2864 3310 2883 3342 «
2922 3291 3102 3348 celare
3131 3294 3328 3348 bonum
3363 3305 3466 3349 est.
3502 3314 3521 3347 ι

2154 3381 2240 3434 15.
2291 3399 2310 3432 ε
2367 3381 2681 3436 Secundum
2753 3382 3104 3454 Evangelium
3165 3385 3385 3453 quidem
3454 3384 3668 3444 inimici

2074 3476 2306 3536 propter
2330 3482 2426 3522 vos
2454 3483 2466 3518 :
2496 3468 2795 3523 secundum
2818 3469 3137 3523 electionem
3163 3483 3343 3526 autem
3364 3473 3670 3533 charissimi

2088 3566 2312 3628 propter
2357 3569 2563 3629 patres.
2616 3559 2745 3615 Sine
2798 3561 3119 3630 poenitentia
3170 3563 3317 3617 enim
3365 3577 3494 3621 sunt
3530 3566 3672 3621 dona

2075 3657 2143 3746 (et
2181 3654 2393 3708 vocatio
2432 3654 2548 3717 Dei,
2575 3653 2726 3709 Sicut
2763 3655 2910 3710 enim
2946 3672 3044 3711 vos
3079 3656 3370 3726 aliquando
3409 3675 3518 3714 non
3557 3676 3673 3715 cre-

2076 3743 2301 3798 ididistis
2340 3745 2472 3805 Deo,
2492 3760 2640 3799 nunc
2679 3754 2860 3800 autem
2889 3745 3049 3818 64],
3084 3747 3506 3804 misericordiam
3538 3767 3672 3806 con-

2087 3835 2263 3891 secuti
2305 3836 2438 3891 estis
2492 3845 2716 3907 pr0pter
2770 3837 3013 3908 ipsorum
3066 3839 3498 3896 incredulitatem
3542 3860 3554 3896 :
3596 3843 3670 3898 ita

2089 3934 2144 3980 et
2182 3925 2271 3980 isti
2311 3941 2458 3981 nunc
2495 3927 2845 3983 crediderunt
2881 3929 2936 3982 in
2975 3931 3141 3984 vestri
3181 3932 3567 3999 misericordia,
3608 3948 3671 3992 ut

2085 4025 2142 4071 et
2205 4017 2308 4088 ipsi
2367 4019 2797 4076 misericordiam
2865 4033 3268 4093 consequantur
3327 4044 3340 4079 :
3402 4026 3670 4082 conclusit

2087 4107 2231 4162 enim
2264 4109 2407 4164 Deus
2443 4126 2633 4165 omnes
2673 4112 2726 4166 in
2768 4113 3162 4180 incredulitate,
3196 4125 3256 4171 ut
3291 4119 3545 4174 omnibus
3574 4121 3672 4174 mi-

2085 4210 2352 4255 sereatur.
2386 4201 2430 4256 O
2469 4203 2696 4257 altitudo
2733 4204 3043 4259 divitiarum
3085 4207 3364 4277 sapientiae
3400 4219 3454 4263 et
3493 4210 3661 4265 scien-

2086 4291 2176 4348 tiae
2213 4293 2310 4348 Dei
2353 4310 2366 4347 :
2407 4310 2568 4364 quam
2609 4295 2978 4351 inscrutabilia
3015 4307 3144 4353 sunt
3178 4299 3381 4370 judicia
3421 4301 3570 4370 ejus,
3613 4315 3670 4359 et

2088 4385 2492 4458 investigabiles
2538 4389 2638 4442 viae
2675 4389 2824 4456 eius!
2867 4388 3002 4456 Quis
3049 4392 3195 4446 enim
3249 4395 3500 4462 cognovit
3537 4411 3666 4449 sen-

2088 4491 2206 4530 sum
2247 4472 2491 4527 Domini?
2528 4472 2639 4526 Aut
2668 4473 2790 4541 quis
2837 4473 2914 4527 illi
2964 4473 3311 4530 consiliarius
3354 4475 3497 4530 fuit?
3554 4483 3662 4530 Aut

405 4568 649 4624 sionibus
704 4571 907 4636 scripta
963 4567 1354 4623 beatitudinem
1405 4569 1772 4632 continentia,
1816 4569 1862 4622 si
1914 4570 1981 4623 de
2012 4591 2057 4646 D
2088 4567 2210 4634 quis
2241 4567 2389 4634 prior
2429 4564 2577 4618 dedit
2601 4564 2674 4627 ei,
2709 4573 2764 4617 et
2807 4565 3144 4619 retribuetur
3172 4566 3261 4620 ei?
3290 4565 3556 4632 Quoniam
3591 4583 3661 4622 ex

407 4657 590 4725 Israel,
627 4661 693 4715 ad
730 4661 986 4728 reliquias
1027 4661 1158 4715 istas
1212 4675 1334 4729 quae
1389 4659 1573 4714 electae
1611 4668 1760 4723 sunt,
1811 4659 1982 4728 perti-

408 4761 535 4807 nent
562 4769 574 4804 :
601 4752 645 4805 si
681 4753 746 4806 de
774 4754 1045 4822 gentibus,
1079 4753 1144 4806 ad
1182 4752 1568 4822 plenitudinem
1611 4759 1877 4820 spectant.
1920 4751 1978 4806 Si

510 4887 556 4917 ⁷⁸
586 4887 686 4939 Isa.
714 4901 788 4946 tv,
819 4885 871 4939 4.
971 4886 1016 4916 ⁷⁷
1045 4885 1202 4939 Joan.
1238 4901 1324 4947 xv,
1359 4886 1440 4939 15.
1535 4885 1581 4916 ⁷⁸
1611 4884 1767 4939 Rom.
1791 4886 1934 4947 v.5.

478 5072 554 5138 (9)
594 5071 758 5134 Editi,
793 5089 812 5121 ‹
865 5071 1078 5133 liberet,
1103 5081 1158 5124 et
1195 5079 1407 5124 avertat
1446 5069 1752 5139 impietates
1785 5071 1853 5124 ab
1884 5068 1977 5124 Ja-

405 5143 528 5196 cob.
559 5141 764 5193 Avertit
787 5150 986 5200 autem,
1025 5159 1044 5192 ι
1079 5149 1184 5194 etc.

479 5210 590 5280 (10)
622 5210 711 5263 Sic
738 5225 836 5263 ms.
861 5208 1064 5280 Regius
1085 5224 1236 5262 num.
1267 5207 1425 5263 1659.
1444 5209 1636 5280 Caeteri
1662 5223 1790 5264 vero
1817 5224 1975 5275 mss.,

405 5279 667 5335 Rabanus
700 5288 754 5332 et
786 5279 940 5340 editi,
964 5295 984 5330 ι
1021 5279 1626 5332 delevit....mundavit.
1667 5298 1686 5332 ι

477 5347 595 5418 (11)
632 5347 798 5412 Editi,
832 5365 852 5398 ι
887 5357 944 5401 et
969 5349 1160 5417 spiritu
1191 5348 1432 5402 ultionis.
1462 5366 1480 5398 ι

470 5420 582 5492 (12_)
615 5419 777 5492 Editi,
821 5438 840 5469 ι
877 5422 1208 5490 pertingere,
1247 5439 1264 5470 ι
1296 5429 1351 5474 et
1390 5422 1462 5475 ita
1496 5422 1783 5492 legendum
1825 5423 1977 5478 vide-

399 5497 517 5553 tur;
547 5488 802 5543 Rabanus
844 5488 976 5544 vero
1021 5488 1086 5545 et
1113 5505 1242 5545 mss.
1283 5492 1457 5546 nostri
1502 5488 1722 5560 omnes,
1760 5511 1780 5544 ‹
1812 5495 1979 5564 perti-

400 5573 552 5612 nere.
589 5577 606 5609 ι

473 5629 583 5697 (13)
622 5627 922 5683 Plenitudo.
961 5630 1123 5684 Deest
1149 5631 1200 5684 in
1233 5641 1390 5686 antea
1424 5632 1602 5687 editis.

470 5698 582 5773 (14)
627 5718 646 5750 ‹
703 5699 818 5754 Hoc
872 5719 892 5751 ι
939 5701 1096 5756 deest
1133 5702 1186 5754 in
1236 5703 1432 5773 editis,
1475 5713 1531 5762 et
1567 5703 1872 5762 restituitur
1909 5723 1977 5765 ex

395 5766 606 5823 duobds
644 5784 774 5824 mss.

469 5838 579 5912 (15)
613 5839 777 5910 Editi,
812 5859 831 5895 ‹
862 5839 922 5898 Si
955 5856 1104 5914 ergo.
1141 5861 1160 5894 ι

2032 4887 2078 4918 ιη

510 4887 556 4917 ⁷⁸
586 4887 686 4939 Isa.
714 4901 788 4946 tv,
819 4885 871 4939 4.
971 4886 1016 4916 ⁷⁷
1045 4885 1202 4939 Joan.
1238 4901 1324 4947 xv,
1359 4886 1440 4939 15.
1535 4885 1581 4916 ⁷⁸
1611 4884 1767 4939 Rom.
1791 4886 1934 4947 v.5.

405 4973 458 5024 ν,
488 4955 578 5010 22.
655 4956 702 4986 ⁸³
744 4955 937 5023 Philip.
983 4970 1044 5021 II,
1074 4957 1125 5012 7.
1199 4956 1287 5008 ⁸⁸1
1330 4955 1469 5009 Tim.
1499 4971 1570 5021 ll,
1595 4955 1650 5008 4.
1727 4955 1771 4986 ⁸⁵
1805 4955 1986 5009 Tob.x

2107 4887 2208 4939 Isa.
2245 4902 2281 4945 I,
2305 4884 2359 4939 9.

2094 4955 2147 5010 7.
2223 4955 2268 4986 ⁸⁸
2297 4955 2359 5008 Rt

2092 4659 2230 4726 ipso,
2266 4665 2321 4710 et
2351 4669 2448 4724 per
2473 4655 2671 4724 ipsum,
2704 4662 2759 4710 et
2790 4654 2842 4708 iu
2875 4655 2992 4723 ipso
3018 4665 3142 4708 sunt
3171 4657 3351 4709 omnia
3381 4674 3394 4710 :
3420 4658 3515 4725 ipsi
3541 4657 3659 4727 glo-

2090 4752 2169 4804 ria
2191 4750 2244 4802 in
2276 4747 2470 4804 saecula
2498 4747 2840 4802 saeculorum.
2862 4746 3037 4802 Amen
3054 4747 3100 4778 ⁸⁸
3123 4747 3288 4817 (19).»
3316 4747 3513 4802 Eadem
3537 4765 3661 4817 per-

2471 4883 2696 4938 ”Joau.
2729 4897 2820 4947 xv,
2843 4880 2896 4935 5.
3009 4881 3053 4912 ⁸¹
3083 4881 3184 4935 Isa.
3221 4896 3267 4945 ι,
3296 4880 3384 4938 25.
3424 4883 3468 4914 ⁸¹
3496 4880 3656 4940 Joau.

2223 4955 2268 4986 ⁸⁸
2297 4955 2452 5008 Rom.
2486 4969 2563 5018 XI,
2593 4953 2662 5006 28
2694 4968 2808 5020 seq.

2155 5071 2264 5140 (16)
2302 5069 2466 5131 Editi,
2496 5086 2514 5118 ι
2550 5065 2664 5120 sive
2696 5074 2750 5140 et
2775 5063 3119 5140 ex_gen_tibus
3141 5061 3393 5140 veniant;
3416 5075 3658 5130 praesen-

2086 5130 2473 5208 tis‘teinporis,
2522 5155 2541 5188 ι
2574 5133 2802 5189 etc.Ms.
2836 5130 3038 5203 Regius
3073 5148 3223 5186 num.
3262 5130 3418 5196 1659,
3457 5151 3475 5182 ι
3513 5147 3658 5200 prae-

2083 5211 2221 5266 senti
2260 5221 2525 5278 tempore.
2562 5225 2586 5278 ε

2155 5281 2268 5345 (17)
2306 5269 2386 5331 Ita'
2414 5292 2514 5330 ms.
2561 5275 2763 5350 Regius
2809 5289 2958 5350 num.
2994 5271 3199 5350 1639__et
3227 5270 3500 5350 Rabauus.
3537 5269 3654 5350 βδεῖ

2083 5341 2184 5404 teri
2209 5341 2336 5402 vero
2371 5362 2497 5400 mss.
2530 5341 2754 5420 et__editi
2779 5383 2795 5406 ,
2835 5362 2868 5420 «-
2890 5343 2958 5396 Et
3005 5342 3300 5420 purilicabo
3351 5349 3404 5420 te
3439 5341 3548 5408 igni
3586 5341 3652 5420 ad

2083 5420 2564 5489 puriﬁcationem._
2595 5414 2790 5468 Verum
2855 5413 2970 5489 hac
3023 5413 3137 5474 ipsa
3184 5411 3654 5489 purgatio..._'..t_le

2083 5479 2455 5556 peccatoribus
2480 5486 2680 5556 exigat,
2708 5502 2727 5535 ι
2765 5490 2869 5536 etc.
2903 5481 3026 5556 Hagc
3056 5490 3212 5534 caute
3236 5479 3479 5556 legenda.
3516 5479 3653 5535 Vide

2087 5550 2454 5626 Drigeniannr.
2490 5554 2583 5626 libi.
2619 5570 2679 5626 Il,
2711 5553 3017 5626 quzest._11,
3062 5567 3211 5604 num.
3245 5550 3331 5604 16.

2155 5622 2266 5694 (18)
2312 5625 2469 5689 Editi,
2507 5641 2524 5673 ι
2556 5625 2756 5677 habere
2781 5622 2989 5694 voluit.‘
3011 5641 3030 5672 ι

2166 5691 2278 5766 (19)
2310 5694 2434 5748 Ηωο
2469 5696 2654 5766 verba,
2711 5711 2735 5766 _t
2757 5691 3021 5766 conclusit
3061 5691 3210 5766 enim
3261 5691 3422 5754 Deus,
3444 5705 3484 5766 t_
3515 5697 3650 5754 etc.,

2096 5760 2268 5835 usque
2295 5767 2386 5835 ad,
2429 5764 2522 5815 «in
2563 5763 2756 5835 szecula
2800 5762 3141 5835 saeculorutit,
3186 5763 3424 5824 Amen.»
3453 5760 3654 5820 desunt

2095 5840 2149 5895 in
2174 5831 2356 5905 editis,
2385 5845 2441 5892 et
2466 5833 2825 5892 restituuntur
2846 5847 2914 5891 ex
2941 5831 3194 5892 omnibus
3222 5846 3356 5889 mss.
