4146 6380
496 402 639 463 6199
1678 402 1711 431 ⁸

1935 407 2256 465 ORIGEMS

3607 415 3749 469 1200

496 531 729 588 sequens
769 516 944 570 adhuc
981 514 1049 569 de
1089 514 1255 571 lsrael
1284 525 1341 570 et
1384 517 1638 583 gentibus
1674 517 1989 587 Apostolus,
2016 528 2068 571 et
2097 526 2138 581 Α
2171 519 2531 590 dispensatio,
2559 521 2723 576 etiam
2776 520 2876 591 ipsi
2927 522 3359 579 misericordiam
3410 539 3747 595 consequen-

498 612 667 665 ramis
713 609 931 663 oleastri
968 607 1056 676 qui
1090 607 1423 663 insultabant
1457 610 1625 664 ramis
1679 610 1835 665 oliva:
1886 611 2064 665 defra-

496 703 602 758 ctis
640 702 754 770 (20)
792 702 1063 769 imputans
1110 701 1275 755 etiam
1327 703 1442 756 llch
1485 701 1634 756 addit
1673 718 1687 754 :
1723 701 1859 769 Quia
1897 703 2063 758 Israel

496 794 795 847 secundum
837 793 1186 860 Evangelium
1224 792 1441 861 quidem
1488 793 1742 848 inimicus
1782 793 1957 849 factus
1981 806 2066 851 est

497 885 642 951 Deo,
690 886 813 953 quia
863 901 968 940 non
1016 885 1249 940 credidit
1279 884 1830 953 Christozquautnm
1884 897 2065 940 autem

497 987 709 1047 spectat
745 978 813 1031 ad
855 977 1328 1032 honorificentiam
1367 985 1606 1044 patrum,
1639 976 1846 1030 electus
1876 988 1977 1039 est,
2014 987 2070 1031 et

495 1070 850 1125 charissimus
882 1069 1111 1123 habetur
1141 1067 1281 1136 apud
1324 1068 1516 1122 Deum.
1544 1065 1724 1122 Semel
1754 1080 1937 1122 autem
1971 1073 2066 1124 ilo-

495 1172 621 1215 nata
654 1160 925 1216 electione
960 1159 1155 1215 semini
1201 1168 1446 1228 patrum,
1495 1168 1549 1213 et
1596 1158 1889 1214 dilectione
1936 1175 2067 1213 con—

494 1268 673 1316 cessa,
706 1261 888 1306 servat
927 1250 1047 1305 sine
1094 1250 1261 1305 dubio
1294 1250 1432 1304 Deus
1477 1250 1617 1305 dona
1643 1259 1698 1303 et
1728 1250 2064 1305 vocationem

494 1360 648 1400 suam
690 1358 816 1413 erga
853 1357 1038 1397 semen
1079 1358 1268 1396 eorum
1315 1358 1544 1410 quorttm
1593 1343 1800 1396 meritis
1857 1343 1909 1397 id
1964 1341 2066 1395 ali-

495 1437 712 1503 quando
739 1435 967 1502 largitus
981 1442 1065 1486 est
1086 1451 1100 1486 :
1129 1447 1228 1486 nec
1249 1432 1530 1499 paenitudo
1548 1431 1777 1485 incurrit
1799 1432 1851 1484 in
1876 1432 2062 1492 Deum,

494 1525 706 1580 etiamsi
733 1524 910 1578 minus
936 1524 1081 1592 digni
1108 1522 1396 1577 videantur
1421 1523 1684 1576 exsistere
1703 1523 1753 1575 hi
1779 1537 1907 1591 erga
1932 1536 2067 1590 quos

494 1619 759 1688 promiSsa
801 1616 1048 1684 patribus
1095 1614 1358 1670 beneﬁcia
1426 1616 1797 1669 C(utferuutur.
1844 1607 2062 1680 Verum,

495 1721 555 1764 ut
588 1723 732 1778 saepe
758 1708 1215 1768 commonuimus,
1245 1709 1408 1761 etiam
1459 1708 1511 1760 in
1545 1707 1796 1774 prmsenti
1828 1708 1946 1760 loco
1975 1707 2064 1760 illa

492 1810 575 1855 est
602 1797 940 1854 observanda
987 1797 1293 1861 distinctio,
1331 1799 1473 1866 quod
1504 1796 1671 1850 Israel
1714 1797 1934 1865 quidem
1972 1797 2063 1865 qui

494 1893 750 1944 inimicus
784 1901 868 1944 est
898 1887 1029 1955 Deo,
1073 1889 1163 1944 ille
1208 1889 1425 1942 dicatur
1455 1891 1545 1957 qui
1581 1888 1783 1942 clantat
1805 1889 1871 1942 de
1903 1888 2064 1943 Chri-

492 1991 580 2036 sto
608 2000 621 2034 :
647 1998 666 2032 t
689 1978 861 2047 Tolle,
893 1979 1036 2042 tolle,
1061 1978 1320 2047 cruciﬁge
1346 1994 1469 2031 eum
1486 1978 1552 2033 ⁸⁷.
1575 1996 1596 2030 ι
1622 1978 1896 2045 Quomodo
1918 1979 2064 2033 enim

495 2089 601 2126 non
648 2073 907 2127 dicantur
957 2071 1159 2125 inimici
1214 2071 1304 2125 Dei
1361 2069 1494 2139 (2|),
1528 2073 1620 2141 qui
1665 2073 1749 2125 vel
1804 2083 1951 2134 tunc,
1981 2071 2064 2126 vel

493 2163 655 2217 etiam
694 2177 837 2215 nunc
868 2162 1111 2215 dixerint
1146 2164 1265 2223 ista,
1301 2162 1386 2215 vel
1425 2162 1640 2216 dicant?
1668 2163 1774 2215 Sed
1808 2161 1951 2229 quod
1977 2162 2065 2215 di-

493 2256 591 2319 cit,
620 2273 638 2306 ι
658 2268 875 2325 propter
909 2269 1026 2317 vos,
1050 2270 1070 2304 ι
1112 2255 1213 2308 huc
1241 2265 1325 2309 est
1354 2253 1490 2323 (22),
1514 2270 1745 2323 quorum
1771 2256 1927 2309 saluti
1955 2255 2066 2309 sci-

491 2347 620 2401 licet
639 2345 901 2410 invident,
936 2346 1289 2415 prohibentes
1319 2346 1594 2416 apostolos
1612 2347 1867 2415 gentibus
1894 2347 2062 2417 loqui,

494 2451 549 2495 et
576 2447 965 2507 persequentes
992 2453 1087 2492 eos
1122 2439 1219 2505 qui
1266 2438 1597 2492 annuntiant
1629 2439 1928 2492 Christum.
1961 2441 2064 2493 Sc-

494 2534 727 2587 cundum
768 2531 1022 2599 reliquias
1054 2546 1184 2584 vero
1235 2547 1355 2600 qua:
1388 2532 1659 2586 salvandae
1709 2532 1983 2597 dicuntur,
2011 2533 2064 2585 in

494 2623 693 2694 quibus
709 2621 903 2676 electio
919 2621 1255 2675 credentium
1280 2630 1465 2676 secuta
1483 2632 1650 2676 estex
1678 2622 1863 2688 Israel,
1893 2640 1912 2673 ι
1937 2623 2065 2676 cha-

495 2715 738 2770 τίδείιιιὶ»
770 2724 898 2768 sunt
935 2725 1196 2784 «propter
1243 2725 1425 2782 patres
1451 2728 1464 2763 :
1491 2730 1510 2762 ι
1564 2726 1797 2780 quorum
1858 2713 2066 2767 scilicet

496 2808 658 2861 Iidem
699 2816 1011 2876 sequentes,
1047 2805 1568 2860 credunt.rineam
1631 2806 1721 2871 qui
1781 2805 2067 2858 suscitavit

492 2898 771 2954 Christum
803 2897 916 2967 (25)
967 2896 1152 2952 Iesum
1192 2913 1223 2951 a
1266 2897 1574 2952 mortuis“.
1604 2916 1623 2948 ι
1657 2897 1722 2951 Et
1764 2898 2062 2952 secundum

495 2993 600 3045 hoc
631 3006 760 3061 erga
809 2989 1113 3057 Itujusntodi
1165 3004 1349 3043 semen
1387 2988 1545 3043 (sine
1573 2988 1890 3057 paenitentia
1936 3001 2063 3045 Sunt

496 3084 633 3136 dona
662 3092 716 3136 et
740 3081 950 3135 vocatio
978 3081 1091 3134 Dei.
1118 3098 1136 3130 ι
1172 3079 1299 3134 Post
1336 3083 1451 3134 haec
1482 3096 1610 3135 vero
1637 3082 1804 3135 etiam
1837 3081 1952 3153 (24)
1983 3081 2064 3136 la-

2175 619 2278 663 tnr.
2308 611 2360 664 In
2389 626 2496 680 quo
2525 612 2705 665 vola-ns
2722 612 3009 681 Apostolus
3041 614 3333 670 bonitatem
3355 615 3453 669 Dei
3485 620 3747 672 ostende-

2175 718 2367 772 re,qua
2388 703 2763 759 incredulitate
2784 704 3039 773 aliorum,
3068 706 3297 761 aliorum
3325 708 3554 762 salutem
3572 708 3744 765 facit:

2175 795 2514 862 «Conclusit,
2560 795 2751 863 inquit,
2800 796 2943 852 Deus
2986 812 3177 852 omnes
3200 797 3312 870 (26)
3340 798 3396 851 in
3441 798 3748 853 increduli-

2170 899 2301 955 tate,
2331 899 2391 944 ut
2418 889 2672 944 onmihus
2698 890 3056 954 misereatur;
3091 907 3111 942 ι
3141 904 3246 943 non
3274 904 3382 957 quo
3414 892 3531 959 ipse
3554 891 3635 946 eis
3672 894 3751 945 in-

2164 982 2358 1049 ᾔθεοι-ει
2406 982 2800 1037 incredulitatis
2839 981 3201 1050 propositum,
3236 983 3334 1036 sed
3380 997 3447 1036 ex
3492 982 3743 1051 ipsorum

2169 1074 2566 1128 incredulitatis
2603 1083 2882 1144 prepostto
2920 1074 3182 1129 credendi
3221 1075 3429 1129 aditum
3483 1075 3608 1129 aliis
3657 1079 3748 1142 qui

2167 1179 2217 1218 et
2252 1166 2351 1235 ipsi
2379 1164 2490 1237 (27)
2521 1165 2675 1234 prius
2698 1165 2965 1220 increduli
2992 1164 3228 1229 fuerant,
3262 1164 3539 1234 patefecit.
3567 1165 3626 1219 In
3665 1165 3749 1216 his

2168 1266 2345 1307 autent
2378 1256 2587 1324 positus
2609 1255 2744 1311 locis
2766 1255 2987 1317 Paulus,
3018 1265 3072 1309 et
3101 1256 3267 1311 altius
3304 1256 3519 1312 intuens
3551 1256 3743 1326 hujus-

2170 1348 2309 1399 modi
2341 1362 2557 1412 causas,
2584 1348 2855 1417 quomodo
2878 1348 3018 1401 Deus
3043 1349 3243 1403 malum
3272 1350 3606 1418 propositum
3634 1364 3741 1402 non

2168 1439 2423 1492 continuo
2468 1446 2679 1493 resecet
2728 1448 2782 1493 et
2812 1439 3051 1503 excidat,
3081 1442 3173 1494 sed
3209 1442 3450 1509 patiatur
3480 1452 3535 1495 et
3573 1455 3743 1495 rescr-

2166 1530 2391 1599 vet(28)
2418 1548 2432 1584 :
2462 1531 2803 1600 prospiciens
2846 1533 2973 1601 quin
3018 1533 3220 1602 aliquid
3261 1535 3387 1589 boni
3422 1536 3474 1589 iu
3508 1535 3634 1591 aliis
3652 1534 3740 1589 fu-

2170 1630 2348 1671 turttnt
2382 1620 2453 1673 sit
2497 1634 2591 1687 per
2628 1619 2854 1675 alterius
2892 1623 3225 1689 propositum
3260 1624 3457 1678 malum
3487 1643 3501 1680 :
3531 1628 3599 1680 ab
3633 1628 3740 1688 his.

2167 1710 2384 1777 Opinor,
2408 1710 2475 1763 de
2507 1710 2706 1778 quibus
2755 1704 3098 1781 loquebatur,
3131 1713 3317 1768 retulit
3339 1715 3526 1770 oculos
3556 1717 3740 1771 cordis

2168 1800 2251 1854 sui
2288 1802 2353 1854 ad
2388 1800 2559 1869 ipsam
2598 1802 3119 1872 malitiaeoriginem,
3155 1807 3297 1874 quod
3326 1821 3447 1861 eam
3485 1807 3623 1861 Deus
3668 1823 3738 1864 ex

2168 1891 2326 1944 initio
2360 1890 2477 1960 (29)
2514 1892 2565 1944 itt
2605 1891 2691 1946 his
2719 1892 2923 1961 quibus
2967 1894 3161 1949 oborta
3193 1905 3296 1958 est,
3319 1898 3631 1967 quicunque
3660 1899 3736 1952 illi

2166 1993 2314 2046 sunt,
2350 1982 2723 2052 pullulantem,
2759 1992 2817 2036 et
2846 1984 3064 2039 arbitrii
3114 1987 3366 2043 libet-tate
3401 2001 3740 2045 crescentem

2167 2075 2298 2130 utile
2341 2090 2447 2129 non
2488 2075 2822 2145 judicaverit
2859 2092 3146 2144 resecare;
3174 2081 3270 2134 sed
3303 2082 3617 2148 permiserit
3645 2095 3743 2136 eos

2168 2168 2242 2220 uti
2269 2169 2545 2235 proposito
2572 2183 2692 2233 suo,
2719 2168 2899 2222 sciens
2918 2179 2973 2222 et
3005 2170 3343 2239 prospiciens
3364 2173 3505 2240 quod
3535 2173 3738 2226 multo-

2168 2272 2287 2311 rum
2316 2256 2431 2328 (50)
2471 2257 2749 2326 profectus
2792 2266 2846 2312 et
2891 2260 3103 2315 utilitas
3149 2276 3218 2314 ex
3259 2262 3483 2317 malitia:
3524 2263 3739 2317 illorum

2165 2349 2452 2402 occasione
2480 2358 2793 2419 consurget,
2825 2359 2879 2404 et
2922 2351 3187 2406 intaututn
3227 2357 3366 2423 apud
3394 2357 3592 2409 bonum
3621 2355 3741 2428 (51)

2168 2442 2338 2494 Deum
2375 2440 2561 2493 virtuti
2596 2441 2747 2496 locus
2777 2453 2882 2508 est,
2910 2453 2970 2496 ut
3007 2454 3063 2497 et
3099 2445 3320 2499 malitia:
3363 2462 3502 2516 Opus
3532 2464 3735 2515 quam-

2168 2529 2249 2582 vis
2278 2529 2351 2582 illi
2385 2529 2688 2596 perniciosa
2735 2531 2806 2584 sit
2857 2532 2924 2586 de
2958 2547 3066 2600 quo
3114 2536 3378 2603 procedit,
3413 2538 3735 2603 beneﬁcium

2168 2634 2345 2677 tamen
2375 2633 2636 2692 praestare
2676 2625 3027 2693 dispensetur
3052 2627 3139 2680 cui
3172 2643 3375 2697 agones
3401 2643 3731 2696 commovet,

2165 2731 2286 2769 cum
2337 2716 2502 2768 fuerit
2553 2726 2828 2784 superata.
2887 2716 3254 2772 Cousiderans
3308 2720 3473 2789 igitur
3511 2734 3740 2779 sanctus

2166 2807 2459 2877 Apostolus
2491 2818 2670 2862 tantas
2702 2823 2826 2864 esse
2853 2810 3113 2865 bonitatis
3143 2812 3237 2867 Dei
3264 2813 3378 2882 (32)
3412 2814 3649 2881 divitias,
3685 2826 3742 2870 et

2167 2910 2378 2955 tantum
2420 2901 2620 2955 divinze
2681 2902 2964 2965 sapientiae
3012 2915 3149 2971 Opus
3201 2919 3331 2972 erga
3382 2906 3740 2962 rationabiles

2167 2997 2248 3064 agi
2285 3007 2532 3056 naturas,
2571 3005 2625 3048 et
2657 2996 2780 3063 quia
2810 3002 3019 3047 tantum
3059 3010 3078 3043 ί
3106 2993 3248 3048 Deus
3270 2994 3422 3049 dives
3447 2998 3605 3050 estin
3635 2997 3740 3050 tui-

2166 3089 2554 3152 sericordia‘”,
2585 3108 2604 3140 ι
2649 3098 2703 3142 et
2736 3086 2934 3141 rdives
2984 3087 3038 3140 in
3089 3101 3282 3140 omnes
3330 3089 3422 3155 qui
3481 3090 3740 3143 invocant

498 3184 673 3227 tentes
711 3183 766 3227 et
810 3172 1198 3243 profundiores
1232 3171 1631 3227 incredulitatis
1665 3188 1852 3227 eorum
1886 3174 2061 3243 aperit
2086 3199 2131 3257 ο
2164 3197 2285 3235 eum
2307 3181 2409 3244 ",i
2443 3190 2497 3235 et
2526 3190 2672 3233 tanta
2704 3189 2787 3233 est
2820 3177 3081 3234 bonitatis
3118 3178 3256 3245 ejus,
3281 3188 3335 3232 et
3361 3179 3652 3247 patientia,
3683 3191 3740 3234 et

494 3281 712 3331 causas,
745 3275 799 3318 et
831 3265 990 3320 dicit:
1033 3264 1169 3332 Quia
1203 3265 1344 3319 sicut
1394 3281 1488 3320 vos
1538 3277 1734 3334 gentes
1786 3267 2057 3334 quondam

493 3373 604 3412 non
639 3356 946 3412 credebatis
970 3356 1098 3423 Deo,
1138 3370 1241 3409 nec
1289 3366 1469 3410 tamen
1503 3357 1703 3411 idcirco
1727 3357 1944 3425 penitus
1972 3372 2058 3411 re-

494 3450 652 3520 liquit
680 3462 776 3502 vos
809 3449 975 3510 Deus,
1005 3447 1099 3501 sed
1136 3447 1429 3516 aliquando
1458 3448 1525 3501 ad
1561 3448 1812 3503 ultimum
1841 3449 2061 3503 miseri-

493 3542 734 3598 cordiam
759 3540 1035 3597 consecuti
1062 3540 1195 3594 estis
1222 3555 1236 3591 :
1262 3541 1481 3595 occasio
1508 3548 1687 3595 tamen
1715 3539 2060 3596 conferendae

492 3637 547 3692 in
575 3650 672 3691 vos
710 3635 1118 3698 misericordiae,
1150 3632 1335 3702 populi
1380 3632 1542 3686 Israel
1581 3632 1936 3688 incredulitas
1963 3648 2060 3688 ex-

498 3729 676 3782 stitit:
702 3727 774 3779 ita
815 3727 979 3780 etiam
1015 3725 1066 3778 hi
1118 3725 1209 3794 qui
1240 3740 1383 3778 nunc
1412 3726 1479 3779 de
1518 3725 1718 3794 popqu
1752 3726 1917 3781 Israel
1949 3742 2057 3781 non

498 3818 859 3882 crediderunt,
892 3826 947 3871 et
969 3832 1066 3886 pro
1094 3817 1474 3871 incredulitate
1501 3832 1598 3871 sua
1624 3817 1872 3873 derelicti
1906 3829 2058 3881 sunt,

498 3925 555 3966 ut
598 3912 665 3966 ad
704 3927 800 3966 vos
854 3911 945 3965 Dei
1000 3910 1376 3965 misericordia
1422 3908 1730 3965 ﬂecteretur
1766 3911 1901 3984 (25),
1947 3927 2058 3967 non

499 4018 880 4073 usquequaque
905 4002 1274 4073 relinquentur
1298 4003 1353 4057 in
1387 4003 1763 4058 incredulitate
1799 4022 1933 4071 sua;
1965 4006 2061 4060 sed

499 4106 847 4166 posteaquam
915 4094 1269 4166 plenitudinis
1326 4097 1564 4166 gentium
1627 4094 1790 4151 fuerit
1841 4096 2060 4166 impleta

600 4237 644 4268 ⁸⁷
670 4234 827 4290 Joan.
868 4250 981 4302 xu,
1018 4234 1105 4289 I5.

568 4349 681 4420 (20)
707 4349 927 4420 Editi,_¢
954 4357 1009 4399 et
1046 4346 1374 4420 ramisejus
1389 4347 1609 4420 oleastri
1637 4347 1734 4420 qui
1766 4347 2063 4403 iusultabat

497 4416 613 4491 (ah,
634 4416 1074 4491 ίᾴἰῐὲεῃιμώιιῃῑι)
1108 4418 1273 4470 ramis
1308 4418 1465 4471 olivae
1493 4417 1699 4471 fractis.
1725 4436 1744 4469 ›

566 4489 676 4561 (21)
712 4488 875 4561 aditi,
910 4505 928 4537 α
952 4487 1081 4561 Dec.
1106 4505 1125 4538 ι

566 4554 684 4629 (22⁷)
711 4555 826 4610 Hoc
848 4557 1301 4629 estallestuuitur
1317 4570 1510 4629 exgms.
1536 4554 1706 4626 Regio
1731 4556 2056 4629 ntim.1659.

497 4626 703 4683 Deinde
722 4629 873 4689 editi,
913 4646 930 4677 ι
959 4626 1261 4695 invidentes
1288 4626 1574 4693 prohibent
1604 4628 1926 4695 apostolos,r
1948 4639 2054 4681 etc.

570 4700 685 4768 (23)
717 4696 1004 4751 Clu-istum.
1038 4694 1323 4750 Omittitur
1363 4695 1415 4746 in
1465 4694 1649 4760 editis,
1677 4698 1771 4750 sed
1805 4697 2049 4751 restitui-

501 4778 589 4821 tur
616 4784 680 4821 ex
720 4770 972 4819 omnibus
1009 4779 1140 4819 mss.

571 4839 685 4907 (24)
713 4836 912 4907 Etiam.
968 4835 1123 4889 Deest
1158 4835 1208 4886 itt
1257 4834 1441 4907 editis.
1470 4832 1698 4907 _Dcinde
1727 4851 1827 4890 tus.
1856 4834 2059 4906 Regius

500 4902 647 4962 nuin.
668 4902 837 4967 1659,
877 4925 894 4956 ι
920 4908 1135 4957 latentis
1166 4913 1221 4958 et
1249 4902 1638 4972 profundioris,
1661 4922 1679 4954 ι
1709 4915 1815 4960 etc.

570 4978 683 5048 (23))
707 4978 799 5030 Sic
825 4994 924 5030 ms.
954 4975 1153 5044 Regius
1178 4971 1326 5027 num.
1358 4973 1515 5048 1659,
1546 4971 1804 5048 Rabanus
1825 4987 1881 5048 et
1901 4976 2056 5030 editi.

498 5044 694 5102 Cteteri
728 5060 857 5100 vero
895 5062 1050 5104 mss.,
1090 5064 1108 5093 ε
1133 5054 1192 5097 ut
1234 5058 1328 5097 vos
1374 5044 1466 5097 Dei
1520 5044 1895 5098 misericordia
1943 5063 2062 5099 am-

499 5118 847 5187 plecteretur.
869 5134 886 5167 ι
922 5115 1084 5168 Paulo
1108 5122 1227 5182 post
1246 5111 1522 5187 Rabanus,
1555 5132 1572 5187 ε
1597 5115 1691 5168 sed
1713 5127 2058 5186 posteaquam

500 5184 775 5254 plenitudo
804 5187 1041 5256 gentium
1089 5186 1397 5239 intraverit.
1419 5201 1440 5235 ι
1470 5184 1575 5237 Sed
1627 5200 1814 5239 omnes
1845 5184 1977 5240 unis.
2007 5193 2062 5239 et

500 5259 627 5310 editi
653 5268 711 5309 ttt
736 5256 789 5308 itt
820 5265 988 5310 textu.

572 5326 684 5398 (26)
713 5326 802 5380 Sic
825 5336 970 5398 recte
1003 5340 1104 5378 ms.
1145 5324 1346 5398 Regius
1369 5337 1522 5398 num.
1562 5321 1721 5398 165E}.
1742 5322 1881 5398 Editi
1906 5338 2060 5398 vero,

507 5415 526 5446 ι
551 5391 677 5464 quia
706 5396 1140 5449 incredulitatem
1174 5391 1387 5447 illorum
1415 5391 1641 5464 salutent
1668 5395 1818 5456 facit,
1845 5394 2019 5464 iu_qnit
2044 5412 2057 5447 :

499 5461 776 5520 conclusit
819 5466 960 5518 enim
994 5464 1134 5519 Dcus
1160 5464 1368 5526 omnia,
1393 5480 1424 5532 »ί
1447 5472 1554 5516 etc.
1582 5461 1711 5516 Mss.
1747 5465 1851 5515 duo
1883 5461 2061 5532 Regii,

508 5552 527 5583 ι
547 5536 671 5604 quia
703 5535 1132 5588 incredulitatem
1166 5532 1326 5587 Israel
1353 5531 1588 5604 aliorum
1624 5532 1849 5586 salutem
1871 5531 2059 5604 facit,»

500 5602 605 5657 etc.
663 5604 939 5668 Rabanus,
979 5605 1149 5673 «quia
1197 5617 1292 5671 per
1350 5602 1785 5656 incredulitatem
1835 5603 2064 5656 aliorum

501 5675 728 5728 Salutem
756 5676 903 5739 facit,
927 5695 945 5725 ι
975 5685 1109 5739 etc.,
1140 5684 1198 5730 ut
1236 5673 1290 5725 in
1328 5679 1501 5725 textu.

571 5743 684 5813 (27)
719 5745 785 5797 Et
826 5746 946 5807 ipsi.
972 5743 1399 5813 Onnttunturin
1417 5741 1604 5813 editis,
1632 5741 1728 5813 sed
1762 5742 2065 5797 restituun-

503 5809 591 5867 tur
613 5809 679 5866 es
710 5829 814 5869 ms.
849 5813 1022 5882 Regio
1070 5827 1219 5867 num.
1267 5809 1428 5869 1659.
1462 5811 1659 5869 (lateri
1692 5826 1819 5869 vero
1847 5828 1979 5870 mss.
2011 5821 2068 5868 et

2164 3273 2592 3343 Ionganimitatis
2621 3269 2784 3342 642
2822 3271 3161 3339 magnitudo,
3210 3281 3434 3340 tepente
3474 3270 3740 3326 interiori-

2165 3365 2268 3419 bus
2288 3380 2380 3419 eas
2407 3364 2587 3417 cordis
2615 3363 2788 3417 oculis
2816 3362 2930 3432 (55)
2948 3364 3184 3428 intuens,
3207 3362 3739 3431 immensitatemque

2167 3472 2354 3512 earum
2396 3455 2752 3524 perspiciens,
2799 3464 3023 3523 stupore
3076 3453 3238 3508 simul
3273 3463 3327 3508 et
3363 3468 3566 3523 pavore
3616 3469 3741 3522 per-

2167 3548 2352 3604 culsus
2398 3547 2668 3602 exclamat
2709 3557 2766 3602 et
2816 3547 2951 3601 dicit
2978 3569 2991 3601 ;
3023 3564 3041 3599 ι
3072 3546 3116 3601 Ο
3155 3546 3382 3601 altitudo
3426 3547 3737 3600 divitiarum

2167 3640 2448 3709 sapientiae
2483 3648 2538 3693 et
2567 3638 2812 3693 scientiae
2843 3638 2964 3702 Dei,
2992 3652 3155 3707 quam
3202 3638 3576 3691 inscrutabilia
3609 3646 3741 3692 sunt

2163 3733 2366 3801 judicia
2394 3731 2530 3798 ejus,
2555 3741 2610 3785 et
2637 3730 3044 3800 investigabiles
3072 3731 3169 3783 via:
3232 3730 3382 3795 ejus!
3416 3747 3436 3781 ι
3474 3729 3624 3785 Unde
3649 3738 3738 3784 et-

2168 3826 2315 3879 enim
2349 3826 2597 3877 humanae
2621 3824 2820 3878 mentis
2854 3837 3045 3877 sensus
3070 3822 3170 3875 ista
3197 3831 3381 3889 posset
3420 3821 3652 3890 opinari,
3681 3831 3741 3875 ut

2168 3925 2379 3970 servata
2418 3916 2710 3984 unicuique
2764 3914 2979 3968 arbitrii
3013 3913 3286 3976 libertate,
3325 3913 3548 3966 alterius
3580 3912 3738 3967 mali-

2171 4007 2259 4060 tiae
2300 4021 2439 4074 opus
2473 4017 2777 4060 verteretur
2819 4004 2975 4058 alteri
3007 4004 3074 4057 ad
3107 4005 3339 4058 salutem
3389 4003 3523 4074 (54),
3548 4014 3602 4058 et
3629 4003 3740 4069 vin-

2168 4099 2312 4152 centi
2363 4113 2425 4153 se
2480 4099 2685 4152 malitia
2729 4097 2962 4167 palmam
3000 4100 3294 4163 conferret,
3317 4111 3440 4165 quae
3466 4096 3637 4151 utenti
3676 4107 3737 4149 se

1190 4235 1233 4265 ⁸⁸
1261 4233 1418 4287 Rom.
1447 4248 1518 4296 tv,
1550 4231 1640 4286 2i.
1715 4230 1759 4263 ⁸⁸
1791 4228 1985 4301 Ephes.
2023 4248 2084 4300 tt,
2119 4234 2174 4287 4.
2221 4236 2266 4266 ⁹⁰
2300 4233 2458 4291 Rom.
2487 4249 2543 4300 ι,
2578 4234 2667 4289 l2.

2171 4348 2422 4401 Rahamts
2453 4351 2653 4405 habent
2684 4368 2704 4401 ‹
2726 4352 2850 4405 etsi.
2878 4367 2898 4402 ι

2242 4419 2352 4487 (28)
2380 4419 2537 4483 Editi,
2569 4422 2928 4488 «compatitur
2952 4428 3007 4473 et
3037 4428 3296 4473 reservat.
3322 4437 3342 4471 ι
3376 4417 3578 4473 Deinde
3601 4432 3732 4476 mss.

2096 4522 2139 4576 θ
2171 4487 2823 4576 ριςςίιιυεηιξειὺερμέρθι
2868 4490 3022 4555 editi,
3045 4507 3079 4570 ,ι
3102 4490 3438 4576 prospiciens
3469 4490 3592 4556 quia
3623 4490 3727 4570 ali.-

2166 4559 2293 4625 quid
2334 4560 2459 4613 boni
2490 4561 2541 4612 in
2583 4559 2709 4613 aliis
2737 4558 2981 4613 facturus
3013 4559 3087 4613 sit
3108 4558 3210 4627 per
3239 4559 3463 4613 alterius
3488 4560 3736 4628 proposi-

2159 4635 2270 4708 tum
2304 4630 2451 4707 ntali.
2483 4647 2501 4679 ι
2537 4628 2647 4683 Sed
2696 4631 2901 4685 rectius
2930 4644 3033 4684 tns.
3064 4629 3264 4700 Regius
3316 4644 3467 4682 num.
3490 4627 3642 4683 1659
3675 4638 3736 4684 ut

2160 4711 2212 4750 III
2249 4709 2437 4751 llOSll'O
2462 4708 2635 4752 ιθιιιι.

2228 4766 2343 4837 (29)
2374 4765 2474 4820 Ms.
2511 4766 2713 4835 Regius
2740 4781 2894 4837 num.
2928 4767 3089 4829 1659,
3123 4786 3141 4819 ι
3165 4782 3328 4836 quam
3369 4765 3509 4819 Deus
3531 4780 3599 4818 ex
3628 4765 3734 4821 ini-

2159 4836 2290 4904 tio,»
2311 4848 2418 4894 etc.
2436 4837 2632 4891 Caneri
2657 4852 2814 4904 mss.,
2840 4836 3096 4892 Rabauus
3125 4849 3180 4892 et
3202 4839 3358 4902 editi,
3392 4854 3412 4887 ί
3436 4837 3580 4904 quod
3609 4852 3731 4891 eam

2157 4923 2222 4961 ex
2264 4906 2439 4969 initio,
2467 4926 2485 4958 ι
2517 4917 2623 4961 etc.

2230 4976 2344 5046 (50)
2378 4977 2471 5030 Sic
2503 4990 2605 5029 ms.
2641 4976 2842 5046 Regius
2878 4991 3027 5030 num.
3066 4974 3204 5030 1659
3239 4983 3294 5029 et
3346 4973 3498 5028 editi.
3528 4972 3725 5046 Caeteri

2160 5043 2293 5101 mss.
2330 5048 2554 5108 habent,
2589 5043 2789 5114 tqua'm
2839 5047 3150 5099 multorum.
3176 5066 3194 5097 ι
3233 5046 3510 5105 Rabanus,
3551 5061 3568 5092 ι
3590 5043 3718 5111 quia

2163 5115 2476 5170 multorum.
2501 5134 2520 5167 ι
2556 5116 2759 5169 Deinde
2799 5115 2934 5169 alter
2971 5131 3073 5170 ms.
3107 5115 3309 5186 Regius
3350 5115 3514 5169 habet
3550 5130 3569 5164 ι
3595 5128 3731 5167 cutt-

2160 5193 2344 5255 surgat
2369 5199 2523 5255 [pro
2557 5204 2578 5235 ι
2601 5196 2917 5255 consurget.
2947 5204 2965 5237 ι

2230 5251 2344 5319 (51)
2378 5251 2605 5308 Bonum.
2640 5251 2988 5309 Desidératur
3019 5255 3073 5310 in
3096 5263 3257 5309 antea
3291 5251 3476 5306 editis.

2255 5321 2345 5393 5'2)
2377 5324 2540 5386 Editi,
2576 5341 2595 5375 ι
2619 5332 2784 5378 tanta)
2821 5341 2943 5378 esse
2967 5326 3222 5378 bonitatis
3254 5322 3370 5386 Dei,
3391 5330 3553 5393 rete.
3596 5389 3610 5393 Α
3644 5380 3662 5393 Α,

2258 5389 2348 5462 55)
2380 5392 2474 5448 Sic
2509 5406 2639 5447 mss.
2668 5393 2914 5463 plerique
2941 5404 2996 5447 et
3018 5392 3296 5457 Rabanus,
3330 5390 3433 5445 nisi
3466 5389 3612 5462 quod
3641 5389 3733 5444 ille

2163 5462 2380 5517 omittat
2412 5480 2431 5513 ι
2456 5462 2789 5530 magnitudo.
2819 5462 2839 5515 ὸ
2874 5462 3018 5518 Editi
3067 5479 3220 5529 vero,
3256 5482 3276 5515 ι
3304 5471 3466 5515 tanta:
3511 5468 3598 5515 est
3634 5463 3735 5514 bo-

2164 5533 2371 5604 nitatis,
2399 5544 2496 5604 "et
2548 5534 2841 5600 patientiae,
2868 5603 2875 5604 ί
2904 5542 2959 5586 et
2998 5532 3449 5604 longanttnitatis,
3508 5540 3733 5604 repente

2166 5602 2516 5656 interioribus
2552 5599 2689 5656 eam
2745 5603 2931 5656 cordis
2989 5599 3222 5669 0t?!lll§,l
3259 5611 3367 5656 etc.
3402 5601 3500 5655 lls.
3530 5599 3736 5670 Regius

2165 5688 2314 5727 num.
2343 5671 2501 5735 1659,
2538 5688 2557 5722 t
2578 5681 2633 5724 et
2666 5681 2829 5726 tantm
2856 5684 2985 5727 sunt
3010 5674 3211 5728 divitia:
3238 5672 3517 5734 honttatis,
3539 5689 3558 5722 ›
3594 5682 3731 5737 etc.,

2166 5744 2368 5797 omisso
2395 5759 2414 5790 ι
2444 5742 2779 5809 magnitudo.
2805 5761 2824 5793 ι
3410 5800 3413 5805 ν

2239 5810 2356 5883 (54)
2386 5812 2478 5866 Sic
2505 5808 2649 5867 recte
2682 5827 2782 5867 ms.
2817 5811 3015 5884 Regius
3041 5826 3192 5868 num.
3222 5809 3379 5867 1659.
3409 5808 3604 5867 Castori
3638 5823 3736 5866 ve-
