4146 6366
427 347 561 403 Ιὲὒί

1386 341 1747 399 COMMENT.
1777 340 1843 396 IN
1870 339 2087 397 EPIST.
2128 341 2219 395 AD
2248 326 2415 398 ROM.
2452 339 2580 445 tua.
2614 338 2706 395 lx.

3529 328 3669 385 1:202

428 466 726 537 perniciem
757 462 1002 536 praabet?
1025 461 1119 520 His
1142 460 1308 532 igitur
1336 458 1601 531 generali,
1633 468 1897 529 quantum
1920 458 2003 511 vi-
2032 462 2077 518 Α
2108 457 2222 511 tiat.
2251 456 2554 512 Consilium
2594 468 2725 508 vero
2752 449 2987 521 sapienti
3026 449 3335 506 necessario
3367 448 3421 504 in
3453 445 3671 517 sapien-

428 558 613 620 detur,
651 554 942 626 Apostolus
1000 553 1209 609 ratione
1266 551 1594 621 perspectis,
1633 551 1905 606 exclamat
1949 559 2006 604 et

431 650 582 711 dicit,
615 648 738 717 quia
775 656 922 701 tanta
959 655 1044 701 est.
1072 645 1303 699 altitudo
1336 643 1644 698 divitiarum
1686 643 1805 705 Dei,
1839 654 1894 697 et
1918 659 2006 698 sa-

432 739 651 808 pientia:
675 739 791 808 ejus
819 747 968 791 tanta
993 748 1076 791 est
1102 734 1354 800 altitudo,
1383 734 1700 789 ctscientias
1729 733 2008 788 nihilomi-

434 846 539 885 nus
569 840 716 885 tanta
763 839 847 885 est
876 829 1106 883 altitudo
1158 828 1247 901 (ad
1279 828 1460 882 omnia
1493 828 1637 881 enim
1680 829 1798 882 haec
1823 829 2005 882 altitu-

434 918 576 973 diuis
613 933 792 973 sermo
817 904 1196 982 deservitl'351
1218 922 1259 982 ).
1286 926 1346 970 ut
1373 917 1607 971 scrutari
1628 916 1833 984 judicia
1865 917 2007 985 ejus,

436 1010 633 1078 quibus
662 1023 1099 1077 unamquamque
1129 1008 1368 1063 animam
1405 1017 1571 1079 atque
1599 1024 1817 1064 omnem
1845 1021 2008 1065 natu-

438 1116 557 1155 ram
610 1102 990 1157 rationabilem
1050 1101 1352 1170 dispensat,
1405 1115 1567 1157 nemo
1622 1101 1872 1169 suiliciat,
1911 1119 2011 1157 nec

437 1192 558 1245 vias
586 1191 678 1247 Dei
718 1193 912 1260 quibus
946 1192 1279 1261 providentia
1327 1194 1444 1263 eius
1475 1194 1678 1248 incedit
1714 1194 1827 1265 (56)
1867 1194 2015 1248 inve-

440 1282 645 1347 stigare
681 1283 881 1351 aliquis
910 1285 1101 1350 possit.
1152 1283 1365 1353 Aliquis
1416 1294 1593 1339 autem
1631 1285 1862 1339 dicimus
1905 1299 2011 1338 non

444 1370 617 1424 solum
666 1372 981 1434 hominum,
1026 1370 1118 1424 sed
1169 1380 1225 1426 et
1274 1373 1441 1426 totius
1490 1382 1777 1425 creaturae.
1831 1371 2015 1441 Neque

440 1464 586 1515 enim
627 1463 1001 1517 inscrutabilia
1043 1463 1247 1533 judicia
1290 1464 1407 1531 ejus
1450 1464 1586 1532 (57),
1623 1473 1678 1518 et
1728 1465 2017 1533 investiga-

446 1553 581 1608 biles
613 1555 712 1607 vim
738 1553 853 1621 ejus
887 1556 1218 1617 dicerentur,
1258 1556 1359 1609 nisi
1392 1556 1517 1625 quia
1562 1555 1709 1609 nulla
1741 1564 1824 1609 est
1857 1569 2015 1610 crea-

444 1649 569 1696 tura
610 1659 730 1711 qua:
765 1644 1212 1719 velqinvestigare
1252 1645 1430 1698 valeat
1471 1645 1584 1710 illa,
1626 1645 1711 1698 vel
1760 1645 2015 1699 scrutari.

2107 550 2180 603 tia
2219 564 2315 603 sua
2348 556 2451 613 est,
2482 548 2573 617 qui
2621 557 2707 601 est
2742 544 3018 607 Christus,
3051 551 3107 597 et
3146 543 3204 596 in
3232 541 3547 603 sanctitate,
3579 539 3671 607 qui

2105 650 2189 696 est
2224 639 2458 710 Spiritus
2500 648 2737 693 sanctus.
2780 635 2957 690 Simili
2996 644 3175 688 autem
3226 632 3384 686 modo
3412 640 3467 685 et
3495 647 3516 682 «
3543 630 3674 696 Quis

2106 729 2259 801 prior
2300 728 2448 784 dedit
2485 728 2559 793 ei,
2593 735 2649 781 et
2689 724 3021 779 retribuetur
3064 722 3156 778 ei?
3186 740 3204 773 ι
3267 718 3675 791 intelligendum

2107 833 2208 879 est.
2238 822 2408 878 Nemo
2446 821 2588 876 enim
2627 819 2833 889 aliquid
2866 816 3060 871 {actori
3091 831 3192 871 suo
3220 816 3370 884 prior
3402 813 3631 868 contulit
3661 831 3673 866 :

2109 916 2308 985 quippe
2333 928 2455 967 cunt
2505 911 2672 965 etiam
2726 909 2830 962 hoc
2880 908 3057 976 ipsum
3085 906 3227 976 quod
3257 913 3362 966 est,
3396 902 3683 971 unusquis-

2109 1022 2220 1078 que
2251 1022 2280 1060 a
2322 1004 2606 1060 conditore
2650 1000 2970 1070 susceperit.
3009 1017 3028 1050 «
3053 997 3319 1064 Quoniam
3353 1011 3417 1050 ex
3462 995 3606 1063 ipso,
3634 1006 3681 1046 et

2111 1116 2209 1171 per
2236 1100 2436 1169 ipsum,
2469 1105 2524 1149 et
2557 1095 2609 1148 in
2642 1096 2758 1164 ipso
2778 1100 2905 1148 sunt
2937 1090 3142 1145 omnia.
3170 1106 3188 1139 ι
3227 1084 3389 1140 Vides
3412 1084 3692 1153 quomodo

2114 1193 2167 1245 in
2199 1189 2406 1245 ultimis
2440 1185 2700 1249 ostendit,
2723 1184 2863 1255 quod
2904 1183 2955 1235 iu
2986 1179 3238 1235 omnibus
3268 1191 3387 1247 quas
3415 1191 3580 1244 supra
3611 1173 3694 1226 di-

2116 1283 2217 1345 xit,
2285 1279 2583 1350 signaverit
2632 1276 2748 1347 (ΛΞ)
2799 1273 3115 1346 mysterium
3165 1267 3472 1324 Trinitatis.
3532 1265 3691 1319 Sicut

2114 1374 2260 1427 enim
2291 1372 2343 1425 in
2396 1367 2651 1440 praesenti
2684 1367 2804 1421 loco
2831 1364 2972 1434 quod
3004 1362 3084 1415 ait
3112 1376 3125 1412 :
3161 1377 3177 1411 ε
3208 1359 3475 1427 Quoniam
3509 1371 3577 1410 ex
3604 1354 3686 1422 ip-

2117 1477 2201 1525 so,
2230 1470 2283 1516 et
2314 1476 2408 1530 per
2439 1459 2643 1529 ipsum,
2673 1464 2728 1510 et
2754 1456 2807 1507 in
2837 1454 2954 1521 ipso
2986 1457 3115 1506 sunt
3140 1448 3350 1511 omnia,
3376 1463 3394 1497 ι
3429 1440 3688 1498 convenit

2120 1553 2225 1608 illis
2258 1551 2418 1608 dictis
2448 1564 2570 1618 quae
2629 1547 2771 1601 idem
2831 1540 3119 1612 Apostolus
3161 1539 3215 1592 in
3265 1536 3390 1591 aliis
3427 1539 3693 1589 memorat

2120 1644 2255 1699 locis
2283 1657 2409 1698 cum
2438 1638 2635 1695 dicit"
2667 1654 2681 1691 :
2714 1653 2733 1685 «
2763 1633 2915 1691 Unus
2962 1632 3105 1686 Dens
3150 1626 3314 1682 Pater
3343 1640 3408 1681 ex
3438 1637 3545 1692 quo
3574 1636 3692 1676 utn-

449 1732 610 1787 Solus
633 1744 718 1788 est
742 1716 885 1788 enim
914 1735 1084 1789 Filius
1122 1738 1213 1804 qui
1252 1737 1466 1791 noverit
1506 1736 1725 1791 Patrem
1746 1736 1817 1803 ⁸⁸,
1848 1746 1902 1791 et
1931 1753 2021 1791 so-
2052 1796 2089 1804 _
2121 1737 2233 1797 nia,
2280 1744 2334 1788 et
2375 1746 2516 1785 unus
2562 1728 2820 1784 Dominus
2868 1730 3055 1777 noster
3108 1718 3268 1774 Jesus
3308 1716 3557 1772 Christus
3596 1727 3694 1781 per

444 1823 530 1879 lus
560 1836 642 1879 est
694 1827 967 1895 «Spiritus
996 1848 1014 1880 ›
1057 1841 1275 1883 sanctus
1319 1832 1410 1900 qui
1468 1849 1487 1882 «
1513 1839 1785 1885 scrutatur
1814 1832 2019 1898 omnia,
2052 1796 2095 1854 Β
2126 1841 2286 1898 quem
2316 1824 2536 1885 omnia;
2559 1840 2578 1873 ι
2611 1831 2668 1876 et
2690 1820 2818 1875 item
2846 1819 2898 1872 in
2926 1814 3134 1882 Spiritu
3162 1811 3258 1868 Dei
3293 1808 3427 1864 dicit
3463 1806 3692 1863 revelari

445 1920 609 1973 etiam
639 1918 976 1974 altitudinem
1007 1920 1097 1974 Dei
1127 1921 1173 1951 "
1200 1922 1335 1990 (58).
1363 1940 1382 1974 ι
1416 1922 1481 1975 Et
1506 1922 1627 1976 ideo
1660 1923 1798 1977 hanc
1828 1922 2022 1976 altitu-

366 2010 373 2017 ‘
445 2007 627 2061 dinem
656 2008 772 2077 Dei,
803 2023 965 2077 quam
1006 2019 1061 2064 et
1091 2010 1505 2065 inscrutabilem
1552 2010 1687 2065 dicit
1716 2020 1772 2064 et
1800 2011 2025 2065 investi-

445 2098 706 2167 gabilem,
733 2110 1003 2155 creaturas
1032 2103 1177 2155 omni
1213 2103 1621 2157 inscrutabilem
1649 2114 1705 2157 et
1733 2103 2028 2171 investiga-

450 2190 613 2244 bil'em
661 2192 818 2246 dicit.
852 2191 929 2247 De
965 2192 1101 2247 Filio
1131 2209 1263 2247 vero
1294 2202 1350 2248 et
1395 2195 1598 2264 Spiritu
1633 2204 1817 2249 sancto
1844 2195 2028 2249 dicere

449 2279 556 2332 ista
589 2295 692 2334 non
726 2290 967 2349 poterat,
1014 2283 1139 2351 quia
1176 2282 1346 2336 Filius
1381 2283 1434 2337 in
1480 2283 1773 2353 Evangelio
1803 2283 1933 2337 dicit
1960 2284 2026 2337 ad

450 2365 706 2422 Patrem:
729 2387 747 2419 «
775 2369 955 2434 Pater,
978 2373 1161 2426 omnia
1181 2387 1296 2427 mea
1315 2382 1405 2426 tua
1428 2385 1576 2440 sunt,
1597 2384 1653 2428 et
1677 2384 1762 2427 tua
1787 2388 1903 2428 mea
1916 2373 2024 2442 ⁹³;»

450 2468 508 2513 et
548 2461 614 2513 de
668 2459 875 2528 Spiritu
916 2474 1109 2517 sancto
1165 2465 1283 2533 ipse
1326 2464 1530 2519 Paulus
1592 2466 1909 2535 pronuntiat
1949 2465 2032 2519 «li-

453 2565 582 2605 cens
599 2552 644 2584 ⁹⁸
672 2570 686 2606 :
722 2572 740 2603 «
764 2552 931 2608 Nemo
964 2557 1109 2609 enim
1153 2557 1258 2610 scit
1305 2556 1582 2611 hominum
1614 2572 1735 2626 qua:
1782 2567 1905 2612 sunt
1933 2558 2033 2612 ho-

455 2641 640 2707 minis,
671 2644 774 2697 nisi
811 2645 1036 2713 spiritus
1067 2646 1307 2701 hominis
1334 2648 1426 2716 qui
1471 2649 1523 2702 in
1574 2649 1694 2719 ipso
1719 2658 1801 2704 est
1835 2667 1847 2703 :
1877 2650 1947 2703 ita
1979 2659 2034 2704 et

454 2745 577 2800 qua:
632 2734 684 2787 in
740 2736 850 2789 Deo
906 2748 1054 2804 sunt,
1111 2755 1274 2794 nemo
1306 2741 1588 2810 cognovit,
1640 2742 1746 2796 nisi
1798 2741 2035 2811 Spiritus

456 2823 552 2891 Dei
583 2824 720 2893 (59).
745 2845 764 2878 ι
802 2826 966 2883 Vides
997 2844 1128 2899 ergo
1162 2831 1304 2900 quod
1337 2830 1537 2886 Paulus
1569 2832 1622 2886 in
1654 2832 1909 2901 praesenti
1941 2846 2034 2885 ca-

456 2915 633 2985 pitulo
666 2919 719 2971 in
752 2920 839 2975 his
871 2935 990 2990 quae
1016 2922 1147 2976 dicit
1175 2940 1190 2976 :
1223 2941 1240 2972 «
1269 2922 1402 2988 Quis
1433 2925 1575 2977 enim
1615 2927 1866 2994 cognovit
1911 2944 2045 2984 sen-

459 3021 582 3061 sum
621 3009 855 3076 Domini,
889 3022 984 3065 aut
1016 3014 1143 3082 quis
1187 3014 1260 3067 illi
1310 3014 1652 3069 consiliarius
1683 3016 1783 3071 fuit
1812 3019 1967 3092 (40)?
2006 3038 2026 3071 ι

2125 1918 2304 1974 omnia
2320 1915 2391 1981 ’⁸,
2420 1926 2476 1969 et
2513 1927 2611 1982 per
2633 1912 2749 1965 haec
2772 1908 3025 1977 designat
3056 1904 3108 1958 in
3141 1900 3395 1957 omnibus
3426 1911 3549 1952 esse
3572 1910 3696 1966 pro-

2124 2005 2418 2062 videntiam
2457 2000 2774 2065 Trinitatis;
2819 1997 2893 2052 ita
2935 2002 2993 2050 et
3029 2007 3151 2048 cum
3202 1991 3378 2045 dicit:
3414 1986 3696 2042 «Altitudo

2127 2098 2460 2159 divitiarum,
2483 2112 2503 2145 ι
2535 2091 2773 2152 Patrem,
2819 2102 2887 2142 ex
2928 2099 3035 2155 quo
3066 2082 3249 2138 omnia
3283 2080 3415 2135 dicit
3443 2091 3586 2141 esse,
3616 2071 3697 2127 si-

2129 2189 2391 2257 gniﬁcat:
2439 2193 2494 2239 et
2546 2180 2827 2250 sapientiae
2878 2174 3244 2237 altitudinem,
3269 2169 3573 2231 Christum,
3603 2165 3696 2234 qui

2129 2291 2215 2334 est
2256 2276 2524 2347 sapientia
2572 2273 2712 2341 ejus,
2759 2269 3043 2325 ostendit:
3075 2278 3128 2321 et
3173 2262 3416 2321 scientiae
3453 2257 3698 2315 altitudi-

2129 2387 2275 2433 nem,
2313 2346 2575 2438 Spiritum
2598 2375 2866 2426 sanctum,
2895 2361 2986 2430 qui
3013 2361 3176 2425 etiam
3200 2357 3307 2410 alta
3339 2352 3430 2407 Dei
3459 2346 3697 2413 novit",

2134 2452 2377 2520 declarat
2400 2459 2539 2530 (45).
2569 2456 2956 2512 Verumtamen
2984 2451 3125 2523 quod
3156 2447 3328 2505 dicit:
3359 2463 3378 2497 «
3409 2443 3487 2498 Ex
3524 2443 3694 2511 ipso,»

2133 2557 2236 2611 hoc
2261 2557 2438 2624 ipsum
2469 2551 2613 2621 quod
2637 2563 2824 2604 sumus
2853 2547 3060 2600 indicat
3087 2558 3103 2595 :
3143 2560 3162 2594 «
3186 2540 3293 2596 Per
3335 2537 3514 2608 ipsum
3547 2554 3564 2586 ι
3604 2549 3697 2587 au-

2136 2658 2268 2713 tem,
2307 2645 2452 2716 quod
2506 2657 2602 2713 per
2638 2640 2757 2710 eius
2785 2635 3185 2710 providetiam
3228 2632 3610 2701 dispensamur
3643 2626 3696 2679 in

2133 2741 2243 2796 vita
2277 2756 2293 2794 :
2326 2756 2346 2791 «
2370 2737 2426 2791 In
2478 2736 2597 2807 ipso
2619 2753 2639 2787 ι
2670 2746 2823 2800 vero,
2853 2729 2996 2800 quod
3047 2724 3315 2798 perfectio
3353 2720 3599 2778 omnium
3648 2726 3705 2773 et

2135 2829 2260 2884 ﬁnis
2290 2829 2342 2881 in
2377 2827 2493 2897 ipso
2521 2824 2626 2879 erit
2657 2832 2787 2879 tunc
2810 2836 2932 2875 cum
2964 2821 3070 2873 erit
3103 2817 3241 2871 Deus
3265 2812 3445 2869 omnia
3479 2811 3532 2864 in
3576 2824 3700 2863 om-

2134 2920 2294 2977 nibus
2314 2918 2363 2953 "
2390 2936 2405 2974 :
2436 2926 2493 2973 et
2542 2925 2672 2971 tunc
2736 2912 2880 2985 «ipsi
2950 2908 3123 2981 gloria
3154 2908 3207 2962 in
3251 2905 3448 2960 saecula
3483 2901 3708 2958 saeculo-

2134 3026 2256 3067 rum
2290 3007 2404 3081 (44)
2434 3025 2450 3063 :
2475 3009 2671 3063 Amen.
2715 3005 2772 3059 In
2823 3003 3040 3067 saecula,
3074 3021 3093 3055 ι
3135 3007 3355 3072 propter
3404 2996 3510 3050 hoc
3558 2990 3703 3060 quod

458 3096 532 3150 de
581 3101 852 3154 creaturis
885 3103 1067 3166 dicat;
1112 3113 1362 3156 naturam
1413 3118 1544 3159 vero
1574 3104 1856 3163 Trinitatis
1888 3084 2027 3165 exci-

2136 3100 2401 3173 perfectio
2428 3099 2669 3155 omnium
2704 3096 2816 3168 (45)
2872 3111 2978 3150 non
3042 3095 3185 3149 intra
3245 3104 3411 3145 unum
3446 3084 3704 3141 saeculum

459 3187 576 3256 piat
608 3206 622 3241 :
655 3181 852 3259 quippe
897 3193 980 3245 cui
1020 3193 1154 3246 nihil
1189 3195 1404 3249 sitcum
1444 3207 1694 3251 creatura
1723 3213 2033 3267 commune,

462 3280 568 3336 nisi
597 3281 972 3338 beneﬁcentia:
997 3300 1157 3353 opus.
1204 3285 1311 3342 Sed
1336 3296 1390 3342 et
1421 3289 1562 3357 qttod
1594 3290 1671 3344 ait
1699 3307 1715 3343 :
1748 3309 1767 3342 «
1792 3291 1929 3359 Quis
1960 3293 2033 3347 illi

464 3374 809 3429 consiliarius
839 3376 977 3431 fuit?
1003 3395 1021 3428 ι
1050 3376 1165 3432 Non
1199 3380 1354 3446 quasi
1384 3379 1565 3434 minus
1605 3383 1720 3448 ipse
1755 3384 2036 3439 subiciens

465 3464 695 3517 consilio
743 3465 1011 3535 indigeret
1055 3465 1304 3529 alterius,
1334 3467 1427 3521 Sed
1450 3467 1667 3521 consilii
1703 3470 2021 3538 participem

466 3555 671 3611 nullum
711 3559 928 3627 quidem
986 3560 1127 3613 inter
1161 3572 1447 3615 creaturas
1473 3559 1586 3634 (41)
1634 3575 1758 3617 esse
1789 3577 2031 3632 pronun-

2141 3190 2504 3252 concluditur,
2538 3189 2633 3244 sed
2681 3188 2735 3242 in
2789 3185 2957 3241 multa
2997 3182 3364 3255 protenditur,
3388 3188 3444 3234 et
3476 3177 3568 3231 vix
3611 3174 3709 3229 ali-

2140 3283 2357 3355 quando
2406 3278 2749 3349 adimplenda
2823 3285 3100 3349 speratur.
3167 3271 3357 3341 Jungit
3415 3276 3594 3323 autem
3652 3275 3710 3320 et

2146 3396 2166 3430 «
2192 3378 2388 3440 Amen,
2415 3392 2435 3426 ι
2485 3384 2545 3427 ut
2577 3372 2943 3440 intelligamus
2986 3382 3084 3437 per
3115 3366 3264 3421 illum
3293 3364 3361 3417 ad
3391 3363 3554 3417 istam
3579 3359 3709 3414 bea-

2142 3467 2429 3524 titudinem
2466 3463 2813 3526 veniendum,
2835 3461 2903 3515 de
2927 3475 3035 3530 quo
3064 3458 3328 3524 scriptum
3356 3463 3439 3509 est
3479 3453 3530 3506 in
3565 3451 3710 3520 Apo-

2141 3558 2341 3629 calypsi
2379 3576 2392 3612 :
2430 3575 2448 3607 t
2475 3555 2600 3610 Herc
2629 3553 2761 3609 dicit
2784 3552 2878 3621 qui
2914 3561 2999 3607 est
3019 3549 3270 3605 Amen".
3299 3567 3318 3599 ο

468 3672 3689 3706 _____________________________________.______.....—

1657 3836 2017 3935 LIBER
2089 3833 2539 3925 NONUS.

545 4095 706 4168 653
735 4096 785 4149 l.
813 4094 946 4147 Cum
966 4110 1061 4164 per
1079 4110 1293 4149 omnem
1322 4104 1523 4149 textum
1544 4095 1794 4167 Epistula!
1811 4097 1863 4150 in
1883 4113 2041 4166 snpe-

474 4191 715 4245 riuribus
741 4188 1012 4242 doct-isset
1040 4189 1332 4257 Apostolus
1351 4189 1622 4258 quomodo
1667 4204 1697 4242 a
1737 4187 1938 4244 Judzeis
1975 4190 2041 4243 ad

585 4332 626 4364 ⁰¹
661 4328 850 4385 Matth.
889 4347 967 4395 χι,
1007 4330 1098 4384 27.
1200 4327 1637 4392 "lCor.tt,10.

476 4417 539 4469 tt,
582 4402 667 4457 i0.
739 4400 785 4434 ’⁷
816 4403 948 4456 ibid.
1023 4402 1070 4433 "
1098 4400 1232 4456 ibid.
1286 4414 1376 4463 xv,
1412 4398 1501 4453 98.
1578 4398 1624 4430 θ’
1648 4400 1812 4468 Apoc.
1840 4414 1922 4463 Ill,
1953 4399 2038 4453 M.

480 4535 545 4574 ro
568 4535 725 4583 mss.,
761 4522 1017 4575 Rabantts
1050 4527 1103 4570 et
1147 4517 1302 4579 editi,
1357 4534 1376 4567 «
1405 4517 2048 4583 incomprehensihilia...

1743 4328 1787 4362 ’³
1815 4327 1967 4383 Joan.
1999 4343 2131 4393 xvu,
2161 4327 2247 4389 HL
2349 4325 2399 4357 ”
2424 4325 2438 4379 l
2465 4323 2591 4390 Cor.
2628 4339 2689 4388 Il,
2722 4322 2810 4377 ll.

2144 4107 2356 4169 gentes,
2374 4112 2402 4151 a
2437 4093 2855 4151 circumcisione
2886 4091 2954 4145 ad
2992 4090 3174 4151 ﬁdem,
3199 4103 3228 4142 a
3252 4087 3436 4141 littera
3461 4087 3527 4141 ad
3554 4087 3719 4157 spiri-

2144 4199 2279 4254 tum,
2301 4188 2369 4242 ab
2400 4187 2590 4241 umbra
2612 4185 2677 4239 ad
2702 4178 3016 4247 veritatem,
3038 4180 3107 4234 ab
3140 4179 3488 4235 observantia
3510 4178 3726 4239 carnali.

2908 4320 2956 4353 ⁸³
2982 4318 3001 4375 l
3029 4318 3155 4374 Cor.
3188 4331 3305 4381 vui,
3346 4313 3399 4371 6.
3468 4314 3517 4347 ’θ
3546 4339 3564 4369 ι
3592 4328 3717 4370 μοι’.

2163 4513 2311 4584 prior
2343 4508 2505 4584 dedit
2535 4505 2634 4568 illi,
2676 4512 2731 4558 et
2755 4500 3101 4584 retribuetur
3138 4495 3438 4584 εἰςῖτηδςςξε
3463 4495 3721 4584 ltaeeupo-

2088 4589 2132 4643 D
2162 4565 2364 4669 strema
2399 4580 2560 4669 verba
2591 4565 2653 4628 ε’(
2674 4581 2771 4656 ἠιιι
2801 4573 2927 4641 quis
3155 4565 3725 4669 deltli‘lmii‘liﬁet‘rﬁtrj;

485 4676 676 4713 nart...

490 4745 511 4781 ι
537 4730 788 4800 verteret)
819 4731 883 4783 ad
911 4729 1160 4800 salutem,
1183 4746 1202 4779 ι
1242 4736 1348 4781 etc.
1392 4744 1411 4777 ι

567 4797 680 4867 (55)
707 4794 846 4851 liditi
879 4799 1124 4867 plerique
1162 4808 1214 4849 et
1272 4811 1373 4867 ms.
1402 4809 1546 4849 unus
1585 4796 1894 4867 omittunt}
1922 4794 2009 4855 ad,
2034 4812 2052 4845 ι

486 4864 627 4925 sicut
654 4881 706 4922 et
737 4864 1016 4931 Rabanus,
1045 4868 1136 4936 qui
1173 4867 1225 4920 in
1257 4866 1363 4920 line
1390 4866 1554 4920 habet
1591 4883 1610 4917 «
1637 4864 1891 4929 disseruit
1913 4883 1932 4915 ι
1962 4880 2059 4935 pro

493 4959 512 4991 «
537 4940 792 4991 deservit.
824 4957 842 4990 ι

562 5006 677 5077 (56)
710 5007 801 5061 Sic
852 5021 954 5060 ins.
995 5004 1200 5077 Regius
1250 5020 1401 5057 nnm.
1460 5003 1625 5077 A1659.
1683 5003 1872 5077 Cteteri
1930 5017 2059 5077 vero

490 5074 950 5143 mss.,'nan..w
976 5086 1024 5128 et
1055 5074 1203 5129 editi.
1243 5089 1385 5129 «nec
1423 5075 1539 5128 vias
1595 5074 1806 5129 Domini
1859 5074 2058 5143 quibus

489 5147 836 5218 providentia
871 5146 1138 5218 incedit,r_
1171 5153 1280 5198 etc.

565 5217 674 5287 (57)
716 5215 870 5285 Ejus,
913 5225 969 5269 et
1020 5214 1351 5287 paulopost
1408 5212 1541 5279 illa,
1579 5213 1877 5287 desnnt_in
1924 5211 2060 5287 _pl_e-

486 5281 677 5354 risque
703 5281 835 5339 mss.
863 5295 916 5337 et
947 5281 1086 5353 apud
1114 5283 1421 5354 Rabanum,
1451 5294 1744 5354 net-nonet
1788 5282 1841 5336 in
1872 5281 2056 5344 editis,

491 5349 1070 5414 sed—restituuntur'ex
1101 5370 1198 5413 ms.
1238 5349 1409 5418 Regio
1433 5367 1580 5405 num.
1615 5351 1774 5406 l659.

565 5424 677 5497 ('58)
711 5425 809 5480 Ms.
847 5424 1053 5497 Begius
1101 5416 1449 5497 num.-_ll_i'59,
1482 5420 1781 5497 «alta_Dei.
1813 5416 2056 5497 r_C_:eteri

494 5490 627 5551 vero
659 5490 814 5559 inss.,
846 5490 1108 5559 Babanus
1137 5502 1193 5547 et
1216 5490 1371 5556 editi,
1405 5508 1424 5541 «
1448 5490 1786 5553 altitudinem
1825 5490 1940 5541 Dei.
1964 5508 1982 5540 ι

566 5564 680 5635 (⁸59)
722 5557 850 5621 Mss.
882 5557 1129 5635 quidam,
1186 5561 1444 5635 [labantis
1469 5569 1523 5615 et
1556 5560 1716 5635 editi,
1754 5559 1893 5613 «nisi
1929 5557 2060 5635 Sui;

497 5627 635 5691 ritus
663 5627 916 5688 Domini:
946 5653 964 5685 ι
1006 5633 1113 5688 Sed
1147 5631 1348 5686 rectius
1389 5644 1518 5684 mss.
1562 5627 1717 5700 Regii
1746 5645 1894 5692 nunt,
1923 5629 2059 5686 1639

494 5718 551 5762 et
585 5705 720 5760 1640
745 5715 803 5758 ut
837 5705 888 5757 in
923 5714 1111 5757 nostro
1150 5709 1320 5756 textu.

573 5776 684 5849 (40)
722 5774 883 5841 Editi,
914 5793 933 5827 «
957 5783 1049 5831 aut
1091 5772 1217 5844 quis
1262 5768 1608 5827 consiliarius
1656 5767 1777 5836 fuit,
1804 5776 1899 5824 aut
1938 5768 2060 5840 quis

730 4655 1064 4714 verteretur'
1101 4655 1270 4727 (editi
1298 4696 1314 4720 ,
1371 4674 1389 4707 «
1413 4663 1679 4720 vertatur,
1710 4673 1729 4707 ι
1774 4656 2053 4721 liabanus,

2162 4633 2355 4708 buetur
2376 4647 2459 4701 ei?
2479 4667 2498 4701 ι
2543 4659 2643 4701 nec
2673 4644 2726 4698 in
2755 4633 2887 4698 mss.
2922 4633 3126 4695 nostris
3153 4652 3252 4692 nec
3276 4636 3415 4706 apud
3437 4633 3721 4689 Rabanum

2163 4721 2529 4778 reueriuntnr.
3093 4776 3122 4778 ἡ
3155 4776 3168 4778 _
3279 4774 3312 4778 _
3363 4774 3376 4778 _
3468 4742 3475 4745 ,

2222 4738 2605 4858 iiiillugiglihs.
2630 4782 2834 4858 Regius
2866 4794 3015 4858 num.
3041 4776 3178 4858 161i?
3200 4784 3257 4829 et
3279 4742 3554 4858 Rabanus.
3577 4770 3720 4858 Ddili

2167 4842 2375 4924 γεῆ-δίε
2399 4856 2598 4911 nullam
2649 4842 3034 4924 invcreatttris.
3064 4866 3083 4899 ι
3117 4846 3241 4924 Mss.
3261 4844 3500 4924 _quidant
3525 4842 3727 4923 habent

2166 4913 2327 4986 etiam
2365 4947 2384 4979 «
2416 4927 2638 4980 nullam.
2661 4943 2681 4975 ι
2720 4921 2921 4976 Deinde
2951 4918 3110 4972 iidem
3145 4915 3296 4976 editi,
3327 4931 3355 4986 _«
3377 4914 3428 4965 in
3457 4913 3723 4986 sapientia

2165 4984 2264 5056 sua
2299 5010 2382 5054 est
2409 4996 2626 5067 quidem
2669 4992 2937 5067 Chr_ist_us,
2964 4999 3019 5042 et
3052 4988 3106 5067 i_n
3166 4984 3471 5067 sanctitate.
3503 4984 3722 5047 quidem

2169 5051 2403 5135 Spiritus
2428 5051 2681 5120 'sanctus.
2705 5082 2723 5113 ι
2760 5059 2866 5115 Sed
2898 5051 3081 5113 caeteri
3127 5069 3257 5109 mss.
3294 5062 3350 5109 et
3377 5051 3635 5106 Rabarus
3666 5062 3725 5107 ut

2167 5136 2220 5195 in
2257 5147 2440 5193 nostro
2465 5143 2633 5196 textu.

2237 5190 2350 5279 (ᾎὶ)
2380 5190 2542 5267 Editi,
2570 5200 2766 5270 quibus
2799 5197 3140 5279 consentiunt
3170 5190 3563 5279 omne-sinostri
3589 5205 3723 5279 mss.

2165 5260 2407 5340 codices,
2436 5260 2454 5327 ὲ
2481 5260 2869 5343 segregaverit.
2898 5287 2918 5321 ι
2950 5266 3058 5322 Sed
3088 5266 3289 5319 rectius
3310 5262 3590 5325 Rahanus,
3620 5260 3728 5314 «si-

2204 5349 2432 5409 naverit.
2459 5364 2479 5399 ι

2165 5366 2643 5491 εηῗέἕῖῒεξιαναι.
2672 5406 3116 5467 Praetermittitnr
3138 5405 3191 5460 in
3232 5402 3391 5461 libris
3416 5409 3577 5456 antea
3610 5399 3726 5454 edi-

2164 5499 2742 5629 miulsaiculorum.
2775 5547 3017 5605 Dcestiu
3040 5545 3205 5602 editis
3227 5552 3284 5602 et
3322 5545 3374 5600 in
3417 5555 3514 5605 ms.
3552 5537 3726 5610 Regio

2167 5625 2513 5686 num.'1659.

2240 5698 2359 5772 (45)
2397 5695 2563 5760 Editi,
2600 5712 2619 5747 «
2649 5689 2915 5766 perfectio
2941 5686 3139 5747 omnis.
3166 5704 3188 5741 υ
