4150 6402
389 5767 398 5772 .
457 5714 566 5772 Sed
600 5719 798 5774 rectius
824 5714 924 5778 nis.

505 325 530 381 i
539 325 644 380 $03

1919 314 2242 372 ORIGENIS

3605 313 3742 368 1204

501 445 572 499 ad
596 439 998 498 observantiam
1034 437 1329 507 spiritalem
1373 436 1650 507 religionis
1671 423 1901 492 'summa
1960 435 2073 504 (46)
2105 440 2151 495 Α
2181 433 2232 486 in
2264 431 2458 485 librum
2478 429 2703 484 Levitici
2730 429 2911 498 aliqua
2935 428 3240 482 diceremus
3260 427 3396 496 (53),
3416 440 3514 496 pro
3540 427 3748 484 viribus

505 535 775 589 translata
805 535 899 596 sit,
922 542 977 586 et
1001 532 1118 585 haec
1143 531 1216 584 ita
1241 531 1418 583 futura
1442 530 1775 600 propheticis
1803 529 2075 583 ostendis-

501 637 584 682 set
623 626 847 681 vocibus
897 623 1181 692 designata
1223 639 1238 674 :
1274 620 1384 690 jam
1427 636 1570 674 nunc
1615 621 1877 688 spiritalis
1917 619 2075 686 hujus

500 717 879 779 observantirc,
905 717 971 768 ad
1012 730 1172 784 quam
1201 714 1379 769 cultus
1416 712 1510 766 Dei
1547 713 1706 766 ritum
1747 712 1928 765 docuit
1952 726 2074 765 esse

503 809 847 871 translatum,
885 809 1196 876 aggreditur
1232 820 1416 859 mores
1449 814 1502 858 et
1537 805 1780 859 instituta
1808 802 1920 871 (47)
1946 817 2073 856 san-

498 900 636 964 cire,
662 908 718 952 et
747 899 824 951 ait
857 915 872 950 :
903 897 1129 951 Obsecro
1155 897 1334 966 itaque
1357 912 1464 958 vos,
1497 895 1711 963 fratres,
1748 909 1840 961 per
1863 893 2070 945 miseri-

497 995 734 1046 cordiam
776 992 894 1056 Dei,
942 1003 994 1045 ut
1027 993 1315 1045 exhibeatis
1357 989 1469 1062 (48)
1513 1007 1732 1058 corpora
1771 999 1941 1043 vestra
1971 991 2068 1040 ho-

497 1083 653 1134 stiam
687 1084 963 1145 virentem,
989 1092 1247 1145 sanctam,
1291 1079 1400 1133 Deo
1430 1080 1742 1147 placentem,
1762 1080 2070 1132 rationabile

496 1176 802 1244 obsequium
835 1184 1082 1228 vestrum.
1140 1171 1207 1224 Et
1257 1174 1416 1226 nolite
1457 1173 1782 1262 conformari
1811 1173 1931 1224 huic
1965 1188 2067 1225 ste-

494 1261 614 1315 culo
646 1277 664 1314 :
696 1263 786 1316 sed
849 1262 1213 1329 reformamini
1275 1261 1606 1314 renovatione
1647 1261 1826 1313 sensus
1863 1262 2068 1315 vestri:

494 1365 550 1406 stt
585 1351 815 1421 probetis
854 1371 972 1422 quae
1017 1356 1086 1406 sit
1115 1354 1352 1406 voluntas
1400 1352 1516 1416 Dei,
1551 1352 1690 1422 quod
1740 1352 1966 1416 bonum,
2017 1361 2068 1406 et

495 1443 918 1507 beneplacitum,
973 1455 1023 1495 et
1083 1443 1372 1510 perfectum
1431 1443 1470 1496 ¹.
1517 1442 1819 1510 Quoniam,
1864 1443 2063 1511 inquit,

491 1531 831 1586 ostendimus
878 1547 906 1584 a
953 1532 1240 1586 s-icriticiis
1294 1532 1608 1586 carnalibus
1664 1534 2062 1597 recedendum,

492 1625 791 1677 secundum
815 1624 960 1692 quod
995 1635 1047 1678 et
1070 1623 1339 1693 Propheta
1374 1627 1503 1680 dicit
1531 1645 1543 1680 :
1577 1625 1796 1680 Hostias
1837 1637 1885 1679 et
1917 1627 2066 1680 obla-

495 1714 692 1767 tionem
721 1715 938 1768 noluisti
961 1755 974 1777 ,
1014 1733 1104 1769 nec
1134 1718 1333 1785 placita
1369 1727 1492 1771 sunt
1535 1719 1628 1772 tibi
1650 1723 1669 1752 ¹
1697 1737 1711 1772 :
1743 1737 1904 1783 nunc,
1947 1722 2057 1785 ait,

493 1807 664 1860 doceo
701 1821 796 1861 vos
845 1807 1044 1876 quibus
1081 1809 1278 1864 hostiis
1324 1809 1622 1864 delectetur
1651 1811 1905 1867 Deuszet
1946 1814 2061 1870 ha‘c

491 1895 658 1949 doceo
698 1911 802 1948 non
831 1897 984 1966 quasi
1027 1898 1323 1968 imperans,
1352 1900 1486 1956 nihil
1509 1901 1653 1955 enim
1679 1903 1893 1970 prolicit
1929 1903 2061 1973 legis

490 1985 798 2055 imperium,
824 1991 915 2042 sed
941 1991 1098 2058 quasi
1125 1991 1217 2060 qui
1252 1991 1484 2046 ollicium
1511 1997 1841 2062 susceperim
1873 2011 2060 2050 recon-

403 2127 406 2130 _
488 2076 700 2132 ciliaudi
742 2095 835 2134 vos
881 2079 1010 2143 Deo,
1055 2083 1264 2136 obsecro
1310 2100 1423 2150 vos,
1463 2083 1688 2152 fratres;
1734 2095 1787 2138 et
1833 2087 2059 2142 obsecro

487 2184 594 2223 non
621 2185 719 2237 per
744 2171 1068 2238 potentiam,
1093 2175 1186 2228 sed
1213 2191 1306 2243 per
1335 2176 1750 2228 misericordiam
1787 2176 1902 2230 Dei.
1921 2176 2073 2244 Quia.

485 2259 654 2322 enim,
691 2261 830 2313 sicut
861 2275 1026 2329 supra
1064 2262 1272 2315 ostendi
1306 2261 1441 2332 (49),
1463 2277 1651 2316 omnes
1673 2263 1909 2316 conclusi
1934 2272 2060 2319 sunt

483 2353 582 2405 sub
619 2361 838 2415 peccato
890 2352 929 2416 ³,
989 2369 1135 2406 nunc
1175 2352 1289 2420 jam
1330 2369 1434 2407 non
1467 2353 1520 2408 in
1555 2355 1799 2417 meritis,
1852 2355 1945 2410 sed
2000 2356 2052 2410 in

483 2443 853 2498 misericordia
879 2445 969 2498 Dei
994 2445 1142 2499 salus
1160 2445 1394 2498 humana
1420 2448 1686 2501 consistit.
1713 2447 1850 2514 Quid
1875 2458 2054 2501 autem

481 2545 565 2588 εει
591 2537 732 2603 quod
759 2551 854 2589 vos
880 2536 1142 2590 obsecro?
1179 2535 1247 2590 Ut
1292 2537 1580 2591 exhibeatis
1618 2555 1837 2607 corpora
1883 2549 2054 2593 vestra

479 2624 707 2678 hostiam
746 2628 1011 2687 viventem,
1052 2638 1314 2691 sanctam,
1354 2627 1466 2682 Deo
1505 2627 1796 2695 placentem
1823 2671 1838 2693 ,
1887 2641 1943 2682 ιιι
1984 2631 2055 2684 sit

483 2716 599 2787 (50)
633 2718 945 2771 rationabile
979 2719 1282 2789 obsequium
1314 2731 1567 2774 vestrum.
1604 2721 1930 2790 Obsequium
1967 2723 2054 2778 hic

485 2809 690 2862 cultum
746 2811 834 2863 Dei
869 2809 1024 2864 dicit.
1084 2811 1184 2876 Qui
1226 2812 1403 2867 cultus
1450 2813 1704 2882 Quoniam
1751 2815 1949 2869 dudum
1999 2819 2050 2870 in

479 2901 751 2968 pecudum
796 2911 1067 2956 mutorum
1121 2905 1440 2972 corporibus
1478 2905 1847 2970 consistebat,
1885 2923 2048 2974 nunc,

482 2989 696 3057 inquit,
724 2991 775 3042 in
801 3007 1031 3060 corpore
1060 2993 1400 3047 rationabilis
1423 2994 1660 3048 hominis
1684 2995 1966 3063 oll‘eratur,
1996 3006 2052 3052 et

479 3095 712 3148 corpora
742 3083 911 3152 magis
946 3094 1126 3137 vestra
1163 3099 1324 3153 quam
1366 3089 1630 3154 pecudum
1675 3089 1806 3143 liaut
1837 3091 2049 3145 sacriﬁ-

477 3171 618 3224 cium
646 3171 778 3236 Deo,
809 3185 974 3243 atque
1009 3177 1060 3228 in
1091 3178 1264 3230 sacris
1300 3177 1564 3234 altaribus
1584 3180 1936 3235 collocentur.
1977 3182 2042 3238 Hi

476 3267 618 3317 enim
650 3266 739 3334 qui
768 3268 1007 3322 membra
1038 3275 1131 3321 s'ua
1172 3271 1507 3324 mortilicant
1534 3273 1600 3326 ab
1621 3273 1894 3329 incentivo
1922 3275 2044 3330 libi-

475 3352 617 3406 dinis
648 3363 702 3407 et
728 3353 956 3421 furoris,
998 3366 1051 3409 et
1090 3365 1243 3412 actus
1281 3359 1528 3429 corporis
1559 3362 1644 3414 sui
1672 3361 1780 3416 Deo
1817 3363 2046 3432 placitos

474 3445 710 3508 habent,
762 3446 992 3500 hostiam
1039 3448 1334 3516 viventem,
1380 3460 1661 3514 sanctam,
1713 3453 2042 3521 placentem,

473 3535 583 3589 Deo
609 3537 1002 3592 rationabiliter
1031 3539 1291 3604 offerunt,
1335 3550 1389 3595 et
1429 3541 1603 3612 legem
1645 3543 2041 3599 sacriﬁciorum

472 3642 592 3695 qua:
630 3629 682 3682 in
710 3628 954 3685 Levitico
985 3631 1093 3684 lata
1137 3641 1218 3686 est
1255 3633 1368 3704 (51)
1409 3635 1702 3688 secundum
1740 3635 2040 3703 Spiritalem

471 3718 888 3790 intelligentiam
935 3725 1230 3792 complent.
1271 3725 1432 3781 Verbi
1475 3739 1662 3788 causa,
1711 3738 1770 3779 ut
1812 3727 1882 3780 ibi
1906 3727 2038 3782 olle-

472 3810 666 3863 rebant
702 3813 927 3866 vitulum
971 3815 1146 3882 primo
1178 3807 1329 3880 loco,
1365 3816 1451 3869 vel
1509 3819 1748 3871 secundo
1785 3819 2034 3884 arietem,

470 3909 565 3953 aut
593 3903 752 3956 tertio
776 3904 1023 3967 hircum,
1073 3915 1166 3959 aut
1204 3917 1406 3974 quarto
1439 3915 1714 3972 turtures,
1749 3907 1832 3961 vel
1870 3909 2035 3963 etiam

470 3991 646 4059 pullos
673 3993 1072 4059 columbarum,
1109 4007 1169 4049 ut
1201 3997 1252 4050 in
1291 3998 1375 4051 his
1404 3997 1828 4066 uniuscujusque
1855 4000 2033 4054 anima

467 4082 850 4148 puriﬁcaretur
871 4099 968 4154 pro
991 4084 1252 4153 qualitate
1282 4095 1560 4154 gestorum
1594 4102 1610 4150 ;
1645 4087 1759 4142 haec
1803 4103 1942 4142 nunc
1981 4089 2032 4142 in

471 4186 571 4226 suo
605 4189 834 4242 corpore
915 4178 1289 4246 unusquisque
1331 4179 1665 4246 purificans,
1710 4186 1766 4233 et
1798 4179 2035 4246 spiritali

467 4274 630 4312 sensu
677 4262 1032 4328 discernens,
1098 4266 1406 4318 rationabili
1452 4267 1715 4334 obsequio
1762 4268 2032 4324 viventem

465 4350 705 4404 hostiam
743 4352 902 4408 oll'ert
936 4356 1051 4426 (5:2)
1087 4356 1215 4410 Deo.
1250 4357 1326 4410 De
1356 4357 1551 4425 quibus
1599 4359 1862 4427 singulis,
1908 4376 2032 4413 cum

2177 525 2473 594 explanare
2511 523 2839 578 tentavimus
2863 520 3138 588 quomodo
3179 520 3553 588 unusquisque
3580 520 3747 573 ratio-

2177 616 2343 669 nabili
2379 616 2640 682 obsequio
2666 613 2846 668 cultus
2883 612 3021 675 Dei,
3050 613 3098 668 si
3128 612 3438 680 superbiam
3476 611 3589 682 (54)
3627 628 3745 664 cor-

2174 707 2324 774 poris
2364 706 2446 760 sui
2484 708 2701 771 vincat,
2743 704 2986 758 immolet
3014 701 3278 767 vitulum;
3329 703 3375 756 si
3411 703 3746 757 iracundiam

2175 805 2427 865 superet,
2467 796 2692 848 arietem
2737 793 2979 864 jugulet;
3028 793 3071 846 si
3117 793 3395 847 libidinem
3441 795 3641 859 vincat,
3691 795 3744 848 in

2173 890 2544 943 holocaustum
2589 886 2787 940 oﬂ‘erat
2846 887 3090 950 hircum;
3129 885 3172 939 si
3222 900 3386 955 vagos
3424 895 3479 940 et
3507 885 3743 940 lubricos

2171 980 2558 1049 cogitationum
2591 987 2805 1031 resecet
2844 977 3075 1041 volatus,
3110 977 3396 1030 columbas
3425 987 3480 1030 et
3508 986 3746 1031 turtures

2170 1070 2416 1125 immolet
2447 1069 2580 1140 (55).
2607 1067 2712 1123 Sed
2739 1069 2876 1134 lucc,
2902 1070 3107 1135 utdixi,
3129 1070 3172 1122 si
3199 1070 3322 1138 quis
3352 1070 3495 1124 scire
3525 1069 3743 1139 dignum

2172 1171 2346 1230 putat,
2399 1161 2473 1213 ibi
2518 1161 2676 1214 latius
2734 1161 2967 1214 disserta
3027 1160 3279 1228 reperiet.
3358 1160 3510 1214 Nunc
3562 1170 3742 1215 autem

2171 1253 2367 1306 Paulus
2416 1251 2666 1306 obsecrat
2709 1253 2995 1306 credentes
3032 1253 3084 1304 in
3127 1250 3377 1315 Christo,
3420 1263 3479 1305 ut
3511 1268 3740 1320 corpora

2168 1360 2264 1398 sua
2304 1343 2594 1397 exhibeant
2623 1343 2848 1395 hostiam
2889 1343 3175 1406 viventem,
3216 1355 3488 1408 sanctam,
3530 1346 3741 1412 placen-

2169 1446 2270 1490 tem
2303 1435 2432 1489 Deo.
2473 1435 2756 1489 Viventent
2796 1435 2929 1489 dicit
2951 1436 3205 1499 hostiam,
3239 1450 3358 1503 quae
3388 1437 3554 1489 vitam
3580 1475 3596 1499 ,
3632 1437 3738 1491 hoc

2166 1536 2271 1590 est,
2308 1527 2590 1581 Christum
2625 1528 2677 1580 in
2709 1542 2769 1581 se
2817 1527 2978 1596 gerit,
3037 1537 3092 1582 et
3130 1529 3262 1582 dicit
3294 1544 3309 1582 :
3343 1527 3570 1582 .llortem
3609 1529 3740 1584 Jesu

2165 1621 2223 1672 in
2253 1634 2470 1686 corpore
2497 1627 2676 1671 nostro
2709 1616 2822 1688 (56)
2855 1619 3301 1686 circumferimus,
3329 1631 3381 1672 ut
3407 1631 3453 1672 et
3478 1621 3580 1674 vita
3607 1620 3738 1675 Jesu

2166 1709 2364 1763 Christi
2418 1711 2472 1762 in
2526 1725 2742 1775 corpore
2779 1721 2960 1764 nostro
2999 1713 3367 1776 manifestetur
3395 1713 3436 1768 ⁸.
3476 1714 3737 1769 Sanctam

2092 1782 2134 1841 Β
2163 1800 2316 1862 dicit,
2355 1800 2406 1853 in
2453 1814 2562 1867 qua
2613 1811 2840 1854 sanctus
2881 1800 3118 1868 Spiritus
3155 1801 3398 1866 habitat,
3442 1804 3734 1856 secundum

2162 1891 2303 1959 quod
2343 1891 2396 1943 in
2436 1890 2542 1944 alio
2571 1890 2686 1944 loco
2714 1891 2848 1943 dixit
2884 1891 2956 1923 ⁵·⁶
2987 1909 3000 1944 :
3032 1890 3112 1944 An
3160 1893 3370 1946 nescitis
3404 1895 3527 1961 quia
3571 1893 3737 1967 644

2163 1982 2414 2048 templum
2470 1981 2563 2034 Dei
2611 1984 2758 2044 estis,
2800 1992 2848 2034 et
2896 1981 3125 2050 Spiritus
3161 1984 3274 2054 (57)
3320 1984 3413 2037 Dei
3448 1987 3646 2038 habitat
3682 1990 3734 2039 in

2160 2071 2343 2125 vobis?
2393 2073 2706 2126 Placentem
2752 2074 2884 2137 Deo,
2925 2085 3107 2142 utpote
3139 2090 3167 2126 a
3207 2076 3445 2143 peccatis
3490 2086 3545 2130 et
3589 2078 3734 2132 vitiis

2159 2172 2488 2232 separatam.
2545 2164 2669 2218 llaec
2719 2175 2898 2218 autem
2952 2167 3136 2219 omnia
3181 2168 3519 2223 rationabilis
3557 2170 3734 2224 cultus

2157 2259 2242 2302 est
2276 2251 2391 2304 Dei.
2432 2250 2615 2306 Potest
2656 2255 2800 2307 enim
2840 2270 2937 2321 pro
2977 2255 3065 2308 tali
3102 2256 3244 2310 cultu
3272 2258 3422 2312 reddi
3467 2261 3643 2325 ratio,
3678 2271 3733 2315 et

2157 2343 2367 2396 ostendi
2407 2345 2536 2412 quia
2572 2346 2796 2412 dignum
2854 2357 2935 2402 est
2986 2349 3096 2404 Deo
3129 2351 3262 2405 tales
3289 2352 3491 2406 hostias
3531 2354 3730 2408 immo-

2159 2431 2257 2486 lari
2299 2434 2676 2504 (58):arietes
2723 2448 2926 2504 autem,
2967 2449 3021 2493 et
3052 2441 3258 2506 hircos,
3302 2452 3357 2496 et
3387 2444 3585 2498 vitulos
3625 2448 3731 2500 im-

2158 2525 2369 2578 mortali
2400 2535 2456 2580 et
2492 2528 2814 2596 incorporeo
2860 2531 2969 2585 Deo
3004 2531 3186 2588 otl‘erri
3231 2535 3376 2588 nulla
3413 2538 3551 2591 ratio
3581 2550 3728 2595 recta

2155 2627 2210 2669 ct
2249 2617 2476 2672 honesta
2515 2622 2794 2691 suscipiet.
2852 2623 2976 2678 Haec
3011 2641 3141 2695 ergo
3185 2626 3257 2681 ita
3306 2628 3527 2697 facere,
3563 2642 3618 2686 et
3653 2633 3726 2686 ita

2154 2709 2334 2765 colere
2389 2711 2553 2766 Deum
2614 2729 2707 2768 eos
2761 2716 2853 2784 qui
2907 2717 3126 2772 Christo
3176 2721 3555 2787 crediderunt,
3614 2740 3724 2781 non

2154 2800 2328 2854 solum
2363 2803 2520 2856 docet
2555 2803 2867 2872 Apostolus,
2903 2809 2997 2861 sed
3025 2816 3079 2861 et
3104 2809 3360 2866 obsecrat
3388 2829 3484 2882 per
3511 2815 3723 2871 miseri-

2152 2894 2396 2948 cordiam
2446 2895 2538 2950 Dei
2571 2915 2584 2950 :
2617 2908 2674 2950 nt
2701 2902 2953 2955 ostendat
2983 2919 3080 2971 per
3105 2905 3209 2959 hoc
3259 2905 3496 2963 humano
3541 2911 3722 2978 generi

2153 2985 2447 3057 (quoniam
2487 2989 2726 3055 proclive
2777 3001 2861 3046 est
2905 2995 2970 3046 ad
3021 2995 3317 3067 delictum)
3353 2997 3725 3067 hujuscemodi

2157 3079 2364 3134 hostias
2386 3079 2477 3133 Dei
2507 3082 2853 3137 miseratione
2879 3086 3124 3154 provisas
3151 3088 3378 3156 :quibus
3400 3089 3444 3144 si
3473 3106 3708 3160 unquam

2151 3167 2335 3236 lapsus
2375 3171 2696 3236 .acciderit,
2753 3187 2850 3241 per
2905 3175 3230 3230 rationabile
3287 3180 3606 3248 obsequium
3669 3190 3727 3236 et

2151 3261 2360 3316 hostias
2403 3276 2469 3315 eo
2520 3264 2682 3318 modo
2716 3280 2824 3333 quo
2874 3281 3036 3334 supra
3099 3267 3336 3324 diximus
3395 3271 3722 3339 immolatas,

2150 3354 2391 3422 reparari
2425 3355 2595 3422 possit
2627 3355 2808 3410 anima
2836 3373 2900 3412 ac
2937 3361 3151 3414 reStitui
3178 3361 3243 3414 ad
3278 3361 3527 3416 salutem.
3569 3363 3723 3429 Quod

2150 3451 2329 3496 autem
2359 3445 2542 3498 multa:
2574 3447 2684 3500 sint
2721 3449 3112 3504 misericordia:
3138 3452 3262 3519 Dei,
3293 3454 3544 3523 designat
3577 3455 3720 3508 Pau-

2149 3534 2310 3589 lusio
2344 3538 2582 3592 secunda
2632 3539 2698 3592 ad
2737 3539 3086 3607 Corinthios,
3134 3543 3322 3598 dicens
3361 3563 3375 3598 :
3409 3545 3721 3600 Benedictus

2150 3626 2292 3681 Deus
2317 3639 2365 3681 et
2390 3627 2556 3682 Pater
2580 3629 2794 3684 Domini
2821 3636 2990 3686 nostri
3012 3634 3140 3688 Jesu
3165 3635 3362 3690 Christi
3391 3637 3550 3690 Pater
3575 3641 3722 3693 mise-

2148 3725 2497 3780 ricordiarum
2524 3729 2570 3781 ⁷.
2620 3729 2793 3784 Audis
2830 3731 3023 3795 Deum,
3054 3733 3194 3786 sicut
3225 3733 3338 3804 (59)
3379 3734 3578 3788 Christi
3615 3733 3719 3787 Pa-

2149 3827 2232 3871 ter
2258 3827 2376 3882 est,
2427 3828 2486 3873 et
2539 3820 2820 3889 sapientiae
2866 3831 3021 3892 pater
3049 3835 3150 3890 est,
3216 3837 3273 3880 et
3303 3825 3528 3892 justitiaz
3569 3838 3721 3896 pater

2145 3917 2250 3974 est,
2308 3924 2427 3976 qua:
2475 3912 2654 3966 omnia
2706 3913 2958 3970 Christus
2997 3925 3099 3982 est,
3155 3916 3226 3969 ita
3289 3932 3410 3972 esse
3450 3929 3505 3972 et
3555 3919 3719 3972 mise-

2145 4001 2501 4056 ricordiarum
2561 4013 2789 4070 patrem.
2826 4005 2967 4075 Ergo
3014 4007 3266 4063 Christus
3326 4009 3465 4064 sicut
3515 4021 3710 4066 caetera

2142 4093 2321 4146 omnia
2383 4103 2496 4159 est,
2557 4106 2613 4149 et
2673 4097 3062 4154 misericordia
3116 4101 3230 4169 ipse
3290 4110 3414 4167 est,
3503 4104 3717 4159 miseri-

2145 4184 2347 4238 cordiae
2403 4184 2618 4252 multae,
2663 4201 2766 4240 non
2828 4203 2930 4241 una
2983 4188 3092 4260 (60)
3153 4203 3166 4242 :
3227 4190 3329 4243 hoc
3390 4200 3511 4256 est,
3575 4193 3716 4248 sicut

2145 4271 2382 4327 thesauri
2417 4276 2700 4345 Sapientia
2743 4288 2798 4330 et
2855 4278 3096 4332 scientia:
3160 4279 3210 4332 in
3262 4280 3380 4347 ipso
3432 4295 3578 4347 sunt,
3615 4283 3715 4339 sed

2142 4376 2273 4417 sunt
2320 4364 2715 4434 absconditi‘;
2759 4368 2827 4420 ita
2877 4379 2928 4422 et
2988 4370 3373 4424 misericordiae
3427 4372 3713 4428 thesaurus

539 4445 556 4476 ί
607 4442 942 4535 Ιξοηι.ρκιι,
998 4448 1189 4535 ιιε..
1220 4447 1429 4535 ’I‘Psal.
1475 4465 1668 4535 xxxix,
1711 4451 1777 4517 7;
1821 4449 1985 4506 Hebr.
2011 4469 2050 4517 x1

2156 4491 2172 4508 .
2245 4455 2266 4486 ³
2296 4454 2415 4510 Gal.
2457 4472 2539 4522 ut,
2579 4458 2670 4515 9.2.
2745 4459 2766 4490 ⁸
2793 4460 2833 4512 ll
2876 4461 3000 4515 Cor.
3027 4477 3102 4527 Iv,
3139 4463 3226 4520 10.
3301 4464 3374 4495 ⁸ο⁶
3404 4464 3422 4518 l
3455 4465 3582 4524 Cor.
3621 4482 3706 4535 In,

465 4513 554 4568 16.
640 4515 660 4545 ⁷
695 4512 735 4567 ΙΙ
777 4515 901 4570 Cor.
949 4533 988 4580 ι,
1043 4518 1094 4570 5.
1170 4517 1191 4546 ⁸
1248 4518 1424 4572 Colos.
1473 4534 1548 4581 ιι,
1583 4522 1636 4576 5.

535 4606 650 4676 (46)
689 4607 854 4676 Editi,
903 4609 1084 4676 religio
1111 4625 1338 4663 summa.

535 4677 650 4746 (t7)
683 4675 784 4730 Ms.
817 4675 1019 4745 Regius
1055 4696 1204 4732 nunt.
1245 4678 1399 4744 1659,
1429 4689 1475 4732 et
1501 4689 1718 4734 statuta.

535 4677 624 4746 (s7
683 4677 784 4730 Ms.
817 4677 1019 4745 Regius
1055 4696 1204 4732 num.
1245 4678 1399 4744 l6'59,
1429 4689 1475 4732 et
1501 4689 1718 4734 statuta.

535 4677 650 4821 (48)
688 4746 809 4821 Haec
842 4750 1026 4810 verba,
1055 4758 1113 4821 ut
1143 4749 1449 4821 exhibeatis,
1488 4761 1618 4814 etc.,
1655 4766 1822 4821 usque
1858 4752 1947 4818 ad,
1975 4764 2025 4807 et

463 4813 863 4883 beneplacitum,
895 4825 943 4868 et
969 4818 1253 4885 perfectum
1277 4857 1292 4880 ,
1341 4813 1716 4874 desiderantur
1737 4813 1818 4873 'in
1870 4814 2025 4880 libris

462 4894 618 4938 antea
654 4886 816 4939 editis
843 4925 858 4950 ,
888 4891 981 4940 sed
1015 4891 1374 4941 restituuntur
1411 4904 1475 4943 ex
1506 4890 1756 4946 omnibus
1778 4906 1910 4947 mss.

556 4953 644 5021 49)
683 4953 779 5024 ills.
804 4972 962 5020 unus,
992 4959 1123 5010 sicut
1153 4976 1313 5024 supra
1346 4961 1591 5012 ostendit.

556 4963 644 5021 49)
683 4963 779 5008 Ms.
804 4972 962 5020 unus,
992 4963 1123 5010 sicut
1153 4976 1313 5024 supra
1346 4963 1591 5012 ostendit.

534 4963 644 5091 ise)
683 5021 747 5075 Ut
791 5027 879 5076 sit.
939 5027 1062 5080 llzec
1104 5030 1267 5080 verba
1328 5029 1520 5082 desunt
1568 5031 1621 5082 in
1663 5029 1817 5085 libris
1858 5041 2016 5087 antea

464 5094 900 5166 etlitis;,deint_le
937 5097 1093 5164 paulo
1144 5097 1282 5150 infra
1318 5109 1440 5166 post
1491 5101 1710 5165 cultum,
1767 5117 1868 5154 vox
1929 5102 2023 5157 Dei

462 5165 731 5216 omittitur
762 5164 942 5238 itidfm
975 5168 1026 5218 in
1051 5167 1234 5229 editis,
1266 5164 1332 5221 et
1357 5169 1406 5220 in
1438 5164 1706 5238 plerisque
1736 5187 1865 5226 mss.
1895 5187 2023 5226 nec-

461 5250 566 5286 non
609 5234 816 5356 et‘qjggd
848 5232 1148 5299 Rabanum,
1183 5238 1276 5292 sed
1308 5232 1694 5294 restituitur-ex
1722 5256 1823 5295 ms.
1855 5241 2023 5312 Regio

461 5320 609 5356 ΙΙΠΙΗ.
754 5340 764 5352 ο
789 5342 804 5355 .

460 5320 609 5356 Itum.
648 5307 804 5356 1659.

531 5373 644 5440 (51)
682 5375 865 5436 Alias,
897 5374 1025 5426 data
1049 5384 1145 5437 est,
1176 5377 1247 5431 al.
1283 5378 1475 5432 collata
1505 5390 1601 5432 est.
1643 5381 1844 5437 Deinde
1893 5398 2026 5438 mss.

458 5444 699 5516 quidam,
748 5453 804 5516 tt“
848 5445 935 5495 ubi
962 5445 1248 5513 offerebant
1296 5450 1514 5501 vitulum
1566 5451 1736 5516 primo
1781 5453 1836 5504 in
1885 5452 2021 5506 loco.

455 5525 562 5592 etc.
610 5512 708 5566 Ms.
762 5511 960 5582 Regius
1007 5511 1156 5572 num.
1201 5517 1356 5584 1659,
1398 5518 1475 5572 ibi
1523 5511 1834 5588 oﬁerebant,
1889 5533 2019 5587 etc.,

455 5593 657 5632 οιηιεεο
691 5592 767 5635 ut.

531 5649 644 5725 (52)
690 5649 815 5725 Mss.
864 5652 1125 5725 pletjque,
1178 5655 1436 5713 Rabanus
1493 5666 1547 5711 et
1587 5658 1750 5725 editi,
1809 5661 2019 5716 obtulit.

959 5723 1159 5793 Regius
1205 5743 1351 5782 num.
1383 5729 1544 5795 1659,
1587 5723 1762 5797 υσετι.

2211 4615 2323 4688 (55)
2361 4617 2494 4674 Vide
2535 4620 2720 4675 homil.
2761 4638 2797 4676 ιι
2847 4626 2902 4678 in
2938 4624 3175 4687 Levitic.,
3213 4642 3361 4680 num.
3386 4627 3442 4683 Ξ.

2207 4687 2321 4757 (54)
2357 4689 2454 4742 Ms.
2502 4705 2665 4756 unus,
2707 4693 2882 4748 cultus
2933 4695 3028 4748 Dei
3073 4697 3282 4762 faciat;
3331 4699 3376 4750 si
3414 4699 3709 4769 superbiam

2132 4765 2236 4810 etc.

2207 4826 2343 4900 (55)_
2383 4826 2476 4900 Sic
2541 4843 2642 4883 ms.
2700 4829 2904 4900 Regius
2931 4849 3079 4887 num.
3135 4835 3291 4892 1659.
3338 4837 3528 4892 Caneri
3577 4854 3706 4896 vero

2128 4911 2283 4959 mss.,
2309 4897 2570 4952 Rabanus
2601 4909 2654 4952 et
2687 4897 2835 4963 editi,
2877 4904 3246 4958 immolaverit.

2198 4967 2314 5035 (56)
2358 4965 2578 5022 Nostro.
2621 4969 2780 5023 Deest
2811 4974 2861 5024 in
2901 4974 3140 5029 editione
3163 4974 3527 5033 Genebrardi.

2199 5034 2312 5106 (57)
2358 5036 2516 5099 Editi,
2551 5034 2783 5105 Spiritus
2813 5051 3046 5097 sanctus.

2209 5107 2320 5175 (58)
2384 5106 2625 5178 Sicgms.
2675 5110 2876 5178 Regius
2921 5127 3068 5165 utnu.
3133 5114 3292 5169 1659.
3333 5115 3527 5171 Caneri
3576 5134 3706 5174 vero

2132 5176 2536 5260 mss.’ct.editi,
2584 5176 2898 5245 immolare;
2942 5190 2997 5234 et
3035 5183 3194 5251 paulo
3246 5198 3385 5253 post,
3431 5186 3550 5241 Hoc
3580 5206 3704 5260 ergo

2129 5247 2204 5298 ita
2248 5247 2386 5313 ﬁeri,
2434 5256 2541 5298 etc.

2210 5313 2322 5386 (59)
2365 5316 2541 5386 Editi,
2581 5318 2720 5370 Audi
2764 5319 2928 5373 Deum
2954 5323 3108 5386 sicut,
3143 5334 3247 5378 etc.

2208 5385 2320 5465 (60)
2363 5385 2454 5466 Sic
2501 5402 2690 5466 omnes
2743 5406 2873 5444 mss.
2925 5385 3118 5466 nostri.
3181 5392 3324 5450 Editi
3356 5411 3509 5458 vero,
3555 5395 3700 5466 Ergo

2133 5453 2369 5526 Christus
2406 5457 2542 5507 sicut
2573 5466 2618 5508 et
2649 5470 2837 5513 cratera
2863 5463 3062 5526 omnia,
3091 5474 3139 5516 et
3173 5453 3541 5519 misericordia
3580 5453 3695 5519 θεῖε

2129 5525 2237 5595 ipse
2270 5537 2342 5578 est
2371 5526 2750 5581 misericordia:
2795 5531 2994 5595 inultae,
3029 5525 3130 5584 non
3161 5551 3285 5587 una.
3331 5536 3531 5589 Deinde
3571 5553 3681 5591 mss

2129 5594 2336 5674 Regius.
2368 5610 2518 5648 num.
2567 5595 2726 5662 i639,
2765 5601 2841 5653 ita
2881 5609 2930 5656 et
2966 5594 3451 5659 ntisericordiarunt
3490 5605 3700 5660 thesau-

2126 5678 2220 5718 rus
2243 5665 2296 5717 in
2320 5665 2432 5734 ipso
2469 5674 2567 5731 est,
2606 5677 2713 5724 etc.
