4150 6466
494 359 633 416 {9.05

1459 353 1817 414 COMMENT.
1856 354 1926 409 IN
1965 352 2183 410 EPlST.
2218 351 2309 407 AD
2338 348 2503 404 ROM.
2536 348 2662 401 LIB.
2698 345 2790 403 IX.

3596 344 3733 400 1206

494 478 549 530 in
580 478 695 544 ipso
728 480 813 529 est
838 515 852 538 ,
888 473 983 528 sed
1020 481 1102 527 est
1149 472 1500 528 absconditus
1532 490 1547 528 :
1585 490 1651 528 ne
1708 473 1846 528 forte
1897 474 1942 528 si
1992 475 2058 527 ad
2089 478 2132 532 A
2163 470 2320 523 aliam
2360 482 2481 522 esse
2506 464 2688 519 seculi
2720 461 2888 516 futuri
2922 469 3017 516 :et
3059 459 3103 515 si
3141 459 3230 530 qui
3265 468 3389 514 sunt
3423 459 3512 529 qui
3551 471 3736 512 auiam.

500 566 740 621 subitum
771 576 825 620 et
852 575 976 619 ante
1014 574 1226 633 tempus
1254 564 1581 634 proferatur,
1606 566 1768 621 faciat
1799 582 1907 632 me,
1932 574 1986 619 et
2015 567 2059 620 si

494 661 619 726 quis
649 657 775 711 mihi
813 658 864 709 in
899 656 1106 710 desidia
1128 655 1324 710 similis
1344 670 1465 711 esse
1490 656 1755 722 voluerit,
1785 657 2061 728 negligen-

496 760 625 804 tem.
675 746 957 804 Videbitur
1008 762 1140 818 ergo
1194 748 1462 818 praecipue
1504 748 1683 801 hostia
1735 748 1964 810 vivens.
2012 758 2064 804 et

494 851 706 899 sancta.
737 850 789 894 et
828 841 936 894 Deo
966 839 1212 907 placens,
1257 855 1457 908 corpus
1501 855 1622 894 esse
1673 840 2066 895 incontamina-

495 943 628 986 tum.
677 933 876 987 Verum
926 934 1183 1002 quoniam
1231 933 1479 987 videmus
1523 933 1808 987 nonnullos
1854 943 2068 986 sancto-

494 1041 637 1089 rum,
670 1026 881 1094 aliquos
909 1026 1073 1078 etiam
1103 1024 1472 1093 apostolorum
1505 1023 1761 1078 habuisse
1790 1022 2063 1089 conjugis,

498 1130 602 1168 non
631 1130 1017 1184 usquequaque
1045 1129 1330 1184 possumus
1354 1114 1458 1167 hoc
1510 1112 1622 1184 (61)
1653 1114 1720 1166 de
1754 1114 1863 1165 sola
1899 1114 2064 1180 vingi-

495 1206 666 1262 nitate
687 1207 909 1270 sentire,
934 1206 1178 1274 quamvis
1204 1205 1254 1258 in
1274 1205 1644 1273 hujuscemodi
1661 1204 1854 1257 hostiis
1870 1203 2067 1257 habere

497 1296 734 1363 primum
766 1296 1010 1349 ordinem
1056 1295 1228 1364 possit
1268 1294 1382 1363 (62)
1414 1312 1428 1347 :
1463 1294 1608 1348 sicut
1637 1302 1692 1347 et
1734 1294 1788 1347 in
1826 1294 1942 1362 lege
1963 1292 2066 1346 alia

496 1392 618 1438 erat
646 1384 825 1438 hostia
851 1386 1171 1450 sacerdotis,
1221 1385 1326 1437 alia
1383 1383 1665 1452 principis,
1698 1383 1798 1437 alia
1827 1383 2071 1453 Synago-

496 1490 598 1543 gae,
627 1485 681 1529 et
706 1476 810 1529 alia
843 1477 1006 1530 unius
1038 1477 1234 1530 auinne
1259 1475 1300 1529 ’.
1340 1474 1405 1527 Et
1444 1475 1693 1542 quamvis
1742 1475 1795 1529 in
1829 1476 2069 1532 Ecclesia

496 1568 674 1635 prima
732 1576 846 1636 post
901 1567 1175 1635 apostolus
1233 1567 1410 1621 hostia
1462 1577 1786 1637 martyrum,
1831 1569 2066 1623 secunda

497 1658 768 1727 virginum
849 1658 1121 1720 videatur,
1198 1657 1358 1711 tertia
1426 1656 1861 1722 continentium;
1939 1668 2069 1727 puto

503 1756 682 1802 tamen
717 1749 860 1817 quod
908 1764 1083 1814 neque
1111 1748 1186 1802 illi
1218 1748 1309 1816 qui
1343 1747 1394 1801 in
1424 1746 1694 1816 coniugiis
1722 1749 1880 1815 positi
1914 1757 2062 1814 sunt,

2166 576 2405 632 praesens
2442 555 2726 616 saeculum.
2775 564 2830 609 et
2867 569 2931 608 ea
2980 567 3101 622 quae
3128 563 3252 605 sunt
3286 554 3338 606 in
3377 553 3478 605 hoc
3514 552 3734 613 mundo,

2165 650 2459 706 secundant
2497 648 2730 702 formam
2765 644 2947 699 sa-culi
2998 643 3286 713 praesentis
3322 651 3611 713 aptantur:
3642 644 3734 713 qui

2165 758 2294 799 vero
2320 757 2423 796 non
2458 740 2755 808 respiciunt
2783 751 2846 790 ea
2880 750 3001 803 quae
3046 736 3317 800 videntur,
3357 736 3448 789 sed
3480 750 3597 803 quae
3628 750 3733 789 non

2165 834 2415 887 videntur
2444 841 2498 885 et
2526 840 2727 884 :eterna
2747 836 2874 882 sunt
2900 825 2965 888 ¹³¹,
2993 824 3448 880 transformamur
3485 835 3541 880 et
3576 840 3738 880 reno-

2167 932 2365 978 vantut’
2393 923 2459 975 ad
2490 919 2659 974 futuri
2689 916 2873 972 szeculi
2904 918 3132 970 formam
3165 934 3178 969 :
3217 927 3272 970 et
3306 918 3434 971 inde
3471 919 3528 970 lit
3554 928 3615 970 ut
3641 930 3736 970 eos

2167 1029 2271 1066 nnn
2298 1019 2558 1082 agnoscat
2591 1008 2681 1063 hic
2713 1008 2977 1071 mundus,
3011 1009 3103 1060 sed
3134 1007 3260 1061 odio
3290 1007 3511 1070 habeat,
3538 1016 3592 1061 et
3617 1022 3740 1075 per-

2167 1114 2425 1172 sequatur
2454 1105 2516 1157 “.
2544 1102 2653 1156 Sed
2671 1111 2970 1170 agnoscunt
2997 1097 3108 1170 (67)
3132 1098 3286 1152 istam
3310 1098 3536 1153 formam
3564 1096 3739 1166 angeli

2168 1198 2285 1258 Dei,
2339 1196 2429 1265 qui
2473 1202 2599 1248 simt
2659 1194 2725 1247 de
2772 1191 2862 1245 illo
2898 1190 3095 1245 saeculo
3119 1199 3370 1246 venturo.
3439 1190 3504 1245 Et
3563 1191 3742 1248 simile

2169 1288 2301 1343 mihi
2362 1286 2579 1340 videtur
2632 1301 2757 1341 esse
2801 1285 2905 1338 hoc
2956 1283 3030 1339 illi
3088 1285 3236 1340 dicto
3280 1298 3388 1352 quo
3437 1285 3552 1338 ait:
3588 1283 3738 1339 Sicut

2167 1379 2491 1446 portavimus
2520 1379 2800 1446 imaginem
2829 1376 3025 1431 terreni
3049 1417 3066 1441 ,
3106 1386 3369 1439 portemus
3392 1386 3439 1429 et
3460 1378 3739 1441 imaginem

2181 1462 2401 1517 caelestis
2434 1461 2497 1515 “.
2525 1459 2657 1515 Vide
2684 1477 2813 1533 ergo
2850 1479 2918 1517 ne
2955 1463 3091 1517 forte
3126 1481 3248 1519 cum
3285 1470 3434 1523 venit
3472 1472 3546 1524 ira
3574 1472 3635 1528 in
3661 1489 3755 1529 eor

2178 1562 2356 1616 tuum,
2385 1554 2713 1609 con-formem
2744 1562 2798 1609 tc
2830 1556 2990 1610 faciat
3025 1557 3151 1611 huic
3178 1561 3373 1614 szeculo
3404 1562 3513 1632 (68)
3555 1581 3569 1616 :
3601 1562 3754 1618 simi-

2177 1646 2301 1702 liter
2331 1656 2511 1702 autem
2538 1657 2593 1702 et
2616 1649 3051 1720 concupiscentia
3083 1653 3218 1705 mala
3240 1694 3253 1715 ,
3284 1663 3338 1708 et
3371 1657 3612 1713 avaritia.
3644 1672 3751 1722 ca;-

2175 1753 2398 1809 teraqne
2435 1741 2567 1794 vitia
2602 1742 2801 1810 quibus
2835 1755 3078 1811 praesens
3116 1739 3375 1795 saeculum
3419 1740 3743 1808 delectatur,

494 1847 551 1890 et
571 1853 639 1891 ex
661 1853 930 1893 consensu
959 1837 1026 1891 ad
1061 1849 1274 1905 tempus
1313 1847 1508 1888 vacant
1542 1837 1773 1889 orationi
1809 1835 1875 1900 ιο,
1923 1839 2066 1892 velut
2098 1820 2140 1875 Β
2172 1832 2396 1886 formam
2422 1831 2515 1886 tibi
2541 1832 2721 1885 saeculi
2741 1834 3022 1902 praesentis
3044 1832 3416 1903 imponant.Si
3436 1847 3560 1886 vero
3574 1845 3745 1886 eeon-

493 1927 879 1983 Nazaraeorum
927 1941 1051 1983 vota
1101 1929 1394 1993 solventes,
1445 1930 1489 1982 si
1540 1928 1592 1982 in
1639 1927 1851 1983 oratoris
1879 1938 2070 1984 sancte

500 2028 668 2090 agant
694 2029 748 2073 et
776 2020 947 2090 juste,
975 2020 1207 2089 negandi
1241 2028 1367 2074 sunt
1406 2032 1631 2086 corpora
1672 2033 1767 2072 sua
1811 2019 2069 2074 exhibere

493 2127 654 2182 posse
706 2112 933 2167 hostium
982 2115 1253 2172 viventem,
1286 2122 1546 2173 sanctam,
1594 2110 1700 2164 Deo
1740 2113 2069 2180 placentem;

494 2218 597 2259 nec
622 2220 837 2258 rursum
876 2219 1104 2273 corpora
1147 2205 1418 2273 virginum
1461 2204 1543 2258 vel
1577 2202 1996 2268 continentium,
2023 2206 2067 2260 si

493 2303 589 2348 aut
627 2295 896 2362 superbiai.
936 2294 1167 2357 macula,
1221 2304 1317 2348 aut
1365 2296 1609 2349 avaritia:
1640 2296 1924 2359 sordibus,
1974 2308 2071 2353 aut

494 2383 692 2454 lingua:
722 2384 1022 2450 maledicas,
1052 2385 1134 2437 vel
1161 2386 1430 2440 mendacii
1453 2386 1793 2440 immunditia
1823 2386 2071 2455 polluan-

493 2483 609 2539 tur,
647 2477 880 2531 hostiam
935 2487 1180 2532 sanctam
1235 2489 1291 2533 et
1341 2478 1450 2532 Deo
1497 2477 1799 2547 placentem
1844 2481 2067 2548 putandi

493 2578 623 2623 sunt
675 2583 742 2622 ex
798 2569 912 2623 sola
958 2569 1272 2639 virginitate
1321 2570 1435 2641 (6'5)
1485 2568 1736 2638 corporis
1770 2569 2067 2628 obtulisse:

493 2661 623 2730 quia
655 2660 780 2714 etin
805 2661 924 2731 lege
951 2661 1127 2716 hostia
1154 2676 1279 2717 cum
1324 2662 1639 2727 oll‘erretur,
1679 2661 2071 2734 inspiciebatur

491 2766 526 2806 ιι
556 2751 845 2807 sacerdote
877 2753 1191 2823 diligentius
1251 2770 1356 2809 non
1404 2756 1578 2812 solum
1634 2758 1678 2814 si
1727 2774 1793 2813 ex
1855 2758 2071 2814 mundis

491 2852 638 2899 esset
690 2845 1048 2912 animalibus,
1099 2847 1194 2900 sed
1249 2862 1318 2901 ne
1377 2857 1472 2903 aut
1526 2850 1578 2903 in
1621 2850 1784 2904 oculo
1841 2851 2071 2905 haberet

494 2935 708 2999 vitium,
740 2946 835 2990 aut
856 2938 910 2991 in
943 2938 1187 3003 auribus,
1220 2938 1393 2992 autin
1419 2938 1671 3008 pedibus,
1704 2956 1772 2995 ne
1791 2942 2069 3005 claudum,

492 3041 565 3082 ne
597 3026 828 3091 luscum,
859 3042 926 3081 ne
947 3028 1176 3083 surdum
1211 3030 1409 3083 animal
1455 3029 1571 3102 (64)
1599 3031 1783 3086 divino
1811 3032 2071 3088 admove-

495 3127 649 3173 retur
677 3118 835 3172 altari
865 3118 930 3174 “.
964 3117 1056 3172 Sic
1089 3134 1222 3189 ergo
1261 3133 1358 3188 per
1394 3123 1577 3175 omnia
1614 3125 1855 3177 membra
1891 3125 2071 3178 discu-
2097 3147 2140 3205 α

497 3206 631 3263 titur
675 3220 728 3264 et
773 3220 1143 3279 pertractatttr
1198 3213 1380 3267 hosﬁa
1431 3214 1641 3278 vivens,
1697 3227 1908 3283 saneta,
1965 3216 2072 3272 Deo

487 3301 738 3370 placens,
767 3317 888 3371 quae
925 3302 1322 3357 rationabiliter
1343 3303 1618 3359 ollerenda
1663 3315 1767 3361 est.
1813 3307 1876 3361 Et
1912 3307 2074 3363 nolite

494 3393 819 3462 conformari
866 3395 988 3447 huic
1027 3395 1265 3459 steculo;
1303 3397 1395 3449 sed
1442 3396 1804 3466 reformamini
1849 3415 2074 3453 renova-

496 3485 637 3538 tione
662 3500 845 3539 sensus
879 3485 1058 3549 vestri,
1090 3493 1149 3538 ut
1179 3486 1403 3540 probetis
1433 3502 1554 3556 quia
1587 3488 1656 3540 sit
1685 3486 1926 3540 voluntas
1951 3487 2071 3550 Dei,

493 3575 631 3645 quod
655 3575 868 3640 bonum,
898 3587 945 3629 et
982 3576 1391 3642 beneplacitunt,
1433 3587 1483 3631 et
1520 3577 1807 3645 perlectum
1846 3579 1888 3609 "
1931 3576 2068 3648 (65).

497 3664 791 3720 Sciendum
824 3676 909 3720 est
930 3669 1071 3735 quod
1107 3668 1159 3721 in
1199 3666 1393 3723 Graeco
1435 3669 1665 3723 habetur
1700 3690 1713 3724 :
1746 3668 1816 3722 Ut
1846 3670 2071 3734 probetis

494 3771 613 3825 quas
643 3757 708 3810 sit
728 3756 966 3812 voluntas
995 3757 1091 3811 Dei
1114 3758 1270 3821 bona,
1291 3769 1338 3813 et
1361 3758 1708 3828 beneplacita,
1738 3768 1789 3813 et
1816 3760 2065 3829 perfecta.

497 3845 605 3899 Sed
635 3861 752 3910 nos,
786 3846 918 3914 quia
947 3864 1086 3903 unus
1107 3848 1159 3902 in
1193 3859 1422 3918 utroque
1447 3860 1625 3919 potest
1656 3866 1846 3905 sensus
1872 3851 2065 3916 videri,

496 3937 942 3992 consuetudinem
1010 3942 1289 4010 sequimur
1354 3940 1690 3997 Latinorum.
1746 3941 1928 3997 Nolite
1975 3958 2067 3998 er-

493 4042 565 4098 go
599 4026 733 4100 (66),
780 4030 996 4099 inquit,
1034 4032 1361 4101 conformari
1405 4034 1532 4088 huic
1580 4036 1797 4090 steculo.
1847 4034 1904 4090 In
1961 4050 2071 4106 quo

2174 1923 2339 1979 trario
2384 1924 2758 1987 mansuetudo,
2814 1924 3344 1993 patientia,lenitas,
3383 1925 3743 1991 continentia,

2172 2016 2327 2080 ﬁdes,
2354 2015 2581 2078 veritas,
2604 2026 2924 2084 caeterzeque
2953 2017 3187 2071 virtutes
3227 2017 3469 2070 habitent
3492 2017 3543 2071 in
3577 2031 3742 2071 sensu

2169 2105 2332 2179 645
2351 2117 2463 2172 tuo,
2488 2105 2820 2162 conformem
2853 2116 2903 2162 te
2933 2107 3099 2163 l’uturi
3125 2108 3305 2162 Saeculi
3342 2109 3559 2174 facient,
3584 2118 3638 2163 et
3668 2108 3742 2165 ita

2172 2200 2448 2270 pulchram
2470 2198 2667 2253 animae
2685 2209 2787 2253 tua)
2803 2201 3041 2267 speciem
3064 2199 3309 2265 reddent,
3326 2208 3385 2254 ut
3400 2200 3631 2254 Verbum
3648 2199 3741 2256 Dei

2171 2291 2319 2360 quod
2353 2291 2637 2359 despondit
2667 2303 2786 2344 eam
2824 2292 2926 2345 sibi
2963 2293 3016 2344 in
3053 2291 3425 2347 misericordia
3449 2292 3492 2322 ¹⁶
3521 2300 3575 2345 et
3615 2291 3742 2356 lide,

2171 2384 2317 2437 dicat
2348 2385 2415 2437 ad
2456 2397 2575 2437 eam
2605 2397 2620 2435 :
2656 2381 2785 2435 Tota
2819 2400 2870 2436 es
2907 2383 3161 2451 formosa,
3193 2382 3434 2451 proxima
3461 2399 3575 2436 mea
3599 2382 3742 2456 (69),

2171 2486 2221 2528 et
2242 2475 2450 2528 macula
2471 2492 2573 2529 non
2603 2487 2677 2530 est
2712 2478 2765 2529 in
2798 2476 2928 2529 te".
2961 2474 3185 2529 Intende
3223 2485 3399 2528 autem
3431 2474 3746 2545 diligentius

2172 2566 2315 2634 quod
2348 2568 2425 2620 ait
2454 2583 2469 2620 :
2503 2566 2610 2622 Sed
2642 2566 3006 2636 reformamini
3054 2566 3386 2620 renovatione
3436 2583 3619 2621 sensus
3663 2583 3743 2621 ve-

2171 2658 2419 2731 stri(70),
2458 2669 2516 2714 nt
2554 2660 2807 2715 ostendat
2854 2660 3084 2713 formam
3129 2655 3347 2728 quidem
3378 2658 3757 2728 culpabilem:

2171 2750 2320 2818 prius
2351 2751 2497 2803 enim
2542 2749 2772 2804 formam
2829 2749 3048 2805 malitiae
3081 2750 3273 2805 habuit
3319 2750 3497 2806 omnis
3544 2751 3744 2807 anima.

2174 2836 2279 2893 Sed
2325 2839 2651 2894 adhortatur
2683 2856 2749 2896 ex
2783 2841 2888 2896 hoc
2918 2839 3480 2910 sermoapostolicus,
3534 2852 3617 2907 ut,
3654 2841 3746 2897 illa

2172 2929 2407 2999 abjecta,
2439 2932 2506 2985 ad
2537 2931 2874 3002 singularum
2908 2931 3168 2985 virtutum
3204 2933 3439 3001 Speciem
3480 2932 3746 2989 reforme-

2173 3035 2315 3083 nmr,
2347 3030 2403 3075 et
2446 3022 2523 3075 ita
2555 3022 2773 3076 demum
2810 3021 3082 3091 possimus
3116 3022 3356 3078 revelato
3388 3023 3532 3078 vultu
3561 3025 3746 3080 cordis

2173 3114 2400 3185 gloriam
2452 3113 2663 3169 Domini
2726 3117 2993 3186 speculari
3041 3120 3111 3174 ab
3162 3117 3467 3188 hujusmodi
3509 3119 3746 3188 imagine

2174 3206 2572 3261 transformati.
2609 3208 2896 3274 Quomodo
2923 3220 3107 3264 autem
3145 3210 3197 3264 in
3240 3212 3355 3266 haec
3386 3210 3744 3265 transforme-

2175 3314 2296 3351 mttr
2346 3299 2460 3366 ipse
2506 3300 2701 3356 edocet
2748 3302 2978 3358 dicens:
3014 3301 3373 3356 Renovatione
3413 3319 3599 3357 sensus
3650 3320 3737 3357 ve-

2171 3391 2269 3443 stri
2286 3389 2421 3460 (71).
2456 3389 2764 3447 Renovatur
2799 3404 2976 3448 autem
3021 3408 3215 3449 sensus
3246 3404 3428 3449 noster
3454 3408 3547 3464 per
3585 3409 3745 3450 exer-

2170 3482 2300 3536 citia
2331 3482 2631 3553 sapientia),
2666 3494 2721 3539 et
2755 3485 3160 3540 meditationem
3193 3485 3342 3539 verbi
3375 3485 3488 3552 Dei,
3520 3495 3575 3539 et
3606 3486 3744 3553 legis

2171 3572 2287 3642 ejus
2326 3573 2739 3645 intelligentiam
2765 3577 3064 3647 spiritalem
3095 3595 3109 3633 :
3137 3587 3192 3633 et
3223 3588 3429 3648 quanto
3459 3581 3581 3649 quis
3609 3595 3745 3650 quo-

2162 3663 2305 3724 tidie
2356 3678 2426 3719 ex
2480 3666 2890 3738 Scripturarum
2936 3669 3155 3738 prolicit
3211 3670 3479 3734 lectione,
3537 3680 3741 3740 quanto

2173 3759 2340 3817 altius
2371 3758 2678 3815 intellectus
2710 3758 2826 3827 ejus
2860 3762 3088 3826 accedit,
3139 3772 3288 3817 tanto
3329 3777 3544 3835 semper
3570 3779 3744 3820 novus

2173 3864 2228 3911 et
2276 3853 2519 3924 quotidie
2561 3868 2738 3909 novus
2780 3852 3171 3925 eﬂicitur(72).
3223 3854 3418 3910 Nescio
3463 3867 3643 3910 autem
3692 3858 3741 3914 si

2171 3956 2352 4016 potest
2379 3947 2626 4000 renovari
2677 3960 2868 4001 sensus
2896 3946 2987 4016 qui
3030 3947 3184 4016 piger
3217 3956 3299 4001 est
3329 3963 3457 4018 erga
3498 3946 3745 4016 Scriptu-

2177 4052 2268 4091 ras
2317 4036 2532 4091 divinas
2589 4046 2647 4091 et
2704 4036 3073 4107 intelligentiae
3130 4039 3392 4107 spiritalis
3422 4026 3737 4105 .exercitia,

492 4121 735 4176 ostendit
788 4135 911 4178 esse
945 4126 1238 4195 quamdam
1269 4124 1500 4183 formam
1546 4127 1710 4197 hujus
1750 4128 1970 4195 saeculi,
2020 4135 2077 4182 et
2178 4126 2382 4198 quibus
2431 4127 2604 4198 possit
2656 4144 2764 4182 non
2810 4127 2983 4183 solum
3014 4129 3325 4199 intelligere
3362 4144 3487 4199 quae
3538 4130 3739 4200 scripta

565 4286 588 4319 ⁸
639 4286 814 4344 Levit.
855 4303 928 4353 iv,
967 4289 1117 4352 5J5,
1158 4288 1250 4350 εἰ,
1282 4291 1349 4344 2'7
1399 4307 1517 4358 seq.

496 4371 582 4427 Iv,
630 4358 718 4413 18.
798 4359 842 4391 ¹⁴
872 4358 1026 4413 Joan.
1061 4375 1146 4425 sv,
1196 4360 1281 4425 19,
1309 4361 1401 4416 20.

568 4493 682 4564 (6i)
715 4496 868 4551 Deest
894 4498 994 4552 hoc
1020 4500 1072 4552 in
1107 4500 1287 4554 editis.

574 4566 689 4639 (62)
720 4568 884 4639 ξξιιίιί,
909 4571 1054 4635 prius
1075 4571 1309 4623 ordinem
1351 4572 1533 4639 possit.

570 4635 684 4706 (65)
721 4636 889 4702 Editi,
923 4639 1161 4705 putanda
1198 4648 1320 4693 sunt
1351 4635 1431 4693 ἐπ
1456 4639 1569 4694 sola
1606 4641 1928 4706 virginitate,
1953 4651 2063 4698 etc.

572 4704 681 4777 (δι)
734 4706 833 4777 Ms.
870 4704 1070 4776 Regius
1097 4711 1265 4765 lnum.
1297 4710 1456 4774 l6'59,
1498 4721 1644 4764 recte
1664 4704 1780 4774 [ne
1810 4704 2061 4777 surdum;

496 4783 557 4829 et
590 4774 729 4848 hanc
773 4774 1085 4848 lectioni-im
1106 4781 1387 4834 conllrmat
1431 4781 1575 4848 quod
1621 4795 1779 4848 supra
1825 4774 2062 4845 dicitur,

499 4852 593 4896 aut
642 4845 701 4897 in
754 4846 995 4900 auribus.
1046 4846 1244 4902 Cmteri
1310 4845 1465 4903 vero'
1498 4864 1652 4912 mss.,
1689 4845 1967 4905 'Rabanus
2006 4862 2061 4905 et

499 4914 629 4989 editi
666 4913 777 4975 alii,
813 4931 876 4989 ne
904 4917 1107 4989 vulsum
1130 4919 1352 4981 animal,
1373 4919 1445 4974 al.
1486 4935 1550 4972 ne
1575 4919 1813 4973 avulsum
1837 4922 2058 4989 animal,

501 4983 575 5036 al.
624 4999 688 5036 ne
713 4983 945 5037 evulsum
990 4988 1208 5041 animal.
1261 4989 1399 5043 Editi
1436 4990 1698 5043 omittunt
1731 4989 1950 5045 animal.

573 5049 683 5123 (65)
742 5050 845 5106 Sed
880 5054 1243 5122 reformamini
1280 5059 1334 5112 in
1390 5060 1619 5112 novitate
1664 5076 1848 5113 sensus
1882 5061 2055 5123 vestri,

503 5133 560 5193 ut
586 5122 823 5193 probetis
868 5140 987 5193 qute
1030 5126 1096 5178 sit
1124 5126 1363 5183 voluntas
1411 5128 1528 5193 Dei,
1574 5130 1712 5192 quod
1759 5130 1972 5192 bonum,
2008 5143 2056 5183 et

504 5191 906 5263 beneplacitum',
942 5202 992 5246 et
1027 5194 1334 5263 perfectum.
1392 5191 1521 5252 Haec
1561 5191 1717 5252 verba
1741 5198 2058 5253 desideran-

508 5271 596 5316 tur
622 5263 674 5315 in
712 5260 865 5318 libris
893 5274 1050 5333 antea
1087 5260 1266 5320 editis.
1304 5267 1468 5321 Paulo
1498 5276 1617 5333 post
1636 5282 1763 5322 vero
1812 5285 1911 5323 ms.
1948 5267 2056 5322 Re-

505 5333 628 5407 gius
658 5345 829 5407 nu_m._
869 5331 1007 5407 163:9
1043 5335 1224 5398 habet,
1255 5335 1356 5390 Sed
1405 5331 1509 5407 nos
1537 5338 1803 5405 signantus
1845 5339 2054 5407 quidem

502 5400 630 5469 quid
664 5402 774 5478 _sit_
811 5403 867 5455 in
912 5400 1135 5469 Graeco;
1178 5400 1609 5461 consuetudinem
1657 5400 2056 5478 tamen'sequi-

504 5486 624 5523 mur
656 5469 986 5526 Latinorum.

579 5538 692 5611 (66)
746 5540 907 5611 Ergo.
952 5542 1233 5616 Omittitnr
1266 5543 1547 5616 inpeditis
1577 5554 1633 5600 et
1679 5546 1733 5600 in
1794 5545 2064 5616 plerisque

506 5624 666 5674 mss.,
735 5626 940 5684 necnon
978 5622 1035 5668 et
1079 5615 1220 5684 apud
1262 5614 1582 5684 Rabanum,
1627 5618 1723 5671 sed
1757 5614 2068 5672 restituiiur

505 5692 703 5750 ex‘nts.
742 5681 907 5750 Regio
940 5698 1089 5737 nunt.
1116 5681 1288 5739 1659.

578 5748 692 5816 (67)
750 5748 878 5807 Mss.
911 5753 1156 5823 plerique
1177 5793 1193 5824 ,
1236 5756 1488 5813 Rabanus
1509 5763 1565 5813 et
1586 5755 2067 5829 editi,agnoscant.

1625 4292 1669 4324 ¹⁰
1700 4291 1739 4346 ll
1779 4292 1906 4348 Cor.
1938 4308 2036 4360 vit,
2058 4292 2111 4347 5.

1483 4362 1526 4394 ¹⁶
1566 4360 1586 4415 1
1619 4361 1745 4419 Cor.
1778 4378 1872 4428 xv,
1898 4361 1989 4418 46.
2066 4363 2110 4395 "
2132 4361 2273 4419 Osee
2313 4377 2374 4427 tt,
2418 4362 2504 4417 l9.
2584 4361 2626 4393 "
2652 4360 2827 4417 Cant.
2854 4376 2929 4428 ιν,
2980 4361 3034 4415 7.

2191 4293 2232 4324 ¹¹
2258 4291 2431 4347 Levit.
2457 4292 2659 4355 xxtl,‘21
2701 4306 2854 4361 seqq.
2936 4292 2978 4323 ¹¹
3015 4291 3171 4347 Rom.
3203 4308 3302 4358 sn,
3333 4293 3386 4346 2.
3464 4292 3507 4324 ¹³
3531 4292 3571 4347 ll
3614 4293 3741 4349 Con.

2096 4506 2142 4561 D
2170 4502 2392 4558 Rectius
2429 4516 2535 4555 ms.
2578 4516 2753 4565 unus,
2790 4509 3105 4569 agnoscunt.

2239 4573 2351 4643 (68)
2416 4572 2518 4643 Sic
2560 4584 2751 4626 omnes
2795 4586 2924 4627 mss.
2967 4580 3023 4624 et
3073 4571 3348 4643 Rabauus.
3391 4572 3528 4643 Editi
3568 4587 3737 4630 vero:

2180 4641 2338 4697 Vide
2372 4658 2436 4696 ne
2493 4641 2636 4710 forte,
2678 4657 2797 4693 cum
2844 4643 3040 4694 venerit
3086 4642 3238 4710 ira...
3308 4642 3626 4709 conformem
3685 4651 3739 4699 te

2166 4713 2335 4780 facias
2372 4709 2562 4781 (editio
2600 4709 2806 4782 Veneta
2874 4712 3104 4782 facient;
3145 4709 3398 4764 Rabanus
3434 4712 3733 4782 faciunt)...

2164 4779 2414 4835 similiter
2446 4792 2491 4836 et
2528 4779 2953 4853 concupiscentia
2979 4781 3212 4835 mala....
3255 4793 3302 4834 et
3326 4792 3516 4834 cwtera
3546 4779 3735 4853 quibus

2167 4868 2395 4919 pra’sens
2435 4852 2711 4919 saxulum,
2746 4859 2856 4905 etc.

2239 4920 2351 4987 (69)
2393 4921 2553 4985 Editi,
2605 4918 2776 4973 amica
2811 4936 2942 4980 mea,
2978 4918 3136 4974 male.

2237 4990 2350 5061 (70)
2380 4989 2470 5044 Sic
2496 5006 2594 5045 IIIS.
2626 4989 2825 5056 Regius
2849 5005 2995 5046 num.
3024 4988 3187 5061 H359.
3208 4988 3349 5061 ΕιΙίιί
3381 5004 3512 5045 vero
3542 4997 3597 5046 et
3627 4991 3736 5045 Ra-

2168 5061 2362 5123 banus,
2387 5061 2443 5113 in
2469 5062 2699 5113 novitate
2736 5074 2916 5112 sensus
2949 5060 3127 5113 vestri.
3152 5060 3343 5113 Czeteri
3387 5075 3541 5124 mss.,
3573 5078 3733 5115 reno-

2162 5131 2370 5183 vatione
2398 5131 2454 5183 in
2489 5130 2718 5183 novitate
2747 5144 2927 5181 sensus
2958 5129 3132 5183 vestri.
3164 5128 3366 5184 Deinde
3390 5145 3521 5184 mss.
3555 5133 3729 5184 nostri

2163 5214 2354 5268 omnes
2375 5209 2432 5254 et
2454 5199 2732 5268 Rabanus,
2764 5196 2834 5251 Ut
2856 5200 3090 5252 ostendat
3115 5200 3239 5268 quia
3261 5199 3483 5267 formam
3521 5201 3732 5268 quidem

2160 5267 2473 5337 culpabilem
2502 5269 2652 5336 prius
2678 5266 2904 5336 formam
2935 5266 3175 5332 malitiae,
3206 5266 3311 5323 etc.
3350 5266 3571 5323 Boetius
3605 5285 3733 5323 vero

2159 5339 2289 5393 editi
2319 5348 2376 5392 ut
2391 5338 2444 5392 in
2463 5348 2649 5393 nostro
2665 5346 2834 5409 textu.
2855 5338 3254 5409 Genebrardus,
3282 5354 3381 5408 pro
3402 5339 3737 5409 culpabilem,

2162 5422 2448 5479 perperam
2485 5409 2653 5479 habet
2683 5408 3025 5475 probabilem.

2270 5476 2358 5542 71)
2388 5479 2552 5542 Editi,
2583 5476 2652 5531 In
2686 5479 3015 5532 renovatione
3048 5495 3226 5533 sensus
3260 5479 3446 5532 nostri.

2245 5480 2330 5548 (71
2388 5480 2552 5542 Editi,
2583 5480 2652 5531 In
2686 5480 3015 5532 renovatione
3048 5495 3226 5533 sensus
3260 5480 3446 5532 nostri.

2245 5480 2358 5620 (72)
2386 5548 2547 5620 ΕιΙίιΑἰ,
2589 5557 2638 5602 et
2693 5557 2946 5620 quantum
3005 5549 3122 5617 quis
3173 5550 3495 5617 quatidie....
3534 5554 3734 5620 quanto

2175 5615 2346 5673 altius
2366 5616 2663 5695 intellectus
2697 5615 2910 5695 incedit,
2946 5615 3089 5695 tanta
3120 5615 3319 5695 semper
3364 5615 3733 5695 novus'magis
3772 5672 3779 5695 ὃ

2175 5698 2224 5743 et
2255 5688 2484 5757 quotidie
2510 5688 2692 5741 novior
2712 5686 2950 5756 efﬁcitur.
2971 5688 3169 5742 Deinde
3193 5702 3326 5741 mss.
3350 5690 3590 5756 quidam,
3628 5689 3737 5741 lie-

2177 5758 2295 5814 scio.
2314 5768 2487 5814 autem
2510 5759 2555 5812 si
2582 5757 2822 5812 renovari
2850 5766 3017 5826 potest
3043 5775 3196 5814 sensu
3221 5758 3311 5830 qui
3335 5759 3478 5831 piger
3503 5770 3603 5829 est,
3626 5768 3733 5813 etc.
