4150 6472
434 342 570 397 1207

1855 342 2176 398 ΟΒῙΟΕΝῘΞ

3535 336 3676 391 laus

424 470 575 525 sunt,
604 473 792 513 verum
827 464 882 512 et
913 457 1184 525 explicare
1231 460 1473 527 apertius
1500 459 1636 531 ('75),
1670 468 1726 516 et
1760 459 1995 514 manile-
2025 463 2072 517 Α
2098 457 2189 511 Dei
2230 458 2343 510 lucc
2386 457 2528 509 bona
2559 462 2664 520 est,
2712 462 2767 507 et
2808 451 3167 521 beneplacita,
3202 456 3365 520 atque
3397 452 3671 519 perlecta;

425 562 572 607 stare
600 550 933 621 diligentius.
971 549 1156 605 Potest
1188 558 1373 605 tamen
1419 552 1534 606 lieri
1571 561 1631 606 ut
1671 567 1777 606 non
1815 553 1995 607 omnis

425 657 620 698 sensus
652 642 703 694 in
730 643 831 694 hoc
862 640 1034 709 possit
1062 642 1330 705 renovari,
1361 651 1421 695 ut
1451 643 1727 711 agnitione
1754 644 1996 698 scientiae

425 731 703 786 dilatetur.
734 730 915 785 Potest
940 731 1086 784 enim
1112 736 1363 786 renovari
1395 748 1590 788 sensus
1614 735 1680 787 ad
1701 734 1994 804 justitiam,

424 825 491 877 ad
526 824 944 886 continentiam,
974 824 1041 877 ad
1079 824 1535 888 misericordiam,
1567 823 1756 890 ﬁdem,
1783 827 2001 895 patien-

422 914 579 968 tiam.
617 913 723 969 Sed
771 915 894 969 vide
922 916 1055 983 quid
1091 915 1145 969 in
1195 915 1550 985 sequentibus
1594 916 1720 972 huic
1763 932 1997 972 renova-

424 1006 557 1060 tioni
618 1021 812 1061 sensus
874 1007 1140 1078 adjungat
1184 1009 1499 1078 Apostolus.
1535 1006 1603 1062 Ut
1635 1008 1886 1077 probetis,
1915 1011 1998 1063 in-

421 1096 541 1165 quit
557 1096 690 1167 (74),
702 1114 819 1167 quaa
833 1099 897 1150 sit
916 1099 1156 1152 voluntas
1175 1098 1292 1163 Dei,
1311 1100 1450 1169 quod
1463 1099 1675 1163 bonum,
1692 1110 1738 1152 et
1755 1100 1996 1167 benepla-

422 1189 611 1251 citum,
632 1198 680 1241 et
707 1190 1011 1259 perfectum.
1040 1189 1105 1243 Et
1137 1192 1324 1258 utique
1354 1191 1454 1244 nisi
1483 1190 1549 1244 ad
1573 1205 1790 1245 omnem
1819 1190 1995 1244 scien—

422 1278 554 1331 tiam
600 1290 893 1334 renovatus
923 1282 991 1335 sit
1034 1296 1252 1344 sensus,
1298 1291 1356 1335 et
1402 1289 1547 1334 totus
1594 1280 1690 1334 Dei
1728 1281 1992 1347 sapientia

424 1367 782 1431 illuminatus.
826 1371 1063 1439 probare
1116 1388 1218 1425 non
1255 1381 1435 1442 potest
1467 1386 1588 1441 quae
1629 1373 1701 1426 sit
1745 1370 1995 1425 voluntas

423 1455 540 1511 Dei.
582 1458 637 1511 In
675 1460 860 1512 multis
902 1461 1044 1513 enim
1089 1470 1311 1529 putatur
1351 1475 1476 1514 esse
1508 1460 1759 1513 voluntas
1792 1460 1911 1525 Dei,
1938 1467 1995 1512 et

422 1562 528 1602 non
561 1557 663 1602 est.
695 1551 753 1603 lu
783 1564 891 1618 quo
931 1550 982 1603 lii
1033 1550 1225 1617 utique
1263 1550 1352 1619 qui
1388 1563 1607 1605 sensum
1648 1564 1753 1602 non
1792 1549 1997 1603 habent

423 1648 764 1704 renovatum,
803 1648 990 1694 errant
1030 1649 1083 1694 et
1119 1638 1397 1694 falluntur.
1438 1640 1533 1695 Est
1570 1649 1749 1694 autem
1801 1655 1991 1694 revera

422 1743 530 1783 non
565 1727 933 1801 cujuscunque
979 1746 1173 1786 sensus
1199 1731 1336 1803 (75),
1378 1732 1473 1788 sed
1526 1733 1684 1788 valde
1720 1733 1989 1792 renovati.

2101 558 2158 600 et
2190 562 2296 600 non
2330 547 2453 601 talis
2483 560 2602 614 qua:
2626 545 2798 615 magis
2825 545 3114 599 desideriis
3147 544 3347 598 nostris
3371 543 3670 612 indulgeat,

2101 654 2260 708 quam
2310 639 2637 692 utilitatibus
2682 636 2958 692 consulat.
3001 635 3108 692 Sed
3155 634 3266 703 jam
3296 634 3362 688 ad
3392 638 3670 704 sequentia

2102 740 2507 786 convertamur.

2169 823 2226 875 2.
2259 821 2387 875 Dico
2431 823 2570 875 enim
2614 837 2709 888 per
2750 821 3010 890 gratiam,
3063 838 3180 890 qua:
3223 824 3352 876 data
3396 831 3471 876 est
3519 822 3668 884 mihi,

2102 913 2340 967 omnibus
2383 915 2475 983 qui
2511 923 2631 966 sunt
2676 914 2815 967 inter
2861 928 2948 967 vos
2986 931 3008 967 :
3043 930 3148 967 non
3188 915 3304 983 plus
3345 931 3525 982 sapere
3557 912 3671 984 (79)

2101 1020 2263 1074 quam
2292 1012 2492 1071 oportet
2533 1018 2716 1069 sapere
2740 1042 2758 1069 ,
2809 1003 2901 1056 sed
2957 1019 3142 1071 sapere
3181 1007 3251 1057 ad
3299 1005 3671 1058 sobrietatem:

2101 1096 2384 1164 unicuique
2424 1096 2558 1147 sicut
2597 1074 2775 1146 divisit
2829 1092 2968 1146 Deus
3007 1110 3304 1147 mensuram
3335 1094 3482 1162 fidei.
3521 1091 3675 1146 Sicut

2100 1186 2239 1238 enim
2300 1185 2357 1237 in
2405 1200 2510 1237 uno
2565 1200 2781 1250 corpore
2858 1185 3025 1237 multa
3089 1187 3324 1237 mentbra
3387 1183 3672 1246 habemus,

2100 1276 2329 1329 membra
2372 1286 2548 1328 autem
2592 1276 2770 1327 omnia
2820 1290 2923 1328 non
2956 1274 3194 1329 eumdem
3231 1287 3406 1328 actum
3442 1275 3675 1327 habent:

2099 1367 2175 1418 ita
2209 1366 2361 1419 multi
2409 1381 2574 1418 unum
2608 1381 2800 1435 corpus
2844 1382 3027 1420 sumus
3069 1368 3125 1419 in
3169 1366 3418 1430 Christo;
3472 1364 3675 1434 singuli

2099 1466 2274 1509 autem
2301 1455 2438 1509 alter
2468 1456 2688 1509 alterius
2713 1458 2944 1509 membra
2956 1456 3023 1510 '°.
3051 1456 3341 1511 Sciendum
3365 1457 3540 1523 primo
3567 1466 3674 1520 est.

2098 1548 2241 1615 quod
2271 1549 2357 1602 ubi
2378 1564 2475 1603 nos
2501 1548 2788 1613 habemus,
2808 1549 3051 1602 omnibus
3072 1549 3163 1618 qui
3182 1560 3303 1601 sunt
3332 1550 3467 1602 inter
3486 1564 3596 1611 vos,
3617 1547 3675 1602 in

2099 1637 2289 1693 Graeco
2343 1639 2591 1705 habetur,
2636 1640 2779 1693 omni
2812 1640 2903 1709 qui
2948 1649 3024 1692 est
3062 1641 3116 1692 in
3176 1643 3337 1692 vobis.
3363 1638 3463 1706 Qui
3492 1654 3677 1694 sermo

2099 1731 2288 1800 utique
2328 1731 2393 1783 ad
2437 1745 2532 1785 eos
2563 1731 2766 1783 indicat
2800 1730 3037 1783 verbum
3084 1729 3222 1793 ﬁeri,
3260 1731 3349 1799 qui
3389 1745 3512 1784 cum
3548 1739 3677 1784 ante

420 1830 476 1874 et
503 1820 584 1890 (ut
613 1821 683 1874 ita
714 1822 915 1894 dicam)
947 1825 1012 1876 ad
1045 1823 1138 1879 Dei
1183 1822 1297 1891 jam
1344 1824 1636 1894 imaginem
1687 1822 1991 1889 reformati,
2026 1822 2073 1877 Β
2099 1838 2203 1876 non
2233 1820 2454 1886 fuerint,
2508 1836 2649 1875 nunc
2697 1835 2820 1875 esse
2863 1829 3168 1888 coeperunt.
3223 1820 3368 1875 Deus
3414 1821 3587 1884 enim,
3617 1827 3678 1873 ut

423 1913 655 1978 probare
698 1914 752 1968 in
806 1915 1035 1985 singulis
1080 1917 1391 1985 quibusque
1433 1931 1556 1985 quae
1603 1917 1837 1987 agimus,
1873 1931 1995 1985 quae

422 2005 714 2073 loquimur,
760 2020 880 2073 quae
923 2007 1245 2077 cogitamus,
1286 2009 1329 2061 si
1360 2008 1434 2062 sit
1474 2008 1726 2061 voluntas
1776 2008 1907 2073 Dei;
1941 2019 1995 2063 et

423 2096 559 2150 nihil
605 2098 827 2153 omnino
866 2098 950 2152 vel
990 2113 1177 2166 agere,
1225 2099 1310 2153 vel
1355 2099 1560 2162 dicere,
1615 2099 1695 2152 vel
1754 2100 1995 2170 eugitare

422 2187 565 2253 quod
591 2188 857 2242 voluntati
925 2191 1014 2244 Dei
1064 2204 1173 2242 non
1226 2190 1464 2243 senserit
1515 2193 1830 2243 convenire.
1862 2188 1996 2253 Qua:

421 2278 509 2341 sit,
546 2278 740 2348 inquit,
771 2277 1017 2333 voluntas
1057 2279 1174 2343 Dei,
1214 2280 1357 2349 quod
1388 2280 1602 2343 bonum,
1633 2291 1679 2334 et
1704 2281 1995 2349 beneplaci-

423 2381 554 2434 tum,
583 2379 633 2423 et
668 2369 974 2438 perfectum.
1012 2369 1071 2424 Si
1111 2371 1411 2425 secundum
1443 2372 1546 2426 hoc
1577 2370 1819 2439 legamus
1846 2371 1991 2439 quod

424 2458 478 2511 in
514 2458 724 2512 Latinis
773 2457 1053 2512 codicibus
1092 2459 1420 2522 invenimus,
1468 2459 1558 2513 hic
1600 2460 1705 2512 erit
1751 2474 1990 2514 sensus:

421 2547 558 2612 Quia
592 2547 841 2602 voluntas
877 2547 972 2602 Dei
1020 2558 1103 2603 est
1149 2550 1413 2619 quidquid
1456 2551 1678 2616 bonum,
1724 2561 1781 2605 et
1827 2553 1994 2606 bene-

422 2638 704 2705 placitum,
732 2649 787 2693 et
813 2639 1111 2707 perlectum
1136 2649 1218 2695 est
1237 2641 1347 2710 (76)
1374 2658 1387 2694 :
1415 2655 1515 2695 nec
1536 2641 1832 2712 potest(77)
1851 2641 1993 2695 aliud

422 2731 563 2783 velle
608 2729 770 2797 Deus,
817 2732 917 2786 nisi
972 2734 1116 2801 quod
1157 2732 1357 2785 bonum
1389 2743 1474 2786 est
1502 2750 1515 2785 :
1543 2741 1596 2788 et
1626 2735 1815 2799 utique
1849 2734 1993 2802 quod

427 2820 628 2873 bonum
669 2832 755 2875 est
781 2832 836 2877 et
877 2823 1200 2892 perfectum,
1233 2824 1355 2879 sine
1387 2825 1549 2879 dubio
1597 2825 1702 2879 hoc
1737 2826 1844 2880 Deo
1876 2826 1992 2895 pla-

430 2920 537 2964 cet.
591 2911 647 2965 Si
692 2926 820 2966 vero
864 2914 1159 2967 secundum
1216 2914 1322 2968 hoc
1371 2916 1515 2982 quod
1559 2914 1796 2967 diximus
1853 2915 1993 2983 apud

423 2999 643 3055 Graecos
672 3001 883 3067 haberi,
913 3003 962 3057 id
1008 3014 1092 3058 est
1132 3015 1188 3059 ut
1230 3005 1456 3072 probetis
1490 3021 1608 3075 quia
1636 3007 1703 3058 sit
1752 3006 1993 3064 uoluntas

422 3089 522 3145 Dei
551 3091 706 3157 bona,
740 3103 787 3146 et
814 3093 1159 3163 beneplacita,
1185 3106 1232 3149 et
1265 3095 1518 3164 perfecta,
1552 3105 1733 3165 potest
1770 3098 1990 3167 quidem

423 3181 564 3234 idem
588 3183 730 3250 quod
770 3197 933 3253 supra
964 3185 1221 3250 diximus,
1267 3185 1462 3250 videri,
1492 3187 1637 3254 quod
1665 3186 1778 3260 (78)
1811 3190 1993 3244 omnis

427 3270 669 3325 voluntas
702 3273 795 3327 Dei
828 3276 965 3328 bona
994 3276 1089 3339 sit,
1126 3286 1183 3329 et
1234 3276 1600 3345 beneplacita,
1639 3287 1698 3332 et
1725 3278 1989 3348 perlecta.

420 3360 608 3418 Potest
637 3375 817 3420 autem
844 3375 899 3421 et
931 3367 1036 3421 tale
1061 3367 1266 3436 aliquid
1298 3369 1351 3423 in
1382 3370 1467 3425 bis
1492 3372 1839 3425 sermonibus
1866 3387 1994 3427 sen-

423 3452 535 3517 tiri,
570 3454 697 3522 quia
742 3455 836 3511 Dei
875 3456 1091 3525 quidem
1139 3458 1392 3513 voluntas
1435 3474 1651 3529 semper
1691 3462 1833 3517 bona
1876 3472 1991 3528 est,

420 3545 515 3598 sed
547 3560 658 3599 non
689 3561 904 3616 semper
933 3548 1073 3601 bona
1101 3549 1217 3619 ejus
1245 3549 1523 3604 voluntate
1549 3552 1851 3621 dispensari
1880 3570 1995 3610 me-

423 3650 630 3703 remur,
660 3654 834 3708 neque
862 3639 1198 3708 beneplaeita
1232 3650 1289 3695 et
1322 3641 1584 3708 perlecta.
1610 3644 1773 3699 Verbi
1805 3661 1990 3714 causa,

422 3737 482 3780 ut
513 3741 806 3800 angeretur
834 3732 965 3786 Saul
999 3734 1050 3787 in
1103 3748 1280 3804 regem
1337 3735 1439 3790 fuit
1486 3737 1702 3807 quidem
1734 3740 1991 3795 voluntas

422 3817 543 3883 Dei,
564 3822 660 3876 sed
691 3837 798 3877 non
830 3822 1193 3894 beneplacita,
1233 3841 1408 3896 neque
1444 3830 1709 3897 perlecta.
1743 3832 2019 3888 Irascens‘

419 3911 570 3962 enim
590 3911 808 3980 populo,
837 3915 928 3983 qui
961 3914 1287 3972 refutaverat
1316 3919 1484 3973 Deum
1514 3921 1716 3976 habere
1744 3938 1906 3992 super
1934 3940 1996 3980 se

422 4015 626 4071 regem,
655 4018 836 4073 regem
864 4007 944 4061 eis
974 4009 1247 4064 hominem
1273 4011 1439 4080 jussit
1472 4013 1682 4069 institui
1701 4015 1767 4069 ³⁸.
1801 4013 1906 4071 Sed
1941 4025 1995 4072 et

421 4091 690 4162 Propheta
734 4112 801 4151 ex
853 4114 1081 4167 persona
1121 4102 1211 4156 Dei
1260 4103 1392 4158 dicit
1423 4122 1436 4158 :
1466 4103 1661 4160 Dimisi
1693 4123 1783 4161 eos
1808 4124 1994 4161 secun-

421 4186 549 4238 dum
577 4186 838 4241 desideria
879 4193 1053 4245 cordis
1094 4208 1297 4259 eorum,
1330 4205 1386 4248 ut
1432 4195 1566 4250 irent
1596 4198 1653 4251 in
1690 4199 1993 4260 cupiditati-

422 4280 519 4331 bus
553 4279 661 4332 suis
679 4281 748 4333 ’⁸.
782 4280 873 4335 Sic
922 4296 1050 4352 ergo
1096 4286 1385 4354 aliquando
1417 4291 1476 4341 lit
1506 4289 1757 4345 voluntas
1793 4290 1885 4345 Dei
1936 4292 1991 4344 in

422 4373 511 4425 his
561 4373 611 4426 in
660 4375 855 4442 quibus
887 4377 1323 4445 concupiscimus
1356 4391 1412 4434 et
1447 4382 1819 4437 desideramus
1847 4396 1863 4435 :
1897 4384 1991 4439 sed

422 4466 512 4532 qui
550 4477 841 4519 renovatus
883 4479 966 4522 est
1000 4486 1184 4534 sensu.
1214 4474 1447 4540 probare
1470 4477 1640 4531 debet
1664 4478 1709 4531 si
1740 4477 1991 4533 voluntas

496 4558 581 4632 9|
622 4559 750 4626 Reg.
778 4575 874 4623 vu,
910 4560 940 4611 7
969 4576 1085 4632 seq.

420 4628 591 4684 Ηέοι·⁸
620 4640 683 4692 ιι,
708 4633 762 4682 Δ.

492 4721 604 4791 (75)
646 4723 814 4793 lirliti,
846 4742 909 4778 ea
937 4727 1201 4793 applicare
1230 4730 1483 4789 apertius.

492 4795 601 4863 (74)
634 4792 833 4869 Ittquit.
872 4792 1029 4869 Deest
1071 4798 1121 4849 in
1161 4799 1323 4869 editis
1367 4810 1422 4852 et
1470 4801 1521 4852 in
1572 4801 1822 4869 pluribus
1845 4816 1977 4859 mss.

426 4879 634 4915 necnon
684 4868 823 4931 apud
876 4866 1179 4925 Rabanum.
1213 4868 1306 4920 sed
1338 4866 1644 4923 restituitur
1672 4888 1741 4925 ex
1773 4866 1983 4929 tltobus

422 4949 551 4987 mss.
591 4935 792 5006 Regiis.
836 4934 1042 4989 Deinde
1092 4954 1221 4991 mss.
1253 4937 1494 5006 plerique
1520 4951 1574 4994 et
1599 4941 1752 5000 editi,
1791 4942 1854 4995 Et
1880 4944 1985 4996 uti-

418 5019 518 5079 que
557 5005 659 5057 nisi
693 5003 761 5055 ad
803 5021 977 5058 omnes
1011 5003 1312 5079 (Raliamis,
1365 5003 1433 5060 ad
1466 5011 1664 5079 omnia)
1705 5021 1983 5067 renovatus

420 5073 485 5151 sit
510 5088 710 5151 sensus,
747 5085 795 5128 et
820 5077 1296 5151 totus_(Rabanus,
1335 5088 1386 5151 et
1423 5080 1554 5151 tota)
1598 5073 1696 5134 Dei
1726 5085 1986 5149 sapientia

418 5142 773 5205 illuminatus.
808 5153 915 5198 etc.
938 5142 1055 5217 Sed
1087 5163 1213 5202 mss.
1247 5147 1442 5217 Regius
1485 5142 1633 5203 num.
1662 5142 1814 5209 1659.
1849 5161 1905 5205 ιιι
1935 5153 1985 5207 in

420 5224 608 5289 nostro
642 5224 814 5289 textu,
846 5216 946 5289 n‘isi
987 5220 1128 5289 quod
1173 5233 1272 5286 pro
1307 5216 1355 5289 et
1408 5229 1547 5273 totus
1579 5220 1676 5274 Dei
1706 5223 1985 5289 sapientia,

422 5280 697 5357 habeant
737 5286 812 5337 ita
854 5285 947 5338 Dei
990 5280 1267 5355 sapieniia.
1309 5287 1474 5343 Paulo
1517 5302 1636 5357 post
1684 5280 1813 5345 vero
1844 5280 1984 5346 idem

424 5366 527 5431 ius.
552 5353 751 5431 Regius
774 5365 828 5431 et
851 5357 976 5409 editi
999 5353 1211 5431 habent
1233 5374 1457 5431 numero
1485 5353 1767 5431 singulari,
1798 5361 1853 5415 in
1882 5378 1985 5431 quo

422 5421 467 5496 i‘s
494 5425 677 5496 utique
698 5426 789 5494 qui
821 5442 1027 5479 sensum
1064 5444 1167 5481 non
1193 5427 1346 5481 habet
1386 5421 1709 5493 renovatum,
1741 5421 1907 5496 crrat,
1937 5442 1986 5483 et

425 5489 664 5556 fallitur;
689 5489 779 5548 s'cd
809 5499 989 5551 caeteri
1021 5513 1151 5553 mss.
1181 5508 1235 5552 et
1258 5496 1512 5555 Rabanus
1536 5489 1819 5570 pluraliter
1848 5489 1906 5556 ιιί
1933 5503 1983 5555 in

425 5570 611 5615 11081.Γο
649 5574 815 5619 textu.

498 5631 612 5770 (75)
647 5632 811 5699 Editi,
842 5652 944 5689 non
971 5636 1223 5706 cujusque
1249 5632 1452 5694 sensus.

526 5701 613 5770 76)
645 5702 705 5756 Si
751 5710 1034 5759 secundum
1085 5709 1183 5761 hoc
1222 5708 1452 5770 legamus

526 5701 621 5785 76).
645 5701 1044 5785 Si_secundum'
1081 5701 1183 5785 [ioc
1222 5708 1455 5785 legamus
1495 5711 1635 5785 quod
1660 5712 1735 5785 fin
1779 5711 1981 5785 Latinis

429 5773 696 5825 codicibus
718 5774 1026 5843 invenimus,
1073 5778 1154 5831 hic
1194 5773 1289 5833 erit
1325 5773 1545 5836 sensus:
1572 5780 1709 5847 Quia
1741 5784 1977 5837 voluntas

1165 4564 1209 4596 "
1235 4565 1435 4619 Psaltn.
1460 4583 1622 4634 uxx,
1648 4568 1735 4623 15.
1808 4569 1858 4600 ’⁸
1885 4570 2041 4624 Rom.
2064 4583 2167 4632 xu,
2208 4568 2243 4621 ὃ
2290 4581 2405 4637 seq.
2478 4566 2685 4620 “Rom.
2717 4580 2794 4629 tv,
2855 4564 2941 4620 17.

2099 1914 2237 1968 idem
2265 1914 2558 1984 Apostolus
2581 1912 2694 1983 (80)
2729 1904 2887 1977 ait“,
2920 1922 3069 1967 vocat
3095 1929 3213 1983 qua:
3242 1929 3348 1967 non
3380 1923 3523 1980 sunt,
3554 1924 3678 1967 tan—

2094 2021 2251 2073 quam
2283 2022 2401 2072 qutc
2427 2015 2569 2058 sunt.
2611 2003 2779 2080 646
2805 2002 2919 2057 Non
2952 2013 3076 2057 sunt
3104 2015 3280 2058 autem
3307 2004 3359 2058 hi
3386 2005 3478 2073 qui
3507 2003 3680 2074 parti-

2095 2096 2244 2163 cipes
2294 2110 2400 2147 non
2460 2107 2585 2148 sunt
2635 2096 2753 2161 ejus
2790 2095 2885 2164 qui
2929 2109 3058 2148 vere
3112 2105 3219 2159 est,
3269 2096 3360 2163 qui
3416 2095 3553 2149 dixit
3607 2096 3676 2150 ad

2097 2186 2319 2255 Moysen
2337 2187 2384 2218 "
2415 2203 2428 2239 :
2465 2186 2568 2239 Dic
2595 2186 2727 2252 ﬁliis
2758 2184 2930 2239 Israel
2955 2185 3069 2255 (81)
3106 2203 3119 2238 :
3149 2184 3254 2250 Qui
3276 2199 3377 2250 est,
3416 2187 3559 2240 misit
3593 2201 3679 2243 me

2095 2279 2163 2329 ad
2200 2294 2308 2330 vos.
2343 2276 2496 2341 Quod
2528 2292 2658 2344 ergo
2691 2277 2767 2328 ait
2802 2275 2998 2328 Paulus
3030 2293 3043 2328 :
3077 2276 3206 2330 Dico
3246 2278 3385 2330 enim
3431 2278 3677 2334 omnibus

2093 2369 2183 2435 qui
2213 2379 2333 2422 sunt
2367 2369 2506 2421 inter
2538 2384 2657 2432 vos;
2706 2369 2812 2430 vel,
2853 2378 2913 2421 ut
2959 2368 3011 2420 in
3063 2367 3268 2421 Graecis
3314 2368 3500 2422 haberi
3532 2369 3675 2424 dixi-

2099 2474 2241 2522 mus,
2271 2461 2413 2512 omni
2441 2461 2531 2530 qui
2555 2472 2631 2513 est
2663 2464 2718 2512 in
2746 2460 2907 2520 vobis.
2943 2460 3119 2513 simile
3145 2471 3228 2514 est
3257 2475 3321 2514 ac
3356 2461 3399 2513 si
3428 2461 3673 2516 diceret:

2096 2550 2227 2604 Dico
2270 2552 2408 2603 enim
2458 2551 2603 2604 muni
2641 2551 2733 2619 qui
2776 2550 2829 2603 in
2877 2551 2986 2604 Deo
3027 2561 3133 2616 est,
3187 2568 3289 2605 non
3329 2551 3449 2619 plus
3486 2568 3674 2621 sapere

2094 2660 2251 2713 quam
2291 2650 2489 2710 Oportet
2525 2658 2730 2709 sapere.
2779 2639 3166 2696 Verumtamen
3219 2644 3514 2698 videndum
3562 2653 3674 2709 est,

2097 2738 2222 2809 quia
2250 2737 2472 2799 Paulus,
2509 2737 2646 2791 sicut
2683 2746 2737 2789 et
2771 2735 2823 2788 in
2860 2735 2983 2788 aliis
3010 2736 3162 2801 dicit,
3189 2749 3295 2789 non
3325 2738 3377 2787 in
3407 2735 3677 2792 suasoriis

2092 2832 2377 2901 sapientiae
2405 2829 2640 2884 carnalis
2680 2829 2861 2883 verbis
2894 2828 2960 2893 ³³,
3007 2829 3101 2882 sed
3146 2843 3242 2895 per
3283 2828 3517 2897 gratiam
3550 2843 3677 2897 quas

2095 2922 2195 2976 sibi
2238 2922 2363 2975 data
2410 2928 2495 2975 eSt
2536 2921 2796 2989 loquitur.
2833 2919 2926 2972 Est
2954 2921 3099 2973 enim
3150 2920 3315 2972 multa
3364 2919 3674 2974 dilferentia

2095 3027 2194 3082 per
2221 3012 2448 3082 gratiam
2483 3011 2849 3080 loquentis.et
2869 3025 2964 3078 per
2991 3009 3281 3063 humanam
3314 3010 3665 3080 sapientiam.

2099 3105 2337 3173 Denique
2363 3113 2420 3156 et
2455 3101 2615 3156 rebus
2656 3102 2786 3169 ipsis
2825 3116 2970 3171 saepe
3006 3110 3343 3170 compertum
3383 3110 3489 3166 est,
3538 3115 3677 3156 non-

2097 3196 2271 3251 nullos
2317 3195 2635 3263 eloquentes
2668 3204 2727 3247 et
2775 3195 3017 3248 eruditos
3050 3195 3196 3247 viros
3243 3208 3348 3247 non
3400 3193 3573 3248 solum
3615 3194 3671 3249 in

2094 3301 2367 3351 sermone,
2397 3285 2490 3340 sed
2512 3285 2645 3339 etin
2675 3285 2926 3340 sensibus
2956 3293 3319 3354 praepotentes
3347 3298 3469 3339 cum
3501 3285 3674 3339 multa

2094 3379 2148 3432 in
2202 3378 2461 3434 Ecclesiis
2503 3377 2761 3443 dixerint,
2797 3387 2851 3431 et
2886 3377 3161 3444 ingentem
3196 3376 3444 3444 plausum
3492 3377 3674 3433 laudis

2094 3470 2427 3539 acceperint,
2464 3471 2737 3525 neminem
2788 3477 2968 3523 tamen
3004 3468 3310 3523 auditorum
3339 3484 3404 3524 ex
3438 3468 3522 3523 his
3549 3483 3673 3539 qua:

2095 3564 2233 3618 dicta
2259 3574 2384 3619 sunt
2405 3561 2876 3633 compunctionem
2902 3561 3082 3616 cordis
3120 3562 3388 3630 accipere,
3414 3574 3515 3615 nec
3546 3575 3675 3629 pro-

2093 3656 2258 3710 ﬁcere
2279 3656 2343 3709 ad
2378 3656 2558 3720 (idem,
2586 3669 2687 3709 nec
2709 3654 2777 3707 ad
2802 3653 3052 3707 timorem
3087 3652 3179 3707 Dei
3200 3667 3266 3707 ex
3296 3652 3672 3707 recordatione

2093 3761 2283 3803 eorum
2309 3760 2430 3815 quae
2455 3747 2602 3801 dicta
2633 3754 2762 3801 sunt
2807 3743 3026 3799 incitari
3057 3760 3073 3799 :
3102 3744 3198 3798 sed
3232 3745 3507 3798 suavitate
3533 3758 3671 3813 qua.

2094 3838 2248 3903 dam,
2299 3846 2356 3891 et
2401 3836 2760 3891 delectatione
2801 3833 2916 3890 sola
2961 3833 3187 3888 auribus
3236 3842 3391 3902 capta
3431 3833 3669 3888 discedi-

2095 3935 2185 3981 tur
2210 3925 2324 3997 (89)
2355 3944 2369 3980 :
2395 3940 2537 3994 stupe
2565 3933 2746 3980 autem
2776 3925 2924 3978 viros
2950 3939 3056 3977 non
3091 3939 3300 3992 magna:
3323 3923 3668 3993 eloquentia,

2094 4031 2193 4071 nec
2225 4018 2604 4087 compositioni
2640 4017 2911 4072 sermonis
2957 4019 3261 4082 studentes,
3307 4017 3488 4072 verbis
3530 4016 3669 4071 sim-

2092 4111 2322 4181 plicibus
2352 4121 2408 4164 et
2433 4109 2809 4177 incompositis
2838 4111 3039 4164 multos
3079 4107 3378 4163 inﬁdelium
3410 4111 3475 4164 ad
3506 4108 3668 4163 {idem

2094 4211 2448 4265 convertere,
2511 4202 2774 4271 superbos
2830 4202 3098 4256 inclinare
3149 4202 3217 4255 ad
3274 4200 3666 4264 humilitatem,

2094 4293 2447 4363 peccantibus
2470 4292 2748 4347 stimulum
2782 4292 3158 4348 conversionis
3193 4290 3437 4361 inﬁgere.
3472 4291 3536 4345 Et
3561 4290 3668 4346 hoc

2094 4385 2280 4453 utique
2308 4384 2520 4452 signum
2553 4392 2660 4446 est,
2703 4383 2846 4437 sicut
2888 4382 2941 4436 in
2981 4381 3230 4451 praesenti
3263 4379 3552 4450 Apostolus
3584 4379 3671 4433 di-

2099 4477 2193 4540 cit,
2244 4491 2339 4544 per
2384 4476 2613 4545 gratiam
2667 4473 2812 4542 loqui
2846 4487 2964 4542 quae
2994 4473 3127 4529 data
3173 4480 3260 4527 est
3293 4468 3522 4543 eis(83).
3553 4470 3668 4540 Ego

3048 4565 3094 4596 ²¹
3113 4563 3286 4619 Exod.
3345 4562 3543 4629 111,“.
3619 4562 3668 4595 ⁸³

2019 4741 2065 4795 1)
2094 4730 2188 4784 Dei
2211 4740 2282 4781 est
2306 4725 2560 4797 quidquid
2582 4724 2865 4797 bonum,et
2885 4723 3288 4797 beneplacitum,
3309 4731 3358 4777 et
3378 4721 3664 4792 perfectum

2090 4810 2186 4855 est.
2218 4794 2340 4850 Ilaec
2369 4794 2562 4849 deSunt
2598 4796 2652 4846 in
2690 4794 2845 4846 libris
2872 4803 3031 4847 antea
3058 4794 3239 4848 editis.

2163 4868 2275 4938 (77)
2308 4866 2472 4938 Editi,
2499 4880 2601 4916 non
2632 4873 2821 4931 potest,
2847 4874 2950 4938 etc.

2163 4932 2277 5008 (⁵78)
2306 4935 2579 4996 Rabanns,
2624 4942 2791 4998 potest
2834 4933 3066 5003 quidem,
3109 4942 3165 4987 ut
3206 4948 3368 5000 supra
3406 4932 3662 5005 diximus,

2091 5010 2278 5070 videri,
2308 5008 2467 5072 quod,
2503 5014 2608 5056 etc.

2163 5078 2275 5146 (79)
2307 5076 2428 5128 Iimc
2453 5073 2636 5134 verba,
2667 5089 2770 5146 non
2801 5073 2920 5146 plus
2945 5088 3145 5146 sapere,
3175 5084 3306 5136 etc.,
3348 5089 3520 5142 usque
3567 5079 3659 5142 ad,

2093 5143 2229 5202 alter
2264 5146 2483 5198 alterius
2531 5143 2786 5202 membra,
2828 5144 3095 5198 desuutin
3137 5145 3329 5208 editis;
3363 5146 3456 5198 sed
3501 5149 3661 5201 resti.

2091 5228 2322 5274 tuantur
2345 5230 2411 5269 ex
2435 5217 2685 5267 omnibus
2711 5229 2841 5266 mss.

2167 5288 2278 5358 (80)
2307 5286 2467 5358 Editj,
2496 5282 2759 5358 eruperint.
2801 5283 2941 5336 Deus
2971 5283 3157 5358 _et_t_im,_
3186 5291 3244 5358 ut
3284 5284 3411 5336 dicit
3434 5284 3661 5351 Aposto-

2093 5351 2196 5422 lus,
2224 5351 2330 5411 eic.
2387 5353 2486 5407 Ms.
2536 5352 2736 5422 Regius
2766 5368 2910 5409 num.
2966 5351 3099 5405 1659
3145 5353 3330 5406 itidem
3374 5359 3660 5421 coeperint;

2094 5432 2186 5482 sed
2233 5428 2438 5495 reliqua
2481 5422 2597 5487 ipse
2641 5432 2697 5476 et
2752 5422 2936 5477 caeteri
2978 5438 3108 5476 mss.
3155 5438 3364 5477 necnon
3397 5423 3660 5480 [tabanus

2092 5498 2293 5552 habent
2322 5508 2381 5548 ιιι
2424 5497 2475 5547 in
2515 5502 2681 5546 textu.

2166 5569 2280 5632 (8i)
2308 5567 2469 5629 Editi,
2502 5561 2630 5632 Hice
2654 5564 2794 5617 dices
2828 5564 2957 5632 [iliis
2983 5560 3176 5632 Israel,
3210 5564 3369 5619 male.

2163 5631 2273 5709 (82)
2299 5638 2389 5692 Sic
2421 5651 2521 5709 ms.
2546 5631 2745 5705 Regius
2770 5631 2919 5689 num.
2947 5632 3085 5690 1659
3114 5646 3169 5690 et
3189 5637 3340 5692 editi.
3368 5632 3499 5691 Mss.
3524 5650 3656 5691 vero

2087 5709 2350 5780 plerique,
2386 5708 2624 5780 discitur.

2159 5779 2272 5849 (83)
2303 5779 2430 5834 Mss.
2460 5778 2703 5849 plerique
2741 5786 2797 5834 et
2816 5777 2971 5845 editi,
3002 5777 3140 5849 signi
3188 5788 3353 5836 est....
3380 5792 3498 5849 quis
3527 5780 3657 5834 data
