4150 6454
420 377 555 436 1209

1405 376 1764 435 COMMENT.
1806 377 1875 434 IN
1914 375 2137 434 EPIST.
2185 374 2273 430 AD
2307 372 2474 429 ROM.
2501 373 2629 429 LIB.
2666 371 2756 429 IX.

3528 372 3670 427 1:210

414 504 593 551 autem
625 504 777 565 puto,
809 507 915 550 non
953 494 1129 550 solum
1161 495 1216 550 in
1245 495 1410 551 verbo
1440 498 1530 551 Dei
1564 498 1864 553 Ecclesiam
1897 499 1991 553 do-
2023 504 2064 559 Α
2098 498 2200 550 hac
2235 497 2578 558 deﬁnitione,
2616 506 2673 546 ιιι
2703 503 2955 547 naturam
2985 489 3072 545 vel
3114 505 3337 546 causam
3369 492 3578 561 peccati
3616 493 3671 545 in

413 588 660 642 centibus
685 587 877 641 adesse
912 587 1165 657 gratiam,
1198 588 1244 641 si
1281 588 1405 641 talis
1445 590 1515 643 sit
1555 605 1738 643 sermo
1772 590 1986 660 qualem

413 694 577 746 supra
619 677 875 741 diximus,
927 678 1018 748 qui
1067 680 1368 733 auditorem
1424 695 1529 733 non
1578 689 1686 734 tam
1738 682 1991 745 delectet,

415 784 575 839 quam
614 769 881 832 stimulet,
935 778 989 823 et
1042 770 1107 822 ad
1156 769 1460 838 profectum
1504 772 1738 840 aliquem
1778 772 1994 825 virtutis

415 862 682 926 adducat;
732 860 826 915 sed
859 869 914 915 et
947 863 999 915 iit
1037 862 1293 915 omnibus
1329 863 1448 917 l'ere
1492 879 1613 933 qua:
1661 872 1894 932 aguntur
1939 865 1990 916 iit

417 951 552 1015 vita,
590 951 662 1003 ita
711 963 833 1005 esse
872 949 1245 1018 deprehendes
1269 951 1401 1022 (84).
1450 953 1547 1007 Est
1595 954 1738 1007 enim
1789 953 1990 1020 aliquis

417 1041 509 1111 qui
538 1048 593 1094 et
627 1042 678 1093 in
705 1055 770 1095 eo
801 1042 944 1110 quod
969 1041 1083 1109 agit
1108 1051 1162 1095 et
1194 1042 1246 1095 in
1283 1058 1348 1096 eo
1372 1043 1515 1112 quod
1543 1044 1804 1111 loquitur,
1837 1045 1996 1096 habet

420 1131 688 1202 gratiam;
723 1142 776 1185 et
807 1132 945 1185 alius
976 1133 1065 1199 qui
1104 1134 1373 1187 interdum
1399 1145 1454 1187 et
1480 1136 1801 1203 prudentius
1827 1136 1998 1204 loqui-

421 1232 528 1287 tur,
557 1232 613 1276 et
643 1223 954 1290 diligentius
985 1238 1049 1277 ac
1077 1223 1404 1280 laboriosius
1432 1227 1566 1295 agit,
1593 1242 1768 1295 neque
1795 1227 1848 1280 itt
1875 1243 1998 1280 ver-

418 1313 502 1369 bis
526 1316 663 1381 suis,
693 1330 868 1384 neque
894 1316 948 1369 in
978 1316 1146 1384 gestis
1195 1317 1406 1370 invenit
1440 1320 1696 1387 gratiam.
1730 1320 1992 1386 Denique,

418 1403 561 1457 sicut
584 1413 639 1458 et
666 1405 719 1457 iit
750 1405 871 1459 aliis
901 1403 1011 1472 iam
1041 1406 1276 1459 diximus
1299 1406 1435 1476 (85),
1460 1409 1730 1475 scriptum
1758 1417 1841 1460 est
1870 1407 1993 1474 quia

418 1504 474 1550 et
504 1494 700 1564 .loseph
752 1496 955 1549 invenit
1008 1497 1239 1566 gratiam
1293 1498 1346 1550 in
1393 1509 1688 1566 conspectu
1736 1497 1999 1566 principis

421 1589 658 1643 carceris
674 1589 739 1651 “,
768 1598 822 1642 et
848 1588 1046 1642 Esther
1073 1590 1279 1642 invenit
1303 1591 1530 1659 gratiam
1556 1590 1694 1657 apud
1725 1603 1903 1658 regem
1927 1587 1997 1640 ".

422 1678 747 1747 Reperimus
776 1689 956 1735 autem
991 1695 1093 1734 nos
1124 1683 1177 1734 in
1218 1681 1451 1747 quodam
1484 1682 1778 1734 secretiore
1817 1680 1999 1734 libello

421 1772 683 1841 scriptum
720 1772 877 1840 quasi
911 1772 1162 1843 angelum
1192 1773 1484 1841 quemdam
1514 1786 1637 1826 esse
1662 1771 1873 1840 gratias,
1904 1773 1995 1840 qui

2091 600 2156 637 eo
2187 594 2415 652 ponant,
2464 583 2508 636 si
2557 592 2652 635 aut
2700 581 2934 635 addatur
2979 580 3181 649 aliquid
3223 580 3540 644 virtutibus,
3578 592 3674 636 aut

2094 676 2394 731 tninuatur.
2438 673 2602 728 Verbi
2648 675 2846 743 gratia,
2888 673 3102 740 juSIitia
3154 676 3328 727 virtus
3367 683 3454 726 est
3483 691 3498 727 :
3530 683 3582 727 et
3624 675 3674 729 si

2094 766 2217 834 quis
2255 765 2437 818 minus
2469 764 2673 831 aliqttid
2707 763 2834 816 facit
2861 763 2973 834 (95)
3006 780 3167 832 quam
3201 765 3410 829 justilia
3447 765 3673 834 patitur,

2093 856 2214 908 sine
2238 855 2403 908 dubio
2426 854 2663 921 injustus
2681 864 2783 907 est.
2801 854 2857 908 Si
2889 855 3009 922 quis
3031 869 3161 909 vero
3185 856 3284 909 sub
3315 856 3495 924 specie
3517 855 3678 921 justi-

2096 947 2184 1000 tite
2205 961 2334 1015 erga
2368 947 2634 999 vindictas
2663 947 2863 999 nimius
2913 948 3025 1011 liat,
3053 958 3106 1001 et
3148 949 3347 1002 sarvius
3387 950 3553 1015 agitet
3590 949 3674 1001 ul-

2098 1037 2295 1100 tiones,
2333 1038 2386 1090 in
2435 1037 2813 1091 crudelitatem
2843 1036 2955 1107 (9i)
3009 1052 3075 1091 ex
3128 1037 3332 1103 iustitia
3390 1039 3679 1093 devolutus

2096 1140 2199 1186 est.
2232 1128 2387 1184 Unde
2417 1139 2471 1182 et
2498 1127 2751 1182 Salomon
2786 1128 2978 1182 dicit”
3007 1145 3022 1183 :
3058 1128 3186 1183 Noli
3215 1129 3332 1197 ﬁeri
3356 1131 3537 1199 justus
3563 1129 3678 1200 (95)

2095 1220 2341 1273 multum.
2411 1217 2676 1271 Similiter
2730 1226 2786 1271 et
2838 1218 3104 1283 libertas,
3174 1222 3218 1273 si
3277 1221 3418 1273 intra
3478 1230 3682 1289 tempe—

2098 1310 2334 1363 rantiam
2384 1325 2538 1362 suam
2594 1310 2689 1372 sit,
2736 1311 2908 1365 virtus
2956 1322 3071 1377 est;
3124 1314 3170 1367 si
3232 1315 3411 1367 minus
3458 1313 3678 1377 habeat,

2099 1403 2407 1457 timiditas:
2439 1403 2484 1457 si
2539 1403 2795 1469 amplius,
2852 1404 3128 1458 temeritas
3176 1405 3507 1459 nominatur.
3556 1404 3681 1457 Pari

2100 1494 2262 1547 modo
2300 1502 2356 1547 et
2417 1492 2702 1562 prudentia
2749 1493 2794 1546 si
2835 1492 2886 1545 in
2919 1508 3014 1547 sua
3063 1508 3318 1547 mensura
3364 1494 3456 1559 sit,
3506 1494 3682 1547 virtus

2100 1592 2221 1648 est;
2262 1585 2306 1637 si
2358 1585 2537 1637 minus
2573 1582 2794 1646 habeat,
2850 1584 3247 1653 imprudentia;
3303 1585 3348 1638 si
3395 1585 3681 1653 plusquam

2101 1685 2339 1744 oportet,
2372 1675 2573 1728 malitia
2615 1674 2943 1742 appellatur.
2980 1675 3110 1728 lude.
3148 1686 3277 1744 puto
3309 1677 3452 1745 quod
3487 1684 3541 1730 et
3565 1689 3684 1729 ser-

2103 1781 2237 1834 pens
2265 1766 2430 1837 647
2460 1767 2511 1819 in
2544 1770 2795 1835 paradiso
2826 1766 3147 1836 prudentior
3168 1769 3348 1821 dictus
3372 1769 3443 1821 sit
3467 1767 3683 1821 caeteris

418 1866 581 1920 etiam
607 1868 931 1921 vocabulum
965 1883 1031 1923 ex
1060 1868 1232 1939 gratia
1257 1867 1522 1921 traheret.
1553 1866 1829 1919 Ananehel
1855 1868 2000 1920 enim
2034 1860 2078 1913 ll
2105 1858 2293 1913 beStiis
2317 1860 2381 1921 ³⁸,
2422 1860 2524 1914 hoc
2587 1870 2672 1914 est
2718 1859 2986 1914 excedens
3017 1875 3324 1913 mensuram
3354 1860 3677 1929 prudentia,

416 1956 621 2012 dicitur
647 1957 796 2030 (86),
839 1960 980 2027 quod
1027 1969 1109 2014 est
1163 1960 1581 2028 interpretatum
1640 1960 1813 2027 gratia
1883 1957 1998 2011 Dei.

419 2048 534 2105 Hoc
565 2065 695 2121 ergo
740 2052 1010 2120 scriptura
1065 2052 1155 2104 illa
1208 2049 1545 2112 continebat,
1597 2051 1743 2117 quod
1796 2048 1998 2103 missus

421 2149 569 2195 esset
597 2156 625 2193 a
663 2142 891 2196 Domino
920 2147 1020 2197 iste
1068 2140 1292 2211 angelus
1338 2142 1404 2193 ad
1437 2141 1652 2204 Esther,
1688 2149 1745 2191 ut
1775 2140 1823 2194 ei
1873 2156 2000 2210 gra-

420 2229 551 2284 tiam
586 2232 740 2285 daret
769 2234 906 2300 apud
934 2245 1136 2300 regem.
1167 2230 1260 2284 Sic
1286 2244 1417 2299 ergo
1444 2229 1548 2282 alia
1581 2228 1754 2281 virtus
1779 2237 1862 2281 est
1884 2242 2004 2282 sero

418 2322 596 2377 monis
622 2324 711 2390 qui
749 2338 848 2390 per
869 2324 1096 2391 gratiam
1128 2321 1353 2386 dicitur,
1390 2329 1447 2374 et
1477 2321 1583 2374 alia
1616 2321 1701 2375 vis
1738 2321 2003 2375 doctrinae

419 2421 683 2480 potestas.
717 2413 871 2467 Alius
898 2423 1077 2467 autem
1118 2427 1298 2466 sermo
1323 2412 1437 2482 (87)
1466 2420 1549 2466 est
1582 2427 1648 2465 ex
1694 2412 2005 2466 eruditione

419 2511 716 2561 communi,
749 2513 839 2567 qut
862 2500 1107 2568 quamvis
1135 2501 1312 2555 lautus
1338 2503 1406 2555 sit
1428 2512 1481 2556 et
1505 2512 1621 2557 arte
1649 2505 2002 2574 compositus,

419 2595 603 2641 tamen
630 2587 677 2641 si
712 2603 823 2642 non
866 2604 964 2658 per
1002 2590 1225 2659 gratiam
1260 2592 1345 2644 vel
1379 2592 1576 2647 dicitur
1610 2595 1693 2648 vel
1725 2595 2001 2661 scribitur,

416 2680 688 2736 delectare
713 2680 956 2737 fortassis
985 2691 1163 2752 potest
1191 2683 1459 2754 legentem
1481 2725 1495 2750 ,
1525 2686 1792 2742 adducere
1822 2696 2001 2742 autem

416 2773 485 2828 ad
521 2773 826 2843 profectum
870 2790 981 2829 non
1033 2784 1211 2845 potest
1251 2777 1572 2832 auditorem.
1610 2780 1809 2835 Paulus
1842 2781 2005 2853 igitur

414 2878 529 2918 non
566 2865 743 2919 solum
792 2866 908 2936 ipse
957 2882 1078 2936 quae
1116 2868 1248 2923 dicit
1287 2870 1398 2941 (88)
1436 2886 1536 2940 per
1572 2874 1797 2943 gratiam
1836 2874 2000 2940 dicit,

416 2956 513 3011 sed
544 2965 601 3011 et
640 2957 979 3014 auditoribus
1015 2959 1129 3015 suis
1179 2971 1436 3030 precatur
1482 2966 1907 3034 gratiam‘dari;
1946 2975 2002 3020 et

421 3057 531 3098 non
581 3044 755 3097 solum
798 3046 1053 3113 gratiam,
1099 3046 1193 3099 sed
1229 3055 1285 3099 et
1330 3047 1736 3101 multitudinem
1788 3049 2000 3116 gratiae.

424 3133 518 3188 Sic
552 3134 698 3187 enim
747 3134 932 3189 scribit
969 3152 983 3187 :
1018 3131 1205 3195 Gratia
1248 3135 1391 3187 vobis
1430 3135 1815 3203 multiplicetur
1839 3135 1885 3166 ³⁸
1908 3152 1921 3188 :
1947 3146 2003 3187 et

421 3224 478 3279 in
516 3224 768 3280 omnibus
818 3225 1077 3293 Epistolis
1112 3226 1226 3280 suis
1267 3226 1448 3280 dicit:
1495 3224 1686 3279 Gratia
1739 3228 1903 3287 vobis,
1952 3237 2000 3278 et

420 3332 548 3384 pax.
580 3316 686 3370 Sed
714 3316 995 3371 videamus
1030 3316 1160 3385 quid
1191 3314 1303 3386 (89)
1334 3326 1415 3370 est
1443 3318 1584 3384 quod
1634 3331 1730 3384 per
1765 3316 1998 3386 gratiam

421 3402 546 3477 quas
574 3408 698 3461 data
732 3418 819 3462 est
847 3408 973 3471 sibi,
996 3408 1291 3477 Apostolus
1321 3408 1454 3462 dicit
1479 3408 1735 3462 omnibus
1760 3407 1851 3475 qui
1876 3415 2003 3459 sunt

420 3501 566 3557 inter
593 3499 888 3555 Romanos.
928 3498 1054 3553 Non
1079 3501 1221 3569 plus,
1253 3500 1428 3569 inquit
1454 3497 1589 3571 (90),
1627 3514 1811 3564 sapere
1845 3513 2004 3567 quant

423 3601 626 3658 oportet
655 3607 862 3658 sapere,
895 3591 986 3644 sed
1031 3605 1216 3656 sapere
1254 3593 1324 3642 ad
1368 3589 1725 3644 sobrietatem.
1781 3589 2007 3644 Videtur

423 3685 601 3735 adhuc
630 3683 696 3734 ad
727 3683 1014 3746 superhien
1026 3692 1105 3737 tes
1131 3696 1314 3735 ramos
1342 3681 1584 3746 oleastri,
1602 3694 1656 3735 et
1680 3682 2007 3736 insultantes

423 3774 594 3827 ramis
632 3775 723 3843 qui
773 3777 843 3829 de
895 3775 1036 3829 bona
1084 3774 1231 3829 oliva
1280 3772 1513 3828 detracti
1568 3783 1694 3828 sunt
1718 3775 1788 3839 ³⁷,
1843 3777 2004 3829 etiam

422 3865 570 3920 hunc
592 3866 706 3937 (91)
743 3876 935 3936 aptare
960 3881 1295 3930 sermonem,
1324 3875 1376 3919 et
1403 3866 1588 3920 dicere
1613 3867 1719 3930 eis,
1751 3880 1853 3917 non
1902 3866 2000 3918 dc-

421 3956 554 4011 bere
581 3957 699 4026 plus
722 3971 914 4026 sapere
939 3971 1103 4026 quam
1133 3964 1348 4025 oportet
1381 3970 1573 4025 sapere
1605 3973 1620 4009 :
1647 3957 1790 4025 quod
1827 3955 2003 4010 simile

420 4056 506 4102 est
534 4048 610 4102 illi
641 4049 879 4103 sermoni
912 4063 1075 4117 quem
1111 4048 1287 4101 dixit:
1318 4046 1447 4100 Noli
1476 4047 1696 4115 superbe
1727 4062 1907 4114 sapere
1922 4047 1999 4111 ’3;

422 4140 527 4194 hoc
550 4148 636 4193 est
658 4141 801 4192 enim
834 4140 952 4209 plus
982 4153 1176 4208 sapere
1201 4136 1314 4209 (92)
1355 4151 1520 4206 quam
1553 4147 1787 4207 oportet.
1817 4138 2003 4191 Scien-

425 4234 553 4288 dum
588 4240 765 4285 tamen
796 4242 904 4296 est,
938 4232 1082 4301 quod
1121 4242 1177 4284 et
1205 4229 1389 4284 caeteri
1419 4229 1618 4282 eruditi
1648 4230 1746 4281 viri
1780 4237 2004 4281 utuntur

494 4351 688 4437 'ﬂ‘Gen.
718 4349 1016 4437 XX§IX,31'.
1093 4351 1138 4382 "
1164 4349 1375 4437 Esther.
1401 4347 1631 4437 muli“.
1655 4348 1701 4380 ⁸⁸
1721 4347 1741 4401 l
1759 4347 1978 4437 Pet-nat,

2134 4347 2178 4378 ¹⁷
2204 4347 2362 4403 Rom.
2391 4364 2465 4414 si,
2504 4348 2591 4404 17.
2668 4350 2714 4382 ’⁸
2736 4351 2891 4408 Rom.
2916 4366 2993 4416 χι,
3021 4350 3110 4405 20.
3186 4352 3231 4384 ¹⁹
3253 4353 3433 4437 Eccle.
3459 4369 3554 4423 vn,
3594 4355 3691 4413 i7.
3782 4420 3789 4427 _

421 4421 468 4455 '°
496 4421 632 4477 Gen.
670 4436 755 4486 Ill,
789 4422 841 4474 1.
916 4420 959 4451 ⁸¹
986 4419 1116 4473 Luc.
1152 4435 1262 4486 xw,
1299 4421 1355 4474 8.
1451 4419 1497 4451 ⁸¹
1525 4418 1545 4473 1
1571 4416 1712 4473 Tim.
1741 4433 1816 4482 tv,
1847 4418 1969 4471 1-5.

421 4523 499 4568 est
543 4517 613 4567 ei.
657 4512 764 4567 Sed
813 4515 1018 4571 rectius
1063 4528 1165 4569 ms.
1214 4513 1417 4584 Regius
1462 4529 1614 4568 num.
1660 4511 1801 4569 1659
1844 4522 1907 4567 ιιι
1945 4513 1999 4567 in
2033 4515 2078 4571 Ι)

425 4594 612 4639 nostro
639 4593 812 4640 textu.

496 4655 608 4723 (84)
639 4654 801 4716 Editi,
829 4654 1194 4723 deprehendet.
1228 4653 1432 4707 Deinde
1452 4653 1612 4707 iidem
1640 4660 1695 4708 et
1720 4668 1851 4708 mss.
1876 4652 1994 4720 ple—

427 4724 583 4795 rique
618 4742 633 4778 :
672 4723 766 4795 list
800 4729 936 4779 enim
964 4728 1053 4792 qui
1097 4734 1144 4778 et
1178 4725 1317 4789 quod
1344 4724 1448 4793 agit
1474 4733 1522 4777 et
1564 4724 1704 4793 quod
1741 4723 1997 4795 loquitur.

427 4791 533 4845 Sed
564 4808 666 4848 ius.
695 4792 894 4862 Regius
926 4791 1074 4850 num.
1105 4796 1244 4849 1659
1267 4808 1322 4847 ttt
1348 4791 1400 4847 in
1432 4791 1604 4848 textu.

495 4862 611 4925 (85)
643 4864 803 4923 Editi,
828 4863 935 4922 iant
963 4868 1215 4923 scriptum
1239 4881 1352 4918 esse
1383 4864 1638 4917 diximus.

490 4930 603 5002 (86)
636 4930 801 4993 Editi,
837 4931 1139 5002 Reperiamus
1182 4943 1355 4985 autem
1397 4934 1451 4984 in
1490 4934 1809 5002 quodant....
1846 4933 2001 5001 quasi

421 5000 664 5070 angelum
704 5001 978 5070 quemdam
1019 5004 1237 5070 gratim,
1284 5004 1467 5070 qui....
1504 5000 1715 5055 ‘Anahel
1746 5000 1884 5056 enirn
1917 5002 2002 5056 di-

421 5083 581 5131 citur,
619 5081 723 5126 etc.
756 5071 885 5126 Mss.
918 5072 1083 5125 etiam
1126 5072 1370 5140 plerique.
1400 5072 1601 5125 habent
1628 5073 1830 5126 Anahel
1858 5088 1876 5124 :
1903 5071 2000 5127 sed

420 5143 624 5196 rectius
653 5156 756 5195 ms.
785 5157 950 5207 unus,
972 5140 1261 5195 Ananehel.
1295 5142 1368 5196 Ita
1389 5145 1556 5195 etiam
1587 5143 1999 5210 interpretatum

420 5212 663 5279 reperies
688 5211 949 5266 Anameel
970 5211 1141 5266 ﬁliuni
1173 5211 1377 5276 Salom,
1403 5211 1663 5269 inJerem.
1690 5225 1810 5281 cap.
1829 5224 1999 5267 xxx“.

420 5295 567 5335 vers.
603 5281 658 5345 8,
688 5290 820 5336 tom.
847 5294 930 5335 Ill.
1184 5345 1187 5349 ι

494 5349 943 5421 (87)_Ita_omnes
972 5362 1101 5421 mss
1171 5347 1386 5421 nostri:
1418 5363 1520 5403 ms.
1570 5359 1749 5404 tamen
1797 5351 1999 5421 Regius

419 5416 773 5477 nuna.i659,
805 5418 1010 5471 omittit
1050 5419 1148 5471 vis.
1185 5418 1326 5470 Editi
1366 5432 1511 5481 vero,
1547 5429 1594 5472 et
1631 5421 1742 5473 alia
1785 5424 1861 5475 vis
1880 5416 2000 5475 ⁷αο-

419 5488 627 5560 εινὶηαξ,
658 5502 776 5556 qua:
809 5497 1036 5553 potestas
1070 5499 1311 5541 vocatur.
1342 5487 1499 5542 Alius
1542 5504 1712 5543 sermo
1739 5501 1837 5559 est,
1862 5501 1995 5560 etc.,

419 5559 622 5609 emisso
654 5566 865 5609 autem.

492 5628 603 5697 (88)
628 5627 935 5699 Sicomnes
966 5642 1102 5683 mss.
1127 5628 1319 5685 nostri.
1344 5627 1486 5684 Editi
1512 5641 1665 5699 vero,
1691 5644 1795 5686 non
1824 5630 1992 5686 solum

420 5697 526 5750 ista
563 5714 683 5762 qua:
705 5698 856 5761 dicit,
884 5708 990 5751 etc.

492 5767 602 5835 (89)
634 5766 794 5835 uani,
833 5769 1064 5836 quidem.

2104 1962 2160 2005 et
2191 1952 2244 2004 iit
2282 1962 2464 2017 partes
2502 1951 2724 2006 malitiae
2768 1952 3074 2020 prolapsus.
3125 1950 3253 2006 Inde
3294 1959 3350 2004 et
3388 1952 3484 2005 lilii
3520 1952 3683 2022 hujus

2103 2043 2288 2098 saec-itii
2337 2044 2724 2110 prudentiores
2770 2043 3023 2097 dicuntur
3073 2058 3235 2112 quam
3286 2044 3378 2097 lilii
3428 2044 3565 2099 lucis
3591 2045 3679 2109 ³¹;

2104 2133 2223 2202 plus
2270 2133 2414 2185 enim
2459 2135 2681 2201 sapiunt
2711 2148 2870 2201 quam
2898 2143 3116 2201 oportet
3146 2147 3361 2203 sapere.
3405 2134 3471 2189 Et
3506 2137 3584 2190 sic
3624 2136 3681 2192 in

2103 2221 2330 2290 singulis
2386 2222 2694 2290 quibusque
2741 2222 3034 2276 virtutibus
3084 2233 3261 2291 potest
3314 2224 3513 2293 aliquis
3564 2225 3683 2293 plus

2109 2328 2303 2382 sapere
2332 2328 2496 2380 quam
2525 2323 2742 2382 oportet
2777 2328 2991 2383 sapere.
3025 2315 3209 2369 Potest
3235 2318 3398 2369 etiam
3432 2318 3482 2371 in
3514 2320 3684 2374 casti-

2106 2414 2219 2459 tate
2245 2405 2444 2473 aliquis
2479 2405 2599 2471 plus
2642 2420 2841 2473 sapere
2883 2421 3045 2473 quam
3091 2417 3307 2474 oportet
3349 2422 3574 2477 sapere,
3622 2421 3685 2464 ut

2105 2505 2232 2549 sunt
2277 2495 2356 2546 illi
2405 2495 2492 2563 qui
2536 2498 2812 2548 attendant
2862 2497 3134 2562 spiritibus
3181 2499 3582 2566 seductoribus,
3632 2510 3683 2554 et

2118 2585 2376 2640 doctrinis
2405 2590 2813 2655 da’moniorum,
2845 2592 2900 2643 in
2929 2592 3191 2660 hypocrisi
3218 2592 3355 2662 falsa
3393 2595 3683 2664 loquentes,

2116 2680 2466 2731 oauteriatam
2500 2679 2745 2733 habentes
2776 2683 3155 2737 conscientiam
3184 2701 3355 2749 suam,
3400 2688 3684 2754 prohiben-

2104 2780 2180 2823 tes
2218 2771 2446 2833 mtbere,
2491 2781 2540 2823 et
2581 2771 2900 2828 abstinentes
2926 2792 2981 2829 se
3008 2793 3041 2829 a
3066 2777 3195 2830 cibis
3223 2793 3354 2847 quos
3394 2778 3505 2849 (96)
3544 2779 3685 2836 Deus

2105 2864 2297 2916 crearit
2316 2863 2383 2917 ³³.
2411 2863 2499 2917 lsti
2527 2864 2647 2932 plus
2668 2866 2883 2935 sapiunt
2901 2868 2968 2922 de
2986 2871 3239 2923 castitate
3261 2886 3421 2940 quam
3446 2880 3682 2940 oportet.

2106 2954 2284 3009 Minus
2320 2965 2500 3009 autem
2543 2958 2684 3025 sapit
2714 2973 2874 3026 quam
2915 2972 3133 3028 oportet
3172 2962 3488 3018 luxuriosus
3514 2975 3568 3018 et
3598 2967 3688 3019 itt-

2107 3057 2313 3100 cestus.
2365 3045 2476 3114 Ego
2519 3059 2698 3101 autem
2741 3050 2865 3103 dico
2899 3052 3041 3118 quod
3086 3063 3140 3106 et
3171 3055 3407 3109 hairetici
3450 3056 3571 3124 plus
3597 3073 3686 3112 sa-

2106 3137 2260 3206 piunt
2289 3138 2357 3191 de
2387 3138 2606 3192 Christo
2643 3156 2805 3207 quam
2840 3153 3050 3210 oportet
3095 3160 3314 3214 sapere,
3352 3152 3442 3216 qui
3485 3160 3686 3221 negant

2108 3240 2230 3280 eum
2260 3227 2353 3279 Dei
2398 3229 2671 3282 creatoris
2715 3227 3072 3295 esseFilium,
3108 3235 3201 3287 sed
3231 3235 3457 3291 alterius
3502 3242 3685 3296 nescio

2108 3316 2264 3386 cujus
2295 3317 2538 3371 melioris
2567 3317 2663 3372 Dei
2703 3319 2840 3391 (97).
2880 3321 3072 3405 Sed'et
3110 3324 3182 3378 illi
3221 3326 3342 3394 plus
3371 3329 3436 3383 de
3463 3328 3687 3387 Christo

2110 3412 2331 3479 sapiunt
2369 3426 2529 3477 quam
2575 3422 2790 3477 oportet
2831 3428 3053 3484 sapere,
3091 3418 3184 3485 qui
3230 3428 3429 3488 negant
3462 3436 3583 3474 eum
3629 3424 3683 3476 in

2109 3513 2275 3563 carne
2294 3502 2532 3567 venisse,
2556 3512 2611 3555 et
2636 3513 2820 3557 natum
2845 3519 2966 3558 esse
2988 3520 3052 3558 es
3076 3505 3317 3577 Virgine,
3341 3513 3434 3563 sed
3461 3513 3685 3568 cteleste

2111 3592 2158 3645 ei
2197 3607 2397 3660 corpus
2443 3595 2745 3663 assignant.
2795 3593 2852 3647 ln
2904 3598 2988 3650 his
3028 3612 3158 3664 ergo
3202 3600 3455 3655 omnibus
3486 3603 3684 3660 Paulus

2112 3696 2210 3736 nos
2241 3683 2354 3734 vult
2391 3699 2496 3736 non
2539 3684 2658 3752 plus
2697 3702 2882 3753 sapere
2923 3704 3078 3757 quam
3115 3700 3314 3755 Oportet
3348 3709 3552 3761 sapere,
3593 3697 3684 3750 sed

2109 3789 2293 3840 sapere
2331 3776 2401 3826 ad
2437 3776 2813 3842 sobrietatem,
2862 3779 3006 3846 quod
3042 3779 3093 3832 in
3122 3780 3312 3835 Graeco
3343 3784 3546 3838 dicitur
3575 3803 3683 3841 σω-

2110 3862 2392 3933 φροσύνη,
2436 3865 2489 3917 ἱη
2527 3868 2728 3921 nostris
2765 3875 2945 3920 autem
2990 3870 3304 3938 codicibus,
3352 3875 3455 3930 hoc
3498 3884 3578 3931 est
3628 3878 3685 3933 in

2112 3953 2411 4025 Scripturis
2436 3957 2656 4024 divinis,
2690 3959 2945 4012 sobrietas
2973 3978 3001 4013 a
3028 3966 3324 4031 majoribus
3353 3967 3686 4037 interpreta-

2110 4054 2224 4100 tum
2261 4057 2362 4113 est,
2409 4048 2477 4102 ab
2507 4050 2628 4104 aliis
2678 4060 2869 4105 tamen
2899 4056 3128 4109 eruditis
3166 4059 3298 4112 viris
3336 4062 3683 4127 temperantia

2107 4140 2349 4207 ponitur,
2373 4157 2495 4210 qua:
2524 4147 2884 4214 temperantia
2917 4163 3021 4200 una
3051 4163 3118 4202 ex
3148 4159 3383 4217 quatuor
3409 4152 3684 4220 generali-

2108 4229 2209 4282 bus
2242 4230 2535 4285 virtutibus
2567 4233 2825 4290 habetur.
2860 4236 2924 4289 Et
2957 4236 3009 4289 iu
3048 4239 3150 4293 hoc
3185 4254 3315 4308 ergo
3344 4240 3462 4294 loco
3488 4240 3691 4296 melius

2183 4510 2300 4583 (90)
2306 4513 2354 4583 _l
2364 4511 2530 4583 nqttit.
2562 4510 3005 4567 Pra’termittitur
3029 4514 3078 4574 in
3103 4514 3287 4569 editis.

2102 4654 2124 4706 Ι
2176 4579 2285 4651 (91)
2306 4579 2470 4702 Eitcliti,
2495 4592 2543 4633 et
2566 4583 2876 4638 insultantes
2901 4586 3111 4655 quidem
3137 4586 3288 4640 bona:
3318 4585 3490 4653 olivte,
3523 4599 3685 4641 etiam

2120 4669 2265 4706 tunc.
2297 4666 2327 4704 e
2390 4691 2403 4704 .

2120 4661 2265 4713 tunc,
2297 4661 2403 4704 etc.

2173 4720 2287 4793 (92)
2320 4719 2434 4773 Hoc
2457 4729 2530 4774 est
2562 4722 2699 4774 enim
2729 4720 2848 4791 plus
2891 4739 3090 4792 sapere.
3119 4725 3245 4781 llaec
3281 4725 3334 4779 in
3373 4724 3536 4780 e‘dilis
3570 4740 3683 4780 non

2101 4800 2441 4858 comparent.

2199 4861 2290 4935 9S)
2525 4870 2573 4916 et
2601 4862 2646 4916 si
2667 4863 2795 4928 quid
2826 4864 2999 4918 minus
3024 4864 3221 4935 aliquis
3245 4865 3393 4932 facit.

2197 4931 2286 5002 94)
2319 4932 2478 5002 Editi
2498 4943 2551 4986 el
2580 4949 2710 4987 mss.
2754 4935 2995 5002 quidam,
3025 4945 3071 4987 et
3108 4931 3297 4990 steuitts
3326 4944 3471 5000 agat,
3504 4949 3562 4989 tn
3592 4935 3694 4987 ιιι-ο

2102 5001 2274 5075 tionis
2298 5001 2632 5075 crudelitate,
2660 5001 2781 5075 etc.
2812 5004 2918 5056 Sed
2946 5006 3147 5059 rectius
3169 5022 3270 5060 ms.
3298 5002 3502 5075 Regius
3526 5020 3679 5059 num.

2104 5073 2244 5127 1659
2268 5081 2323 5126 et
2357 5069 2614 5126 Rabanus
2637 5083 2692 5126 ut
2720 5074 2770 5126 in
2797 5084 2986 5126 nostro
3011 5083 3179 5129 textu.

2174 5143 2286 5214 (95)
2330 5142 2492 5208 Editi,
2635 5144 2799 5215 multo
2835 5144 3051 5215 justus.
3102 5144 3169 5197 Et
3207 5144 3366 5215 paulo
3415 5153 3534 5213 post
3569 5160 3691 5203 mss
3769 5209 3773 5213 ν

2100 5210 2303 5285 Regius
2324 5228 2483 5285 nunt.
2530 5214 2681 5285 1959
2707 5213 2890 5278 habet,
2916 5214 3158 5285 sintinus
3181 5210 3392 5279 habeat,
3416 5210 3679 5285 formido.

2172 5282 2284 5354 (96)
2315 5284 2405 5336 Sic
2428 5298 2529 5336 ms.
2553 5282 2755 5351 Regius
2782 5298 2924 5354 num.
2954 5283 3112 5340 1659.
3142 5286 3332 5341 Caneri
3363 5282 3492 5340 vero
3519 5301 3689 5351 tuss.,.

2100 5352 2357 5408 Rabanus
2384 5360 2439 5406 et
2465 5355 2593 5406 editi
2618 5391 2632 5416 ,
2668 5352 3014 5420 loquentium,
3044 5356 3394 5409 canteriatam
3425 5355 3679 5408 habentes

2099 5423 2404 5494 (Rabanus,
2450 5423 2779 5492 habentium)
2810 5458 2826 5475 .
2860 5460 2876 5475 .
2912 5463 2926 5476 .
2959 5426 3348 5493 prohibentium
3378 5425 3592 5490 nubere,
3621 5432 3688 5478 et

2105 5493 2368 5547 abstinere
2404 5510 2437 5545 a
2481 5493 2636 5556 cibis,
2670 5508 2821 5561 quos,
2861 5502 2968 5547 etc.

2173 5562 2286 5635 (97)
2328 5561 2428 5619 Ms.
2468 5563 2693 5635 Regius_
2723 5578 2873 5618 num.
2924 5562 3093 5631 1659,
3142 5565 3361 5619 minoris
3392 5562 3529 5630 Dei;
3573 5563 3691 5635 sed?

2098 5632 2287 5691 omnes
2329 5636 2419 5690 alii
2462 5650 2622 5705 mss.,
2662 5632 2918 5691 Rabanus
2972 5645 3029 5690 et
3081 5635 3210 5692 editi
3244 5635 3447 5693 reetius
3502 5644 3563 5692 ut
3612 5634 3687 5691 iis

2099 5716 2186 5764 lex
2195 5715 2271 5764 tu.
