4150 6472
466 389 604 446 1215

1425 384 1778 443 εΟΜΜΕΝΤ.
1813 382 1881 438 IN
1918 383 2136 439 EPlST.
2175 383 2267 439 AD
2299 381 2467 440 ROM.
2508 382 2638 438 LIB.
2674 380 2760 437 1X.

3575 382 3711 437 12H

464 518 723 577 tanquam
756 506 936 561 manui
970 503 1338 560 ministerium
1373 504 1677 568 adscribit;
1704 512 1760 559 et
1791 504 1881 559 alii
1915 514 2035 558 tan-
2068 516 2108 567 Α
2142 517 2209 557 ne
2252 503 2502 557 videatur
2552 503 2619 557 de
2673 498 2895 555 homine
2937 495 3149 552 arbitrii
3195 505 3437 568 potestas
3484 499 3709 556 auferri.

462 616 622 669 quam
671 599 871 668 linguae
920 598 1222 653 doctrinam
1267 597 1463 651 tribuit
1511 614 1525 650 :
1576 597 1828 651 similiter
1868 598 2033 651 etiam

460 704 681 749 caetera.
733 690 866 746 Illud
910 704 1125 760 quoque
1171 689 1312 758 quod
1361 689 1519 744 nobis
1570 690 1624 743 in
1665 691 2034 757 superioribus

460 784 770 853 ambiguum
822 780 1145 844 videbatur,
1195 779 1461 842 absolvit,
1510 780 1599 834 ubi
1655 781 2033 849 quaerebamus

459 883 639 926 utrum
665 871 1085 941 unumquodque
1113 873 1415 924 membrum
1443 872 1509 924 ad
1539 872 1788 933 honesta,
1818 871 1900 924 vel
1933 871 2035 924 mi-

460 977 560 1015 nus
611 962 833 1015 honesta
876 960 1122 1029 corporis
1167 958 1342 1013 oﬂicia
1391 960 1592 1030 aliquid
1641 975 1705 1014 ex
1749 976 1809 1015 se
1849 976 2032 1015 causze

457 1052 750 1121 prmbendo
797 1052 1007 1106 vent-rit
1042 1069 1055 1104 :
1089 1067 1155 1104 an
1197 1052 1363 1106 nullis
1400 1066 1467 1106 ex
1512 1053 1731 1114 causis,
1775 1053 1868 1107 sed
1917 1053 2031 1108 sola

456 1133 551 1195 Dei
582 1142 860 1196 voluntate
903 1135 1227 1205 honeStum,
1261 1142 1346 1195 vel
1382 1141 1561 1195 minus
1591 1141 1877 1195 honestum
1909 1155 2032 1197 esse

458 1233 762 1287 membrum
796 1233 1089 1302 unicuique
1117 1232 1425 1302 delegatum
1460 1233 1529 1286 sit
1556 1232 1690 1304 (12).
1724 1231 1877 1298 Quod
1901 1248 2031 1303 ergo

457 1322 532 1378 ibi
564 1324 717 1379 nobis
752 1323 930 1379 minus
962 1326 1172 1379 clarum
1207 1324 1328 1390 fuit,
1362 1324 1450 1378 hic
1476 1324 1772 1392 Apostolus
1800 1324 2028 1379 eviden-

458 1423 540 1470 ter
565 1418 776 1486 aperuit
808 1418 1014 1481 dicens,
1054 1418 1162 1471 sive
1185 1417 1512 1487 prophetiam
1545 1417 1678 1489 (15),
1720 1419 1827 1471 sive
1866 1419 2026 1472 mini-

455 1507 693 1571 sterium,
726 1510 842 1562 sive
874 1508 1081 1578 reliqua
1109 1510 1246 1565 dona
1283 1510 1584 1578 gratiarum
1618 1510 1901 1563 secundum
1937 1525 2029 1563 ra-

453 1598 648 1652 tionem
689 1599 815 1662 ﬁdei
850 1599 966 1653 dari
1017 1617 1032 1654 :
1083 1600 1332 1669 quamvis
1376 1615 1556 1655 sermo
1589 1602 1726 1664 iste,
1774 1602 1876 1658 hoc
1918 1610 2025 1665 est,

451 1685 735 1741 secundum
763 1686 875 1758 (14)
907 1689 1161 1743 rationem
1201 1689 1366 1757 ﬁdei,
1412 1689 1552 1756 apud
1590 1689 1817 1745 Latinos
1850 1691 2026 1744 minus

448 1778 669 1848 proprie
740 1779 1030 1835 translatus
1084 1781 1352 1835 videatur.
1423 1780 1708 1852 ’Δναλογια
1770 1782 1913 1836 enim
1968 1782 2023 1836 in

2145 591 2521 644 Verumtamen
2551 605 2619 644 ex
2663 589 2767 643 hoc
2810 588 2955 656 quod
2997 586 3075 639 ait
3117 587 3232 643 dari
3276 590 3507 658 gratiam
3538 591 3606 643 ad
3650 589 3708 643 id

2135 681 2274 751 quod
2302 683 2508 751 expedit
2531 719 2547 742 ,
2585 690 2766 749 potest
2797 679 2912 733 ﬁeri
2945 688 3003 732 ut
3035 680 3136 733 etsi
3176 679 3247 733 sit
3275 680 3387 750 (l8)
3432 681 3484 733 in
3524 681 3704 750 aliqut-

2136 787 2386 826 mensura
2414 771 2536 824 ﬁdei
2574 780 2718 825 tanta
2740 810 2755 834 ,
2792 783 2918 838 quae
2943 767 3296 825 excelsiorem
3337 771 3564 839 gratiam
3597 787 3711 826 me-

2134 874 2323 917 reatur
2351 863 2619 930 accipere,
2657 861 2703 915 si
2731 870 2957 916 sanctus
2999 859 3233 929 Spiritus
3273 860 3459 915 futura
3491 865 3709 931 prospi-

2132 954 2284 1007 ciens
2320 954 2577 1022 expedire
2614 950 2901 1020 accipienti
2948 965 3057 1004 non
3102 950 3339 1020 judicet,
3397 950 3709 1005 necessario

2132 1044 2336 1099 dividat
2382 1043 2673 1111 unicuique
2720 1051 2883 1111 prout
2924 1042 3037 1096 vult
3082 1051 3139 1096 et
3180 1042 3418 1110 expedit.
3466 1041 3710 1110 Denique

2133 1134 2419 1189 nonnullos
2485 1134 2730 1187 videmus
2802 1136 3079 1203 accepisse
3137 1131 3375 1201 gratiam
3440 1132 3708 1187 doctrina:

2129 1226 2217 1280 vel
2251 1225 2648 1280 exhortationis
2688 1225 2757 1278 ad
2800 1225 3051 1294 plebem,
3094 1236 3149 1279 et
3191 1239 3256 1279 ex
3301 1224 3402 1279 hoc
3443 1227 3561 1294 ipso
3596 1226 3711 1281 eia-

2130 1326 2215 1372 tos
2249 1326 2413 1385 atque
2461 1317 2514 1370 in
2559 1317 2867 1385 superbiam
2915 1330 3105 1371 versos
3155 1317 3209 1369 in
3255 1316 3518 1385 judicium
3568 1318 3708 1371 inci-

2129 1408 2274 1462 disse
2298 1407 2498 1462 diaboli
2533 1424 2547 1460 :
2579 1407 2716 1463 alios
2746 1407 3023 1477 accepisse
3052 1408 3272 1476 quidem
3302 1408 3704 1476 gratiam,sed

2130 1497 2297 1571 649
2327 1500 2649 1569 negligentia
2678 1500 2843 1553 animi
2871 1510 2927 1555 et
2957 1500 3079 1554 vita:
3113 1501 3320 1556 desidia
3344 1500 3652 1571 corrupisse
3685 1517 3702 1555 :

2127 1593 2269 1645 unde
2298 1601 2419 1645 erat
2451 1602 2505 1646 et
2544 1591 2633 1646 ille
2678 1593 2770 1660 qui
2808 1602 3093 1661 acceptum
3127 1592 3411 1647 denarium
3449 1590 3501 1644 in
3542 1590 3704 1645 suda-

2128 1682 2210 1737 rio
2241 1683 2552 1752 colligavit,
2599 1698 2700 1737 nec
2734 1684 2950 1752 operari
2980 1697 3047 1737 ex
3080 1698 3146 1737 eo
3187 1683 3393 1751 aliquid
3435 1681 3607 1736 voluit
3632 1681 3702 1737 ⁸³.

2129 1774 2418 1844 Propterea
2459 1775 2693 1845 denique
2719 1787 2775 1830 et
2812 1775 3109 1845 Apostolus
3145 1776 3338 1830 scribit
3383 1774 3451 1829 ad
3494 1776 3701 1829 charis-

447 1868 658 1935 Graeco,
709 1885 816 1925 non
853 1880 960 1924 tam
1006 1871 1144 1925 ratio
1191 1887 1353 1940 quam
1403 1887 1661 1927 mensura
1711 1881 2023 1942 competens
2055 1857 2098 1911 Β
2127 1869 2325 1922 simum
2383 1867 2489 1922 sibi
2540 1866 2709 1920 lilium
2744 1866 3132 1923 dicens:Noli
3164 1866 3420 1937 negligere
3468 1867 3699 1935 gratiam

447 1958 553 2013 dici
582 1970 779 2029 potest,
815 1971 874 2015 ut
904 1961 1028 2031 quia
1058 1976 1164 2015 uno
1200 1976 1304 2015 non
1335 1971 1534 2031 potest,
1573 1962 1784 2018 duobus
1813 1978 2023 2019 sermo-

445 2050 606 2106 nibus
648 2052 972 2123 explicetur.
1024 2052 1328 2108 Secundum
1375 2052 1489 2124 (15)
1541 2069 1840 2108 mensuram
1892 2071 2022 2126 ergo

445 2140 570 2211 ﬁdei
596 2142 1024 2214 uniuscujusque
1055 2145 1399 2200 diversitates
1422 2146 1540 2199 dari
1569 2146 1879 2215 pronuntiat
1903 2161 2022 2213 gra-

444 2232 666 2298 tiarum,
701 2245 783 2299 ut,
816 2236 964 2291 verbi
991 2250 1185 2302 causa,
1226 2245 1448 2304 accepta
1492 2236 1614 2304 quis
1647 2236 1846 2305 gratia,
1889 2236 2020 2291 illud

441 2321 527 2376 vel
568 2322 697 2378 illud
727 2326 1029 2380 membrum
1060 2326 1116 2379 in
1148 2326 1353 2381 Christi
1381 2340 1611 2394 corpore
1656 2326 1774 2380 ﬁat.
1818 2327 1887 2380 Et
1929 2327 2020 2381 hic

440 2413 658 2483 quidem
684 2431 985 2470 mensuram
1007 2418 1134 2484 ﬁdei
1157 2433 1379 2472 causam
1415 2417 1803 2484 capiendarum
1837 2418 2019 2486 posuit

439 2503 743 2573 gratiarum
769 2520 786 2569 ;
831 2506 894 2559 ad
937 2505 1249 2561 Corinthios
1276 2520 1407 2562 vero
1439 2507 1688 2562 scribens
1720 2509 1795 2560 ait
1825 2518 1844 2562 :
1882 2505 2017 2561 Uni-

439 2597 627 2663 cuique
655 2605 829 2650 autem
850 2598 1010 2650 datur
1034 2597 1394 2667 manifestatio
1419 2598 1656 2666 Spiritus
1697 2599 1766 2653 ad
1798 2599 1854 2651 id
1877 2600 2017 2669 quod

437 2687 642 2755 expedit
667 2686 746 2754 '°;
775 2696 830 2740 et
859 2696 977 2756 post
1013 2702 1183 2757 pauca
1221 2688 1371 2743 addit
1401 2705 1416 2743 :
1451 2688 1644 2744 Omnia
1682 2696 1857 2745 autem
1894 2706 2017 2758 ope-

437 2786 591 2830 ratur
616 2793 755 2832 unus
786 2787 943 2851 atque
979 2780 1116 2834 idem
1152 2779 1410 2848 Spiritus,
1450 2781 1689 2835 dividens
1731 2781 2017 2850 unicuique

439 2867 550 2941 (16)
576 2879 728 2938 prout
757 2869 864 2923 vult
894 2870 960 2922 ⁸⁷.
999 2869 1154 2927 Unde
1192 2870 1323 2923 mihi
1352 2871 1605 2936 videtur,
1651 2879 1759 2924 tam
1792 2873 1858 2927 ad
1900 2871 2011 2926 ilo-

435 2972 630 3012 manos
660 2973 822 3026 quam
854 2956 920 3011 ad
945 2956 1260 3013 Corinthios
1291 2960 1562 3027 scribens,
1600 2969 1709 3014 tres
1737 2961 2014 3030 capiendas

436 3047 629 3113 gratiae
676 3046 866 3101 modos
911 3048 1138 3114 docere,
1181 3057 1239 3102 ut
1271 3063 1338 3101 ex
1381 3050 1542 3103 nobis
1582 3050 1634 3104 in
1669 3064 1735 3104 eo
1774 3050 1859 3120 agi
1912 3050 2014 3104 ali-

436 3136 566 3204 quid
598 3136 885 3200 estendat,
922 3135 1216 3205 plurimum
1269 3145 1449 3192 tamen
1495 3138 1549 3193 in
1591 3139 1686 3193 Dei
1722 3138 2010 3209 largitione

432 3226 752 3280 consistere.
786 3225 946 3281 Ponit
971 3241 1106 3297 ergo
1135 3237 1192 3282 et
1219 3243 1520 3283 mensuram
1555 3228 1681 3298 ﬁdei
1714 3245 1838 3285 esse
1859 3270 1877 3298 ,
1911 3246 2009 3298 per

432 3330 595 3386 quam
626 3316 749 3384 quis
776 3316 1005 3387 gratiam
1039 3318 1179 3387 capit
1209 3333 1224 3383 ;
1270 3319 1423 3388 ponit
1466 3328 1524 3374 et
1551 3320 1621 3374 ad
1658 3320 1714 3373 id
1743 3321 1884 3390 quod
1915 3336 2009 3375 ea:-

431 3408 569 3476 pedit
597 3408 710 3462 dari
737 3424 754 3475 ;
783 3417 839 3462 et
862 3407 1126 3475 Spiritum
1158 3409 1402 3464 dividere
1431 3422 1588 3481 prout
1614 3410 1748 3466 vult.
1780 3411 1853 3467 Ut
1875 3426 2006 3483 ergo

431 3504 583 3552 tanta
620 3498 674 3553 in
721 3499 879 3554 nobis
908 3499 1042 3554 lides
1076 3499 1405 3566 inveniatur,
1435 3510 1640 3572 quanta
1673 3502 1848 3573 possit
1879 3501 2002 3557 sub-

431 3584 707 3643 limiorem
765 3590 993 3660 gratiam
1032 3591 1352 3659 promereri,
1386 3592 1557 3647 nostri
1582 3593 1763 3663 operis
1792 3593 2006 3648 videtur

429 3688 483 3734 et
521 3680 687 3734 studii
725 3697 741 3734 :
776 3691 836 3735 ut
876 3689 1056 3736 autem
1086 3682 1150 3735 ad
1190 3682 1242 3737 id
1281 3682 1443 3737 detur
1470 3685 1615 3755 quod
1649 3685 1904 3754 expedit,
1949 3693 2005 3741 et

428 3766 563 3821 utile
581 3768 655 3822 sit
677 3768 987 3839 accipienti,
1022 3770 1117 3825 Dei
1142 3769 1406 3839 judicium
1429 3783 1553 3839 est;
1586 3773 1669 3835 vel
1699 3775 1924 3828 omnino
1954 3774 2002 3828 si

428 3856 547 3911 dari
573 3857 722 3923 velit,
754 3858 807 3913 in
839 3859 957 3927 ipso
980 3868 1085 3915 est.
1117 3860 1241 3916 ldeo
1268 3870 1323 3918 et
1351 3862 1406 3917 in
1444 3863 1567 3918 aliis
1602 3863 1746 3919 idem
1770 3867 2003 3933 Aposto-

425 3948 511 4005 lus
561 3949 692 4005 dicit
745 3967 761 4005 :
819 3950 981 4006 Nunc
1027 3965 1201 4008 autem
1251 3953 1393 4010 Deus
1451 3957 1625 4026 posuit
1679 3958 1734 4012 in
1786 3974 2003 4026 corpore

424 4042 831 4111 unumquodque
851 4044 1136 4098 membrum
1159 4056 1317 4116 prout
1339 4046 1501 4104 voluit
1522 4047 1588 4104 ³⁸.
1615 4047 1799 4104 Voluit
1819 4059 1998 4104 autem

424 4131 570 4187 Deus
599 4133 890 4188 secundum
932 4136 1191 4190 rationem
1239 4138 1323 4194 vel
1363 4155 1669 4194 mensuram
1714 4141 1840 4210 ﬁdei
1879 4157 2000 4212 quae

420 4230 508 4277 est
540 4221 595 4277 in
643 4223 799 4278 nobis
836 4223 992 4295 (l7);
1034 4225 1116 4280 vel
1157 4226 1329 4282 voluit
1365 4231 1437 4283 ad
1482 4231 1539 4284 id
1578 4233 1721 4301 quod
1764 4233 1996 4302 expedit.

396 4310 534 4367 ~Nisi
569 4310 714 4367 forte
746 4314 816 4368 ita
848 4314 1051 4386 aliquis
1090 4326 1149 4371 et
1189 4319 1294 4374 hoc
1323 4320 1455 4375 velit
1482 4321 1822 4394 intelligere",
1856 4325 1998 4380 Deus

420 4403 592 4471 posuit
623 4404 680 4458 in
717 4421 937 4475 corpore
958 4410 1367 4481 unumquodque
1396 4412 1685 4468 membrum
1713 4427 1868 4486 prout
1903 4433 1995 4472 vo-

2123 1973 2241 2026 qua:
2268 1957 2324 2009 in
2353 1965 2402 2009 te
2429 1965 2504 2009 est
2533 1956 2612 2019 “l;
2650 1963 2905 2025 tanquam
2941 1957 3121 2010 sciens
3152 1970 3312 2025 posse
3342 1956 3570 2022 gratiam
3603 1968 3696 2023 per

2124 2046 2502 2116 negligentiam
2530 2047 2794 2115 deperire.
2819 2046 2972 2112 Quod
2992 2056 3170 2100 autem
3200 2046 3367 2100 dixit:
3396 2044 3695 2099 Secundum

2122 2139 2382 2190 rationem
2410 2136 2493 2190 vel
2532 2152 2829 2190 mensuram
2861 2136 2986 2205 ﬁdei
3012 2136 3081 2204 δ’,
3129 2147 3260 2206 puto
3284 2135 3397 2204 jam
3445 2135 3601 2203 plene
3641 2137 3693 2189 in

2120 2228 2494 2297 superioribus
2521 2229 2826 2297 expositum
2876 2242 2998 2298 quae
3037 2229 3109 2282 sit
3157 2228 3291 2283 fides
3331 2243 3450 2297 qua:
3477 2243 3506 2282 a
3539 2227 3691 2283 nobis

2120 2321 2455 2390 requiratur,
2489 2328 2545 2375 et
2572 2337 2694 2390 quae
2722 2323 2793 2375 sit
2818 2337 2940 2391 qua:
2968 2337 2997 2375 a
3044 2322 3153 2376 Deo
3186 2337 3282 2391 per
3319 2322 3552 2391 gratiam
3594 2321 3690 2376 da-

2122 2419 2208 2463 tur
2238 2410 2538 2465 secundum
2573 2410 2679 2464 hoc
2709 2410 2851 2480 quod
2879 2411 3019 2466 idem
3049 2411 3340 2479 Apostolus
3372 2411 3505 2466 dicit
3533 2429 3545 2465 :
3588 2411 3688 2464 Alit

2116 2501 2248 2570 ﬁdes
2276 2503 2329 2555 in
2367 2503 2545 2555 eodem
2577 2501 2778 2568 Spiritu
2810 2502 2856 2533 “
2893 2518 2910 2555 :
2940 2513 2995 2558 ct
3020 2502 3150 2557 item
3199 2505 3288 2557 ubi
3320 2502 3435 2572 (19)
3464 2503 3693 2573 apostoli

2117 2593 2184 2647 ad
2221 2592 2509 2647 Dominum
2556 2594 2786 2647 dicunt:
2823 2595 2973 2664 Auge
3013 2594 3163 2648 nobis
3207 2593 3363 2663 ﬁdem
3407 2593 3452 2625 ⁸³
3497 2607 3514 2644 :
3548 2594 3691 2662 quod

2118 2682 2254 2738 ﬁdes
2284 2682 2647 2753 quidemquae
2676 2692 2858 2753 speret
2886 2694 2941 2739 et
2987 2683 3194 2750 credat,
3240 2693 3298 2739 et
3334 2685 3539 2753 absque
3583 2683 3690 2737 ulla

2117 2774 2460 2831 dubitatione
2498 2775 2757 2841 confidat,
2784 2775 2837 2828 in
2873 2775 3029 2831 nobis
3051 2783 3170 2830 est:
3221 2776 3359 2830 ratio
3403 2790 3531 2830 vero
3564 2775 3689 2829 lidei

2115 2868 2303 2936 ipsius,
2345 2876 2399 2921 et
2428 2868 2693 2931 scientia,
2732 2876 2787 2921 et
2813 2866 3087 2936 perfectus
3122 2881 3310 2922 eorum
3344 2883 3464 2937 qua;
3505 2867 3690 2921 credi-

2115 2973 2238 3013 mus
2260 2958 2591 3021 intelleetus,
2621 2961 2901 3011 donatura
2932 2957 3065 3011 Deo.
3096 2956 3202 3012 Sed
3234 2968 3290 3013 et
3320 2958 3450 3013 illud
3484 2959 3535 3011 in
3567 2958 3689 3014 loco

2113 3062 2219 3102 non
2247 3048 2560 3102 omittamus
2584 3050 2727 3117 quod
2757 3050 2974 3103 videtur
3000 3050 3313 3104 secretioris
3338 3065 3459 3104 esse
3488 3060 3690 3121 myste-

2113 3139 2199 3193 rii.
2233 3138 2290 3192 Si
2320 3138 2463 3192 enim
2502 3140 2554 3192 in
2589 3140 2837 3208 praesenti
2868 3139 3066 3195 saeculo
3096 3140 3191 3194 dat
3217 3140 3359 3194 Deus
3395 3141 3687 3209 unicuique

2110 3228 2342 3298 gratiam
2382 3228 2671 3281 secundum
2700 3243 2998 3282 mensuram
3027 3229 3174 3297 ﬁdei,
3205 3229 3324 3284 sine
3357 3231 3524 3286 dubio
3549 3241 3606 3284 e'.
3627 3231 3685 3285 in

2107 3321 2294 3374 l'uturo
2323 3318 2470 3373 dabit
2495 3321 2788 3389 unicuique
2820 3323 3049 3391 gratiam
3083 3338 3182 3392 pro
3229 3338 3484 3377 mensura
3524 3326 3685 3377 meri-

2109 3420 2326 3475 torum;
2353 3418 2409 3464 et
2437 3409 2482 3465 si
2533 3411 2585 3464 in
2637 3412 2888 3478 praesenti
2928 3412 3134 3467 atecqu
3165 3411 3285 3466 talis
3321 3421 3405 3466 est
3433 3413 3527 3466 Dei
3569 3413 3685 3467 dis-

2105 3500 2376 3570 pensatio,
2406 3506 2467 3553 et
2516 3498 2638 3554 talis
2682 3499 2786 3554 erit
2828 3503 2996 3556 etiam
3042 3501 3097 3556 in
3136 3502 3355 3566 luturo;
3412 3503 3686 3571 quomodo

2105 3606 2213 3646 non
2243 3601 2299 3645 et
2324 3593 2377 3646 in
2405 3584 2695 3661 prasteritis
2723 3593 2941 3648 saeculis
2974 3592 3115 3665 (20),
3150 3610 3273 3664 qua:
3305 3594 3527 3673 fuerunt
3556 3604 3686 3651 ante

2105 3700 2226 3749 nos,
2252 3683 2444 3740 similis
2475 3684 2568 3741 Dei
2600 3685 2935 3755 dispensatio
2961 3702 3091 3757 erga
3121 3703 3336 3743 omnem
3371 3689 3672 3745 rationabi-

2103 3776 2207 3832 lem
2230 3788 2539 3833 creaturam
2570 3778 2742 3835 l'uisse
2787 3780 3080 3836 credetur?
3127 3778 3231 3835 Sed
3254 3779 3367 3849 jam
3399 3781 3680 3836 videamus

2102 3884 2223 3938 quae
2262 3872 2373 3925 sint
2415 3869 2528 3941 (2i)
2559 3871 2700 3926 dona
2729 3887 2851 3941 quas
2894 3881 3180 3927 enumerat
3216 3873 3514 3926 secundum
3548 3888 3678 3943 gra-

2101 3961 2233 4014 tiam
2266 3962 2418 4018 data.
2476 3961 2794 4032 Prophetia,
2841 3965 3041 4034 inquit,
3075 3972 3131 4018 et
3181 3964 3568 4030 ministerium,
3624 3973 3680 4019 et

2100 4054 2368 4120 doctrina,
2400 4064 2457 4109 et
2481 4055 2815 4123 exhortatio,
2847 4067 2903 4112 et
2927 4056 3173 4122 tributio,
3206 4057 3309 4111 hoc
3332 4065 3418 4110 est
3447 4065 3678 4126 praasta-

2100 4146 2198 4211 tio,
2230 4155 2287 4200 et
2306 4160 2562 4215 praeesse,
2594 4158 2650 4200 et
2694 4146 2965 4201 misereri.
2999 4136 3095 4202 His
3118 4147 3298 4217 jungit
3354 4157 3409 4200 et
3436 4149 3679 4201 charita-

2100 4244 2231 4301 tem,
2271 4246 2326 4292 et
2352 4246 2570 4292 caetera.
2607 4236 2683 4290 De
2711 4238 2909 4307 quibus
2945 4237 3092 4292 dicat
3142 4237 3375 4291 fortasse
3421 4236 3625 4305 aliquis
3659 4254 3675 4290 :

2099 4327 2155 4383 Si
2184 4328 2301 4383 haec
2329 4328 2511 4383 omnia
2542 4343 2640 4397 per
2670 4329 2905 4399 gratiam
2941 4330 3138 4382 dantur
3169 4328 3304 4399 (2'2),
3338 4343 3444 4382 non
3487 4328 3593 4382 erit
3619 4327 3675 4380 in

2079 4419 2255 4488 .culpa
2283 4419 2328 4474 si
2361 4419 2484 4488 quis
2515 4433 2619 4474 non
2644 4420 2951 4490 pr0phetet,
2999 4429 3092 4472 aut
3120 4435 3226 4474 non
3256 4420 3546 4486 ministret,
3582 4429 3675 4473 aut

420 4492 557 4559 luit,
604 4506 665 4551 ut
697 4497 858 4552 voluit
886 4498 953 4553 ad
990 4501 1276 4554 membrum
1317 4504 1491 4573 magis
1537 4504 1843 4572 referatur,
1893 4508 1995 4562 hoc
2024 4521 2073 4582 ι)
2102 4524 2211 4564 nou
2241 4513 2454 4579 doceat,
2494 4520 2589 4564 aut
2619 4526 2725 4564 non
2779 4512 3124 4574 exbortetur,
3170 4522 3265 4566 aut
3310 4528 3416 4565 non
3450 4513 3674 4576 tribuat,

420 4590 524 4649 est,
553 4596 707 4653 prout
739 4587 931 4654 voluit,
964 4598 1126 4659 prout
1146 4590 1332 4661 elegit,
1365 4603 1525 4663 prout
1551 4610 1770 4666 operam
1798 4600 1984 4667 dedit;

489 4717 729 4802 ⁸⁶Ῐϐο[.
759 4741 857 4802 xu,
884 4727 946 4802 _7.
1002 4727 1328 4802 "ibid.il.
1377 4732 1423 4765 ³ο
1447 4732 1580 4789 ibid.
1610 4736 1697 4791 ts.
1778 4738 1822 4771 ιο
1852 4738 1981 4794 Luc.

2113 4777 2129 4802 ,
2171 4733 2265 4800 20,
2305 4733 2398 4790 21.

417 4785 545 4845 Cor.
574 4792 729 4858 311,9.
804 4785 854 4827 “
882 4796 1014 4853 Luc.
1036 4813 1167 4863 xvn,
1189 4801 1245 4857 5.

394 4964 397 4965 ν
427 4901 603 4991 lii?)
626 4904 727 4991 με,
747 4908 955 4991 Regius
977 4927 1125 4970 num.
1147 4914 1306 4991 1β59,
1328 4918 1688 4991 unusquisque
1708 4920 1990 4977 derelictus

416 4978 505 5043 sit.
536 4978 640 5029 Sed
675 4984 853 5032 «veteri
883 4996 1012 5034 mss.
1043 4992 1097 5036 et
1124 4987 1257 5039 editi
1289 4978 1349 5041 ut
1379 4988 1429 5040 in
1466 4978 1635 5043 t'extti.

628 5045 774 5125 IEditi
808 5063 1114 5125 perperam,
1145 5054 1253 5108 sive
1278 5059 1576 5125 praphetia.

511 5115 599 5181 14)
636 5115 960 5173 Secundum.
986 5118 1258 5177 Omittunt
1278 5115 1342 5179 in
1374 5115 1557 5181 editis.

511 5183 598 5254 15)
628 5183 1141 5268 Ιξᾳίιίηεεευημιιιη
1188 5209 1313 5262 ergo
1349 5195 1475 5262 ﬁdei
1514 5214 1818 5256 mensuram
1860 5204 1983 5258 uni-

411 5257 499 5305 cui
536 5271 602 5307 ue
634 5257 964 5312 diversitates
988 5261 1134 5323 dari,
1167 5257 1273 5318 etc'.

482 5270 594 5376 (261
621 5325 795 5376 Alias.
824 5327 1067 5376 singulis-
1101 5332 1198 5376 setl
1229 5349 1273 5376 ιιι

482 5321 594 5406 (1.6)
621 5325 795 5406 Alias,
824 5327 1069 5397 singulis,
1101 5321 1199 5385 sed
1229 5347 1329 5386 ms.
1355 5331 1559 5406 Regius
1585 5353 1736 5394 ηιιηι,
1762 5340 1900 5399 1639
1926 5352 1980 5399 ει

410 5390 893 5465 θάἰξῌέίωιὶειιίᾳυε.

482 5461 596 5584 (ἐξ.)
627 5461 808 5531 Editi,
852 5468 1140 5523 secundum
1168 5470 1296 5539 ﬁdei
1326 5488 1620 5530 mensuram
1652 5494 1772 5547 quae
1801 5492 1876 5535 est
1925 5484 1979 5538 in

410 5546 581 5585 110018.

479 5600 590 5673 (18)
624 5602 973 5687 Ms.“plures,
1005 5617 1061 5661 ut
1090 5610 1137 5662 si
1162 5612 1273 5687 sit,
1302 5622 1410 5668 etc.
1443 5614 1646 5687 Deinde
1674 5616 1826 5683 editi,
1856 5631 1977 5675 tan-

410 5673 1273 5756 tequenexeellentioremngfatiam
1293 5722 1328 5756 ,_
1350 5697 1455 5739 etc.
1485 5683 1657 5739 Paulo
1689 5673 1825 5756 post,
1846 5673 1976 5746 vero

408 5740 748 5830 tuszg‘lieg‘ius
785 5760 932 5825 num.
973 5740 1117 5803 1639
1154 5740 1356 5830 omittit
1405 5740 1713 5830 necessarior
1735 5740 1974 5830 dividat;

409 5820 464 5862 et
500 5809 689 5881 habet,
735 5816 1016 5887 unicuique
1046 5822 1350 5887 prout‘vult
1390 5826 1653 5895 expediat.

2100 4610 2196 4655 aut
2222 4615 2327 4654 non
2357 4602 2566 4671 praeit,
2597 4610 2692 4656 aut
2731 4618 2837 4657 non
2886 4605 3233 4669 misereatur,
3280 4612 3375 4656 aut
3414 4617 3519 4657 non
3550 4603 3676 4657 dili-

2495 4732 2857 4802 ‘°l'l‘im.tv,
2909 4736 2997 4792 14.
3097 4732 3502 4800 “Rotn.xn,3.
3580 4731 3671 4786 δ¹1

2162 4921 2277 4994 (19)
2315 4920 2416 4976 Ms.
2448 4919 2653 4994 Regius
2691 4937 2842 4977 num.
2896 4920 3059 4994 1659,
3110 4922 3259 4978 alibi.
3301 4920 3502 4977 Deinde
3526 4922 3668 4992 Apo-

2090 4994 2214 5047 stoti
2242 4993 2586 5046 desideratur
2619 4993 2672 5046 in
2700 5003 2859 5047 antea
2884 4993 3064 5047 editis.

2164 5063 2282 5133 (ΞΟ)
2312 5061 2474 5133 Editi,
2503 5061 2755 5133 talis‘ertt
2780 5065 3004 5133 etiam...
3032 5062 3291 5131 quomodo
3314 5076 3418 5113 non
3444 5072 3668 5128 prater-

2086 5130 2182 5186 itis'
2224 5130 2602 5201 σαπήῃ-εις.
2627 5130 2755 5186 Mss.
2802 5130 3049 5201 plerique
3078 5134 3333 5184 omittunt
3376 5134 3666 5201 utrobique

2083 5213 2172 5268 et;
2199 5203 2294 5256 sed
2328 5215 2431 5257 ms.
2460 5199 2662 5268 Regius
2699 5199 2843 5254 num.
2877 5200 3015 5255 1659
3046 5202 3175 5253 utin
3202 5210 3375 5254 textu.

2156 5270 2268 5343 (21)
2323 5269 2486 5343 Editi,
2535 5273 2855 5343 crederetur.
2919 5270 3028 5343 Sed
3060 5270 3180 5343 jam
3227 5269 3499 5343 videamus
3540 5287 3659 5340 qute

2083 5354 2226 5405 sunt,
2249 5338 2354 5395 etc.
2391 5338 2615 5402 Deinde,
2645 5338 2952 5409 Prop/retia,
2974 5341 3165 5409 inquit,
3186 5350 3260 5393 est
3283 5338 3654 5409 ministerium,

2083 5422 2193 5465 etc.
2225 5413 2290 5466 Et
2323 5409 2483 5479 paulo
2509 5420 2629 5478 post
2657 5425 2760 5463 ms.
2790 5410 2991 5478 Regius
3019 5427 3165 5462 num.
3216 5410 3376 5479 1639,
3414 5412 3502 5463 sed
3550 5411 3653 5462 tri.

2084 5482 2261 5545 buere,
2293 5477 2390 5532 hoc
2412 5477 2810 5547 est,pra:stare,
2833 5477 3150 5548 et’prwesse,
3183 5490 3290 5535 etc.
3339 5477 3442 5533 Sed
3471 5479 3656 5535 caeleri

2083 5567 2212 5605 IIISS.
2244 5562 2301 5605 ut
2332 5551 2383 5602 in
2414 5559 2598 5603 nostro
2632 5559 2800 5603 textu.

2152 5621 2267 5691 (22)
2312 5620 2481 5691 Editi,
2517 5619 2608 5670 dat
2651 5634 2747 5691 pro
2790 5622 3006 5691 dantur.
3040 5618 3249 5691 Deinde
3292 5631 3396 5677 ms.
3445 5618 3657 5690 Regius

2082 5687 2225 5744 nunt.
2251 5687 2423 5759 1659,
2450 5704 2553 5741 uon
2592 5691 2690 5741 erit
2728 5690 2783 5741 in
2816 5689 2968 5753 culpa
3004 5689 3050 5742 si
3073 5691 3281 5758 quidem
3304 5705 3407 5744 non
3427 5687 3653 5759 prophe-

2079 5769 2215 5817 tet...
2246 5762 2339 5832 qui
2383 5758 2843 5832 horumomnium
2879 5760 3106 5832 gratiam
3158 5775 3259 5812 non
3296 5763 3509 5827 accipit.
3526 5758 3652 5819 Sed

2078 5825 2270 5886 caeteri
2298 5844 2453 5897 mss.,
2494 5825 2749 5884 Rabauus
2775 5840 2829 5888 et
2852 5825 2981 5885 editi
3014 5839 3073 5885 ut
3105 5832 3158 5884 in
3186 5841 3373 5889 nostro
3400 5825 3577 5888 textu.
