4150 6472
451 385 590 441 Η.ιό

1895 390 2217 447 ORIGENIS

3570 397 3704 452 1216

451 520 578 580 gat;
615 507 742 578 quia
778 508 971 564 horum
998 511 1239 565 omnium
1267 511 1496 582 gratiam
1519 526 1626 567 non
1663 513 1891 581 accepit.
1918 513 2024 567 Sed
2056 523 2098 575 Α
2131 515 2301 580 genda
2329 523 2413 568 est
2431 514 2547 570 lucc
2570 516 2918 583 quam-docet
2942 516 3253 585 Apostolus,
3279 533 3383 571 non
3415 516 3561 571 illam
3585 532 3707 571 esse

449 604 516 654 ad
549 601 664 655 hare
711 601 954 656 dicemus
988 619 1002 656 :
1050 602 1203 657 Sicut
1234 613 1317 657 est
1347 605 1480 659 lides
1523 618 1686 673 quam
1736 605 2028 659 docuimus

449 705 575 746 esse
605 692 657 744 in
691 693 863 757 nobis,
895 702 950 747 et
988 707 1177 748 rursus
1215 704 1300 747 est
1339 696 1471 749 tides
1497 711 1618 765 quae
1649 712 1745 766 per
1794 698 2026 766 gratiam

454 783 629 842 datur,
663 784 804 838 sicut
830 798 989 849 supra
1013 784 1249 840 diximus
1278 788 1537 855 scriptum
1578 803 1699 841 esse
1723 807 1736 842 :
1762 789 1867 840 Atii
1897 789 2029 856 ﬁdes

453 875 513 928 in
536 875 717 928 eodem
745 874 1052 949 Spiritu“:
1090 878 1163 930 ita
1196 878 1357 930 etiam
1392 879 1443 930 in
1481 892 1806 947 unoquoque
1837 879 2029 932 horum

456 982 577 1036 qum
608 983 767 1036 supra
799 969 1242 1024 enumeravimus
1272 986 1301 1023 a
1339 971 1446 1024 Deo
1497 987 1594 1040 per
1620 971 1852 1041 gratiam
1889 971 2031 1032 dari,

456 1070 543 1113 est
576 1060 688 1129 (25)
722 1070 778 1115 et
811 1062 862 1114 in
897 1062 1054 1116 nobis
1093 1062 1317 1130 aliquid,
1371 1064 1435 1117 ad
1470 1064 1626 1132 cujus
1656 1064 2033 1132 unusquisque

457 1168 769 1207 mensuram
813 1154 893 1208 vel
930 1156 1192 1210 rationem
1236 1158 1465 1226 gratiam
1520 1167 1887 1226 promeretur.
1924 1156 2031 1211 Ne—

457 1260 565 1313 que
591 1246 736 1298 enim
772 1245 839 1298 de
872 1246 984 1300 sola
1031 1248 1292 1314 sapientia
1325 1249 1697 1317 accipiendum
1732 1249 1859 1302 illud
1891 1250 2032 1316 quod

457 1339 721 1406 scriptum
755 1347 859 1399 est,
897 1339 1023 1404 quia
1055 1340 1153 1391 etsi
1198 1342 1264 1393 sit
1295 1339 1409 1408 (‘24)
1447 1340 1639 1409 aliquis
1682 1341 1944 1408 perfectus
1978 1342 2034 1393 in

454 1428 585 1495 [iliis
613 1431 903 1493 hominum,
932 1432 979 1484 si
1031 1431 1162 1482 desit
1188 1431 1236 1483 ei
1284 1432 1541 1498 sapientia
1580 1446 1699 1502 qua!
1732 1449 1798 1485 ex
1836 1442 1886 1485 te
1936 1442 2033 1495 est,

459 1517 529 1568 ad
573 1518 798 1571 nihilum
860 1520 1186 1587 reputabitur
1227 1519 1294 1574 ⁸⁸.
1355 1520 1550 1573 Eodem
1599 1537 1833 1591 namque
1878 1523 2036 1576 modo

458 1623 748 1675 possumus
799 1612 981 1663 dicere
1015 1628 1028 1663 :
1061 1611 1283 1665 Etiamsi
1324 1613 1397 1665 sit
1445 1612 1641 1681 aliquis
1681 1615 1949 1683 perfectus
1982 1615 2034 1669 in

462 1706 569 1756 title
598 1703 710 1774 (25)
744 1705 795 1757 in
828 1705 951 1758 ﬁliis
989 1706 1293 1771 hominum,
1325 1708 1369 1762 si
1400 1709 1541 1762 desit
1574 1710 1623 1762 ei
1657 1710 1791 1762 tides
1824 1724 1944 1777 qua:
1969 1724 2035 1762 ex

463 1804 550 1847 tua
601 1797 775 1864 gratia
848 1805 952 1860 est,
1018 1798 1070 1851 in
1126 1800 1354 1854 nihilum
1408 1800 1765 1868 reputabitur.
1814 1800 1887 1853 lta
1935 1801 2035 1853 etsi

460 1885 732 1953 perfectus
770 1886 840 1939 sit
872 1887 992 1954 quis
1035 1888 1086 1941 in
1133 1890 1462 1953 ministerio,
1511 1891 1554 1943 si
1590 1891 1728 1943 desit
1776 1891 1884 1942 eia
1933 1891 2041 1943 Deo

464 1977 749 2031 ministerii
801 1979 997 2045 gratia,
1032 1980 1084 2032 in
1135 1981 1362 2034 nihilum
1407 1982 1748 2051 reputabitur
1778 1980 1912 2053 (‘26).
1964 1982 2039 2035 Ita

461 2070 559 2122 etsi
592 2068 865 2139 perfectus
907 2071 976 2123 sit
1011 2071 1064 2123 in
1114 2070 1364 2125 doctrina
1417 2073 1562 2141 quis,
1612 2082 1667 2126 et
1697 2072 1839 2126 desit
1872 2072 1921 2126 ei
1946 2073 2043 2126 do-

460 2163 651 2215 etrinm
677 2165 850 2232 gratia
887 2164 999 2233 (27)
1042 2177 1164 2232 quze
1195 2179 1261 2218 ex
1293 2163 1400 2217 Deo
1446 2174 1548 2231 est,
1587 2165 1640 2217 in
1683 2165 1912 2218 nihilum
1954 2180 2041 2218 re-

463 2256 761 2322 putabitur.
810 2254 874 2309 Et
910 2255 983 2309 ita
1022 2257 1073 2308 in
1124 2256 1380 2311 omnibus
1430 2256 1516 2310 his
1562 2271 1683 2325 qua:
1722 2266 2042 2309 enumerata

464 2354 611 2406 sinit,
662 2355 744 2398 est
778 2348 1025 2414 quaedam
1075 2346 1337 2416 perfectio
1384 2353 1524 2402 inter
1577 2348 1717 2402 illius
1763 2348 2042 2401 hominum

465 2450 629 2501 quam
666 2436 853 2491 labore
883 2446 936 2492 et
974 2439 1168 2492 studiis
1215 2439 1452 2508 pr0priis
1486 2450 1876 2508 assequuntur,
1931 2439 2048 2493 sive

469 2524 522 2577 in
551 2526 842 2593 sapfentia,
870 2526 983 2580 sive
1012 2528 1066 2579 in
1101 2528 1378 2593 doctrina,
1426 2528 1541 2582 sive
1570 2529 1622 2581 in
1659 2528 1780 2581 aliis
1808 2526 1999 2583 olliciis
2029 2548 2042 2582 :

470 2632 590 2683 qua}
623 2628 801 2671 tamen
833 2618 877 2673 si
928 2632 1032 2670 non
1066 2618 1300 2672 habeant
1339 2634 1369 2671 a
1421 2619 1534 2672 Deo
1583 2618 1813 2688 gratiam
1842 2620 2045 2685 datam,

470 2707 603 2761 nihil
662 2718 824 2761 erunt
854 2726 865 2762 :
896 2709 1021 2778 quia
1074 2710 1118 2762 si
1157 2710 1299 2763 desit
1343 2710 1423 2763 eis
1458 2711 1630 2776 gratia
1661 2710 1918 2778 Spiritus,
1950 2725 2050 2766 nec

471 2803 716 2854 tnenibra
746 2817 867 2856 esse
907 2802 1113 2856 Christi
1143 2803 1389 2870 corporis
1436 2813 1681 2871 possunt.
1720 2803 1826 2857 Sed
1870 2804 1923 2856 in
1964 2804 2050 2858 his

473 2894 737 2960 qumritur
761 2894 803 2947 si
839 2903 1016 2962 potest
1038 2909 1161 2951 esse
1207 2896 1384 2962 aliqua
1417 2894 1467 2946 in
1499 2896 1658 2949 nobis
1688 2895 1771 2949 vel
1804 2909 1867 2949 ex
1896 2896 2052 2950 nobis

472 2986 772 3054 prophetia:
799 2987 1027 3055 species,
1064 3002 1182 3054 quin
1215 3003 1320 3041 non
1364 2998 1533 3040 totum
1567 2989 1761 3041 haheat
1799 3003 1864 3042 ex
1919 2987 2048 3049 Deo,

474 3078 569 3130 sed
624 3077 1020 3147 aliquantulum
1071 3079 1231 3132 etiam
1284 3077 1395 3148 (‘28)
1439 3094 1505 3131 ex
1559 3078 1815 3131 humanis
1861 3078 2053 3133 studiis

473 3170 679 3236 capiat.
734 3168 847 3223 Hoc
895 3171 1112 3239 quidem
1164 3170 1305 3239 apud
1349 3180 1576 3224 caeteros
1608 3170 1763 3223 valde
1796 3169 2053 3237 impossi-

474 3259 584 3313 bile
610 3262 912 3328 videbitur;
957 3263 1096 3333 apud
1139 3263 1359 3316 Paulum
1408 3271 1586 3315 tamen
1619 3262 1900 3317 evidenter
1926 3276 2051 3329 pro-

474 3349 635 3404 batur
670 3355 935 3407 dicentem
972 3353 1374 3407 :xEmulamini
1416 3363 1590 3406 autem
1633 3353 1772 3406 dona
1817 3351 2045 3420 majora,

474 3443 645 3509 ttiagis
674 3454 848 3496 autent
881 3452 934 3496 ut
980 3445 1292 3511 prophetetis
1321 3444 1387 3496 “.
1412 3442 1470 3497 In
1514 3459 1620 3513 quo
1647 3445 1790 3498 sicut
1824 3443 2051 3498 aemula-

477 3540 568 3584 tur
593 3535 716 3603 quis
767 3536 1126 3590 ministerium
1157 3536 1291 3608 (29).
1326 3545 1379 3590 et
1409 3536 1735 3602 doctrinam,
1767 3545 1820 3589 et
1849 3537 2047 3590 exhor-

479 3625 759 3692 tationem,
780 3634 833 3679 et
859 3638 1079 3689 c:etera,
1106 3643 1202 3696 per
1230 3630 1330 3680 hoc
1357 3627 1500 3694 quod
1526 3626 1749 3680 adhibet
1781 3640 1907 3695 erga
1940 3627 2053 3679 haec

479 3717 719 3768 studium
767 3731 832 3771 ac
873 3717 1141 3781 laborem,
1176 3719 1249 3772 ita
1281 3729 1334 3771 et
1375 3734 1503 3788 erga
1556 3719 1900 3788 prophetiam
1938 3718 2052 3771 ﬁeri

481 3808 679 3862 debere
718 3811 958 3864 ostendit
987 3810 1300 3880 Apostolus.
1353 3809 1504 3866 Unde
1534 3810 1815 3880 prophetia
1859 3809 2060 3864 intelli-

554 3918 598 3951 ’δ”
621 3919 637 3971 1
662 3919 787 3991 Cor.
812 3937 911 3986 xu,
948 3920 1002 3975 9.
1079 3922 1125 3955 “
1160 3922 1288 3991 Sap.
1315 3938 1389 3985 tx,
1419 3920 1473 3975 6.

483 4004 518 4044 Σ
544 4004 596 4050 v,
655 3989 742 4051 94,
778 3992 869 4045 25.
975 3991 1026 4053 ,‘°
1058 3991 1073 4045 l
1108 3989 1325 4056 Camn,
1363 3991 1450 4046 10.
1527 3992 1571 4024 ⁵¹
1601 3994 1762 4046 llebr.
1794 4008 1868 4058 IV,
1906 3992 1989 4045 l2.

558 4081 669 4148 (25)
705 4081 794 4134 Sic
819 4098 918 4137 ms.
960 4082 1158 4150 Regius
1186 4100 1333 4136 num.
1378 4083 1536 4138 1639.
1574 4083 1827 4137 Babaznts
1858 4093 1912 4136 et
1939 4083 2055 4136 edi-

490 4152 552 4210 ti.
578 4153 667 4221 qui
712 4152 843 4206 editi
889 4152 1227 4206 sulunnnodo
1259 4169 1543 4221 perperam
1587 4156 1781 4206 habent
1833 4155 1928 4206 erit
1960 4167 2058 4219 pro

487 4230 584 4273 est.
618 4220 742 4277 Mss.
780 4237 909 4274 vero
932 4225 1035 4273 dttn
1065 4223 1212 4288 Regii
1241 4220 1468 4281 habent.
1499 4235 1572 4279 est
1604 4233 1652 4278 et
1688 4226 1740 4274 in
1775 4224 1921 4275 nobis
1952 4223 2057 4275 ali-

489 4290 613 4363 quid
659 4294 727 4343 ad
762 4292 912 4360 cujus
956 4294 1198 4363 meritum
1245 4295 1599 4363 unusquisque
1635 4308 1934 4346 mensuram
1977 4291 2057 4346 vel

491 4362 744 4432 rationein
773 4364 956 4428 gratim
983 4361 1097 4427 (aL.
1128 4364 1377 4432 gratiam)
1407 4361 1746 4425 promeretur.

564 4431 675 4498 (25)
707 4429 870 4491 Editi,
903 4434 1024 4497 quia
1052 4435 1095 4484 si
1122 4434 1211 4489 sit.
1241 4429 1579 4489 etc.'Deinde
1613 4433 1774 4487 iidem
1818 4430 1973 4493 editi,
2006 4439 2062 4484 et;

494 4518 625 4570 mss.
660 4501 776 4570 dro
800 4501 897 4562 bis,
926 4518 1043 4568 qua:
1072 4518 1137 4555 ea:
1164 4502 1268 4554 Deo
1290 4515 1388 4556 est.
1422 4505 1526 4556 Sed
1560 4521 1660 4557 ms.
1693 4501 1887 4570 Regius
1910 4516 2058 4553 num.

495 4567 637 4623 1650
668 4578 720 4621 et
751 4567 1021 4633 Rabanus,
1052 4588 1167 4641 qua:
1196 4588 1261 4625 ex
1297 4582 1344 4625 te
1379 4581 1478 4637 est,
1508 4574 1647 4627 sicut
1668 4581 1723 4626 et
1754 4567 1916 4635 inira,
1949 4586 2067 4639 qua:

495 4656 562 4693 ea:
595 4653 685 4689 tua
717 4641 891 4701 gratia
917 4651 1012 4692 est.

568 4708 681 4782 (ἓξ)
710 4695 922 4782 inﬁde.
965 4710 1087 4763 llaec
1120 4710 1226 4782 duo
1267 4711 1430 4782 verba
1460 4713 1850 4782 desiderantur
1883 4708 1934 4782 in
1965 4709 2074 4782 edi-

496 4776 587 4835 lis:
625 4779 721 4832 Ms.
757 4776 956 4847 Regius
980 4796 1132 4834 num.
1170 4781 1327 4839 1659.
1354 4782 1409 4833 in
1438 4781 1540 4846 (ide
1568 4792 1616 4834 et
1669 4782 1725 4834 in
1752 4779 1879 4849 ﬁliis
1907 4780 2075 4830 horni-

498 4866 659 4909 num;
689 4853 780 4901 sed
814 4851 993 4903 ceetcri
1036 4866 1163 4904 mss.
1195 4864 1249 4904 et
1283 4851 1539 4905 Rabanns
1572 4863 1628 4904 ιιι
1665 4853 1715 4905 in
1760 4860 1929 4903 textu.

569 4918 685 4987 (26)
715 4917 876 4990 Itamet
914 4921 959 4971 si
1003 4920 1264 4988 perfecms
1313 4921 1377 4974 sit
1423 4921 1539 4990 quis
1589 4922 1644 4974 in
1682 4920 2009 4990 ministerio,
2029 4915 2076 4990 si

497 4991 628 5040 tlt’si!
650 4991 698 5059 ei
731 5006 763 5040 a
793 4988 899 5042 Deo
932 4986 1207 5043 ministerii
1232 4986 1513 5059 gratim-in
1543 4990 1763 5043 nihilum
1803 4986 2075 5056 reputabi-

496 5071 604 5110 tur.
644 5058 766 5112 ΙΙωο
797 5074 897 5113 nec
928 5060 981 5112 in
1012 5060 1193 5126 editis,
1236 5058 1352 5114 nec
1380 5063 1519 5130 apud
1551 5061 1833 5115 Rabanum
1860 5071 2079 5128 compa-

499 5137 641 5180 rent.

573 5192 688 5270 (‘27)
724 5197 885 5270 Editi.
924 5199 1165 5270 doctrina
1192 5200 1398 5270 gratim.
1440 5200 1596 5254 male.

576 5268 689 5336 (28)
726 5267 925 5321 Etiam.
962 5267 1406 5323 Praetertnittitnr
1441 5272 1491 5323 in
1519 5271 1697 5324 editis.

578 5338 690 5408 (‘29)
739 5337 921 5401 Editi,
984 5339 1041 5391 in
1078 5355 1180 5410 quo
1247 5342 1364 5410 quis
1409 5342 1694 5394 wnmlatur
1732 5340 1786 5392 in
1838 5339 2081 5392 ministe-

506 5410 669 5471 rium,
694 5418 801 5461 etc.

581 5478 696 5549 (50)
730 5476 902 5549 Stetit3
931 5479 1216 5531 secundum
1247 5480 1384 5547 quod
1413 5481 1466 5532 in
1501 5479 1783 5549 Evangelia
1826 5480 2082 5547 scriptum

508 5546 629 5603 est:
654 5547 763 5599 Lex
788 5559 833 5599 et
862 5546 1138 5615 Propheta:
1160 5564 1321 5616 usque
1347 5553 1414 5602 ad
1437 5546 1718 5604 Joannem.
1748 5548 1871 5602 Hau:
1896 5552 1946 5603 in
1971 5550 2085 5603 edi-

509 5622 584 5671 tis
615 5618 814 5672 frustra
860 5618 1128 5687 requiras,
1170 5621 1262 5673 sed
1310 5623 1672 5674 restituuntur
1716 5635 1783 5673 ex
1830 5620 2084 5675 omnibus

513 5703 646 5743 Iuss.
679 5699 734 5741 et
759 5688 1000 5741 Rabauo.

589 5756 700 5827 (5|)
737 5758 905 5822 Editi,
940 5758 1031 5811 sed
1071 5757 1240 5827 illam,
1278 5769 1388 5818 etc.
1436 5759 1640 5816 Omnes
1695 5774 1824 5817 vero
1870 5772 2006 5817 mss.
2030 5764 2086 5815 et

517 5829 793 5890 Rabanus,
817 5830 906 5882 sed
929 5829 1042 5897 illa,
1075 5838 1182 5886 etc.

1549 3922 1593 3953 “
1623 3923 1641 3976 1
1667 3921 1792 3978 Cor.
1824 3937 1921 3982 ιιι,
1952 3923 2050 3989 51;
2088 3938 2196 3990 xw,
2229 3924 2281 3978 1.

2136 619 2230 672 per
2269 618 2429 672 quam
2479 605 2677 658 dicitur
2713 621 2727 657 :
2777 606 2907 660 Ηαξε
2951 608 3077 662 dicit
3116 607 3408 672 Dominus;
3438 608 3527 662 illa
3557 613 3705 662 enim

2136 711 2310 763 usque
2341 696 2406 748 ad
2434 694 2700 767 Joannem
2725 698 2897 759 stetit,
2928 700 3224 752 secundum
3259 700 3403 768 quod
3450 698 3503 752 in
3533 699 3709 752 Evau-
3771 744 3785 761 ,

2137 788 2277 856 gelio
2330 789 2591 854 scriptum
2645 796 2730 843 est
2752 789 2795 820 ⁸⁷
2829 805 2843 840 :
2881 787 2992 843 Lea:
3042 800 3090 843 et
3132 788 3414 859 Propheta:
3442 806 3603 860 usque
3641 789 3709 842 ad

2136 877 2397 931 Joannem
2429 877 2542 949 (50)
2570 893 2585 929 :
2626 879 2719 932 sed
2765 878 2911 932 illam
2941 878 3054 948 (3|)
3085 880 3150 933 de
3178 893 3282 946 qua
3314 880 3453 933 idem
3480 881 3713 947 Aposto-

2138 969 2221 1023 lus
2249 971 2321 1022 ait
2346 969 2392 1001 "
2418 988 2430 1022 :
2466 969 2568 1035 Qui
2595 971 2889 1039 prophetat,
2916 973 3214 1027 hominibus
3243 972 3476 1039 loquitur
3500 971 3613 1041 (52)
3642 973 3712 1023 ad

2140 1061 2566 1128 aediﬁcationem,
2600 1074 2646 1116 et
2693 1065 3134 1127 exhortationem,
3174 1074 3223 1117 et
3275 1062 3711 1117 consolationem.

2138 1150 2427 1221 Pmphetia
2461 1168 2591 1223 ergo
2637 1153 2837 1208 dicitur
2862 1155 3001 1223 apud
3054 1153 3283 1208 Paulum
3319 1170 3441 1208 cum
3482 1154 3605 1223 quis
3630 1154 3715 1208 lo-

2140 1238 2329 1313 quitur
2372 1245 2685 1299 hominibus
2715 1247 2781 1299 ad
2811 1245 3251 1310 aediﬁcationem,
3288 1258 3342 1300 et
3386 1260 3508 1300 cum
3541 1245 3717 1314 loqui-

2140 1349 2230 1391 tur
2282 1338 2349 1389 ad
2390 1336 2828 1390 exhortationem
2872 1347 2922 1391 et
2965 1338 3426 1396 consolationem;
3489 1346 3544 1390 et
3593 1338 3715 1391 ideo

2143 1430 2402 1484 adhibere
2440 1429 2681 1483 studium
2722 1430 2788 1483 ad
2839 1429 3215 1498 hujuscemodi
3264 1429 3431 1500 650
3482 1432 3717 1499 prophe-

2146 1523 2273 1576 tiam
2303 1522 2559 1589 possibile
2587 1522 2745 1576 nobis
2777 1533 2882 1588 est,
2912 1532 2969 1577 et
3000 1531 3086 1577 est
3127 1524 3180 1576 in
3231 1533 3412 1577 nostra
3446 1533 3718 1593 potestate

2145 1624 2203 1667 nt
2238 1615 2392 1668 nobis
2427 1614 2478 1668 in
2510 1615 2625 1668 haec
2649 1629 2866 1682 operam
2912 1616 3184 1677 dantibus,
3215 1615 3261 1668 si
3304 1618 3596 1669 secundum
3631 1631 3717 1668 ra-

2147 1707 2345 1761 tionem
2375 1708 2458 1760 vel
2487 1706 2949 1761 mensuram-lldei
2981 1708 3095 1762 lta‘c
3121 1707 3369 1771 facimus,
3397 1707 3629 1761 addatur
3661 1714 3720 1760 et

2147 1801 2233 1855 illa
2262 1816 2383 1870 quae
2412 1816 2477 1854 ex
2512 1800 2620 1855 Deo
2661 1810 2744 1854 est
2776 1800 3056 1868 pr0phetia
3102 1798 3240 1871 (55).
3285 1799 3378 1854 Est
3411 1808 3591 1852 autem
3624 1813 3716 1852 se-

2073 1877 2114 1930 Β
2143 1894 2375 1945 cundum
2417 1891 2731 1959 Apostolum
2781 1893 2945 1945 etiam
2995 1890 3097 1943 alia
3142 1891 3353 1957 species
3394 1890 3717 1958 prophetiae,

2142 1982 2210 2035 de
2239 1995 2343 2050 qua
2380 1981 2512 2034 dicit
2537 1981 2583 2013 ⁸³
2618 1997 2630 2032 :
2666 1981 2728 2035 Si
2778 1996 2900 2034 vero
2955 1980 3290 2048 prophetetis,
3355 1981 3512 2033 intret
3542 1992 3722 2034 autem

2139 2070 2258 2140 quis
2288 2069 2540 2137 inﬁdelis,
2566 2068 2641 2121 rel
2669 2070 2859 2133 idiota,
2890 2069 3143 2138 arguitur
3168 2069 3232 2120 ab
3280 2068 3539 2133 omnibus,
3558 2069 3722 2137 judi-

2142 2174 2295 2215 catur
2328 2163 2391 2214 ab
2414 2163 2676 2225 omnibus,
2701 2162 2905 2215 occulta
2946 2176 3147 2229 quoque
3178 2161 3350 2213 cordis
3392 2158 3505 2230 ejus
3546 2162 3724 2215 mani-

2144 2254 2282 2323 festa
2311 2255 2445 2324 ﬁunt
2481 2255 2616 2325 (54),
2642 2268 2690 2307 et
2719 2266 2843 2308 tunc
2870 2252 3076 2310 cadens.
3097 2259 3150 2310 ir:
3193 2257 3381 2323 {aciem
3411 2254 3726 2323 pronuntia-

2145 2349 2216 2401 bit
2260 2349 2386 2417 quia
2427 2363 2541 2401 vere
2581 2345 2724 2400 Deus
2771 2348 2825 2400 in
2875 2347 3018 2401 vobis
3065 2357 3140 2400 est
3189 2346 3325 2417 (55).
3376 2346 3528 2402 Sicut
3574 2346 3722 2400 enim

2147 2438 2379 2504 Spiritus
2411 2438 2501 2491 Dei
2549 2438 2725 2492 omnia
2769 2447 3039 2491 scrutatur
3059 2437 3129 2502 ”,
3162 2438 3232 2490 ita
3280 2446 3335 2491 et
3378 2435 3602 2491 verbum
3628 2434 3724 2490 Dei

2145 2530 2327 2583 omnia
2378 2529 2541 2582 etiam
2598 2544 2719 2598 quae
2752 2529 2803 2581 in
2850 2529 3063 2582 occulto
3117 2536 3243 2583 sunt
3299 2535 3720 2596 perscrutatur:

2148 2622 2381 2675 maxime
2411 2636 2533 2674 cum
2570 2621 2782 2673 verbum
2819 2621 2998 2673 vivens
3025 2620 3117 2684 sit,
3151 2629 3199 2672 et
3234 2619 3437 2688 eﬂicax,
3482 2628 3531 2671 et
3564 2630 3723 2680 pene—

2147 2711 2387 2764 trabilius
2409 2711 2551 2763 omni
2574 2708 2751 2779 gladio
2778 2711 3023 2779 utrinque
3050 2719 3227 2769 acuto.
3253 2719 3533 2779 penetrans
3559 2721 3722 2776 usque

2148 2803 2215 2855 ad
2248 2803 2556 2855 divisionem
2591 2803 2787 2854 animo:
2820 2813 2867 2855 et
2902 2801 3140 2870 spiritus,
3182 2815 3490 2868 compagum
3518 2812 3726 2868 quoque

2150 2911 2212 2948 ac
2243 2890 2595 2947 medullarum
2626 2892 2698 2945 ".
2728 2892 2940 2946 Etenim
2978 2907 3101 2945 cum
3135 2890 3357 2945 moralis
3383 2889 3436 2943 in
3483 2887 3727 2943 Ecclesia

2152 3001 2331 3040 sermo
2356 2995 2619 3039 tractatur
2650 2984 2785 3055 (56),
2818 2995 2943 3039 tunc
2985 2983 3411 3052 uniuscujusque
3459 2982 3601 3035 intra
3642 2995 3730 3034 se-

2154 3080 2441 3145 metipsum
2499 3076 2834 3130 conscientia
2898 3074 3227 3136 stimulatur,
3284 3070 3728 3142 recognoscentis

2155 3186 2218 3225 ex
2262 3171 2345 3225 his
2381 3186 2500 3239 qua:
2542 3171 2798 3225 dicuntur
2840 3171 3057 3237 propria
3085 3177 3327 3234 peccata,
3357 3175 3411 3219 et
3438 3165 3730 3220 recordan-

2158 3265 2228 3317 tis
2256 3266 2302 3318 si
2357 3280 2463 3333 qua
2510 3263 2650 3317 forte
2691 3267 2742 3315 in
2800 3262 3013 3315 occulto
3044 3260 3401 3315 commiserit.
3453 3259 3728 3313 Interdum

2158 3363 2336 3409 autem
2374 3366 2427 3409 et
2470 3354 2756 3409 aestimatio
2786 3355 2898 3423 ipsa
2929 3353 3297 3421 prudentium,
3338 3351 3422 3406 vel
3460 3367 3526 3405 ex
3556 3350 3730 3414 vultu,

2159 3445 2242 3498 vel
2290 3461 2355 3499 ex
2390 3445 2650 3509 moribus,
2702 3445 2785 3499 vel
2838 3458 2905 3497 ex
2945 3451 3091 3496 motu
3137 3439 3565 3511 uniuscujusque
3596 3455 3732 3495 con-

2160 3538 2444 3590 scientiam
2481 3535 2592 3606 (57)
2622 3535 2989 3604 colligentinm
3011 3573 3025 3598 ,
3063 3533 3360 3602 prophetia:
3388 3533 3621 3601 speciem
3655 3543 3736 3587 te-

2161 3638 2271 3682 net.
2305 3627 2429 3682 lliec
2459 3628 2614 3683 nobis
2644 3629 2710 3680 de
2738 3628 3032 3696 prophetae
3063 3625 3238 3696 gratia
3270 3625 3413 3679 dicta
3442 3627 3569 3680 sint.
3607 3624 3735 3682 Post

2165 3720 2277 3773 haec
2327 3720 2573 3788 sequitur
2611 3734 2626 3771 :
2673 3718 2793 3773 Sive
2849 3717 3196 3771 ministerium
3258 3717 3314 3771 in
3359 3716 3734 3770 ministrando.

2167 3808 2462 3863 Possumus
2501 3810 2616 3864 haec
2658 3809 2843 3863 omnia
2877 3810 2944 3863 ad
3000 3808 3143 3869 illam
3187 3808 3430 3878 regulam
3477 3820 3739 3862 revocare

2389 3921 2432 3953 ’⁵⁷
2461 3922 2594 3983 Luc.
2624 3937 2736 3987 ενι,
2774 3920 2862 3983 16.
2935 3920 2981 3953 ⁸⁸
3007 3923 3023 3975 l
3049 3922 3175 3976 Cor.
3204 3936 3317 3989 xiv,
3367 3921 3422 3976 5.
3498 3918 3735 3977 “lCor.

2239 4080 2352 4149 (52)
2391 4080 2556 4144 Editi,
2600 4079 2838 4133 omnibus
2875 4079 3125 4149 loquitur,
3175 4088 3280 4132 etc.
3319 4078 3524 4137 Deinde
3558 4075 3741 4133 :Pro-

2164 4148 2336 4219 phetia
2359 4163 2557 4213 autem,
2587 4161 2694 4203 etc.
2739 4148 2836 4203 Ms.
2883 4148 3080 4217 Regius
3126 4164 3283 4219 num.
3315 4149 3478 4212 1659,
3506 4149 3738 4219 homini-

2165 4216 2260 4275 ltus
2293 4222 2530 4288 loquitur
2564 4216 2994 4288 wdiﬁcationem,
3027 4230 3074 4270 et
3107 4217 3541 4273 consolationem.
3602 4216 3729 4288 Pro-

2161 4287 2507 4361 phetiaergo,
2540 4299 2646 4344 etc.
2671 4287 2799 4343 Sed
2846 4292 3027 4349 caeteri
3062 4304 3190 4342 mss.
3222 4300 3275 4343 et
3306 4288 3563 4343 Rabanus
3598 4297 3657 4339 ut
3684 4287 3739 4341 iu

2166 4370 2334 4413 textu.

2234 4429 2351 4498 (55)
2382 4428 2475 4483 Sic
2509 4445 2611 4483 ms.
2645 4427 2850 4493 Regius
2884 4443 3031 4482 num.
3060 4425 3198 4481 16⁸59
3228 4440 3281 4480 et
3313 4427 3592 4498 Rabanns.
3617 4424 3744 4479 Edi-

2095 4527 2141 4585 ο
2170 4499 2207 4552 ti
2244 4496 2409 4585 vero,
2426 4509 2475 4552 et
2516 4502 2569 4552 in
2599 4511 2777 4585 nostra
2811 4509 3084 4585 potestate,
3124 4499 3360 4585 utqnohis
3386 4498 3438 4585 in
3460 4496 3744 4585 (DeiJopere

2170 4571 2485 4623 sudantibus
2511 4572 2796 4627 secundum
2812 4564 3080 4623 rationem
3112 4577 3161 4620 et
3192 4583 3492 4619 mensuram
3518 4566 3664 4634 ﬁdei,
3691 4564 3742 4625 si

2172 4641 2283 4690 ha'c
2308 4640 2552 4705 luamus,
2585 4637 2748 4691 addat
2778 4650 2825 4689 et
2860 4640 3008 4689 illam
3031 4652 3147 4704 qua:
3180 4652 3244 4688 ea:
3274 4636 3383 4690 Deo
3410 4649 3482 4689 est
3524 4636 3748 4701 prophe-

2171 4709 2322 4760 tiam.
2360 4712 2471 4760 Duo
2503 4725 2633 4779 mss.
2669 4708 2821 4773 Regii
2852 4708 3057 4779 itidem,
3090 4714 3144 4757 ut
3179 4708 3326 4760 nobis
3376 4708 3431 4760 in
3466 4705 3561 4759 Dei
3595 4718 3748 4772 apere

2173 4780 2522 4842 sudantibus;
2554 4776 2647 4831 sed
2679 4788 2873 4829 caetera
2911 4784 2973 4831 ut
3003 4776 3054 4827 in
3086 4786 3264 4827 textu.

2246 4848 2358 4917 (5i)
2395 4850 2488 4901 Sic
2521 4863 2649 4901 mss.
2697 4847 2941 4915 plerique
2969 4856 3023 4917 et
3058 4848 3209 4917 editi.
3267 4845 3422 4917 Mss._
3449 4859 3606 4917 veroA
3624 4842 3746 4910 qni-

2177 4913 2569 4980 daiu,'occutta
2618 4913 2834 4987 quotque
2872 4914 3050 4967 cordis
3091 4916 3206 4981 ejus
3250 4913 3531 4983 manifesta
3568 4913 3749 4983 ﬁunt;

2175 4988 2327 5047 editi,
2358 4999 2498 5041 sunt.

2250 5055 2362 5129 (55)
2396 5057 2556 5129 Editi,
2588 5058 2643 5109 in
2673 5055 2820 5108 nobis
2843 5069 2940 5113 est.
3362 5124 3375 5129 _
3398 5121 3487 5129 ,ῃ
3561 5119 3594 5129 ,,
3736 5117 3749 5129 .

2251 5119 2363 5198 (56)
2415 5128 2506 5180 Sic
2544 5119 2862 5199 ireete‘ms.
2903 5129 3101 5197 [legitis
3155 5143 3304 5181 num.
3356 5121 3513 5199 1659.
3556 5119 3752 5199 caeteri

2179 5190 2309 5250 vero
2337 5190 2469 5252 mss.
2498 5204 2553 5250 et
2582 5196 2708 5249 editi
2739 5212 2752 5246 :
2788 5190 3140 5252 Eteniufcum
3173 5210 3386 5249 oramus
3411 5197 3465 5245 in
3509 5190 3753 5252 ecclesia,

2181 5276 2232 5319 et
2276 5283 2447 5321 sermo
2488 5275 2770 5323 tractatur.
2817 5268 3018 5321 Deinde
3057 5268 3220 5329 editi,
3266 5276 3572 5332 perperam,
3628 5271 3755 5312 tunc

2182 5338 2608 5407 unusquisque...
2640 5340 2964 5403 stimulatur,
3001 5329 3397 5407 ret-agnoscente
3436 5347 3502 5385 es;
3529 5329 3611 5383 his
3636 5343 3755 5407 (Ιριιιξ

2182 5397 2432 5459 dicamur
2452 5397 2677 5480 propria
2694 5419 2927 5474 peccata,
2950 5397 3266 5480 'recordante
3292 5406 3335 5480 si
3365 5420 3494 5480 qua,
3519 5412 3627 5480 etc.
3646 5397 3756 5480 _Sed

2182 5492 2368 5550 ouines
2406 5471 2626 5550 xn’ss.'ut
2666 5471 2949 5550 in_ttostro
2995 5487 3177 5550 textu,
3216 5471 3495 5550 nisiquod
3534 5471 3622 5550 alii
3659 5472 3760 5550 ha?

2185 5546 2370 5607 beant,
2411 5549 2456 5599 si
2486 5561 2638 5617 quae;
2686 5548 2845 5616 alius,
2880 5548 2927 5600 si
2953 5547 3103 5617 quid,
3130 5556 3185 5600 et
3219 5544 3461 5615 plerique
3494 5544 3759 5597 outittaat

2184 5629 2231 5669 et
2261 5627 2385 5670 ante
2412 5618 2757 5671 recordantis.

2255 5686 2369 5755 (57)
2404 5686 2813 5741 Conscientiam.
2849 5685 3010 5740 Deest
3038 5686 3096 5739 in
3121 5686 3279 5739 editis
3309 5692 3365 5738 el.
3396 5684 3450 5755 in
3475 5678 3760 5755 plerisque

2188 5748 2459 5824 Iusl.,'sed
2485 5759 2788 5813 restituitur
2814 5773 2882 5812 ex
2912 5775 3013 5812 ms.
3050 5757 3220 5827 Regio
3248 5770 3396 5810 num.
3422 5748 3579 5806 1659.
