4150 6466
442 390 578 443 1217

1384 388 1742 446 COMMENT.
1782 387 1849 441 IN
1885 386 2104 444 EPIST.
2144 386 2237 441 AD
2277 386 2443 442 ROM.
2486 387 2615 441 LIB.
2660 387 2750 444 IX.

3562 394 3699 448 1218

440 522 559 575 quae
591 506 838 576 superius
871 505 1015 560 dicta
1065 515 1186 570 est;
1239 506 1345 560 hoc
1372 516 1456 560 est
1490 522 1503 558 :
1542 504 1663 558 Non
1694 504 1811 573 plus
1838 522 2017 571 sapere
2046 509 2091 564 Α
2122 505 2351 560 fortasse
2373 520 2508 573 opus
2538 518 2681 568 esse,
2708 520 2812 557 non
2850 512 3026 559 tamen
3062 517 3110 560 et
3140 509 3319 573 operis
3356 510 3526 579 ipsius
3556 530 3696 571 ιηιηι

438 613 595 667 quam
621 607 822 665 oportet
849 613 1031 661 sapere
1055 612 1074 650 :
1109 605 1185 658 ut,
1212 597 1363 649 verbi
1396 612 1581 655 causa,
1618 596 1860 648 dicamus
1906 611 2011 649 nou

439 691 636 745 debere
665 707 787 744 eum
812 692 903 761 qui
954 693 1257 755 ministrat,
1293 690 1346 742 in
1379 688 1738 741 ministrando
1774 687 1890 754 plus
1926 703 2017 740 sa-

437 797 568 851 pere
594 798 753 851 quam
783 792 997 851 Oportet
1024 797 1214 851 sapere
1241 800 1254 834 :
1281 792 1333 835 et
1362 781 1453 848 qui
1480 781 1658 836 docet.
1689 779 1739 830 in
1769 778 2013 830 doctrinm

440 891 544 928 non
579 876 698 944 plus
727 890 921 944 sapere
962 889 1125 943 quam
1176 880 1392 939 oportet
1437 885 1672 938 sapere:
1719 884 1772 922 et
1799 870 1886 936 qni
1915 885 2013 923 ex-

440 969 709 1028 hortatur,
736 967 788 1020 in
822 965 1206 1020 exhortatione
1235 979 1337 1016 non
1370 963 1489 1027 plus
1510 975 1699 1030 sapere
1723 960 1834 1030 (58)
1853 976 2012 1029 quam

440 1069 652 1127 oportet
678 1072 887 1126 sapere.
928 1057 1076 1111 Multi
1115 1056 1257 1110 enim
1290 1064 1512 1123 accepto
1550 1053 1890 1115 titinisterio,
1931 1052 2014 1104 vel

440 1160 659 1220 accepta
690 1150 934 1205 doctrina
974 1148 1092 1216 plus
1139 1157 1437 1214 sapueruut
1471 1161 1631 1215 quam
1661 1146 1900 1213 Oportuit
1925 1160 2013 1198 sa-

437 1258 572 1311 pere
604 1243 716 1313 (59)
745 1261 759 1295 :
789 1252 842 1296 et
885 1243 1013 1296 elati
1062 1242 1115 1295 in
1150 1239 1537 1310 arrogantiam,
1572 1238 1652 1291 vel
1692 1238 1744 1290 in
1792 1237 2014 1290 delicias

437 1335 683 1398 resoluti,
729 1334 1039 1403 praccipites
1085 1341 1434 1387 corruerunt.
1475 1329 1579 1395 Qui
1621 1331 1931 1384 exhortatur
1958 1331 2013 1384 in

439 1427 781 1479 exhortando.
812 1424 1129 1478 Exhortatio
1160 1423 1271 1495 (40)
1323 1424 1532 1491 species
1560 1430 1645 1475 est
1673 1422 1929 1475 doctrina:
1959 1430 2013 1475 et

436 1519 607 1580 verbi,
637 1533 745 1587 quo
775 1516 989 1571 afﬂictas
1011 1518 1205 1570 anima:
1245 1516 1646 1584 Scripturarum
1706 1515 2010 1567 divinarum

438 1614 729 1680 prudenter
754 1609 951 1679 aptatis
984 1618 1039 1662 et
1078 1610 1131 1662 in
1166 1625 1329 1662 unum
1385 1607 1625 1661 collectis
1667 1607 2013 1660 sermonibus

440 1701 767 1754 releventur.
815 1700 1028 1754 Accidit
1075 1699 1220 1752 enim
1273 1713 1413 1765 suapc
1456 1697 1652 1750 animae
1706 1697 2012 1750 tribulatio-

439 1807 567 1844 nmn
600 1791 878 1844 nimietate
901 1789 1242 1859 desperatio:
1296 1802 1393 1840 nec
1430 1786 1583 1841 facile
1618 1786 1882 1854 reparari,
1919 1797 2012 1838 aut

439 1882 584 1935 refici
615 1883 1033 1951 quibuscunque
1064 1881 1248 1934 verbis
1298 1888 1494 1947 potest,
1544 1880 1794 1944 quamvis
1843 1878 2009 1945 polita
2044 1844 2087 1899 Β

435 1973 523 2027 illa
549 1975 657 2027 sint
682 1984 737 2026 et
772 1973 1099 2040 plausibilia.
1132 1969 1188 2025 Si
1224 1987 1352 2024 vero
1383 1985 1567 2023 sermo
1596 1970 1802 2022 habens
1839 1970 2011 2023 virtu-

436 2075 542 2119 tem
574 2065 758 2136 gratize
784 2065 875 2118 Dei
910 2064 1069 2117 fuerit
1091 2064 1387 2123 adhibitus,
1421 2071 1549 2116 ttmc
1582 2075 1680 2115 cor
1705 2062 1826 2130 ejus
1851 2078 2012 2129 pene-

436 2168 565 2220 trat,
611 2169 665 2211 et
710 2158 1136 2212 consolationem
1183 2156 1408 2225 praebet,
1464 2170 1528 2207 ac
1578 2170 1725 2221 spem
1793 2163 2010 2207 revocat

434 2247 808 2316 desperatione
851 2247 1123 2309 submota,
1190 2246 1486 2298 secundum
1533 2243 1664 2295 illud
1717 2245 1858 2310 quod
1914 2259 2011 2311 per

436 2340 747 2408 prophetam
774 2338 977 2392 dictum
1014 2332 1096 2390 est
1143 2352 1172 2389 a
1224 2335 1453 2389 Domino
1479 2335 1591 2407 (41)
1627 2354 1639 2388 :
1675 2334 2008 2400 Sacerdotes,

435 2426 715 2493 loquimini
740 2428 794 2479 in
825 2428 981 2479 corde
1019 2425 1317 2479 Jerusalem
1354 2425 1421 2478 ".

507 2515 542 2568 5
591 2517 693 2580 Qui
723 2515 903 2568 tribuit
928 2517 982 2567 in
1012 2515 1369 2578 simplicitate,
1402 2515 1491 2581 qui
1511 2527 1696 2581 praeest
1725 2515 1778 2567 in
1806 2516 2008 2567 sollici-

435 2609 636 2671 tudine,
661 2609 750 2679 qui
774 2609 1049 2662 miseretur
1082 2610 1135 2660 in
1182 2607 1452 2660 hilaritate
1487 2608 1547 2659 ⁸³.
1587 2608 1685 2672 Qui
1719 2608 1905 2660 tribuit
1957 2617 2010 2660 et

433 2709 653 2768 praestat
685 2699 1074 2769 indigentibus,
1113 2708 1348 2766 oportet,
1388 2700 1580 2769 inquit,
1618 2709 1676 2751 ut
1714 2699 1765 2751 in
1797 2699 2006 2767 simpli-

436 2795 606 2848 citate
638 2794 819 2847 cordis
848 2793 950 2847 boc
995 2790 1161 2846 faciat
1205 2792 1348 2861 (42);
1384 2793 1487 2847 hoc
1516 2802 1621 2857 est,
1652 2806 1719 2845 ne
1764 2778 2010 2845 videatur

433 2886 652 2954 quidem
684 2885 1001 2939 benefacere
1035 2883 1415 2952 indigentibus,
1448 2885 1610 2937 corde
1645 2899 1772 2937 vero
1797 2883 2007 2937 laudem

435 2984 642 3043 qua-rat
669 2976 736 3027 ab
766 2976 1094 3029 hominibus.
1124 2973 1236 3028 Non
1260 2984 1344 3027 est
1372 2987 1502 3043 ergo
1540 2973 1863 3039 simplicitas
1887 2974 2004 3043 (l5)

444 3067 490 3119 si
512 3065 653 3118 aliud
679 3065 766 3132 agi
796 3066 1042 3118 videatur
1075 3066 1126 3118 in
1159 3066 1429 3127 manibus,
1459 3074 1513 3118 et
1555 3064 1699 3116 aliud
1733 3074 2008 3132 qumratur

435 3154 491 3209 in
519 3157 701 3209 corde.
739 3154 838 3221 Qui
872 3170 998 3208 vero
1034 3165 1224 3223 prmest
1254 3153 1537 3219 fratribus,
1568 3155 1652 3209 vel
1687 3157 1776 3225 qui
1813 3164 2007 3224 praeest
2035 3196 2077 3253 ο

433 3246 707 3311 Ecclesiae,
744 3249 795 3300 in
837 3248 1197 3302 sollicitudine
1227 3260 1347 3298 esse
1394 3245 1557 3299 debet
1587 3262 1691 3300 non
1745 3247 2008 3299 humana-

439 3354 556 3392 rum
586 3353 894 3404 causarum,
934 3353 1031 3390 nec
1061 3336 1404 3390 stet-.ularium
1431 3350 1612 3390 rerum
1669 3338 1808 3407 (lucc
1860 3339 2004 3391 enim

435 3432 740 3487 sollicitudo
785 3431 958 3484 aliena
994 3433 1155 3485 debet
1204 3446 1326 3485 esse
1361 3432 1429 3484 ab
1478 3431 1563 3484 his
1605 3432 1696 3500 qui
1752 3432 2006 3486 Ecclesiae

436 3521 838 3591 pr:csunt):sed
874 3521 1034 3574 talem
1063 3518 1848 3590 recipiam“)sollicitudinem
1880 3534 2010 3587 qua-

435 3614 540 3669 lem
571 3613 859 3680 Apostolus
887 3615 1018 3666 dicit
1048 3630 1060 3664 :
1097 3612 1396 3665 Concursus
1437 3612 1492 3663 in
1521 3627 1601 3663 me
1641 3611 2003 3679 quotidianus,

433 3706 734 3759 sollicitudo
765 3706 996 3758 omnium
1023 3705 1405 3758 Ecclesiarum.
1439 3701 1570 3767 Quis
1594 3702 1920 3768 inﬁrmatur,
1956 3712 2004 3756 et

432 3814 527 3866 ego
558 3814 662 3850 non
706 3797 986 3864 iuﬁrmar.’
1038 3796 1168 3861 Quis
1212 3795 1636 3855 scandalizatur,
1678 3804 1724 3847 et
1778 3810 1871 3862 ego
1899 3809 2004 3848 non

432 3904 559 3941 uror
589 3888 680 3941 “2
714 3887 816 3953 Qui
851 3902 980 3957 ergo
1019 3896 1217 3957 pra'est
1250 3886 1509 3940 Ecclesiis
1544 3885 1704 3940 talem
1738 3886 2003 3940 sollicitu-

431 3977 610 4030 dinem
645 3978 843 4031 habere
873 3978 1052 4040 debet,
1087 3988 1140 4031 et
1171 3977 1315 4030 illam
1352 3978 1513 4029 aliam
1543 3976 1859 4030 smcularem
1901 3976 2001 4029 ha-

432 4070 559 4125 bere
591 4072 808 4124 omnino
839 4085 944 4123 non
976 4069 1153 4125 debet.
1184 4069 1289 4134 Qui
1321 4069 1598 4122 miseretur
1624 4069 1679 4121 in
1711 4067 2001 4121 hilaritate.

431 4160 690 4216 Videntur
715 4160 828 4232 (55)
856 4160 1103 4216 fortassis
1131 4176 1298 4232 unum
1342 4169 1503 4230 atque
1546 4159 1684 4213 idem
1714 4174 1834 4213 esse
1862 4158 2005 4227 quod

431 4269 593 4322 Supra
626 4228 761 4307 dixit
787 4228 934 4317 :iQui
965 4228 1149 4304 tribuil
1181 4251 1234 4303 in
1264 4228 1625 4318 simplicitate.
1653 4258 1706 4302 et
1737 4249 1837 4301 hoc
1862 4266 1875 4301 :
1903 4246 2006 4312 Qui

431 4347 845 4418 miscrctur.(46)
880 4348 935 4400 in
957 4346 1249 4399 hilaritate.
1280 4343 1384 4398 Sed
1429 4344 1559 4396 mihi
1598 4343 1810 4395 videtur
1840 4357 2004 4394 unum

503 4462 548 4495 "
580 4463 684 4518 lsa.
725 4462 874 4524 κιρ..
946 4461 992 4493 ⁸⁸
1020 4460 1173 4514 Rom.
1212 4476 1308 4522 xit,
1341 4458 1395 4513 8.

503 4556 613 4625 (58)
639 4556 807 4622 Alias,
828 4557 885 4608 in
909 4553 1233 4608 exhortando
1266 4570 1371 4607 non
1397 4553 1512 4622 plus
1536 4568 1740 4620 sapere,
1765 4565 1874 4607 etc.

500 4620 613 4695 (59)
653 4620 813 4691 Editi,
864 4640 1186 4693 perperam.
1222 4620 1617 4692 quam'oportet
1658 4639 1861 4692 sapere.
1895 4620 1997 4676 Ms.

433 4710 591 4756 unus,
623 4712 781 4762 quam
817 4704 1073 4760 oporteret
1108 4710 1309 4758 sapere.

502 4765 612 4832 (40)
635 4756 974 4819 Exhortatio.
1008 4756 1179 4817 Deest
1202 4766 1253 4814 in
1286 4761 1466 4814 editis.
1518 4756 1531 4769 ’

502 4830 613 4901 (Li)
640 4833 736 4887 Ms.
768 4834 966 4896 Regius
1002 4849 1151 4889 nmn.
1198 4832 1356 4892 1659,
1388 4832 1516 4883 dicit
1561 4830 1838 4885 Dominus.
1891 4830 1998 4886 Sed

432 4907 608 4958 caeteri
640 4919 794 4962 mss..
828 4901 1083 4955 Rabauus
1103 4912 1156 4954 et
1177 4902 1305 4955 editi
1339 4912 1396 4953 ut
1427 4902 1479 4952 in
1511 4912 1680 4953 texm.

432 5041 461 5096 ἢ
503 4974 613 5096 (ΑΞ)
656 4972 818 5035 Editi,
854 4982 1074 5038 oportet.
1108 4973 1297 5039 inquit,
1333 4972 1389 5024 in
1430 4972 1765 5039 simpticitate
1821 4971 1997 5023 cordis

464 5059 536 5096 ωε
585 5060 753 5096 acere.

464 5059 536 5097 (PC
561 5059 753 5097 tacere.

499 5109 611 5184 (45)
638 5113 763 5167 Mss.
797 5111 923 5184 duo,
952 5109 1074 5184 Non
1104 5117 1179 5162 est
1211 5125 1331 5177 ergo
1350 5110 1488 5184 bona
1512 5109 1855 5184 sintulicitas._
1881 5118 1992 5161 etc.

430 5181 536 5237 Sed
568 5179 703 5236 bona
730 5182 999 5235 amittitur
1032 5182 1085 5232 in
1118 5190 1275 5232 antea
1317 5180 1499 5242 editis,
1543 5190 1597 5232 et
1626 5181 1676 5231 in
1726 5179 1997 5246 plerisque

428 5268 559 5321 mss.
596 5261 652 5307 et
679 5252 817 5321 apud
860 5248 1425 5321 Rabanmu.__Deinde_
1462 5265 1562 5304 ms.
1599 5248 1801 5319 Regius
1842 5265 1991 5301 num.

427 5320 565 5376 1659
593 5317 796 5376 omittit
822 5329 1004 5385 praeest
1039 5318 1313 5386 fratribus,
1348 5317 1444 5372 uel.

498 5391 610 5462 (ιι)
638 5392 803 5447 Recte
827 5407 926 5444 tns.
961 5388 1351 5462 Regius__nutn.
1392 5387 1557 5462 1659.
1598 5387 1839 5457 recipiat.
1877 5386 1995 5440 tlte-

429 5458 527 5515 tcri
558 5458 712 5524 mss.,
744 5462 997 5513 Rabanus
1024 5471 1078 5512 et
1105 5458 1259 5519 editi,
1297 5458 1574 5521 recipiant.

498 5531 610 5601 (45)
640 5534 738 5601 Sic
761 5545 863 5583 ms.
892 5528 1090 5601 Regius
1114 5524 1454 5601 uutn._i_659.
1484 5525 1678 5581 Crateri
1702 5540 1833 5579 vero
1862 5541 1991 5581 mss.

425 5612 477 5655 et
507 5597 660 5659 editi,
700 5598 935 5654 Videtur.
972 5597 1172 5650 Deinde
1196 5597 1352 5657 editi,
1380 5599 1610 5650 dixerat.

498 5671 609 5740 (46)
648 5671 748 5723 Ms.
791 5668 989 5740 Regius
1019 5682 1167 5740 num.
1205 5667 1448 5740 1659,_et
1485 5666 1596 5740 hic.
1634 5665 1737 5731 Qui
1778 5666 1996 5740 miseref

427 5737 530 5803 tur,
560 5737 665 5795 etc.
699 5741 859 5804 Editi,
884 5737 1076 5796 ethoc.
1103 5738 1158 5789 id
1183 5748 1281 5805 est,
1301 5738 1392 5809 qui
1423 5739 1719 5805 miseretur,
1749 5746 1854 5793 etc.
1884 5737 1992 5793 Sed

427 5813 603 5866 caeteri
632 5826 764 5867 mss.
799 5810 933 5865 utin
967 5815 1137 5865 textu.

1471 4459 1518 4490 ⁸⁵
1545 4456 1584 4510 ll
1610 4458 1736 4512 Cor.
1775 4474 1848 4523 xl,
1872 4457 1964 4520 28,
1992 4456 2084 4512 29.

2116 596 2364 650 affectus.
2393 596 2549 648 Aliud
2572 605 2655 649 est
2689 595 2832 648 enim
2866 597 2997 648 dare
3025 598 3305 668 indigenti,
3336 613 3392 654 et
3438 604 3578 657 aliud
3612 616 3699 661 est

2114 686 2308 741 allecto
2346 688 2736 742 misericordiae
2762 704 2883 742 cum
2912 691 3190 759 indigente
3223 696 3413 761 partiri
3446 713 3460 748 :
3494 705 3545 751 et
3576 698 3698 753 ideo

2117 794 2222 830 non
2278 778 2391 831 vult
2442 780 2493 831 in
2547 779 2636 832 tali
2670 796 2836 849 opere
2883 796 3002 836 esse
3044 784 3338 838 tristitiam.
3401 786 3502 854 Qui
3550 791 3698 843 enim

2117 878 2390 935 przerogat
2423 867 2534 939 (47)
2571 870 2854 937 pccuniatn
2907 885 3085 934 suam,
3132 874 3176 927 si
3223 875 3457 930 infidelis
3496 878 3590 945 sit,
3643 888 3702 933 et

2118 968 2460 1025 recepturum
2507 973 2567 1011 se
2608 960 2894 1027 desperet,
2936 964 3252 1016 necessario
3304 974 3557 1032 tauquam
3605 969 3700 1037 qui

2115 1063 2233 1101 eam
2268 1049 2566 1117 perdiderit
2611 1053 2985 1104 contristatur.
3038 1054 3137 1118 Qui
3181 1070 3310 1108 vero
3354 1071 3474 1109 cum
3508 1057 3611 1111 ﬁde
3645 1069 3703 1113 et

2115 1156 2208 1210 spe
2239 1141 2339 1194 hoc
2361 1142 2493 1211 agit,
2526 1143 2576 1194 iu
2608 1142 2881 1197 hilaritate
2912 1154 2965 1197 ct
2991 1144 3176 1199 laetitia
3210 1148 3322 1213 agit
3352 1148 3486 1218 (48),
3519 1161 3700 1205 certus

2115 1234 2257 1301 quod
2294 1249 2459 1301 parva
2514 1234 2628 1286 haec
2676 1250 2796 1303 qua:
2841 1251 2942 1303 pro
2989 1239 3243 1291 mandato
3284 1240 3375 1292 Dei
3417 1242 3696 1307 expendit,

2115 1326 2364 1396 ingentes
2414 1325 2513 1379 sibi
2554 1341 2684 1393 opes
2732 1328 3039 1383 cmlestium
3081 1331 3417 1397 divitiarum,
3472 1334 3697 1403 insuper

2114 1427 2292 1470 autem
2326 1428 2380 1470 et
2404 1429 2662 1471 aeternam
2695 1419 2981 1474 conferant
3011 1422 3198 1477 vitam.

2186 1508 2237 1562 4.
2286 1509 2536 1562 Charitas
2577 1510 2689 1562 sine
2730 1510 3067 1565 simulatione
3109 1513 3175 1564 ⁸⁵.
3233 1513 3340 1577 Ego
3385 1524 3512 1583 puto
3554 1518 3698 1584 quod

2111 1604 2292 1655 Omnis
2315 1603 2556 1656 Charitas
2577 1620 2695 1668 qum
2715 1620 2818 1657 non
2840 1616 2921 1659 est
2942 1607 3237 1659 secundum
3264 1607 3452 1670 Deum,
3472 1609 3701 1664 simula-

2114 1704 2163 1745 ta
2189 1693 2280 1754 sit,
2309 1703 2364 1746 et
2386 1710 2513 1748 vera
2551 1711 2655 1747 non
2690 1696 2781 1749 sit.
2818 1695 3024 1749 Etenim
3064 1709 3281 1752 creator
3319 1701 3515 1754 anima:
3556 1702 3700 1756 Deus

2115 1784 2316 1840 idcirco
2338 1788 2384 1841 ei
2408 1803 2532 1841 cum
2559 1790 2772 1843 cmteris
2795 1789 3090 1843 virtutibus
3109 1790 3270 1843 etiam
3291 1790 3542 1846 allectum
3566 1794 3697 1847 cha-

2116 1877 2280 1947 651
2331 1880 2508 1933 ritatis
2553 1881 2806 1945 inseruit,
2860 1892 2916 1935 ιιι
2941 1882 3126 1952 diligat
3159 1883 3362 1950 Deum,
3395 1894 3449 1936 et.
3481 1899 3542 1938 ea
3578 1900 3699 1952 qua:

2117 1970 2231 2020 vult
2282 1969 2441 2022 Deus.
2476 1972 2608 2024 Cum
2650 1987 2776 2041 ergo
2811 1990 2946 2041 opus
2978 1976 3079 2028 hoc
3116 1974 3168 2027 in
3199 1976 3437 2028 animam
3481 1977 3700 2031 dederit

2117 2059 2444 2125 charitatis,
2481 2063 2792 2132 quicunque
2837 2064 2985 2120 aliud
3036 2066 3235 2134 aliquid
3282 2066 3393 2136 (49)
3444 2066 3700 2122 dilexerit

2115 2163 2277 2217 quam
2320 2152 2508 2212 Dcutn,
2536 2162 2590 2204 ct
2618 2168 2738 2221 qua:
2766 2154 2873 2207 Deo
2909 2155 3163 2223 placent.
3199 2155 3438 2210 Charitas
3466 2157 3517 2210 in
3543 2172 3609 2212 eo
3633 2160 3698 2211 ii-

2117 2250 2200 2292 cta
2225 2250 2280 2292 et
2305 2242 2804 2297 simulata‘dicenda
2831 2255 2932 2299 est.
2963 2243 3066 2299 Sed
3094 2256 3150 2300 et
3177 2247 3221 2300 si
3245 2249 3365 2315 quis
3388 2248 3694 2315 proximum

2117 2344 2273 2382 suum
2305 2331 2508 2400 diligat,
2542 2344 2595 2387 et
2622 2352 2742 2387 cum
2761 2348 3034 2390 errantem
3058 2353 3179 2391 eum
3200 2338 3521 2392 viJeritnon
3547 2353 3697 2393 com-

2118 2429 2353 2484 moaeat,
2376 2438 2482 2476 non
2509 2424 2768 2493 corrigat,
2796 2427 3046 2479 simulata
3071 2427 3312 2482 charitas
3337 2429 3436 2483 ista
3466 2429 3697 2484 dicenda

2115 2520 2217 2564 est.
2258 2511 2324 2565 Et
2360 2512 2481 2565 ideo
2512 2515 2645 2567 nihil
2705 2516 2906 2570 habere
2943 2519 3329 2584 adulatorium,
3383 2523 3517 2577 nihil
3542 2520 3698 2577 fuca-

2118 2608 2227 2653 tum
2263 2602 2502 2656 charitas
2547 2604 2726 2670 debet,
2760 2605 2901 2659 sicut
2942 2614 2995 2660 et
3041 2608 3168 2661 alibi
3215 2610 3355 2662 idem
3402 2610 3695 2681 Apostolus

2116 2692 2241 2744 dicit
2273 2710 2285 2745 :
2312 2692 2557 2746 Charitas
2581 2697 2644 2748 de
2667 2698 2823 2749 corde
2856 2713 3009 2764 puro,
3038 2709 3084 2751 et
3113 2702 3431 2755 conscientia
3466 2704 3625 2769 bona,
3644 2715 3695 2758 et

2114 2784 2220 2851 ﬁde
2242 2802 2345 2839 non
2372 2786 2497 2853 ﬁcta
2530 2787 2621 2841 ⁵⁸⁸.

2185 2877 2237 2931 5.
2269 2875 2518 2932 0dientes
2563 2879 2761 2935 malum
2786 2920 2802 2944 ,
2848 2882 3177 2938 adhwrentes
3214 2884 3348 2939 bono
3389 2885 3460 2939 ⁸⁸.
3494 2885 3692 2942 Mirum

2112 2965 2343 3022 fortasse
2375 2969 2466 3035 sit,
2500 2970 2643 3038 quod
2678 2971 2819 3023 inter
2845 2982 3039 3026 caetera
3076 2974 3213 3028 bona
3245 2975 3502 3029 virtutum
3531 2991 3689 3030 assu—

2114 3059 2281 3112 mitur
2328 3060 2491 3112 eliam
2536 3061 2752 3124 odium,
2801 3071 2855 3115 et
2903 3071 3159 3132 tanquam
3209 3066 3579 3121 necessarium
3625 3069 3695 3124 ab

2112 3150 2372 3219 Apostolo
2403 3150 2515 3221 (50)
2543 3154 2780 3219 ponitur.
2819 3152 2968 3207 Unde
2998 3165 3204 3208 certum
3233 3166 3315 3209 est
3358 3158 3536 3213 inesse
3571 3161 3694 3212 ani-

2113 3256 2214 3295 iure
2242 3242 2351 3294 odii
2384 3240 2638 3295 allectum
2667 3259 2678 3295 :
2721 3251 2804 3297 est
2833 3245 2976 3297 enim
3020 3246 3291 3301 laudabile
3334 3249 3513 3301 odisse
3540 3249 3691 3312 vitia,

2109 3334 2296 3388 odisse
2332 3342 2574 3402 peccata.
2610 3331 2721 3386 Nisi
2766 3335 2911 3387 enim
2957 3337 3077 3404 quis
3124 3340 3252 3392 odio
3295 3338 3490 3393 habeat
3542 3340 3690 3402 vitia,

2110 3441 2218 3480 non
2257 3436 2437 3495 potest
2481 3443 2699 3493 amare,
2732 3443 2836 3483 nec
2866 3445 3198 3484 conservare
3242 3433 3498 3485 virtutes.
3530 3432 3691 3485 Verbi

2109 3519 2306 3586 gratia,
2334 3519 2378 3572 si
2415 3521 2537 3588 quis
2578 3521 2899 3590 pudicitiam
2932 3523 3205 3575 custodire
3234 3534 3534 3591 proponat,
3581 3539 3689 3577 non

2112 3617 2283 3679 potest
2318 3626 2438 3665 eam
2493 3620 2609 3666 tuto
2651 3628 2894 3674 servare,
2929 3612 3034 3665 nisi
3081 3613 3265 3666 odimn
3314 3617 3591 3682 quoddam
3632 3624 3689 3669 et

2110 3703 2537 3756 exsecrationem
2587 3709 2878 3757 adversum
2906 3704 3298 3771 impudicitiam
3340 3715 3542 3760 sumat.
3576 3705 3688 3760 Dif-

2112 3791 2270 3847 ﬁcilis
2301 3794 2477 3858 cutim,
2507 3805 2561 3848 et
2592 3794 2746 3849 valde
2792 3792 3024 3850 difﬁcilis
3066 3806 3149 3849 est
3191 3795 3281 3850 illa
3327 3798 3687 3863 continentia,

2111 3885 2198 3936 ubi
2228 3885 2568 3939 desideratur
2603 3885 2732 3938 illud
2760 3902 2789 3938 a
2818 3900 2925 3955 quo
2956 3886 3258 3941 abstinetur
3282 3926 3296 3952 ,
3327 3897 3380 3942 et
3416 3889 3690 3956 cupiditas

2111 3975 2275 4028 animi
2295 3976 2411 4029 solo
2441 3987 2583 4029 metu
2614 3976 2776 4031 futuri
2799 3978 2991 4047 judicii
3023 3978 3353 4057 refrenatur.
3378 3979 3689 4036 Periculosa

2112 4064 2256 4129 ιιειευ,
2293 4080 2349 4121 et
2383 4068 2541 4121 valde
2573 4069 2870 4136 periculosa
2902 4080 3066 4135 sunt,
3100 4071 3202 4124 nisi
3234 4073 3530 4125 secundum
3561 4088 3691 4126 con-

2112 4157 2290 4211 silium
2315 4161 2558 4228 Apostoli
2591 4162 2837 4216 odientes
2863 4162 3024 4229 mala,
3046 4172 3100 4216 et
3132 4147 3396 4231 impacata
3423 4166 3690 4234 quodam—

2113 4251 2273 4303 modo
2306 4251 2418 4323 (5!)
2450 4252 2735 4307 adversum
2770 4268 2832 4308 ea
2866 4255 3108 4309 odiorum
3157 4255 3298 4309 bella
3347 4268 3687 4327 peragetttes,

2115 4342 2194 4396 sic
2237 4343 2611 4398 adhaereatnus
2656 4346 2815 4398 bono.
2872 4346 3280 4401 Observandum
3346 4349 3508 4403 etiam
3559 4349 3684 4414 hoc,

2159 4457 2207 4489 ⁵⁸
2239 4459 2502 4520 Rothu,
2534 4461 2584 4514 9.
2681 4461 2748 4493 '5'
2781 4461 2795 4514 Ι
2827 4461 2965 4515 Tim.
3004 4479 3043 4525 ι,
3069 4478 3122 4516 v.
3231 4462 3278 4494 “
3313 4456 3466 4517 Rom.
3504 4480 3600 4527 xu,
3632 4465 3686 4521 9.

2178 4554 2290 4624 (47)
2334 4557 2426 4609 Sic
2474 4574 2662 4613 ontues
2717 4574 2846 4611 nass.
2909 4559 3102 4613 nostri.
3151 4556 3408 4613 Rabanus
3461 4575 3589 4614 vero
3629 4571 3685 4616 ct.

2104 4625 2257 4686 editi,
2293 4639 2492 4691 erogat.

2177 4695 2289 4766 (48)
2326 4696 2450 4752 Mss.
2492 4700 2621 4757 duo,
2654 4700 2750 4749 hoc
2772 4698 2916 4764 agit;
2953 4706 3007 4751 et
3039 4707 3223 4766 postea
3248 4697 3400 4752 editi.
3434 4708 3602 4751 certus
3632 4710 3683 4753 et

2102 4765 2265 4833 quod,
2294 4777 2400 4818 etc.
2431 4767 2629 4819 Deinde
2669 4768 2826 4820 iidem
2871 4769 2999 4820 editi
3032 4781 3084 4820 et
3125 4784 3250 4820 mss.
3283 4769 3548 4836 plerique.
3593 4785 3685 4822 ca.-

2102 4836 2691 4909 pendit_i‘rrd_igentibus,
2733 4838 2831 4888 sibi
2871 4854 3013 4905 opes.
3063 4848 3171 4891 etc.
3202 4838 3308 4890 Sed
3341 4854 3440 4890 ms.
3481 4838 3685 4909 Regius

2106 4919 2254 4955 num.
2288 4905 2426 4960 1659
2452 4916 2505 4958 et
2536 4906 2790 4960 Rabanus
2816 4919 2873 4960 ut
2905 4912 2955 4959 in
2990 4918 3173 4957 nostro
3207 4915 3374 4961 textu.

2177 4973 2289 5041 (49)
2316 4975 2405 5028 Sic
2437 4992 2539 5028 ms.
2564 4975 2764 5043 Regius
2794 4993 2941 5029 num.
2976 4976 3134 5030 1659.
3167 4978 3361 5031 Caneri
3387 4991 3517 5030 vero
3544 4993 3679 5032 mss.

2105 5053 2160 5096 et
2192 5046 2344 5106 editi,
2380 5047 2475 5097 hoc
2503 5061 2630 5110 Opus
2666 5046 2842 5097 anima
2872 5049 3070 5098 dederit
3103 5049 3277 5113 (editi,
3305 5046 3470 5112 dedit)
3501 5048 3682 5100 chari-

2105 5115 2223 5173 tati,
2248 5119 2540 5182 quicunque
2572 5116 2720 5168 aliud
2743 5114 3084 5185 aliquid,etc.
3113 5115 3394 5178 Rabanus,
3426 5117 3524 5169 hoc
3550 5133 3681 5185 opus

2104 5184 2158 5235 in
2204 5185 2383 5237 anima
2434 5187 2635 5238 dederit
2662 5225 2677 5248 ,
2721 5187 2982 5238 charitate
3011 5187 3318 5256 quicunque
3338 5187 3514 5249 aliud,
3547 5184 3681 5252 etc.,

2099 5256 2305 5377 ῗὲὲὶδεο
2333 5255 2554 5323 aliquid,
2585 5257 2730 5324 quod
2759 5258 2919 5309 etiam
2943 5258 3147 5310 omittit
3173 5273 3272 5310 tus.
3300 5255 3504 5326 Regius
3526 5272 3677 5311 num.

2171 5392 2283 5464 (50)
2309 5393 2473 5458 Editi,
2496 5393 2690 5466 Mirum
2720 5394 2946 5464 fortasse
2966 5395 3230 5466 siquidem
3252 5395 3392 5450 inter
3420 5408 3681 5454 ctetera...

2098 5466 2395 5517 necessario
2424 5467 2487 5516 ab
2518 5465 2794 5527 Apostolo,
2819 5476 2929 5518 etc.

2170 5533 2283 5607 (5|)
2314 5533 2741 5607 Editi,_odieutes
2772 5534 2990 5607 malum,
3014 5544 3064 5588 et
3088 5544 3325 5604 peccata,
3349 5543 3399 5589 et
3430 5541 3689 5607 quodam-

2098 5605 2295 5675 modo,
2329 5612 2436 5657 etc.
2469 5604 2750 5675 ARahanus
2776 5643 2791 5665 .
2846 5606 2900 5657 in
2936 5618 3161 5675 peccata
3187 5644 3203 5666 ,
3250 5620 3350 5675 pro
3392 5604 3681 5675 impacata.

2103 5674 2303 5727 Deinde
2335 5689 2438 5729 ms.
2467 5673 2669 5744 Regius
2703 5689 2857 5732 num.
2885 5674 3025 5732 1659
3058 5676 3207 5734 addit
3235 5673 3312 5732 sit:
3350 5673 3477 5734 ante
3502 5680 3689 5733 adita:-

2103 5759 2331 5799 reamur.
