4150 6456
477 397 619 453 1319

1933 374 2254 453 maestus

3591 400 3733 457 1220

472 514 616 581 quod
641 513 780 568 sicut
812 512 865 567 in
893 509 1014 564 aliis
1036 510 1168 565 dicit
1193 529 1207 566 :
1231 509 1334 577 Qui
1369 511 1605 566 adhaeret
1640 509 1887 577 Domino,
1919 527 2058 564 unus
2094 523 2132 572 Α
2167 516 2271 561 tur.
2301 506 2428 563 Scio
2455 516 2635 564 autem
2668 509 2722 563 in
2762 509 3037 566 nonnullis
3062 509 3379 567 Latinorum
3408 513 3732 584 exemplari-

471 605 692 667 spiritus
733 614 807 658 est
844 605 891 638 "
910 647 928 671 ,
959 604 1032 657 ita
1060 613 1114 657 et
1148 603 1239 658 hic
1264 604 1396 656 dicit
1430 621 1445 658 :
1471 603 1858 657 Adharreamus
1888 603 2049 667 bono,

471 695 594 751 sine
649 695 813 751 dubio
864 706 923 749 ut
977 694 1258 765 contingat
1315 694 1471 749 nobis
1527 708 1693 749 unum
1748 707 1870 749 esse
1926 707 2050 748 cum

473 787 640 843 bono.

546 879 600 933 6.
649 877 973 933 Charitatem
1012 875 1371 945 fraternitatis
1414 876 1629 930 invicem
1672 875 1951 944 diligentes
1979 874 2050 928 ⁸⁸.

475 969 589 1025 lloc
622 969 953 1030 mandatum,
982 977 1041 1021 ut
1065 967 1350 1036 diligamus
1380 967 1634 1029 invicem,
1659 967 1802 1022 sicut
1828 976 1881 1020 et
1910 966 2052 1022 Deus

473 1058 666 1114 dilexit
692 1073 789 1112 nos
813 1058 880 1120 ⁸³,
904 1073 1025 1111 cum
1050 1058 1121 1111 sit
1146 1060 1377 1127 primum
1400 1066 1518 1125 post
1538 1057 1767 1126 primum
1794 1057 2049 1125 (primum

476 1163 713 1218 namque
742 1158 828 1204 est
848 1148 1073 1218 diligere
1097 1148 1264 1203 Deum
1289 1165 1304 1215 ;
1330 1158 1384 1202 et
1407 1148 1548 1201 inter
1569 1147 1818 1204 homines
1851 1148 2048 1203 iterum

474 1240 579 1297 boc
602 1241 833 1311 primum
857 1248 964 1303 est,
992 1249 1051 1294 ut
1078 1239 1309 1294 invicem
1341 1240 1673 1310 diligamus),
1699 1242 1883 1296 nescio
1915 1257 2051 1312 quo-

475 1334 637 1389 modo
683 1332 836 1401 quasi
877 1331 1127 1387 ultimum
1173 1340 1228 1386 et
1273 1330 1454 1387 minus
1501 1335 1871 1387 necessarium
1907 1335 2052 1387 inter

471 1424 720 1479 homines
767 1423 1045 1493 spernitur
1069 1464 1084 1488 ,
1116 1431 1171 1477 et
1205 1422 1387 1477 odium
1421 1424 1564 1491 quod
1618 1424 1776 1478 nobis
1826 1424 2047 1479 insitum

468 1530 592 1571 esse
620 1516 855 1569 diximus
897 1517 965 1570 ad
993 1516 1095 1570 hoc
1128 1524 1187 1568 ut
1219 1515 1358 1569 mala
1401 1516 1527 1570 odio
1558 1517 1881 1583 habeamus,
1909 1532 2049 1587 prae-

471 1615 687 1675 postero
729 1604 922 1660 ordine
963 1617 1283 1658 exercemus
1326 1604 1379 1657 in
1431 1604 1587 1659 bouis
1620 1604 1734 1674 (52)
1759 1643 1776 1671 ,
1821 1616 1877 1661 et
1921 1607 2049 1661 vitia

470 1695 652 1749 carnis
680 1708 745 1749 ac
786 1704 1007 1762 peccata
1040 1693 1325 1761 diligentes
1356 1692 1554 1751 fratres
1596 1696 1726 1752 odio
1758 1697 2045 1755 habemus.

469 1783 580 1841 Nec
612 1786 770 1841 aliter
793 1787 990 1841 accidit
1014 1789 1193 1843 odisse
1225 1803 1326 1844 nos
1356 1804 1477 1857 qua:
1516 1804 1620 1843 non
1663 1799 1874 1856 Oportet
1909 1789 2043 1861 (55),

471 1876 573 1931 nisi
604 1876 729 1947 quia
776 1877 1049 1947 diligimus
1093 1892 1213 1946 quze
1247 1894 1352 1933 non
1380 1886 1615 1947 opertet.
1657 1876 1879 1934 Fratres
1915 1895 2046 1951 ergo

463 1961 715 2031 iubemur
740 1963 985 2035 diligere,
1026 1980 1130 2019 non
1170 1966 1419 2034 judicare
1445 1966 1582 2039 (54).
1624 1968 1681 2021 Si
1718 1969 1862 2023 enim
1888 1980 2076 2040 putas-

469 2055 703 2125 aliquem
730 2054 952 2126 impium
989 2071 1128 2120 esse,
1163 2068 1216 2113 et
1247 2059 1368 2113 ideo
1399 2074 1521 2114 eum
1551 2074 1656 2113 non
1686 2059 1900 2126 judicas
1921 2063 2046 2117 dili-

468 2144 742 2213 gendum.
787 2145 911 2200 audi
967 2148 1110 2215 quod
1150 2146 1398 2203 Christus
1445 2165 1540 2216 pro
1580 2151 1756 2219 impiis
1807 2161 2047 2207 mortuus

467 2245 542 2289 est
573 2236 639 2290 °°.
679 2236 784 2291 Aut
833 2238 878 2291 si
919 2241 1044 2308 quia
1094 2250 1351 2309 peccator
1392 2251 1474 2296 est
1519 2242 1690 2296 frater
1732 2252 1890 2306 tuus,
1925 2244 2048 2299 ideo

467 2341 590 2381 eum
627 2342 732 2382 non
768 2337 922 2398 putas
953 2329 1282 2399 diligendum
1308 2371 1324 2392 ,
1359 2332 1484 2385 audi
1521 2332 1649 2402 quia
1684 2332 1924 2389 Christus
1952 2334 2048 2388 Je-

466 2432 557 2469 sus
574 2416 627 2469 in
650 2417 788 2470 hunc
814 2418 1069 2471 mundum
1095 2420 1234 2472 venit
1256 2431 1553 2488 peccatores
1580 2421 1756 2476 salvos
1780 2423 1955 2491 {acere
1977 2425 2044 2480 “.

469 2505 529 2561 Ci
576 2521 705 2561 vero
730 2507 909 2575 justus
936 2518 1062 2572 est,
1104 2510 1272 2564 multo
1320 2512 1489 2582 magis
1521 2512 1811 2569 dilectione
1853 2515 2046 2585 dignus

468 2606 574 2663 est,
627 2597 882 2653 Dominus
914 2600 1056 2654 enim
1085 2600 1256 2671 diligit
1282 2600 1459 2670 justas
1490 2603 1556 2657 ".

539 2688 593 2742 7.
627 2687 838 2743 Honore
869 2691 1089 2744 invicem
1129 2694 1502 2758 prwvenientes
1531 2693 1599 2749 ⁸³.
1638 2693 1750 2748 Hoc
1780 2703 1866 2750 est
1902 2697 2047 2765 quod

469 2788 524 2832 et
556 2777 814 2835 Dominus
842 2781 1061 2847 docuit,
1099 2797 1220 2836 cum
1252 2794 1464 2838 nataret
1507 2783 1730 2840 Scribas
1758 2794 1814 2840 et
1849 2786 2045 2841 Phari-

471 2884 608 2925 satos
646 2870 821 2939 prima
869 2873 970 2927 sibi
1011 2873 1127 2930 loca
1176 2875 1229 2929 in
1293 2877 1558 2931 conviviis
1597 2877 1938 2935 vindicantes
1979 2881 2045 2945 ⁸⁸,

469 2971 525 3014 et
559 2960 800 3027 doceret,
832 2973 892 3018 ut
926 2979 1050 3018 cum
1087 2976 1308 3037 vocatus
1339 2965 1508 3024 fueris
1544 2976 1601 3022 tu
1628 2968 1697 3024 ad
1723 2985 1958 3038 cmnain,
1991 2974 2045 3027 in

469 3050 763 3106 novissimo
788 3051 906 3108 loco
937 3057 1220 3111 recumbas
1248 3056 1386 3127 (55).

539 3139 596 3196 8.
636 3140 1012 3247 Sollicitudine
1055 3162 1159 3200 non
1203 3150 1340 3218 pigri
1367 3150 1435 3203 “.
1481 3149 1744 3220 Superius
1784 3169 1908 3209 eum
1955 3157 2043 3224 qui
2073 3191 2117 3247 ο

470 3241 665 3299 przeest
691 3272 707 3299 ,
755 3234 809 3289 in
855 3237 1223 3294 sollicitudine
1264 3243 1461 3298 debere
1503 3259 1624 3300 esse
1665 3249 2043 3304 commonuit:

476 3338 623 3378 nunc
650 3340 778 3382 vero
799 3330 1050 3384 omnibus
1069 3330 1162 3385 dat
1188 3333 1288 3387 hoc
1318 3335 1369 3387 in
1400 3351 1687 3390 commune
1712 3340 2045 3403 mandatum,

470 3429 541 3470 ne
581 3418 705 3485 quis
753 3430 995 3475 nostrum
1033 3423 1218 3478 audiat
1266 3438 1297 3478 a
1342 3426 1601 3482 Domino:
1635 3429 1793 3485 Serve
1826 3433 1960 3486 male
1998 3441 2047 3486 et

470 3509 618 3578 piger
640 3508 708 3562 ⁸⁸.

540 3598 595 3653 9.
623 3597 825 3668 Spiritu
848 3602 1102 3670 feruentes
1128 3605 1194 3660 ⁸⁷.
1230 3605 1294 3661 Et
1322 3608 1423 3663 hoc
1448 3609 1514 3662 ad
1539 3610 1825 3681 impigrum
1857 3622 1912 3667 et
1940 3614 2049 3670 sol-

470 3687 679 3745 licitum
711 3704 935 3762 spectat.
967 3694 1094 3750 Vult
1129 3699 1272 3752 enim
1299 3699 1411 3768 (56)
1445 3711 1501 3755 ut
1530 3716 1648 3767 nos,
1678 3704 1769 3772 qui
1805 3706 1905 3759 sub
1933 3706 2049 3774 lege

472 3781 696 3849 spiritus
727 3785 981 3852 vivimus,
1007 3788 1137 3842 nihil
1166 3791 1472 3851 remissum.
1502 3793 1638 3847 nihil
1670 3795 1908 3863 tepidum
1942 3797 2045 3850 ha-

472 3874 698 3930 beamus
726 3878 776 3929 in
809 3879 985 3943 nobis,
1012 3881 1105 3934 scd
1135 3896 1258 3935 cum
1285 3881 1500 3938 fervore
1516 3886 1765 3955 spiritus,
1788 3897 1842 3941 et
1865 3889 2046 3943 calore

474 3968 597 4020 ﬁdei
629 3977 822 4021 cuncta
854 3985 1201 4039 peragamus.

545 4056 632 4111 10.
669 4058 890 4112 Domino
921 4062 1196 4113 servientes
1231 4061 1295 4116 ⁸³.
1336 4061 1425 4114 Ille
1457 4059 1686 4118 Domino
1718 4068 1914 4129 servit.
1951 4068 2043 4123 oui

474 4157 654 4217 potest
682 4150 865 4203 dicere
896 4167 909 4203 :
950 4149 1115 4204 Nobis
1148 4170 1280 4208 unus
1310 4157 1564 4213 Dominus
1592 4158 1748 4212 Iesus
1778 4157 2043 4216 Christus.

474 4257 569 4310 per
595 4257 748 4308 quem
785 4243 995 4307 omnia,
1022 4252 1070 4296 et
1103 4261 1199 4300 nos
1228 4264 1322 4316 per
1367 4250 1540 4317 ipsum
1567 4250 1648 4314 ⁸⁸,
1695 4265 1794 4305 nec
1822 4249 1962 4304 ultra
1995 4267 2044 4305 et

477 4342 573 4386 aut
600 4333 765 4389 libido
787 4375 804 4402 ,
837 4345 931 4390 aut
962 4340 1189 4392 avaritia
1219 4380 1236 4406 ,
1266 4351 1361 4394 aut
1395 4342 1570 4397 inanis
1597 4342 1769 4412 gloria
1797 4343 2047 4398 domina-

2152 600 2256 655 bus
2287 602 2498 664 haberi,
2526 603 2750 668 tempori
2771 603 3077 668 servientes,
3112 604 3253 672 quod
3283 620 3388 658 non
3420 605 3553 659 mihi
3588 606 3735 660 vide-

2153 701 2240 745 tur
2274 693 2662 746 convenienter
2704 691 3004 756 insertum,
3044 695 3149 748 nisi
3202 697 3247 748 si
3278 694 3393 765 (57)
3427 696 3548 764 quis
3593 695 3734 751 forte

2153 785 2226 836 ita
2280 784 2481 838 dictum
2528 792 2718 854 putet,
2756 796 2817 839 ut
2865 786 2918 839 in
2969 785 3088 840 aliis
3136 787 3277 840 idem
3305 788 3591 857 Apostolus
3619 791 3730 844 ait:

2153 872 2377 944 Tempus
2401 876 2549 931 breve
2574 888 2670 942 est,
2693 887 2928 946 superest
2953 888 3008 931 ut
3041 879 3132 948 qui
3155 879 3343 933 habent
3373 896 3583 945 uxores,
3614 891 3736 935 tan-

2148 980 2307 1034 quam
2335 980 2437 1019 non
2467 964 2712 1021 habentes
2744 968 2845 1021 sint
2871 969 2917 1000 ⁷ο
2945 985 2960 1030 ;
2991 967 3076 1023 vel
3116 977 3175 1022 ut
3211 969 3340 1023 illud
3375 970 3581 1025 dictum
3608 980 3727 1026 est:

2152 1054 2484 1111 Redimentes
2513 1066 2735 1126 tempus,
2769 1076 3020 1127 quoniam
3052 1060 3163 1114 dies
3203 1061 3332 1114 mali
3359 1071 3484 1114 sunt
3506 1062 3572 1114 ⁷⁸.

2223 1146 2311 1199 11.
2363 1144 2469 1212 Spe
2516 1146 2839 1215 gaudentes,
2873 1148 2927 1201 in
2976 1147 3318 1201 tribulatione
3362 1149 3618 1217 patientes
3657 1149 3729 1204 ⁷⁹ο

2151 1236 2259 1305 Spe
2283 1237 2478 1303 gaudet
2500 1238 2589 1306 qui
2622 1252 2729 1297 non
2759 1238 2979 1306 respicit
3006 1253 3069 1293 ea
3093 1253 3215 1307 quae
3237 1239 3510 1306 videmur,
3540 1240 3635 1294 sed
3658 1256 3725 1295 ea

2150 1343 2268 1396 quze
2302 1342 2405 1381 nou
2431 1328 2682 1382 videntur
2709 1338 2989 1397 exSpectat
3011 1328 3098 1393 7‘;
3128 1339 3185 1382 et
3209 1329 3299 1397 qui
3330 1330 3431 1383 scit
3460 1330 3589 1396 quia
3620 1346 3748 1393 non.

2148 1427 2269 1471 sunt
2299 1418 2571 1487 condigna:
2594 1420 2865 1487 passiones
2902 1417 3061 1486 hujus
3103 1420 3347 1487 temporis
3386 1420 3454 1472 ad
3488 1418 3728 1488 futuram

2149 1508 2373 1578 gloriam
2401 1522 2520 1578 quis
2561 1508 2871 1562 revelabitur
2913 1509 2966 1561 in
2992 1508 3142 1562 nobis
3164 1508 3230 1561 ⁷⁵.
3262 1508 3408 1563 Idem
3440 1511 3558 1576 ipse
3588 1519 3641 1563 et
3672 1511 3727 1565 in

2150 1599 2502 1653 tribulatione
2528 1599 2743 1667 patiens
2783 1598 2925 1663 erit;
2959 1599 3084 1669 quia
3117 1598 3391 1653 tribulatio
3420 1602 3729 1667 patientiam

2149 1698 2418 1752 operatur,
2441 1688 2699 1755 patientia
2716 1689 3100 1755 probationem.
3116 1691 3354 1756 probatio
3377 1707 3494 1745 uero
3512 1692 3725 1760 spem",

2150 1779 2193 1833 si
2223 1788 2404 1832 tamen
2439 1793 2746 1833 sermonem
2781 1779 2871 1847 qui
2902 1781 3253 1849 subsequitur
3288 1781 3629 1851 impleamus,
3672 1782 3728 1837 id

2078 1857 2124 1916 Β
2153 1878 2236 1923 est
2268 1871 2493 1923 orationi
2544 1871 2796 1923 instantes
2824 1870 2891 1924 ⁷⁸.
2926 1870 2981 1924 1η
3028 1885 3136 1939 quo
3176 1872 3321 1925 enim
3373 1887 3480 1926 non
3529 1872 3729 1928 sufﬁcit

2150 1963 2384 2016 humana
2419 1960 2720 2031 fragilitas.
2755 1962 3014 2017 auxilium
3043 1961 3137 2017 Dei
3162 1962 3499 2018 orationibus
3529 1964 3727 2034 implo-

2150 2058 2375 2109 randum
2400 2065 2504 2110 est.

2183 2130 2306 2199 '12.
2346 2144 2539 2199 Usibus
2564 2144 2677 2215 (58)
2709 2152 3016 2200 sanctorum
3042 2149 3486 2202 communicantes
3513 2150 3580 2203 ⁷⁷.
3619 2148 3729 2204 Me-

2150 2235 2279 2290 mini
2317 2236 2593 2291 inLatiuis
2631 2237 3036 2305 exemplaribus
3067 2241 3240 2306 magis
3303 2238 3490 2294 haberi
3521 2256 3536 2293 :
3562 2240 3725 2312 652

2149 2326 2417 2383 Μεηιοήίε
2439 2342 2745 2382 sanctorum
2775 2330 3217 2383 communicantes
3243 2344 3260 2381 .'
3289 2346 3476 2383 verum
3505 2347 3605 2384 IIOS
3628 2348 3728 2387 nec

2147 2406 2601 2474 consuetudinem
2647 2419 2968 2485 turbamus,
3012 2435 3110 2474 nec
3140 2421 3354 2477 veritati
3404 2422 3728 2492 praeiudica-

2151 2525 2290 2574 inus,
2317 2509 2553 2563 maxime
2578 2525 2700 2563 cum
2726 2519 3019 2579 utrumque
3044 2512 3329 2566 conveniat
3351 2514 3723 2570 mdillcationi.

2148 2598 2284 2652 Nam
2331 2599 2519 2653 usibus
2561 2611 2870 2654 sanctorum
2918 2601 3143 2655 honeste
3186 2610 3242 2656 et
3286 2603 3575 2669 decenter,
3619 2620 3730 2663 non

2148 2686 2307 2753 quasi
2339 2684 2455 2758 (59)
2475 2687 2671 2756 stipem
2703 2688 3069 2759 indigentibus
3093 2692 3352 2759 praebere,
3385 2694 3477 2749 sed
3503 2709 3729 2753 censum

2150 2788 2392 2833 nostrum
2412 2794 2534 2833 cum
2560 2779 2694 2849 ipsis
2720 2782 3117 2849 quodaminodo
3143 2784 3342 2839 habere
3359 2800 3728 2855 communem,

2148 2880 2203 2924 et
2232 2871 2544 2925 meminisse
2582 2880 2895 2928 sanctorum
2941 2875 3055 2929 sive
3091 2876 3145 2929 in
3184 2876 3429 2933 collectis
3471 2879 3728 2934 solemni.

2151 2964 2272 3025 bus,
2299 2963 2414 3018 sive
2440 2979 2539 3032 pro
2567 2979 2633 3019 eo
2667 2974 2725 3017 ut
2750 2979 2817 3018 ex
2855 2966 3229 3022 recordatione
3254 2983 3442 3024 eorum
3474 2971 3728 3042 proﬁcia-

2150 3071 2296 3118 mus,
2340 3066 2523 3123 aptum
2559 3065 2613 3109 et
2643 3056 2978 3111 coavcniens
3005 3058 3234 3115 videtur.

2222 3144 2309 3198 15.
2338 3143 2766 3213 Hospitalitatem
2789 3153 3045 3199 sectantes
3068 3147 3135 3203 ⁷⁸.
3161 3148 3333 3213 Quam
3362 3149 3520 3219 digne
3546 3150 3732 3220 li08pi~

2150 3235 2355 3289 talitem
2399 3238 2658 3292 sectantis
2693 3238 3116 3292 munitlcentiam
3164 3239 3276 3309 (60)
3323 3257 3431 3295 uno
3477 3257 3729 3298 sermone

2149 3328 2595 3396 comprehendit!
2637 3329 2834 3382 Dicens
2863 3330 3007 3383 enim
3047 3332 3360 3384 sectandam
3394 3346 3514 3386 esse
3541 3334 3728 3403 hospi-

2152 3418 2440 3483 talitatem,
2471 3434 2574 3473 non
2610 3419 2740 3474 illud
2763 3419 2936 3474 solum
2967 3424 3229 3490 ostendit,
3253 3433 3310 3477 ut
3335 3426 3637 3479 venientem
3659 3427 3726 3479 ad

2151 3526 2249 3565 nos
2281 3511 2550 3581 hospitem
2597 3512 2997 3582 suscipiamus;
3046 3515 3140 3568 sed
3185 3524 3239 3569 et
3275 3516 3647 3584 requiramus,
3674 3527 3731 3571 et

2150 3604 2363 3658 solliciti
2400 3603 2590 3669 simus,
2629 3612 2684 3657 et
2710 3615 3005 3669 sectemur,
3035 3620 3095 3657 ac
3114 3605 3499 3674 perquiramus
3525 3607 3730 3676 ubique

2155 3696 2393 3761 hospites
2417 3735 2432 3761 ,
2476 3696 2669 3750 necubi
2717 3695 2855 3750 forte
2901 3697 2954 3749 in
3008 3698 3199 3766 plateis
3228 3699 3449 3752 sedeant
3481 3697 3592 3769 (61)
3615 3738 3631 3763 ,
3664 3716 3732 3755 ne

2152 3795 2302 3840 extra
2337 3795 2539 3841 tectum
2567 3785 2810 3851 jaceant.
2844 3787 3150 3843 Recordare
3177 3787 3281 3843 Lot
3308 3789 3376 3856 "’,
3410 3800 3462 3844 et
3489 3790 3732 3847 invenies

2149 3877 2295 3948 quod
2324 3892 2428 3931 non
2464 3877 2615 3932 illum
2654 3879 2925 3948 hospites,
2960 3881 3058 3934 sed
3087 3881 3202 3950 ipse
3238 3883 3521 3949 quaesierit
3547 3883 3735 3955 hospi-

2152 3980 2269 4034 tes;
2297 3980 2353 4026 et
2385 3973 2486 4025 hoc
2520 3981 2641 4027 erat
2668 3971 3094 4040 hospitalitatem
3126 3975 3349 4027 sectari.

2225 4064 2311 4119 11.
2357 4064 2654 4119 Benedicite
2689 4065 3111 4133 persequentibus
3155 4082 3278 4133 vos,
3323 4067 3607 4122 benedicite
3630 4107 3647 4133 ,
3679 4078 3729 4123 et

2152 4157 2313 4212 nolite
2343 4158 2651 4212 maledicere
2687 4157 2820 4228 (62).
2866 4156 3126 4243 Moralem
3167 4158 3348 4212 locum
3396 4159 3559 4216 latius
3586 4163 3730 4230 Apo-

2153 4250 2324 4304 stolus
2367 4264 2673 4320 exsequens
2692 4289 2707 4313 ,
2739 4258 2891 4303 actus
2912 4288 2928 4315 ,
2958 4260 3233 4314 mentem,
3263 4252 3595 4320 propositum
3618 4293 3634 4319 ,
3665 4268 3731 4307 os

2155 4330 2368 4410 quaque
2393 4342 2569 4409 ipsum
2606 4340 3022 4411 discipulorum,
3051 4340 3400 4411 linguamque
3431 4344 3730 4413 componit.

581 4494 629 4531 "
654 4497 673 4551 l
702 4497 827 4551 Cor.
863 4510 938 4557 Vt.
972 4497 1056 4550 17.
1132 4495 1178 4533 ⁵⁸
1207 4493 1365 4548 Rom.
1396 4509 1494 4556 ιιιι,
1526 4494 1609 4548 10.
1687 4494 1734 4527 ⁸³
1760 4494 1913 4549 Joan.
1943 4508 2035 4557 xv,

2149 4530 2159 4547 .
2234 4493 2280 4526 °°
2315 4493 2475 4549 Rom.
2503 4509 2565 4557 ν,
2600 4495 2655 4550 6.
2731 4497 2772 4528 “
2802 4497 2819 4550 Ι
2850 4496 2990 4550 Tim.
3019 4512 3059 4554 ι.
3085 4497 3173 4551 15.
3245 4498 3290 4529 ⁶²
3322 4497 3460 4552 Psal.
3494 4513 3651 4563 (ην,
3674 4499 3730 4556 8.

476 4569 523 4604 ⁸³
549 4567 704 4621 Rom.
763 4583 859 4625 xu.
916 4566 1000 4619 10.
1075 4567 1121 4597 “
1152 4564 1281 4618 Luc.
1317 4579 1426 4628 xw,
1459 4565 1525 4625 7,
1572 4565 1658 4618 10.
1734 4565 1777 4596 °'
1810 4565 1966 4618 Rom.
1994 4579 2066 4617 χιι
2097 4603 2113 4627 ,
2175 4564 2263 4617 11.

477 4641 521 4675 ⁶⁹
558 4640 575 4693 1
606 4638 731 4692 Cor.
766 4651 886 4695 vm.
924 4637 976 4690 6.
1053 4636 1099 4669 ⁷⁸
1127 4636 1142 4687 l
1170 4634 1295 4687 Cor.
1336 4648 1408 4688 VII
1441 4675 1454 4693 ,
1480 4635 1571 4688 ‘29.
1671 4635 1715 4666 '“
1760 4634 1954 4702 Ephes.
1991 4649 2021 4682 ν
2046 4673 2061 4694 ,
2099 4634 2187 4687 16.

477 4641 521 4675 ⁶⁹
558 4640 575 4693 1
606 4638 731 4692 Cor.
766 4651 886 4695 viti.
924 4637 976 4690 6.
1053 4636 1099 4669 ⁷⁸
1127 4636 1142 4687 l
1170 4634 1295 4687 Cor.
1336 4648 1408 4688 vu
1441 4675 1454 4693 ,
1480 4635 1571 4688 ‘29.

2342 4564 2387 4595 “
2418 4564 2742 4628 Matth.xxv,
2770 4566 2857 4620 26.

2294 4632 2341 4666 "
2388 4634 2649 4700 Romam,
2681 4636 2766 4691 12.

2955 4568 2999 4599 "
3034 4567 3187 4620 Rom.
3219 4583 3317 4629 xit,
3363 4570 3450 4623 11.
3520 4569 3565 4601 ε’
3595 4568 3726 4624 ibid.

2858 4637 2903 4668 ’³
2930 4636 2970 4690 ΙΙ
3016 4636 3145 4690 Cor.
3179 4653 3231 4691 tv
3258 4676 3273 4700 ,
3310 4637 3399 4694 18.
3474 4638 3524 4671 "
3566 4638 3727 4695 Boni.

476 4725 600 4770 \‘lll,
638 4708 724 4762 18.
801 4708 847 4739 ⁷⁸
887 4707 1044 4760 Rom.
1074 4721 1137 4772 v,
1167 4706 1240 4767 5,
1268 4705 1322 4760 1.
1398 4704 1443 4736 ⁷⁸
1478 4704 1633 4758 Rom.
1674 4719 1789 4768 xu,
1833 4703 1922 4758 1‘2.
1994 4704 2039 4803 7"

2157 4704 2211 4756 d.
2241 4703 2329 4760 15.
2402 4703 2609 4759 "Rom.
2640 4721 2716 4759 xit
2743 4749 2758 4775 ,
2792 4705 2876 4761 l5.
2953 4705 2999 4737 ⁷³
3029 4706 3168 4762 Gen.
3197 4722 3287 4761 Ml
3308 4745 3326 4771 ,
3357 4708 3410 4764 1.

551 4873 665 4942 (52)
695 4872 784 4927 Sic
810 4882 958 4927 recte
984 4870 1240 4926 Rabanus
1266 4882 1321 4926 ct
1350 4870 1502 4925 editi.
1534 4868 1663 4924 Mss.
1688 4884 1817 4925 vero
1849 4869 2047 4933 nostri,
2081 4873 2127 4928 D
2154 4880 2209 4927 et
2243 4870 2383 4942 intra
2412 4870 2575 4942 habet
2605 4872 2998 4926 necessitatibus
3035 4887 3132 4939 pro
3164 4872 3365 4926 usibus.

479 4947 538 5001 in
567 4944 737 4999 nobis.

553 5014 667 5089 (55)
696 5014 852 5089 bidui,
885 5028 1037 5083 quem
1077 5020 1477 5089 non‘oportet.“
1795 5078 1808 5089 _
1872 5078 1904 5089 η

553 5078 668 5154 (51)
704 5078 919 5137 Fratres
954 5098 1076 5154 ergo
1106 5078 1620 5154 jubeniurdiligere,
1653 5094 1755 5132 non
1776 5078 2047 5147 judicare.

481 5151 607 5211 Haec
636 5151 1015 5208 desiderantur
1046 5152 1099 5204 iu
1127 5151 1279 5205 libris
1306 5151 1487 5204 editis.

550 5224 665 5294 (55)
695 5223 854 5284 Editi,
882 5232 932 5294 et
958 5222 1129 5283 docet,
1166 5228 1620 5294 ut_cum_i_iocatus_
1646 5216 1810 5294 [ueris
1855 5221 1923 5294 a_d
1950 5233 2052 5294 cae-

484 5287 631 5357 nant,
652 5287 712 5346 in
742 5293 1018 5346 novissimo
1046 5291 1339 5343 recumbas.
1374 5288 1499 5342 Mss.
1532 5290 1749 5357 quidam
1791 5297 1839 5340 et
1870 5287 2053 5341 Raba-

481 5380 583 5419 nus
611 5364 792 5419 itidem
817 5373 865 5415 et
891 5363 1059 5414 docet.
1093 5359 1188 5412 Ms.
1215 5360 1413 5427 Regius
1446 5375 1592 5411 uuin.
1626 5357 1784 5421 1659,
1808 5357 2051 5413 edocens.

481 5432 590 5491 Sed
625 5433 802 5485 exteri
840 5447 996 5491 mss.,
1034 5430 1259 5490 rectius,
1289 5440 1337 5481 et
1364 5432 1595 5483 doceret.

553 5502 665 5576 (56)
696 5501 786 5576 _Sic
809 5501 1139 5576 ius.‘Regiu-s
1163 5512 1320 5576 num.
1350 5497 1508 5551 1659.
1539 5497 1892 5576 Caeterinvero
1921 5510 2052 5576 mss.

482 5583 539 5629 et
559 5563 753 5633 ‘ed'iti,
799 5571 865 5624 Et
901 5563 1113 5624 hoc'ad
1156 5570 1418 5638 integrum
1454 5575 1672 5638 spectat.
1727 5563 1845 5619 Vult
1889 5567 2053 5632 enim,

482 5652 587 5699 etc.

555 5710 666 5788 (ᾗ)
698 5711 854 5788 gessi.
884 5711 932 5764 si
965 5709 1017 5762 in
1049 5708 1231 5762 editis.
1260 5705 1668 5788 Mss._qui_da_m,
1696 5705 1872 5776 siqui.
1960 5774 1977 5788 ι
2002 5774 2016 5788 ο

558 5774 670 5838 (58)
705 5782 795 5836 Sic
838 5795 1029 5836 omnes
1067 5794 1196 5833 mss.
1232 5790 1289 5834 et
1330 5774 1481 5834 editi.
1510 5774 1777 5832 Rabanus
1800 5788 1930 5833 vero
1960 5774 2051 5831 hic

2226 4941 2339 5012 (59)
2372 4941 2644 5012 Rabauus,
2677 4958 2769 4994 nec
2798 4943 3173 4996 consuetudine
3204 4946 3549 4999 turbamur...
3581 4939 3730 4996 Nam

2157 5011 2555 5065 necessitatibus
2598 5020 2901 5064 sanctorum
2950 5011 3163 5064 honeste
3212 5013 3361 5069 dicit.
3394 5027 3501 5063 non
3549 5013 3729 5075 quasi,

2157 5092 2262 5135 etc.
2301 5081 2467 5134 Paulo
2515 5078 2651 5132 infra
2706 5097 2807 5136 ius.
2866 5081 3064 5149 Regius
3112 5097 3264 5134 uqu.
3304 5080 3483 5143 1659,
3517 5097 3728 5149 quoquo

2157 5097 2262 5135 etc.
2301 5097 2467 5134 l’aUIO
2515 5097 2651 5132 intra
2706 5097 2807 5136 ius.
2867 5097 2942 5134 tte
2982 5097 3064 5135 ius
3112 5097 3264 5134 unm.
3304 5097 3483 5143 mou,
3517 5097 3728 5149 quoquo

2156 5154 2312 5204 modo
2335 5151 2525 5203 habere
2553 5166 2899 5205 communem.
2935 5097 3139 5206 geiude
3159 5150 3442 5213 Rabanus,
3468 5151 3522 5202 id
3549 5162 3730 5217 aptum

2154 5232 2203 5274 et
2235 5222 2542 5274 conveniens
2571 5222 2794 5274 videtur.

2228 5289 2343 5359 (60)
2380 5289 2707 5359 Ms.Regius
2734 5305 2884 5344 num.
2918 5289 3091 5355 1659,
3119 5286 3502 5359 hospitalitatis
3549 5288 3731 5340 muni-

2155 5358 2445 5427 ﬁcentiam.
2473 5358 2665 5412 (lateri
2693 5369 2896 5421 Inss.et
2916 5361 3067 5424 editi,
3095 5358 3508 5425 hospitalitatem
3527 5368 3733 5411 sectan-

2156 5429 2226 5482 tis
2254 5429 2727 5498 magniﬁcentiam.

2252 5496 2533 5567 6l)‘1£diti,
2557 5514 2619 5550 ne
2646 5499 2781 5567 forte
2807 5497 2860 5550 in
2890 5497 3076 5567 plateis
3099 5496 3331 5551 sedeant.

2252 5498 2309 5550 61
2370 5498 2533 5561 Editi,
2557 5514 2619 5550 ne
2646 5499 2781 5567 forte
2807 5498 2860 5550 in
2890 5498 3076 5563 plateis
3099 5498 3331 5551 sedeant.

2228 5498 2340 5644 (621
2365 5566 2455 5621 Sic
2480 5568 2608 5619 editi
2642 5576 2697 5622 et
2724 5568 2996 5644 βψω-ειυς.
3019 5566 3150 5644 ιιξε.
3172 5581 3304 5621 vero
3337 5564 3508 5644 nostri
3540 5576 3734 5644 omnes

2157 5635 2362 5693 habent
2407 5638 2780 5694 tantummodo
2801 5675 2818 5705 ,
2852 5636 3189 5705 Benedirite,
3217 5645 3264 5691 et
3310 5635 3471 5690 nolite
3506 5635 3735 5691 maledi-

2157 5722 2292 5762 cere.
