4150 6402
375 365 508 418 1⁶ὶὲ1

1321 353 1673 411 COMMENT.
1715 351 1780 407 IN
1816 351 2036 406 EPIST.
2069 351 2161 404 AD
2194 351 2363 404 ROM.
2401 350 2526 404 LIB.
2569 349 2658 404 IX.

3495 353 3637 408 1222‘!

371 482 486 535 Non
520 481 627 533 vult
654 479 939 534 credentes
965 477 1186 532 Christo
1217 477 1284 531 de
1316 493 1412 531 ore
1440 493 1538 530 suo
1567 475 1814 546 proferre
1845 490 1958 530 ma-
1987 478 2033 534 Α
2058 475 2147 543 qui
2177 477 2323 543 ﬂent,
2350 474 2599 542 quoniam
2627 473 2730 539 ipsi
2761 472 3172 527 consolabuntur
3193 475 3260 530 ⁸⁷.
3298 474 3354 531 Si
3383 478 3505 546 quis
3546 478 3640 532 ﬂet

371 574 648 637 ledictum,
674 573 764 628 sed
795 575 929 626 bene
958 571 1125 639 loqui,
1151 572 1290 625 bene
1324 572 1526 632 dicere,
1557 572 1694 624 bene
1722 570 1954 639 precari,

374 675 433 716 ut
459 680 523 716 ex
562 663 662 717 hoc
694 675 744 717 et
781 663 905 717 boui
955 663 1157 715 domini
1215 662 1356 716 servi
1388 701 1402 724 ,
1435 671 1488 714 et
1539 661 1664 715 boni
1712 662 1956 732 magistri

371 755 664 806 Credantur
689 769 807 807 esse
842 753 1109 821 discipuli.
1143 752 1436 806 Sciendum
1479 763 1660 807 tamen
1699 764 1781 808 est
1812 753 1955 823 quod

371 860 552 899 sermo
579 846 664 898 hic
689 846 1080 900 benedictionis
1101 845 1152 897 in
1180 845 1479 914 Scriptnrls
1501 846 1720 899 diverse
1747 847 1956 915 positus

373 933 668 988 invenitur.
698 935 829 988 Nam
852 946 906 989 et
934 936 1076 989 Deus
1101 936 1425 990 benedicere
1454 937 1536 990 vel
1563 936 1832 1000 homines,
1870 936 1954 990 vel

374 1034 566 1078 cmtera
600 1041 718 1093 qua:
741 1036 1042 1090 creaverat,
1063 1027 1338 1102 in_venitnr
1354 1027 1400 1058 ⁸ο
1427 1044 1439 1089 ;
1466 1037 1520 1078 et
1544 1026 1792 1080 homines
1815 1025 1952 1095 (65),

377 1115 459 1168 vel
485 1124 694 1168 cretei-te
727 1127 991 1170 creaturae
1027 1117 1194 1172 Deum
1225 1119 1548 1172 benedicere
1600 1119 1858 1187 iubentur
1882 1119 1951 1173 εί.

375 1205 480 1259 Sed
514 1207 602 1260 Dei
635 1207 848 1275 quidem
879 1209 1182 1263 benedictio
1205 1209 1408 1278 aliquid
1428 1211 1662 1263 muneris
1680 1210 1792 1280 (61)
1813 1225 1953 1264 sem-

377 1313 474 1365 per
503 1298 588 1352 his
637 1300 729 1367 qui
775 1300 840 1351 ab
873 1315 938 1353 eo
966 1300 1358 1354 benedicuntur
1397 1300 1637 1367 impertit
1665 1321 1676 1354 :
1706 1301 1952 1354 homines

362 1398 507 1442 ’vero
538 1391 704 1443 Deum
735 1391 1054 1445 benedicere
1079 1433 1093 1455 ,
1127 1408 1224 1460 pro
1249 1407 1314 1446 eo
1344 1392 1484 1461 quod
1513 1402 1596 1446 est
1629 1392 1869 1457 laudare,
1898 1401 1954 1446 et

376 1481 575 1547 gratias
618 1481 840 1543 referre,
890 1481 1164 1537 dicuntur.
1192 1481 1291 1536 llic
1342 1493 1519 1536 tamen
1545 1483 1832 1551 Apostolus
1868 1483 1951 1537 tli-

377 1584 504 1621 ceus
534 1569 666 1639 (65),
688 1569 1008 1635 Benedicite,
1040 1584 1086 1625 et
1112 1572 1270 1626 nolite
1293 1574 1624 1636 maledicere,
1650 1575 1801 1642 quasi
1827 1591 1949 1630 cum

378 1677 732 1731 provocamur
751 1665 820 1718 ab
840 1665 1093 1727 inimicis,
1117 1664 1200 1718 vel
1219 1681 1338 1718 cum
1366 1665 1688 1734 instigamur
1717 1667 1947 1736 injuriis,

379 1765 563 1810 mouet
607 1771 671 1808 ne
712 1772 811 1825 pro
843 1756 1144 1809 maledictis
1173 1755 1454 1810 maledicta
1491 1759 1818 1825 reddamus;
1852 1760 1948 1813 sed

2065 583 2164 636 pro
2198 567 2434 633 peccatis
2459 565 2594 628 suis,
2622 565 2667 618 si
2698 567 2819 634 quis
2851 575 2969 632 post
3002 565 3256 620 delictum
3301 570 3640 624 convertitur

2065 660 2130 711 ad
2167 658 2562 727 paenitentiam,
2593 667 2646 711 et
2674 671 2914 712 errorem
2946 674 3099 713 suum
3124 661 3377 729 lacrymis
3402 661 3568 726 lavat,
3590 663 3638 718 si

2064 751 2184 818 quis
2216 749 2519 817 ingemiscit
2551 749 2714 802 etiam
2747 750 2796 802 iu
2827 751 3140 805 habitaculo
3175 752 3277 806 isto
3325 754 3554 820 positus,
3583 767 3641 811 et

2064 843 2129 894 ad
2157 842 2432 895 Christum
2485 842 2662 894 redire
2698 841 3008 903 desiderat,
3044 852 3099 896 et
3134 854 3382 898 sanctum
3419 845 3637 900 deside-

2066 933 2202 986 rium
2231 933 2596 1004 lacrymarum
2619 932 2933 1002 profusione
2951 933 3160 988 solatur
3182 936 3315 1005 (70),
3344 937 3639 1006 jungamus

2062 1040 2185 1078 cum
2215 1025 2413 1079 talibus
2443 1025 2710 1096 lacrytnas
2735 1038 2976 1086 nostras,
2994 1037 3048 1080 et
3073 1030 3303 1096 gemitus
3326 1034 3634 1094 sociemus;

2059 1133 2183 1170 nam
2218 1118 2330 1185 (71)
2366 1118 2583 1170 tristitia
2613 1135 2732 1186 qua:
2753 1121 3042 1173 secundum
3083 1119 3254 1172 Deum
3282 1129 3378 1180 est,
3407 1119 3638 1174 salutem

2058 1208 2300 1262 stabilem
2339 1226 2433 1277 per
2464 1211 2822 1277 paenitentiam
2851 1220 3102 1279 operatur
3123 1210 3192 1264 ⁸⁸.

2130 1323 2216 1377 16.
2255 1322 2494 1391 ldipsum
2516 1324 2732 1377 invicem
2761 1326 3038 1378 sentientes
3061 1323 3128 1376 ⁸⁸.
3165 1321 3357 1376 Sermo
3391 1323 3490 1380 iste
3523 1340 3634 1380 non

2060 1423 2252 1467 natura
2283 1413 2385 1475 sui,
2412 1413 2506 1468 sed
2529 1413 2979 1482 interpretatione
3006 1416 3293 1470 obscurior
3323 1416 3502 1470 factus
3525 1425 3632 1471 est.

2058 1505 2172 1560 lloc
2200 1515 2288 1560 est
2309 1505 2454 1558 enim
2476 1507 2618 1574 quod
2639 1506 2793 1569 dicit,
2819 1514 2879 1558 ut
2910 1505 2984 1559 ita
3014 1507 3081 1559 de
3109 1507 3278 1560 fratre
3309 1507 3633 1572 sentiamus,

2057 1609 2116 1650 ut
2147 1597 2215 1650 de
2251 1599 2404 1651 nobis
2435 1598 2602 1666 ipsis;
2631 1607 2686 1652 et
2717 1599 2788 1651 ita
2823 1599 3049 1655 velimus
3076 1601 3361 1669 proximo,
3410 1602 3552 1657 sicut
3581 1611 3638 1656 et

2056 1689 2216 1743 nobis
2245 1687 2530 1742 volumus:
2567 1698 2627 1742 ut
2656 1697 2710 1742 et
2750 1690 3008 1743 Dominus
3041 1691 3091 1743 in
3139 1692 3432 1761 Evangelio
3462 1693 3631 1747 dicit:

2057 1781 2188 1845 Qua:
2226 1781 2384 1835 vultis
2421 1791 2476 1836 ut
2517 1783 2718 1852 faciant
2760 1783 2900 1836 vobis
2933 1785 3192 1850 homines,
3233 1788 3413 1840 eadem
3451 1795 3502 1840 et
3545 1802 3633 1841 vos

379 1844 640 1901 iaciamus
663 1848 803 1916 quod
829 1848 941 1916 ipse
963 1851 1028 1902 de
1044 1852 1340 1917 semetipso
1363 1848 1576 1914 scribit,
1595 1850 1688 1904 ubi
1719 1850 1944 1904 dicit”:
1985 1852 2023 1906 Β
2051 1844 2210 1938 [δάιε
2242 1871 2347 1926 ειη,
2376 1873 2444 1928 oo.

381 1935 772 2001 Maledicimur,
802 1948 849 1991 et
879 1939 1230 1991 benedicimus
1260 1938 1396 2009 (66).

451 2028 535 2081 15.
571 2025 810 2082 Gaudere
842 2045 959 2080 cum
1008 2029 1395 2095 gaudentibus,
1435 2031 1561 2098 ﬂere
1610 2046 1726 2085 eum
1770 2031 1952 2100 ﬂenti—

379 2117 471 2169 bus
501 2117 566 2170 ⁸⁸.
607 2115 864 2170 Habenda
894 2127 974 2170 est
1002 2118 1167 2169 etiam
1204 2117 1255 2170 in
1293 2119 1393 2172 hoc
1424 2131 1738 2188 competens
1762 2119 1875 2190 (67)
1900 2128 1954 2173 et

379 2221 500 2274 apta
549 2209 844 2262 distinctio.
897 2207 1012 2260 Non
1076 2210 1215 2262 enim
1271 2211 1684 2280 quibuscunque
1744 2212 1954 2280 gaudiis

378 2298 805 2352 Christianorum
839 2300 1028 2368 gaudia
1063 2301 1322 2353 socianda
1377 2315 1503 2355 sunt
1531 2341 1544 2364 ,
1580 2316 1676 2356 nec
1721 2303 1953 2371 quibus-

379 2403 592 2458 cunque
635 2389 849 2442 ﬂetibus
901 2390 1151 2460 lacrymce
1198 2401 1400 2445 nostra:
1453 2393 1743 2462 jungendte
1805 2404 1948 2450 sunt.

381 2479 564 2550 Neque
593 2484 734 2535 enim
767 2483 810 2536 si
841 2483 1048 2536 videam
1078 2484 1316 2552 gaudere
1347 2485 1582 2553 aliquem
1617 2501 1779 2555 super
1807 2502 1949 2555 que-

381 2579 466 2622 stu
501 2573 762 2639 pecuniae,
793 2584 885 2627 aut
913 2574 1312 2642 possessionum
1332 2574 1636 2641 latituutue,
1657 2586 1752 2630 aut
1780 2592 1952 2630 szecu-

381 2659 512 2715 laris
547 2663 768 2717 honoris
798 2666 1114 2730 eminentia,
1137 2667 1506 2736 congratulari
1527 2669 1698 2722 debeo
1733 2669 1950 2730 talibus.

378 2749 468 2818 qui
510 2750 674 2803 sciam
730 2753 871 2820 quod
915 2752 1225 2819 hujusmodi
1265 2757 1456 2824 gaudia
1508 2757 1684 2812 luctus
1723 2774 1960 2828 sequan-

381 2850 469 2893 tur
496 2849 551 2892 et
580 2841 844 2910 lacryune.
878 2843 937 2896 ln
969 2852 1177 2897 tantum
1207 2847 1408 2900 etenim
1443 2847 1554 2918 (68)
1587 2865 1694 2902 non
1721 2859 1803 2904 est
1831 2866 1954 2920 gau-

378 2934 618 2987 dendum
657 2935 726 2989 de
764 2935 979 3000 talibus,
1022 2945 1083 2990 ut
1120 2937 1384 2994 Dominus
1420 2940 1698 3011 discipulis
1733 2943 1848 2997 suis
1887 2957 1959 2999 ne

384 3023 510 3076 inde
533 3024 748 3092 quidem
777 3026 1007 3092 gaudere
1028 3028 1360 3079 concesserit
1388 3029 1528 3094 quod
1561 3031 1824 3082 dz‘emonia
1854 3034 1953 3085 sibi

385 3113 638 3166 videbant
678 3129 797 3168 esse
825 3115 1082 3180 subjecta.
1123 3117 1212 3170 sed
1245 3116 1321 3168 ait
1349 3117 1466 3170 eis:
1503 3116 1684 3171 Nolite
1728 3122 1956 3187 gaudere

383 3205 507 3271 quia
536 3205 796 3256 dwmonia
842 3205 983 3257 vobis
1010 3205 1243 3273 subjecta
1283 3215 1449 3271 sunt;
1486 3209 1576 3260 sed
1602 3213 1845 3277 gaudete,
1871 3211 1955 3262 in-

385 3296 522 3361 quit,
555 3295 678 3365 quia
710 3297 922 3348 nominu
949 3309 1117 3351 vestra
1147 3298 1339 3366 scripta
1362 3311 1479 3350 sunt
1511 3299 1564 3352 in
1593 3301 1724 3352 libro
1749 3301 1864 3354 vitte
1889 3302 1958 3356 ⁸⁷⁵.

386 3387 451 3440 Ει
490 3404 586 3442 nos
615 3405 744 3458 ergo
790 3390 834 3444 si
877 3390 1156 3444 videamus
1201 3391 1268 3443 ab
1305 3391 1485 3459 aliquo
1525 3392 1632 3446 tale
1660 3408 1793 3460 opus
1823 3395 1959 3462 geri,

384 3482 530 3547 quod
557 3481 607 3532 in
640 3481 777 3535 cmlo
812 3483 976 3535 scribi
1002 3481 1221 3548 dignum
1255 3481 1359 3546 sit,
1392 3483 1505 3536 sive
1545 3481 1770 3550 justitite
1802 3500 1960 3551 opus.

385 3570 498 3622 sive
521 3571 825 3634 charitatis,
855 3573 965 3625 sive
1001 3575 1166 3640 pacis,
1197 3574 1309 3625 sive
1355 3574 1775 3638 misericordiae;
1806 3585 1860 3627 ct
1891 3577 1960 3628 ita

385 3669 618 3728 gestum,
655 3673 709 3712 ut
740 3663 789 3714 iu
825 3661 962 3714 libro
992 3663 1114 3714 vita:
1149 3664 1336 3716 referri
1372 3677 1666 3726 mereatur,
1702 3666 1961 3720 debemus

389 3752 622 3820 gaudere
651 3768 772 3805 cum
811 3752 1005 3807 talibus
1034 3753 1168 3823 (69).
1196 3753 1302 3808 Sed
1332 3764 1385 3808 et
1411 3755 1456 3809 si
1487 3771 1648 3824 quem
1680 3757 1960 3810 videamus

388 3845 453 3896 ab
488 3857 674 3897 errore
703 3859 1042 3908 conversum,
1066 3855 1117 3898 et
1141 3847 1340 3901 relictis
1370 3848 1687 3916 ignorantiae
1723 3849 1960 3904 tenebris

388 3935 452 3986 ad
494 3933 666 3987 lucem
695 3935 944 3990 veritatis
981 3937 1227 3998 venisse,
1262 3946 1314 3991 et
1363 3940 1732 3993 remissionem
1769 3957 1959 4008 pecca-

389 4033 587 4085 torum,
618 4034 670 4080 et
700 4028 924 4094 gratiam
956 4029 1128 4081 sancti
1169 4027 1400 4096 Spiritus
1455 4033 1718 4085 meruisse
1745 4071 1758 4090 .
1789 4031 1954 4087 debe-

388 4132 508 4170 mus
543 4119 779 4184 gaudere
813 4134 932 4171 cum
963 4121 1176 4173 talibus.
1205 4120 1467 4174 Similiter
1488 4130 1665 4174 autem
1697 4124 1822 4191 ﬂere
1839 4140 1958 4176 cum

387 4210 650 4278 ﬂentibus,
677 4225 782 4264 non
805 4226 924 4263 cum
946 4211 1048 4265 illis
1079 4214 1169 4281 qui
1200 4212 1328 4266 ﬂent
1359 4225 1597 4267 mortuos
1624 4229 1749 4267 suos
1777 4215 1844 4279 ⁸⁵,
1869 4215 1955 4282 ju-

389 4300 600 4366 bemur,
625 4307 716 4352 aut
737 4301 827 4368 qui
861 4299 986 4352 ﬂent
1019 4302 1212 4354 damna
1244 4299 1546 4364 smcularia,
1574 4301 1808 4356 scientes
1829 4303 1954 4368 quia

389 4390 546 4460 hujus
585 4391 764 4445 stet-ult
797 4394 1013 4444 tristitia
1060 4402 1274 4444 mortem
1307 4402 1551 4457 operatur
1576 4392 1644 4444 ⁸⁸.
1678 4390 1790 4444 Νοιι
1829 4401 1954 4445 sunt

393 4492 517 4547 ergo
563 4479 812 4548 Iacrytnte
843 4491 1039 4534 nostrae
1084 4480 1366 4549 iungenda:
1399 4495 1520 4534 cum
1556 4480 1752 4535 talibus
1791 4498 1805 4545 ;
1860 4483 1953 4536 Sed

2122 1983 2210 2037 17.
2243 1981 2368 2036 Non
2396 1982 2506 2036 alta
2536 1987 2839 2051 sentientes,
2865 1986 2956 2037 sed
2989 1986 3280 2040 humilibus
3304 1989 3635 2043 consentien-

2053 2083 2126 2127 tes
2155 2074 2223 2127 ’⁸.
2255 2073 2574 2143 Superbiam
2602 2091 2698 2143 per
2739 2078 2917 2129 omnia
2953 2076 3066 2148 (72)
3105 2078 3473 2147 refugiendam
3522 2082 3627 2136 do-

2053 2175 2140 2219 cet
2171 2181 2185 2229 ;
2221 2167 2326 2219 hoc
2355 2167 2500 2219 enim
2550 2168 2685 2221 dicit
2729 2167 2836 2220 alta
2882 2171 3106 2223 sentire.
3147 2170 3309 2240 653
3342 2171 3406 2224 Et
3434 2172 3631 2226 merito

2053 2256 2302 2325 superbia
2352 2256 2608 2325 fugienda
2650 2268 2755 2320 cst,
2785 2273 2904 2311 cum
2945 2260 3225 2328 Scriptura
3294 2263 3460 2327 dicat,
3504 2265 3632 2332 quia

2050 2348 2260 2400 initium
2287 2349 2588 2403 discedendi
2621 2368 2651 2403 a
2698 2350 2828 2412 Deo,
2862 2352 3105 2419 superbia
3153 2361 3229 2404 est
3261 2353 3326 2401 θ’.
3362 2353 3504 2407 Bene
3533 2369 3632 2407 au-

2055 2449 2160 2494 tem
2191 2456 2297 2494 uno
2314 2457 2561 2496 sermone
2591 2443 2980 2498 institutionem
3010 2445 3326 2499 humilitatis
3350 2447 3628 2513 exposuit;

2053 2532 2358 2586 consentire
2393 2534 2538 2587 enim
2587 2536 2901 2598 humilibus,
2951 2545 3006 2590 et
3037 2550 3222 2590 amare
3269 2537 3517 2602 humiles,
3548 2548 3634 2592 at-

2054 2635 2159 2688 que
2190 2621 2459 2676 inclinare
2499 2637 2559 2676 se
2593 2625 2658 2676 ad
2698 2639 2814 2686 eos,
2863 2624 2966 2678 hoc
3003 2634 3083 2677 est
3123 2640 3474 2680 consuescere
3506 2627 3631 2680 imi-

2058 2712 2159 2765 tari
2210 2726 2336 2766 eum
2394 2715 2485 2782 qui
2537 2730 2658 2768 cum
2713 2716 2764 2768 in
2817 2713 2990 2768 forma
3050 2715 3143 2770 Dei
3188 2726 3354 2780 esset,
3402 2715 3630 2771 formam

2055 2803 2194 2858 servi
2252 2805 2511 2874 suscepit,
2563 2815 2617 2858 et
2673 2805 2979 2861 hutniliavit
3033 2821 3092 2861 se
3139 2821 3309 2877 usque
3361 2807 3429 2861 ad
3482 2822 3629 2863 mor-

2057 2904 2164 2950 tem
2195 2897 2262 2950 ⁸³.

2129 3011 2216 3064 18.
2253 3009 2436 3064 Nolite
2456 3026 2567 3064 esse
2597 3011 2877 3080 prudentes
2904 3016 3044 3081 apud
3066 3015 3402 3082 vosmetipsos
3425 3014 3493 3068 ⁸⁸.
3527 3013 3634 3081 Qui

2057 3100 2156 3155 sibi
2195 3102 2294 3171 ipsi
2320 3103 2557 3172 prudens
2601 3117 2722 3157 esse
2764 3105 2992 3167 videtur,
3042 3104 3128 3158 hic
3161 3120 3280 3158 cum
3315 3107 3628 3175 arrogantia

1984 3234 2023 3285 Ο
2058 3191 2256 3244 stultus
2280 3200 2398 3256 est;
2433 3205 2535 3245 nec.
2564 3201 2740 3260 potest
2779 3207 2958 3244 veram
2983 3191 3300 3258 sapientiam
3339 3190 3430 3245 Dei
3469 3192 3630 3257 scire,

2065 3287 2157 3340 qm
2187 3286 2339 3324 suam
2372 3267 2646 3324 stultitinn
2676 3272 2827 3340 quasi
2863 3272 3180 3340 sapientiam
3215 3274 3362 3326 colit.
3398 3271 3637 3338 Denique

2062 3363 2116 3418 in
2163 3366 2532 3434 superioribus
2579 3367 2718 3420 hanc
2762 3365 2926 3420 fuisse
2976 3366 3366 3419 incredulitatis
3416 3379 3635 3418 causam

2060 3455 2282 3520 Judteis,
2314 3457 2426 3525 ipse
2452 3457 2648 3510 Paulus
2675 3457 2909 3521 edocuit,
2933 3457 3118 3511 dicens
3139 3457 3204 3510 de
3225 3457 3322 3517 eis,
3346 3458 3469 3525 quia
3496 3458 3639 3525 igno-

2063 3557 2245 3602 rantes
2287 3547 2383 3602 Dei
2416 3547 2716 3616 justitiam,
2759 3558 2809 3600 et
2854 3563 3001 3600 suam
3039 3546 3310 3615 justitiam
3347 3557 3634 3614 qttterentes

2063 3642 2560 3709 statuere,justitia2
2592 3640 2684 3693 Dei
2706 3657 2806 3694 non
2829 3649 2951 3694 sunt
2978 3640 3194 3708 subjecti
3219 3640 3284 3692 ’⁸.
3317 3640 3406 3694 Sic
3429 3655 3556 3709 ergo
3581 3648 3637 3694 et

2063 3735 2151 3798 qui
2187 3735 2328 3799 apud
2360 3732 2707 3798 semetipsum
2749 3731 2964 3798 sapiens
3008 3740 3111 3794 est,
3151 3746 3256 3784 non
3295 3739 3473 3798 potest
3507 3743 3632 3783 esse

2061 3823 2276 3890 sapiens
2303 3823 2443 3892 apud
2474 3823 2665 3876 Deum.

2131 3938 2218 3993 19.
2257 3937 2408 3991 Nulli
2433 3939 2632 3992 malum
2661 3956 2756 4008 pro
2786 3938 2925 3992 malo
2950 3937 3221 3992 reddentes
3247 3935 3314 3990 ’°.
3348 3935 3402 3990 Si
3434 3935 3633 3989 malum

2061 4031 2263 4084 inferre
2295 4046 2520 4100 peccare
2552 4041 2655 4098 est,
2695 4045 2750 4087 et
2775 4033 2999 4086 reddere
3028 4029 3226 4082 malum
3261 4042 3390 4090 non,
3426 4038 3483 4082 ut
3515 4029 3634 4097 qui-

2057 4123 2279 4177 busdam
2311 4125 2539 4187 videtur,
2566 4125 2766 4193 justum
2793 4133 2896 4186 est,
2925 4122 3016 4175 sed
3035 4120 3210 4174 simile
3227 4131 3503 4188 peccatum
3528 4129 3636 4186 est,

2057 4221 2168 4280 aut,
2193 4223 2251 4267 ut
2267 4229 2368 4284 ego
2393 4214 2800 4284 arbitror,eliam
2813 4212 3049 4282 gravius.
3070 4209 3202 4263 Nam
3222 4210 3309 4264 ille
3329 4209 3418 4278 qui
3437 4211 3635 4264 malum

2056 4305 2204 4372 prior
2243 4305 2441 4368 intulit,
2475 4305 2613 4359 forte
2647 4305 2759 4374 (75)
2793 4318 2897 4356 non
2927 4301 3096 4355 sensit
3123 4302 3322 4355 malum
3342 4317 3461 4355 esse
3492 4301 3634 4369 quod

2056 4395 2200 4450 fecit.
2221 4395 2322 4461 Qui
2341 4408 2518 4450 autem
2541 4396 2770 4451 reddidit
2787 4395 3006 4456 malum,
3030 4409 3094 4447 eo
3113 4393 3231 4462 ipso
3250 4407 3356 4461 quo
3376 4392 3444 4445 ad
3471 4392 3636 4446 ulcis-

2053 4488 2284 4541 cenduin
2304 4500 2385 4541 est
2408 4498 2605 4553 motus,
2635 4488 2920 4543 confessus
2933 4496 3014 4539 est
3033 4486 3270 4540 sensisse
3302 4484 3498 4538 malum
3517 4498 3638 4538 esse

393 4581 511 4621 cum
535 4568 641 4622 illis
662 4569 894 4622 ﬂendum
921 4573 1083 4625 estde
1110 4571 1305 4639 quibus
1339 4569 1465 4624 dicit
1495 4571 1748 4626 Dominus
1771 4592 1784 4627 :
1809 4573 1958 4630 Beati
1994 4571 2036 4625 D
2065 4580 2207 4648 quod
2233 4579 2486 4634 reddidit.
2530 4579 2598 4632 Et
2626 4579 2745 4633 ideo
2779 4576 3174 4646 respiciendum
3205 4590 3419 4644 semper
3452 4583 3537 4630 est
3567 4576 3634 4626 ad

461 4707 507 4740 ⁸ο
546 4707 683 4779 Gen.
717 4724 754 4770 ι,
783 4709 871 4762 22.
947 4710 990 4741 ⁸³
1036 4710 1165 4762 Dan.
1200 4727 1278 4767 ιιι.
1305 4709 1371 4761 5'.’
1400 4726 1512 4779 seq.

395 4778 480 4831 22.
547 4779 592 4809 ⁸⁸
623 4778 657 4831 ll
691 4780 814 4830 (lor.
845 4795 938 4844 \‘ll,
970 4781 1052 4833 10.
1123 4780 1166 4811 ⁸⁷
1188 4780 1374 4832 Matth.
1413 4797 1438 4829 v
1461 4778 1558 4844 ,5.

1617 4711 1661 4784 δέ
1691 4711 1857 4784 lACor.
1897 4731 1968 4778 tv,
2009 4715 2088 4768 l2.
2147 4777 2157 4784 _

1635 4783 1680 4813 ⁸⁸
1713 4782 1750 4835 ll
1797 4781 1920 4838 Cor.
1954 4802 2024 4838 \'ll
2054 4827 2068 4849 ,
2118 4781 2196 4838 11).

2181 4716 2226 4747 ⁸³
2257 4714 2411 4767 Rom.
2443 4716 2653 4777 xu,1.‘i.
2727 4714 2774 4746 ⁸⁸
2810 4715 2941 4769 Luc.
2975 4733 3028 4775 κ,
3051 4715 3143 4767 9.0.

2277 4787 2321 4816 ⁸³
2351 4786 2606 4848 ltnumt,
2647 4786 2728 4839 16.
2810 4788 2854 4818 9°
2884 4787 3071 4838 Matth.
3109 4782 3321 4845 vn,12.

3219 4712 3263 4742 ⁸⁵
3295 4710 3485 4763 Matth.
3518 4725 3636 4773 vnt,

3233 4782 3321 4833 12.
3398 4781 3439 4811 ⁹¹
3479 4781 3636 4833 Rom.

3527 4798 3636 4836 υΙΙΙ.

395 4865 490 4912 xtl,
521 4850 605 4902 16.
681 4849 726 4880 θ’
755 4850 917 4903 Eccli.
962 4851 1125 4912 x,14.
1223 4851 1269 4882 ’³
1300 4851 1491 4916 Philip.
1522 4867 1584 4913 ll,
1612 4851 1664 4906 6.
1766 4852 1812 4884 °"
1845 4855 1954 4908 Ron

2057 4857 2229 4917 Ltt,l6.
2328 4857 2373 4887 "
2400 4855 2555 4910 Rom.
2601 4871 2655 4923 x,
2689 4859 2743 4911 5.
2851 4857 2896 4890 ⁹⁶
2925 4855 3078 4908 Rom.
3128 4869 3224 4916 xtl,
3265 4851 3352 4905 17.

462 4965 576 5036 (65)
635 4965 806 5028 Editi,
841 4984 957 5036 qua:
1011 4970 1240 5030 creavit,
1292 4971 1581 5038 invenitur,
1615 4973 1739 5024 item
1789 4973 1961 5026 homi-

396 5051 505 5094 nes,
534 5047 640 5091 CIC.
819 5085 821 5087 .

465 5105 576 5170 (61)
608 5105 704 5160 Ms.
739 5121 875 5158 unus
899 5115 952 5159 et
981 5105 1258 5170 Rabanus,
1289 5107 1438 5160 aliud
1469 5111 1722 5163 muneris.

465 5176 816 5251 (65)_Dicens.
843 5178 1006 5251 Deest
1040 5177 1093 5251 in
1125 5188 1283 5229 antea
1317 5179 1496 5251 editis,
1529 5187 1660 5234 etin
1686 5179 1958 5251 plerisque

395 5261 524 5298 mss.
555 5245 816 5299 .Rabanus
842 5247 1007 5299 habet
1041 5247 1114 5298 ait
1147 5262 1243 5311 pro
1271 5250 1467 5300 dicens.

466 5314 576 5384 (66)
603 5315 763 5381 Editi,
794 5319 884 5368 sed
909 5315 1276 5370 benedicimus.

466 5385 574 5454 ‘67)
603 5385 763 5454 Etliti,
789 5389 947 5438 etiam
975 5387 1058 5437 hic
1084 5398 1396 5452 competens,
1425 5398 1533 5440 etc.

465 5455 576 5526 (68)
605 5453 1023 5526 EtenimDecst
1055 5457 1106 5508 in
1145 5455 1295 5526 libris
1327 5467 1484 5510 antea
1515 5457 1696 5510 editis.

465 5523 576 5596 (69)
602 5523 703 5578 Ms.
735 5523 934 5590 Regius
971 5540 1118 5579 num.
1150 5524 1316 5595 1639,
1355 5528 1442 5580 hic
1480 5537 1534 5580 et
1567 5529 1739 5592 infra,
1780 5528 1846 5581 de
1878 5538 1962 5582 ta-

393 5595 553 5648 tibus.

465 5665 577 5734 (70)
603 5662 693 5718 Sic
717 5672 860 5718 recte
888 5679 990 5718 ms.
1024 5663 1225 5730 Regius
1256 5679 1403 5717 num.
1438 5664 1594 5720 1659.
1617 5665 1807 5720 Cteteri
1835 5682 1965 5723 vero

396 5751 526 5788 mss.
558 5745 611 5788 et
638 5735 802 5797 editi,
831 5747 877 5787 et
903 5743 1189 5788 secundum
1233 5736 1549 5788 desiderium
1605 5736 1964 5805 lacrymarttm

391 5806 696 5875 profusione
712 5806 936 5860 lavatur.
959 5805 1236 5870 Rabanus,
1251 5815 1298 5860 et
1316 5815 1556 5862 sanctum
1572 5805 1962 5863 desiderium...

2071 4974 2234 5030 lavat.

2139 5045 2251 5121 (71)
2289 5041 2446 5121 Nam.
2479 5044 2732 5121 Deestnitr
2763 5042 2998 5121 editiset
3049 5041 3102 5121 in
3152 5037 3426 5120 plerisque
3477 5051 3634 5121 mist,

2069 5108 2159 5166 sed
2205 5108 2504 5168 restituitur
2537 5132 2599 5166 ex
2638 5114 2878 5166 Rabano.
2916 5110 3017 5164 Ms.
3055 5109 3257 5179 Regius
3292 5123 3438 5163 num.
3475 5108 3633 5171 1659,

2070 5185 2249 5262 habet,
2287 5183 2486 5262 “Tristia
2522 5186 2656 5237 enim
2696 5200 2791 5252 pro
2818 5180 3266 5262 L'Vfl‘nt-lt't'slititll‘.“
3301 5245 3312 5256 ο
3532 5245 3564 5262 η
3607 5197 3610 5200 ·

2286 5254 2375 5306 Sic
2407 5269 2593 5306 omnes
2631 5245 2760 5306 tttss.
2792 5263 2845 5326 et
2873 5250 3147 5326 Rabauus.
3178 5245 3312 5326 Edili
3341 5261 3487 5326 vero,
3525 5245 3636 5299 Stt-

2063 5317 2295 5384 perbiam
2331 5339 2485 5383 super
2527 5327 2782 5376 omnia...
2817 5321 3089 5398 ltoe‘enint
3131 5317 3504 5398 beneplacitum
3557 5327 3631 5369 est

2065 5391 2192 5444 Deo.
2232 5393 2295 5445 Et
2327 5395 2512 5445 merito
2537 5394 2779 5458 superbia
2822 5391 3072 5459 fugienda
3103 5399 3211 5449 est,
3241 5401 3358 5459 cum
3383 5391 3634 5459 scriptum

2067 5464 2155 5520 sit,
2185 5461 2322 5526 Quia
2345 5464 2549 5514 initium
2573 5453 2930 5514 discedendi'a
2961 5461 3066 5512 Deo
3089 5457 3331 5526 superbia
3359 5467 3434 5509 est
3483 5453 3636 5509 Unde

2069 5531 2348 5602 Apostolus
2379 5533 2430 5584 iu
2471 5548 2572 5584 uno
2617 5530 2916 5602 (Rabanus,
2950 5529 3231 5602 inprime)
3263 5541 3501 5580 sermone
3552 5530 3636 5580 in-

2068 5600 2393 5653 stitutionem
2423 5599 2738 5654 humilitatis
2762 5599 3110 5653 commendat.

2140 5680 2250 5750 (75)
2294 5677 2471 5730 Forte.
2518 5676 2689 5750 Deest;
2727 5673 2779 5724 in
2820 5672 2978 5750 editis
3008 5678 3062 5750 et
3090 5667 3460 5750 inplerisque
3505 5681 3636 5722 mss.

2067 5739 2283 5807 necnon
2323 5758 2379 5802 et
2416 5745 2556 5814 apud
2597 5744 2898 5798 Rabanum.
2938 5740 3046 5796 Sed
3082 5739 3383 5796 restituitur
3425 5753 3492 5793 ex
3530 5751 3643 5790 uno

2041 5827 2172 5881 ‘ms.
2215 5820 2380 5892 Regio
2416 5833 2568 5872 num.
2609 5814 2762 5868 1610.
