4150 6396
557 338 580 382 1
591 329 698 385 2:23

2024 328 2347 384 ORiCENlS

3686 323 3824 377 1224

551 461 676 502 eum
706 444 794 514 qui
835 443 1013 500 dixit:
1042 442 1177 498 Mihi
1209 445 1518 510 vindictam,
1549 461 1642 516 ego
1672 446 1978 514 retribuam,
2001 448 2127 502 dicit
2158 456 2203 525 Α
2238 443 2546 506 retribuam,
2571 442 2700 495 dicit
2735 439 2996 495 Dominus
3030 442 3072 496 ³.
3109 440 3173 496 1ιί
3201 442 3294 508 qui
3327 442 3537 510 seipsos
3563 455 3667 496 non
3701 445 3821 498 vin-

551 535 813 590 Dominus
853 534 921 586 ⁸⁷.

619 625 710 681 20.
736 623 1083 678 Providentes
1112 623 1247 675 bona
1275 638 1453 675 coram
1474 624 1713 676 omnibus
1739 623 2038 677 hominibus
2060 626 2128 683 ”.

550 717 747 772 Coram
787 717 1042 769 omnibus
1083 715 1396 768 hominibus
1453 715 1700 784 providet
1732 718 1855 782 quis
1890 718 2052 778 bona,
2083 718 2130 771 si

552 825 658 862 non
720 807 934 878 placeat
991 807 1330 877 singulorum
1390 809 1474 861 vel
1517 810 1682 872 vitiis,
1729 810 1810 862 vel
1865 809 2129 864 moribus.

548 899 802 968 Alioquin
860 898 1135 953 contraria
1195 899 1303 951 erit
1353 898 1464 966 (74)
1516 898 1602 951 illa
1653 898 1897 967 Apustoli
1959 899 2131 967 ipsius

548 994 816 1046 sententia
857 1006 977 1058 quae
1016 991 1187 1044 dicit:
1220 988 1331 1059 Ego
1359 993 1404 1044 si
1434 992 1735 1044 hominibus
1778 991 1987 1058 placere
2026 992 2132 1046 vet-

549 1084 671 1147 lem,
704 1082 903 1137 Christi
925 1101 1106 1138 servus
1152 1100 1256 1136 non
1288 1100 1451 1136 essent
1481 1084 1547 1138 θ’.
1586 1082 1691 1138 Sed
1720 1086 1809 1153 qni
1846 1086 1966 1138 vita:
1994 1101 2127 1147 smn,

550 1188 606 1230 et
642 1194 875 1240 morum,
908 1190 1069 1247 atque
1100 1188 1314 1231 actuum
1349 1189 1493 1233 tenet
1524 1178 1743 1240 libram,
1783 1192 1839 1233 ut
1868 1197 1971 1233 non
2005 1198 2130 1249 pns-

546 1267 618 1321 sit
657 1270 725 1322 ab
766 1268 874 1321 ullo
910 1270 1187 1322 hominum
1228 1271 1574 1337 reprehendi,
1618 1272 1719 1323 iste
1762 1274 1898 1325 bona
1944 1288 2128 1325 coram

545 1363 796 1414 munibus
827 1361 1137 1415 hominibus
1176 1362 1442 1428 providet.
1478 1363 1583 1416 Sed
1632 1374 1686 1415 et
1734 1364 1835 1418 hoc
1869 1365 2129 1417 adverta-

549 1467 690 1516 mus,
735 1453 1003 1519 quomodo
1061 1469 1165 1505 non
1217 1454 1354 1506 dixit
1402 1455 1706 1521 Apostolus,
1764 1468 1820 1507 ut
1876 1459 2130 1510 omnibus

552 1544 863 1614 placeamus
900 1543 1034 1614 (75),
1066 1546 1181 1606 sed,
1221 1554 1277 1596 ut
1312 1547 1693 1614 provideamus
1744 1548 1884 1599 bona
1936 1563 2123 1600 coram

546 1636 797 1688 omnibus
831 1634 1154 1699 hmninihus,
1196 1637 1298 1689 hoc
1336 1647 1419 1690 est
1458 1649 1513 1689 ut
1561 1654 1786 1703 agamus
1858 1654 1956 1690 nos
1990 1640 2126 1705 bona

547 1741 729 1779 coram
768 1727 1019 1781 omnibus
1062 1727 1370 1782 hominibus
1424 1729 1538 1783 sive
1578 1730 1681 1783 illis
1712 1729 1958 1799 placeant
2005 1747 2126 1800 quae

546 1819 683 1873 bona
723 1830 869 1886 sunt,
894 1820 1009 1874 sive
1050 1837 1155 1875 non
1190 1824 1460 1889 placeant.

607 1909 695 1960 9.1.
726 1906 785 1959 Si
810 1909 1057 1973 possibile
1080 1922 1179 1974 est,
1202 1912 1339 1980 quod
1360 1928 1424 1965 can
1453 1913 1591 1967 vobis
1612 1924 1708 1979 est,
1731 1932 1849 1969 cum
1871 1918 2111 1971 omnibus

537 1997 834 2052 hominibus
861 2016 1038 2068 parem
1066 2003 1308 2056 habentes
1332 2003 1369 2055 ί.
1400 2002 1589 2060 Sciens
1612 2007 1899 2075 Apostolus
1924 2025 2110 2078 pacem

536 2087 678 2141 inter
719 2106 853 2159 quos
897 2107 997 2160 pax
1035 2093 1283 2160 habetur,
1329 2112 1437 2149 non
1482 2113 1547 2152 ex
1583 2116 1689 2153 una
1728 2109 1897 2170 parte,
1927 2102 2021 2156 sed
2047 2118 2112 2156 ex

534 2189 763 2249 utraque
805 2192 1085 2246 constare.
1126 2201 1196 2240 ne
1228 2203 1328 2241 nos
1369 2189 1589 2244 alterius
1626 2191 1862 2255 animus,
1896 2193 1937 2248 si
1975 2194 2112 2249 forte

534 2269 831 2340 impacatos
860 2277 1122 2337 evenerit,
1146 2293 1173 2331 a
1196 2279 1338 2333 bono
1361 2281 1505 2349 pacis
1531 2281 1791 2352 impedire
1814 2285 2108 2351 videretur,

531 2363 1022 2421 moderatissimum
1070 2368 1218 2423 dedit
1249 2381 1578 2441 praeceptum
1609 2391 1621 2426 :
1652 2384 1713 2429 ut
1751 2376 1966 2430 interim
1999 2379 2109 2444 (7(5)

540 2465 729 2507 noster
776 2455 992 2508 animus
1028 2470 1245 2523 semper
1292 2458 1363 2510 sit
1416 2470 1642 2524 paratus
1693 2459 1760 2511 ad
1815 2475 2027 2529 pacem,
2070 2470 2126 2513 et

538 2546 823 2599 discordia:
851 2546 1003 2612 culpa
1038 2561 1143 2599 non
1178 2562 1345 2614 penes
1379 2564 1495 2611 nos,
1541 2549 1632 2601 sed
1680 2563 1848 2616 penes
1892 2550 2122 2605 alterum

539 2647 767 2690 constet.
804 2635 909 2690 Sed
950 2638 1185 2692 tortasse
1229 2639 1373 2691 dicat
1412 2640 1653 2709 aliquis:
1685 2640 1973 2706 Quomodo
2022 2658 2121 2710 po-

540 2733 647 2780 test
674 2726 787 2777 [ἰθιί
815 2736 873 2779 ιιι
909 2741 1095 2793 pacem
1123 2742 1244 2781 cum
1277 2728 1531 2781 omnibus
1579 2730 1890 2783 hominibus
1919 2731 2124 2784 habea-

538 2816 698 2871 mus?
736 2815 801 2870 Et
839 2818 966 2886 quid
1013 2816 1275 2871 faciemus
1324 2821 1390 2873 de
1446 2820 1729 2889 Scriptura
1771 2836 1892 2887 quia:
1939 2823 2118 2877 dicit:

545 2904 746 2959 Furem
791 2909 1027 2971 uidebas,
1072 2920 1120 2961 et
1170 2911 1522 2963 concurrebas
1573 2928 1694 2965 cum
1736 2912 1850 2975 illo,
1906 2923 1953 2967 et
1999 2931 2121 2967 cum

537 2999 796 3052 adulteris
825 3001 1115 3066 portionem
1147 3014 1293 3053 tuam
1330 3003 1555 3067 ponebas
1581 3003 1641 3055 '?
1669 3001 1793 3056 Ideo
1827 3020 1955 3073 ergo
1987 3005 2123 3059 bene

536 3091 827 3159 Apostolus
881 3092 1086 3145 addidit
1117 3106 1133 3144 :
1164 3091 1318 3155 Quod
1378 3108 1442 3143 ex
1489 3092 1634 3145 vobis
1684 3105 1797 3157 est;
1854 3096 1958 3146 hoc
2012 3106 2089 3147 est

538 3181 680 3249 quod
719 3183 995 3249 proposito
1048 3191 1232 3235 vestro
1289 3192 1344 3235 et
1399 3182 1518 3235 ﬁdei
1577 3193 1773 3235 vestrae
1837 3186 2113 3238 convenit.

536 3272 672 3328 Cum
706 3274 862 3326 malis
887 3274 1030 3327 enim
1063 3274 1263 3327 habere
1303 3290 1491 3342 pacem
1524 3285 1579 3328 et
1608 3276 1951 3340 διιεὶυιιιιειιι,
1990 3276 2114 3328 tidei

535 3377 736 3419 nostra-
775 3366 890 3437 (77)
943 3367 1330 3433 propositoque
1380 3382 1488 3419 non
1543 3366 1824 3428 convenit,
1867 3369 2119 3433 quamvis

534 3465 591 3508 et
614 3455 720 3508 alia
758 3455 813 3507 in
850 3454 968 3509 loco
1025 3456 1195 3524 possit
1245 3457 1431 3509 haberi
1476 3455 1777 3509 distinctio.
1840 3457 1998 3510 Aliud
2035 3468 2119 3510 est

533 3548 683 3600 enim
730 3547 977 3602 homines
1016 3562 1224 3611 amare,
1265 3548 1410 3601 aliud
1444 3548 1681 3602 crimina
1732 3550 1976 3619 diligere.
2013 3549 2116 3616 Qui

536 3639 783 3693 bonuines
826 3651 994 3703 amat,
1035 3648 1180 3693 autat
1227 3648 1530 3692 creaturam
1579 3639 1673 3692 Dei
1709 3653 1724 3691 :
1760 3639 1851 3706 qui
1889 3641 2117 3694 crimina

535 3732 733 3801 diligit,
757 3731 955 3784 diaboli
975 3740 1220 3785 sectatur
1240 3730 1456 3785 inventa
1476 3726 1609 3799 (78).
1630 3730 1730 3797 Qui
1750 3746 1878 3799 ergo
1894 3733 2115 3799 perfecti

534 3835 684 3887 sunt,
741 3824 887 3892 ipsos
941 3824 993 3877 in
1049 3825 1247 3894 quibus
1294 3826 1527 3877 oderunt
1578 3826 1809 3879 crimina
1870 3828 2115 3881 homines

532 3926 720 3969 amant
747 3934 762 3969 :
786 3926 842 3969 et
880 3915 1005 3969 odio
1037 3915 1299 3969 habentes
1330 3915 1382 3968 in
1421 3918 1501 3969 eis
1528 3914 1655 3969 illud
1688 3917 1830 3983 quod
1865 3931 2112 3987 pereant,

536 4004 663 4059 illud
698 4005 841 4073 quod
874 4005 1014 4059 Deus
1030 4006 1237 4059 creavit
1264 4020 1450 4059 amare
1486 4021 1591 4058 non
1621 4006 1899 4060 desinunt.

602 4096 694 4149 ‘22.
730 4093 852 4149 Non
893 4112 979 4149 vos
1018 4097 1367 4159 vindicantes,
1395 4097 1713 4155 charissimi.
1743 4097 1833 4149 sed
1879 4097 2000 4150 date
2032 4097 2112 4149 lo-

536 4205 653 4240 cum
684 4190 799 4242 inc.
839 4189 1106 4255 Scriptum
1152 4200 1226 4243 est
1267 4191 1453 4243 enim:
1486 4188 1619 4242 Mihi
1665 4192 1970 4249 vindictam.
2022 4205 2115 4259 ego

1332 4329 1377 4361 ⁸⁸
1417 4329 1575 4384 Rom.
1621 4345 1719 4390 xu.
1752 4330 1841 4383 17.

1422 4401 1444 4431 ⁸
1480 4399 1636 4453 Rcui.
1668 4415 1767 4463 xu,
1800 4399 1894 4454 20.

640 4329 686 4360 ⁸⁷
735 4327 889 4382 Deut.
922 4345 1097 4392 xxvii,
1141 4328 1231 4385 35.

535 4414 635 4462 xu,
676 4397 761 4454 19.
838 4399 856 4430 ’⁸
899 4398 1055 4454 Rotn.
1089 4414 1154 4461 lt,
1188 4399 1241 4464 5,
1272 4398 1325 4453 6.

2103 3134 2189 3189 ’C

1940 4330 1984 4362 ”
2018 4329 2196 4384 Galal.
2229 4328 2379 4394 1,10.

1997 4401 2019 4431 ⁸
2050 4400 2243 4452 Matth.
2275 4397 2441 4463 v,i‘.!;
2474 4396 2605 4451 Luc.
2634 4413 2708 4463 τι,
2739 4397 2808 4451 27
2836 4414 2952 4467 seq.

2236 535 2441 599 dicant,
2473 535 2743 602 tptmnodo
2785 536 2879 587 ira:
2926 534 3104 588 locum
3153 535 3303 600 dent,
3344 535 3640 603 dupliciter
3685 537 3817 590 mihi

2235 627 2450 680 videtur
2474 625 2720 695 intelligi.
2754 626 2887 679 Nam
2917 629 3101 681 ethoc
3135 629 3251 694 ipso
3281 628 3423 694 quod
3467 629 3615 682 verbi
3651 642 3817 682 causa

2237 733 2452 770 tnattnm
2513 717 2697 770 manui
2760 732 2866 770 non
2928 716 3172 771 referunt
3224 717 3362 788 (79),
3426 728 3519 770 aut
3568 720 3819 773 convicio

2234 809 2540 860 convicium
2591 824 2694 860 non
2738 809 2991 871 reddunt,
3039 810 3131 862 ira:
3183 809 3328 863 illius
3374 810 3468 879 qui
3510 809 3643 864 fecit
3669 810 3816 879 inju-

2237 898 2369 951 riam
2394 900 2811 968 pertranseumli
2836 910 2890 954 et
2921 902 3283 955 evanescendi
3316 903 3490 956 locum
3523 904 3813 957 dederunt.

2231 987 2402 1042 Nemo
2437 990 2584 1043 enim
2616 990 2688 1042 ita
2726 990 2946 1045 rabidus
2969 991 3301 1058 invenietur,
3339 995 3455 1062 qui,
3495 994 3641 1048 illata
3680 996 3817 1065 inju-

2232 1081 2336 1143 ria,
2389 1081 2431 1134 si
2486 1082 2659 1134 vicem
2720 1097 2828 1135 non
2884 1085 3130 1151 recipiat.
3187 1086 3381 1139 iterutn
3435 1087 3656 1152 saeviat;
3713 1088 3812 1141 sed

2230 1173 2385 1240 quasi
2420 1171 2590 1227 etInso
2617 1192 2680 1228 ac
2716 1175 2930 1243 digesto
2961 1177 3168 1242 furore,
3206 1178 3521 1232 necessario
3544 1178 3809 1232 mitescit.

2231 1264 2328 1318 Esl
2358 1280 2485 1333 ergo
2509 1274 2562 1317 et
2590 1267 2794 1334 grande
2835 1267 3045 1320 lucrum
3088 1268 3178 1321 ubi
3216 1277 3273 1322 et
3315 1269 3593 1337 peccantis
3633 1269 3817 1322 multi-

2231 1353 2362 1407 tudo
2408 1356 2778 1421 cmnpescitur
2829 1367 3213 1424 peccatorum,
3264 1368 3318 1411 et
3373 1360 3630 1428 injuriam
3670 1360 3813 1427 paSsi

2230 1443 2488 1509 patientia
2527 1443 2640 1513 (80)
2674 1444 2973 1512 probabilis
3002 1446 3061 1498 ﬁt
3099 1448 3240 1514 apud
3274 1447 3465 1500 Deum.
3496 1447 3592 1501 Est
3622 1459 3811 1502 autent

2230 1545 2281 1587 et
2311 1536 2409 1589 hoc
2441 1539 2597 1589 modo
2626 1536 2717 1589 ira:
2748 1537 2925 1590 locum
2956 1540 3110 1601 dare,
3147 1541 3363 1607 quando
3411 1555 3508 1609 pro
3564 1542 3649 1595 his
3688 1555 3809 1609 qua:

2230 1626 2538 1680 inferuntur
2583 1627 2799 1694 injuriis
2845 1630 2936 1698 qui
2991 1640 3239 1699 peccant,
3297 1634 3593 1688 secundum
3639 1632 3813 1701 ipsius

2230 1720 2377 1774 Pauli
2424 1723 2787 1787 sententiam,
2827 1717 2971 1775 iram
3021 1722 3121 1776 sibi
3185 1727 3561 1779 thesaurizant
3614 1727 3669 1781 in
3724 1727 3812 1781 die

2156 1801 2197 1854 Β
2231 1815 2345 1878 irtc,
2399 1825 2525 1867 lllltc
2566 1830 2689 1868 cum
2736 1814 2921 1867 reddet
2975 1813 3118 1868 Deus
3168 1816 3461 1884 unicuique
3515 1819 3809 1873 secundum

2228 1922 2389 1972 θυι-1⁵η
2417 1921 2514 1959 sua
2547 1905 2593 1958 ⁸.
2645 1904 2700 1957 Si
2741 1921 2871 1974 ergo
2902 1905 3263 1973 nosmetipsos
3303 1907 3661 1974 vindicemns,
3705 1924 3811 1963 non

2227 2004 2591 2063 estmagnum
2620 1998 2763 2064 quod
2805 2012 2904 2064 pro
2950 1997 3150 2067 injuria
3199 2009 3452 2067 suscepta
3507 2000 3804 2063 reddimus,

2227 2087 2380 2140 verbi
2430 2101 2617 2149 causa,
2671 2095 2765 2139 aut
2818 2086 3053 2155 palmam
3119 2104 3220 2157 pro
3267 2090 3467 2157 palma,
3513 2089 3680 2162 655
3716 2104 3812 2144 aut

2227 2191 2425 2230 saxum
2467 2191 2564 2244 pro
2594 2191 2747 2242 saxo,
2773 2187 2865 2229 aut
2891 2192 2990 2246 pro
3024 2180 3347 2234 contumelia
3398 2184 3667 2235 sermonis
3693 2184 3810 2251 (8i)

2229 2268 2501 2321 sermonis
2524 2267 2876 2322 nihilominus
2898 2270 3306 2324 contumeliam.
3330 2272 3384 2324 Si
3412 2287 3539 2325 veto
3565 2287 3811 2325 resone-

2230 2373 2350 2412 mus
2378 2374 2440 2413 ea
2465 2358 2717 2413 vindicta:
2744 2359 2859 2420 Dei.
2892 2361 2943 2413 in
2967 2376 3033 2414 eo
3063 2361 3174 2433 (8:!)
3205 2363 3293 2430 qui
3325 2363 3461 2418 ltesit
3495 2379 3594 2417 nos
3621 2364 3798 2418 locum

2226 2453 2421 2507 damus
2463 2450 2579 2513 iraa,
2614 2450 2688 2503 illi
2718 2450 2838 2502 sine
2861 2450 3026 2504 dubio
3049 2468 3212 2521 quam
3236 2453 3338 2507 sibi
3365 2453 3477 2521 ipse
3501 2453 3617 2508 sais
3650 2454 3808 2506 malis

2226 2542 2439 2597 actibus
2466 2539 2826 2604 thesaurizat,
2855 2556 2973 2611 qua:
3001 2542 3070 2597 de
3097 2559 3162 2596 eo
3192 2545 3243 2598 in
3281 2543 3486 2612 judicio
3518 2543 3609 2599 Dei
3645 2545 3809 2598 inulto

2226 2636 2507 2700 graviores
2575 2650 2739 2704 quam
2807 2650 2906 2687 nos
2969 2636 3178 2695 interre
3241 2654 3567 2708 possumus,
3630 2640 3810 2709 exigat

2226 2737 2439 2792 pmuas.

2293 2814 2387 2869 9.5.
2430 2819 2537 2870 Sed
2566 2820 2610 2871 si
2646 2820 2888 2872 esurierit
2917 2818 3161 2872 inimicus
3199 2827 3342 2883 tuus,
3387 2821 3501 2874 ciba
3537 2821 3727 2885 itum;
3760 2824 3809 2876 si

2222 2906 2434 2967 sitierit,
2472 2918 2655 2975 potant
2691 2908 2761 2960 da
2802 2907 2885 2960 illi
2927 2921 2946 2960 :
2985 2908 3083 2959 hoc
3121 2909 3260 2960 enim
3302 2908 3508 2974 faciens
3554 2908 3806 2961 carbones

2224 2998 2360 3066 ignis
2399 3015 2643 3066 congeres
2703 3015 2861 3067 super
2906 3008 3064 3067 caput
3110 2998 3270 3067 ejus“
3298 2996 3806 3069 (85).‘|l;ecquident

2225 3104 2281 3146 et
2311 3092 2572 3146 Dominus
2600 3093 2652 3146 in
2681 3092 2990 3160 Evangeliis
3021 3091 3266 3159 praecipit
3305 3091 3345 3143 ‘.
3381 3092 3444 3144 b‘t
3470 3093 3716 3160 quamvis
3745 3093 3798 3144 in

2227 3184 2512 3253 propatulo
2544 3184 2616 3238 sit
2643 3184 2950 3238 intellectus
2983 3186 3107 3247 iste,
3136 3199 3242 3253 quo
3265 3185 3562 3237 secundum
3598 3200 3660 3236 ea
3684 3199 3806 3253 quae

2223 3289 2390 3342 supra
2424 3275 2685 3339 diximus,
2722 3276 2772 3327 in
2804 3284 3068 3343 quantum
3113 3275 3349 3328 inimicis
3390 3285 3444 3327 et
3484 3276 3803 3330 lanientibns

2224 3382 2329 3419 non
2363 3366 2534 3420 solum
2576 3370 2747 3419 vicem
2779 3383 2884 3420 non
2936 3367 3232 3431 reddimus,
3273 3367 3368 3421 sed
3398 3379 3452 3420 et
3485 3368 3621 3420 bona
3663 3385 3804 3437 pra:-

2226 3472 2455 3524 stamus,
2519 3459 2571 3510 in
2630 3466 2836 3511 tantum
2898 3470 3091 3525 pmnas
3138 3473 3325 3512 eorum
3376 3457 3426 3510 in
3471 3456 3561 3511 Dei
3596 3456 3803 3524 judicio

2223 3551 2564 3605 cumulatnns
2592 3551 2695 3620 (est
2730 3551 2878 3605 enim
2919 3566 3045 3604 vere
3089 3550 3234 3619 justa
3286 3550 3564 3603 damnatio
3621 3552 3667 3605 si
3702 3568 3797 3604 ar-

2225 3653 2460 3711 guantur
2485 3653 2611 3695 ante
2639 3642 2806 3695 Deum
2832 3640 2918 3695 his
2942 3641 3190 3696 intulisse
3220 3640 3358 3694 mala
3398 3657 3426 3693 a
3452 3644 3648 3710 quibus
3672 3660 3799 3711 per-

2222 3734 2466 3802 ceperint
2510 3732 2694 3802 bona),
2742 3742 2923 3786 tamen
2966 3734 3244 3786 videmnus
3294 3748 3360 3787 ne
3414 3732 3555 3788 forte
3584 3730 3805 3801 dignius

2219 3825 2423 3893 aliquid
2460 3826 2696 3880 mandati
2746 3827 2905 3894 hujus
2956 3825 3230 3880 contineat
3287 3825 3616 3880 intellectus.
3664 3826 3804 3880 Dicit

2219 3919 2364 3970 enim
2425 3929 2481 3971 et
2534 3917 2801 3971 Jeremias
2857 3919 3118 3987 propheta
3166 3917 3279 3987 (84)
3324 3918 3390 3969 ad
3435 3917 3798 3986 peccatricem

2222 4007 2389 4062 tiliam
2416 4007 2752 4079 Babylonis:
2791 4007 2969 4062 Habes
2995 4009 3250 4061 carbones
3301 4007 3455 4077 ignis,
3497 4009 3618 4061 sede
3646 4024 3802 4075 super

2217 4114 2330 4162 eos,
2354 4099 2407 4151 hi
2436 4109 2587 4153 erunt
2617 4100 2710 4153 tibi
2746 4102 2799 4153 in
2838 4100 3164 4170 adjutorium
3190 4100 3234 4152 ⁷.
3264 4097 3538 4155 Fortassis
3581 4115 3711 4170 ergo
3743 4111 3802 4154 et

2220 4192 2309 4244 hic
2341 4193 2427 4245 isti
2467 4193 2737 4245 carbones
2775 4193 2913 4261 ignis
2942 4191 3032 4260 qui
3069 4199 3468 4261 congregantur
3508 4205 3669 4259 super
3701 4205 3800 4243 ca-

2999 4329 3019 4358 ¹
3052 4325 3191 4379 Psal.
3237 4344 3382 4392 χιικ,
3416 4327 3499 4381 18.
3577 4328 3598 4358 ³
3638 4328 3796 4383 Rom.

3027 4397 3047 4428 "
3079 4398 3179 4452 lsa.
3211 4414 3379 4460 xuii,
3404 4400 3491 4452 14.

2488 4325 2668 4382 ’iiom.
2701 4342 2796 4382 tit.
2836 4327 2922 4381 18.

609 4515 721 4589 (74)
770 4518 864 4572 Sic
909 4534 1102 4572 omnes
1150 4534 1281 4573 mss.
1319 4530 1374 4571 et
1423 4519 1703 4589 Rabanns.
1759 4518 1901 4572 Editi
1960 4534 2112 4581 vero,
2148 4519 2394 4583 Dipsum
2431 4518 2573 4587 quod
2616 4517 2824 4570 oderint
2859 4518 3105 4584 crimina,
3140 4529 3247 4575 etc.
3289 4517 3393 4573 Sed
3430 4519 3629 4574 rectius
3667 4533 3797 4574 mss.

542 4586 881 4643 Providentes
905 4590 1061 4651 bona,
1091 4605 1194 4640 non
1214 4600 1420 4642 tantum
1448 4605 1625 4642 coram
1672 4588 1799 4652 Deo,
1829 4593 1922 4642 sed
1947 4591 2110 4641 etiam

539 4675 718 4712 coram
749 4661 991 4712 omnibus
1023 4659 1343 4712 hominibus.
1391 4658 1582 4712 Coram
1633 4658 1954 4722 hominibus,
1993 4675 2116 4711 con-

506 4730 707 4784 .traria
751 4731 873 4793 erit,
914 4742 1047 4793 etc.,
1088 4728 1303 4783 omissis
1343 4727 1698 4790 intermediis,
1745 4728 1982 4781 omnibus
2020 4731 2116 4781 ho-

537 4800 765 4872 minibus
801 4800 1188 4872 prouidetquis
1214 4800 1455 4872 bona,
1483 4814 1587 4872 non
1628 4798 1832 4867 placeat
1880 4798 2116 4872 singulo-

535 4883 652 4921 rum
680 4869 763 4922 vel
786 4867 942 4931 viiiis,
973 4869 1052 4922 vel
1080 4869 1333 4938 moribus.
1367 4868 1639 4938 Alioquin,
1670 4878 1803 4929 etc.,
1834 4881 1964 4920 mss.
2000 4867 2115 4938 pleg

536 4940 693 5006 rique
712 4981 725 5005 ,
754 4956 857 4992 non
890 4950 943 4991 nt
967 4940 1170 5005 placeat
1195 4937 1214 5009 (
1232 4939 1326 5002 al.,
1346 4935 1544 5009 utnon
1573 4937 1813 5009 placeat)
1835 4946 1938 4992 etc.
2002 4935 2114 4991 Sed

533 5004 742 5079 rectius
764 5024 872 5079 ms.
899 5004 1101 5079 Regius
1141 5004 1292 5065 num.
1336 5004 1495 5065 1659,
1518 5015 1584 5079 ιιι
1619 5008 1672 5061 in
1702 5004 1872 5060 textu.

609 5078 723 5150 ('75)
759 5078 922 5150 Editi,
961 5076 1221 5149 quomodo
1268 5095 1373 5133 non
1413 5078 1550 5132 dixit
1593 5079 1898 5144 Apostolus,
1947 5076 2115 5130 homi-

535 5149 1043 5217 nibus'placeamus,
1072 5150 1184 5210 sed.
1217 5159 1326 5204 etc.

608 5215 725 5290 (76)
762 5218 851 5273 Sic
879 5234 978 5273 ms.
1015 5218 1215 5287 Regius
1238 5235 1386 5273 num.
1421 5217 1559 5273 1659
1587 5227 1642 5271 et
1686 5216 1963 5272 Rabanus.
1995 5215 2114 5272 Ca:-

534 5289 639 5344 teri
680 5304 810 5344 vero
839 5304 971 5344 mss.
995 5298 1051 5343 et
1070 5290 1224 5354 editi,
1255 5300 1308 5343 ut
1329 5290 1467 5343 inter
1492 5289 1758 5352 inimicos,
1788 5299 1897 5343 etc.

606 5359 722 5432 (7_7)
766 5357 929 5425 Editi,
977 5369 1179 5432 uestrae,
1214 5357 1631 5432 ‘malesDeiude
1680 5358 1840 5432 iidem
1877 5364 1931 5411 et
1976 5370 2107 5412 mss.

575 5427 807 5511 Ie'riq’ue,
830 5430 1149 5511 quamcf-sna
1171 5428 1361 5511 aliain
1393 5430 1529 5491 loco,
1554 5439 1663 5507 etc.
1694 5428 1798 5482 Sed
1825 5437 1970 5481 recte
1999 5442 2123 5482 nis.-

589 5497 741 5553 cuius
773 5497 916 5552 ιιιιιιι.
962 5497 1099 5552 1659
1121 5509 1176 5551 et
1198 5498 1453 5552 Rabanus
1482 5509 1540 5550 ut
1569 5498 1619 5550 in
1653 5507 1822 5551 textu.

613 5565 727 5637 (78;
748 5567 823 5621 lla
851 5583 952 5622 ms.
984 5568 1183 5636 Regius
1207 5585 1357 5623 nam.
1381 5567 1518 5622 1659
1540 5577 1595 5621 et
1617 5565 1891 5622 Rabanus.
1913 5565 2107 5621 Cteteri

537 5651 668 5690 vero
721 5653 851 5692 mss.
908 5648 966 5691 et
1018 5639 1186 5702 editi,
1259 5637 1473 5690 Diaboli
1529 5647 1756 5690 sectator
1821 5640 2108 5690 invenitur.

540 5704 743 5761 Deinde
779 5724 909 5761 mss.
953 5707 1216 5777 plerique,
1264 5705 1523 5760 Rabanus
1564 5717 1618 5761 et
1653 5706 1805 5777 editi,
1850 5706 1947 5759 hoc
1995 5709 2109 5773 ipso

538 5792 639 5846 quo
664 5777 783 5847 (aL,
811 5779 949 5847 quod
956 5788 974 5846 )
1006 5776 1226 5833 oderunt
1260 5780 1501 5843 crimina,
1529 5785 1635 5834 etc.
1672 5776 1784 5849 Ms.
1820 5792 1978 5845 unus,
2008 5777 2106 5831 hoc

2222 4590 2331 4642 duo
2371 4597 2429 4641 ut
2454 4590 2507 4639 in
2541 4598 2727 4641 nostro
2757 4597 2930 4641 textu.

2293 4657 2530 4729 (79)Sic
2575 4672 2766 4729 euntes
2794 4673 2946 4729 _mss.
3001 4656 3159 4729 Editi_
3185 4673 3337 4721 vero,
3384 4674 3596 4711 manum
3634 4675 3800 4713 manu

2222 4725 2603 4796 nonrefernnt,
2635 4727 3042 4788 Genebrardns,
3073 4725 3349 4794 referiam.

2292 4798 2405 4868 (80)
2442 4798 2610 4859 Alias,
2643 4804 2701 4868 et
2726 4796 3070 4868 injuritvlal.
3102 4797 3442 4867 iniuriarum)
3479 4799 3657 4861 passio
3694 4815 3797 4867 pa-

2222 4866 2424 4928 tientia,
2457 4878 2559 4920 etc.
2587 4882 2601 4923 :
2638 4866 2789 4929 alias,
2816 4876 2863 4917 et
2898 4867 3151 4935 injuriam
3174 4882 3361 4933 passus
3382 4870 3654 4933 patientia.
3685 4866 3796 4925 etc.

2222 4935 2427 4991 Deinde
2458 4952 2558 4989 tus.
2590 4936 2788 5001 Regius
2817 4952 2965 4988 lltllll.
2999 4936 3138 4989 1659
3168 4948 3219 4989 et
3252 4936 3507 4991 [tabanus
3530 4940 3794 4993 otnittunt

2220 5008 2462 5076 quando1
2489 5007 2580 5058 sed
2619 5004 2910 5076 restituunt
2939 5008 3119 5059 caeteri
3145 5021 3277 5057 mss.
3308 5020 3360 5058 et
3391 5009 3543 5061 editi.

2289 5076 2402 5146 (8|)
2429 5074 2718 5147 Sermonis.
2747 5074 3030 5147 Omittitur
3052 5077 3102 5128 in
3129 5076 3385 5147 editis,et
3417 5078 3467 5128 in
3496 5094 3595 5130 ins.
3624 5076 3796 5147 Regio

2216 5161 2343 5199 num
2394 5146 2550 5209 1659,
2602 5156 2655 5198 et
2692 5146 2833 5213 apud
2871 5146 3189 5210 liabanum;
3238 5146 3330 5198 sed
3382 5150 3687 5200 restituitur
3718 5146 3797 5203 fex

2216 5226 2431 5270 etetet'ts
2460 5231 2590 5271 Ittss.

2288 5284 2401 5357 (8‘2)
2429 5284 2596 5352 Alias,
2622 5283 2682 5340 Si
2710 5301 2832 5341 vero
2864 5301 3128 5341 servemus
3156 5301 3216 5339 ea
3242 5284 3583 5341 vindicta...
3606 5287 3699 5354 qui
3730 5288 3799 5341 de

2213 5370 2294 5419 eo,
2324 5367 2432 5409 etc.

2284 5425 2542 5498 (85)‘Sic
2574 5441 2688 5498 _ms.
2729 5425 2930 5496 Regius
2988 5441 3135 5477 num.
3188 5424 3346 5488 165‘),
3411 5424 3700 5498 Rabanus,
3742 5437 3799 5479 et

2212 5495 2587 5549 editi.'Ca3teri
2621 5513 2747 5551 vero
2780 5495 2911 5551 mss.
2944 5512 3227 5564 congregas
3264 5512 3421 5563 super
3463 5496 3793 5564 caputﬁrjus.

2286 5565 2399 5635 (84)
2436 5565 2572 5618 Dicit
2604 5569 2742 5620 enim
2775 5575 2825 5621 et
2856 5566 3118 5620 Jeremias
3140 5563 3414 5633 propheta.
3460 5566 3556 5620 Vel
3604 5563 3800 5634 Orige-

2213 5649 2332 5697 nes,
2383 5635 2766 5699 vel-Ruﬁnus,
2817 5638 2903 5689 vel
2956 5636 3204 5689 fortassis
3255 5647 3485 5703 uterque
3532 5638 3797 5690 memoria

2212 5704 2405 5787 lapsus
2434 5716 2517 5761 est
2551 5704 2806 5763 Jereutite
2853 5706 3178 5764 ascriboudo
3223 5707 3369 5776 quod
3413 5721 3482 5762 ex
3520 5704 3657 5760 lsaia
3686 5709 3798 5763 de-

2208 5784 2449 5849 promttu
2457 5791 2500 5832 r.
