4150 6394
405 301 542 357 1225
1354 303 1711 361 COMMENT.
1755 302 1821 356 IN
1862 301 2083 358 EPIST.
2120 302 2212 356 AD
2246 304 2418 361 ROM.
2460 307 2592 363 LIB.
2630 308 2716 363 IX.
3530 315 3670 370 1229.6

400 440 500 498 put
542 431 769 492 inimici,
823 432 874 484 in
934 432 1266 497 adjutorium
1324 432 1496 499 ipsius
1554 436 1985 500 congregantur.
2017 429 2063 484 A
2092 425 2213 495 ipso
2240 427 2341 482 sibi
2370 429 2551 481 datam
2578 429 2812 498 gratiam
2854 430 3218 493 conﬁtentur;
3261 431 3354 488 sed
3401 443 3495 486 aut
3543 449 3671 502 pro-

399 521 583 576 Potest
608 524 749 577 enim
796 523 911 576 ﬁeri
940 533 999 576 ut
1030 524 1243 578 animus
1278 522 1429 576 ferus
1471 537 1536 576 ac
1576 521 1844 575 barbarus
1882 522 2021 574 ini-°
2085 518 2219 586 prim
2261 518 2540 572 industriae
2586 518 2883 584 ascribunt,
2928 530 3024 574 aut
3078 536 3246 590 super
3294 522 3572 586 magistris
3616 532 3672 575 et

401 615 526 667 mici
555 612 691 682 (85),
724 614 768 668 si
795 615 991 668 sentiat
1030 614 1350 668 beneﬁcium
1389 624 1663 683 nostrum,
1701 616 1746 667 si
1790 613 1982 668 huma-
2084 609 2489 663 institutoribus
2546 609 2872 679 gloriantur.
2943 610 3109 665 Nobis
3181 623 3362 664 autem
3430 612 3671 665 ostendit

400 706 647 764 nitatem.
697 706 740 760 si
796 706 1073 768 ali‘ectnm,
1126 707 1169 759 si
1235 707 1493 774 pietatem
1555 705 1771 766 videat,
1827 721 1976 760 com-
2081 700 2372 769 Apostolus
2417 716 2578 756 omne
2615 702 2756 770 quod
2804 702 3003 757 bonum
3050 712 3155 766 est,
3198 718 3227 755 a
3276 702 3384 756 Deo
3430 716 3576 766 esse,
3615 711 3670 756 et

398 797 746 865 punctionem
790 798 969 851 cordis
1016 798 1218 865 capiat,
1260 798 1537 850 commissi
1581 799 1977 867 paenitudinem
2081 807 2189 867 per
2222 793 2489 861 Spiritum
2527 808 2776 848 sanctum
2804 794 2944 855 dari,
2995 795 3138 849 sicut
3166 807 3221 849 et
3245 792 3484 848 Jacobus
3533 809 3668 861 apo-

398 896 569 954 gerat.
598 897 652 939 et
677 902 743 940 ex
767 888 868 941 hoc
912 887 1051 953 ignis
1094 888 1147 939 in
1197 902 1263 940 eo
1315 887 1532 954 quidam
1594 888 1975 950 succendatur,
2081 884 2251 938 stolus
2283 885 2416 938 dicit
2449 902 2463 938 :
2502 884 2672 940 Omne
2710 888 2897 940 datum
2937 888 3130 941 bonum
3183 898 3233 941 et
3278 903 3430 941 omne
3469 888 3669 941 donum

396 980 629 1045 quicum
662 995 757 1047 pro
785 982 1059 1035 commissi
1090 980 1421 1034 conscientia
1460 978 1571 1049 (86)
1615 991 1892 1048 torqueat,
1921 989 1978 1034 et
2078 974 2365 1043 perfectum
2398 976 2673 1030 desursum
2721 988 2796 1031 est
2842 977 3163 1033 descendens
3214 995 3247 1030 a
3304 978 3464 1032 Patre
3507 978 3668 1032 lumi-

394 1072 620 1138 adurat;
656 1080 711 1127 et
748 1073 832 1125 isti
872 1081 1034 1127 erunt
1071 1073 1338 1127 carbones
1372 1073 1511 1143 ignis
1549 1072 1641 1140 qui
1687 1085 1852 1139 super
1889 1085 1980 1124 ca-
2055 1058 2209 1120 ~num
2239 1067 2322 1133 ης
2361 1076 2420 1121 ut
2447 1069 2538 1138 qui
2570 1068 2851 1138 gloriatur,
2884 1070 2939 1122 in
2969 1068 3193 1123 Domino
3225 1069 3483 1140 glorietur
3511 1069 3578 1125 ”.

397 1172 491 1230 put
518 1161 633 1229 ejus
667 1178 731 1216 ex
765 1173 955 1217 nostro
1002 1165 1387 1218 misericordiae
1438 1174 1493 1218 et
1548 1164 1767 1232 pietatis
1811 1177 1977 1232 opere
2148 1161 2239 1215 25.
2284 1162 2576 1216 Videamus
2615 1177 2745 1232 ergo
2795 1177 2935 1215 nunc
2972 1163 3101 1230 quid
3129 1163 3316 1216 -etiam
3365 1163 3418 1217 in
3467 1177 3667 1218 conse-

393 1267 816 1323 congregantur.
858 1255 1034 1324 Caput
1057 1272 1208 1321 vero,
1252 1255 1552 1324 principale
1584 1256 1769 1310 cordis
1793 1255 1978 1323 appel-
2079 1252 2368 1322 quentibus
2416 1250 2669 1321 adjungat
2721 1253 3064 1319 Apostolus:
3104 1253 3289 1307 Omnis
3336 1254 3519 1308 anima
3569 1271 3667 1319 po-

395 1345 540 1399 latnr
571 1364 585 1401 :
614 1356 667 1402 et
697 1347 890 1401 merito
915 1356 1078 1413 eaput
1124 1347 1345 1411 dicitur,
1402 1349 1560 1416 cujus
1611 1347 1891 1402 intellectu
1924 1354 1979 1400 et
2080 1344 2357 1397 testatibus
2405 1345 2806 1397 sublimioribus
2848 1345 3123 1412 subjaceat
3162 1347 3209 1378 “
3251 1345 3387 1417 (9i).
3438 1346 3664 1400 Videtur

391 1437 676 1506 prudentia
709 1438 950 1490 membra
979 1448 1243 1508 reguntur
1271 1438 1547 1491 universa.
2082 1438 2213 1490 mihi
2250 1437 2303 1490 in
2335 1436 2439 1489 hoc
2472 1435 2627 1489 valde
2663 1435 3009 1492 laudabiliter
3040 1437 3279 1491 animam
3324 1439 3659 1501 nominasse,

457 1528 550 1583 ‘24.
578 1528 704 1583 Noli
726 1530 870 1583 vinci
899 1547 931 1583 a
963 1529 1126 1592 malo,
1163 1530 1253 1582 sed
1277 1532 1424 1584 vinre
1455 1531 1510 1584 in
1536 1531 1670 1583 bona
1704 1529 1903 1581 malum
1930 1529 1972 1581 ⁸.
2078 1544 2237 1597 quam
2273 1528 2558 1597 subjacere
2598 1530 2961 1595 potestatibus
2991 1530 3168 1597 jubet.
3198 1528 3484 1598 Nunquam
3515 1529 3663 1583 enim

389 1619 638 1675 Vincitur
672 1637 700 1674 a
733 1622 898 1685 malo,
935 1623 1025 1689 qui
1068 1624 1222 1677 malis
1261 1633 1587 1691 provocatus
1640 1623 1812 1676 reddit
1863 1639 1977 1675 ma-
2078 1622 2329 1685 dixisset,
2361 1622 2541 1675 omnis
2585 1623 2810 1691 spiritus
2861 1622 3140 1689 subiaceat
3196 1622 3475 1690 potestati,
3533 1621 3656 1685 sed,

390 1711 519 1763 lum.
574 1710 631 1765 In
686 1711 826 1765 bono
874 1722 1050 1766 autem
1106 1713 1272 1767 vincit
1329 1713 1531 1764 malum
1587 1714 1677 1780 qui
1735 1714 1974 1781 acceptis
2008 1771 2047 1781 ﬁ
2078 1712 2249 1764 omnis
2279 1711 2479 1764 anima.
2507 1712 2582 1765 De
2606 1726 2711 1780 qua
2741 1710 3045 1765 dill'erentia
3071 1709 3356 1780 saepeiam
3395 1712 3656 1776 diximus,

387 1802 546 1856 malis
580 1804 815 1857 restituit
848 1805 1008 1861 bona.
1063 1805 1285 1860 Certum
1340 1814 1424 1860 est
1464 1806 1606 1859 enim
1664 1806 1806 1860 hanc
1847 1819 1967 1858 esse
2008 1771 2049 1825 Β
2078 1803 2222 1870 quod
2272 1802 2543 1855 interdum
2596 1816 2691 1870 per
2750 1803 3025 1865 animam,
3087 1803 3362 1857 interdum
3402 1817 3499 1872 per
3538 1818 3661 1857 car-

386 1894 512 1948 ntali
567 1904 838 1955 naturam,
899 1905 957 1950 ut
1003 1911 1067 1950 ex
1127 1898 1393 1951 similibus
1440 1897 1554 1952 suis
1603 1904 1863 1966 augeatur
1915 1904 1969 1949 et
2072 1907 2220 1956 nem,
2271 1892 2545 1946 interdum
2604 1906 2700 1960 per
2760 1893 3036 1960 spiritum,
3103 1893 3269 1949 homo
3320 1894 3656 1950 nominatur.

385 1996 631 2050 crescat;
666 1987 808 2040 sicut
838 1987 944 2052 igni
973 1986 1019 2041 si
1052 1988 1227 2058 ignem
1256 1989 1491 2058 iungas;
1529 1987 1664 2041 sicut
1705 1988 1749 2040 si
1791 1984 1967 2039 noctis
2071 1983 2177 2038 Sed
2216 1998 2339 2037 cum
2390 1998 2418 2036 a
2461 1993 2616 2051 parte
2664 1983 2885 2038 meliore
2935 1984 3302 2039 nominandus
3344 1995 3449 2051 est,
3502 1989 3656 2056 quasi

385 2077 622 2132 tenebris
659 2078 936 2149 aerisi87)
974 2079 1216 2133 nubilum
1270 2082 1531 2133 societur.
1586 2079 1791 2131 Bouttm
1837 2092 1967 2132 vero
2069 2073 2159 2142 qui
2229 2074 2494 2142 spiritalis
2558 2073 2793 2142 intelligi
2880 2073 3115 2138 debeat,
3211 2076 3440 2144 spiritus
3520 2079 3657 2133 dici-

383 2167 429 2222 si
456 2168 741 2230 adhibeas,
786 2173 1180 2224 exterminatur
1232 2169 1456 2224 malum.
1491 2168 1777 2223 Contraria
1815 2184 1966 2221 nam-
2070 2176 2158 2219 tur
2200 2183 2216 2221 :
2266 2167 2483 2233 quando
2524 2165 2592 2218 ab
2632 2164 2929 2227 inferiore,
2977 2168 3158 2221 anima
3213 2186 3227 2222 :
3279 2183 3404 2222 cum
3450 2184 3583 2224 vero
3622 2188 3655 2225 a

382 2274 487 2327 que
512 2262 803 2316 contrariis
841 2263 1202 2331 perimuntur,
1267 2263 1406 2315 sicut
1440 2277 1535 2330 per
1583 2276 1777 2331 aquam
1826 2261 1965 2327 ignis
2065 2256 2231 2329 655
2261 2257 2532 2313 deteriore
2564 2258 2900 2321 nominatur,
2930 2272 3063 2312 caro
3092 2260 3292 2313 dicitur
3326 2278 3339 2314 :
3369 2273 3423 2315 et
3458 2260 3652 2315 horum

380 2352 762 2418 exstinguitur,
805 2363 860 2407 et
888 2368 981 2420 per
1020 2354 1190 2407 lucem
1236 2355 1476 2411 tenebrae
1526 2351 1800 2423 fugantur.
1858 2352 1963 2406 Sed
2068 2351 2381 2404 testimonia
2405 2351 2473 2405 de
2495 2351 2792 2419 Scripturis
2817 2366 2959 2420 saepe
2983 2352 3330 2419 protulimus.
3351 2353 3503 2408 Nunc
3524 2370 3656 2425 ergo

382 2442 616 2496 fortasse
641 2443 788 2497 dicat
818 2444 1015 2512 aliquis
1065 2443 1285 2498 Paulum
1317 2459 1414 2511 per
1471 2444 1800 2509 imperitiam
1836 2458 1959 2495 ser-
2065 2443 2324 2511 quoniam
2358 2451 2629 2510 prrecepta
2650 2442 3002 2496 credentibus
3031 2443 3509 2513 ponitApostolus,
3538 2446 3655 2499 vnlt

380 2536 555 2589 monis
581 2550 609 2589 a
644 2539 918 2605 proposito
954 2539 1249 2603 decidisse;
1295 2538 1578 2608 proposuit
1618 2538 1766 2592 enim
1815 2539 1958 2606 loqui
2066 2550 2166 2589 nos
2190 2536 2459 2602 quietem,
2492 2546 2751 2603 quantum
2802 2536 2856 2588 in
2898 2535 3055 2589 nobis
3082 2547 3185 2599 est,
3217 2538 3503 2605 praesentis
3532 2538 3654 2592 vita:

379 2622 447 2677 de
497 2624 656 2678 donis
702 2628 997 2695 gratiarum
1054 2644 1173 2698 qua:
1230 2646 1326 2696 per
1381 2629 1643 2699 Spiritum
1709 2641 1959 2686 sanctum
2064 2640 2363 2695 pacemque
2400 2642 2636 2682 servare.
2674 2626 2741 2680 Et
2788 2627 2837 2682 si
2892 2628 3112 2697 quidem
3150 2628 3287 2683 tales
3336 2643 3527 2682 Sumus
3554 2631 3651 2698 qui

376 2712 593 2768 dantur.
646 2716 713 2770 Et
758 2719 974 2786 quidem
1010 2721 1149 2787 quod
1189 2721 1263 2774 ait
1299 2740 1312 2774 :
1358 2722 1481 2774 Sive
1512 2722 1813 2791 prophetia,
1852 2723 1960 2777 sive
2062 2718 2334 2788 conjuncti
2396 2720 2626 2774 Domino
2673 2736 2814 2773 unus
2849 2735 2971 2773 cum
3010 2734 3076 2774 eo
3122 2721 3347 2788 Spiritus
3380 2723 3550 2776 simus
3582 2723 3649 2786 “,

376 2808 751 2873 ministerium,
783 2812 892 2864 sive
918 2812 1183 2877 doctrina,
1208 2814 1313 2867 sive
1334 2814 1632 2868 exhortatio
1658 2814 1701 2877 ’,
1734 2824 1960 2884 possunt
2063 2811 2294 2865 Domino
2314 2810 2550 2866 dicimur
2575 2826 2696 2865 esse
2724 2812 2974 2880 subjecti.
3002 2813 3059 2866 Si
3093 2828 3220 2869 vero
3245 2814 3482 2869 nondum
3515 2814 3651 2868 tales

376 2899 491 2953 haec
536 2900 604 2953 ad
642 2902 779 2955 dona
824 2904 1086 2970 spiritalia
1128 2906 1421 2973 pertinere.
1456 2905 1726 2960 Fortassis
1767 2917 1821 2960 et
1854 2905 1958 2960 hoc
2060 2918 2267 2966 sumus,
2300 2905 2397 2957 sed
2427 2905 2734 2959 communis
2762 2905 2938 2958 adhuc
2960 2906 3139 2959 anima
3171 2915 3255 2960 est
3278 2907 3329 2960 in
3348 2906 3504 2963 nobis
3526 2922 3649 2976 quae

372 2994 518 3061 quod
541 2996 822 3061 sequitur:
858 2994 961 3059 Qui
988 2996 1169 3047 tribuit
1192 2997 1249 3047 in
1272 2997 1628 3066 simplicitate,
1653 2999 1744 3065 qui
1771 3009 1956 3065 prwest
2061 2995 2261 3049 habeat
2294 2995 2498 3063 aliquid
2535 2995 2692 3062 hujus
2725 2997 2943 3059 mundi,
2974 3011 3095 3065 quae
3129 2999 3201 3051 sit
3229 2999 3278 3053 ei
3306 2999 3491 3070 aliquo
3522 3000 3644 3054 alli-

371 3085 428 3137 in
460 3084 837 3144 sollicitudine,
899 3088 989 3155 qui
1032 3088 1310 3140 miseretur
1352 3089 1405 3141 in
1454 3088 1728 3142 hilaritate
1760 3087 1827 3151 ¹⁰,
1859 3104 1953 3142 su-
1982 3111 2025 3168 ο
2061 3094 2182 3154 gata
2216 3086 2435 3153 negotio
2460 3085 2595 3155 (9:),
2625 3085 2749 3139 huic
2778 3097 3043 3154 prmeepta
3073 3088 3365 3158 Apostolus
3392 3090 3565 3159 ponit,
3590 3099 3647 3145 et

373 3177 679 3244 potioribus
718 3180 891 3245 possit
933 3179 1190 3249 adjungi:
1247 3197 1308 3235 ea
1354 3196 1480 3235 vero
1529 3198 1649 3250 quae
1679 3191 1802 3252 post
1831 3182 1948 3237 huic
2060 3176 2192 3231 dicit
2230 3186 2288 3229 ut
2319 3175 2561 3243 subjecta
2619 3179 2692 3229 sit
2742 3178 3101 3246 potestatibus
3158 3183 3342 3236 mundi
3371 3201 3385 3238 :
3419 3186 3544 3253 quia
3590 3193 3646 3239 et

370 3278 674 3331 enumerat,
710 3283 768 3323 ut
796 3271 867 3323 sit
894 3272 1127 3326 charitas
1161 3275 1276 3327 sine
1302 3273 1673 3338 simulatione,
1706 3275 1945 3328 odientes
2058 3268 2319 3323 Dominus
2359 3269 2514 3329 dixit,
2545 3279 2604 3321 ut
2651 3269 2702 3322 hi
2739 3272 2829 3339 qui
2878 3273 3081 3327 habent
3119 3273 3170 3326 in
3227 3290 3288 3329 se
3335 3277 3640 3345 superscri-

371 3360 567 3413 malum
590 3401 606 3424 ,
641 3362 966 3415 adhterentes
987 3366 1120 3416 bona
1142 3405 1156 3428 ,
1181 3367 1440 3418 charitate
1470 3366 1830 3434 fraternitatis
1867 3368 1952 3419 in-
2053 3360 2293 3429 ptionem
2308 3361 2561 3423 Caesaris,
2588 3362 2812 3415 reddant
2831 3362 3028 3418 Cmsari
3045 3381 3165 3433 qua!
3187 3377 3313 3420 sunt
3328 3366 3637 3424 Caesaris“.

370 3455 531 3506 vitem
572 3453 846 3523 diligentes
869 3494 885 3516 ,
929 3457 1125 3509 honore
1151 3458 1365 3511 invicem
1396 3461 1767 3521 praeuenientes
1796 3461 1864 3523 ¹¹,
1891 3470 1945 3514 et
2055 3452 2247 3506 Ρθίΐυε
2268 3460 2323 3503 ει
2350 3448 2588 3504 Joannes
2632 3451 2763 3505 nihil
2797 3454 3071 3509 habebant
3115 3461 3258 3526 quod
3291 3458 3494 3514 (lassari
3521 3462 3642 3517 red-

370 3557 565 3599 caetera
596 3547 925 3613 huiusmodi,
962 3558 1231 3615 praecepta
1265 3550 1444 3617 potius
1473 3550 1618 3602 dicat
1640 3566 1762 3604 esse
1780 3567 1945 3619 quant
2053 3545 2274 3609 όθτθηις
2311 3544 2447 3597 die“
2472 3543 2616 3596 enim
2645 3542 2843 3600 Petrus
2869 3565 2880 3600 :
2925 3549 3131 3602 Aurum
3157 3562 3204 3604 et
3230 3564 3503 3621 argentum
3534 3569 3639 3608 non

370 3637 533 3694 dona.
577 3638 683 3692 Sed
713 3641 1121 3695 consideremus
1156 3642 1469 3712 diligentius
1518 3657 1584 3697 ne
1624 3643 1762 3699 forte
1808 3662 1946 3713 quo-
2050 3636 2213 3688 baltea
2251 3637 2313 3688 ’⁷ο
2348 3634 2448 3701 Ουί
2477 3636 2582 3691 hoc
2612 3654 2716 3693 ηοη
2750 3640 2931 3701 habet.
2958 3656 3059 3694 nec
3085 3641 3283 3698 Caesari
3308 3646 3471 3699 habet
3488 3646 3639 3716 quod

370 3728 514 3780 uiam
543 3730 760 3797 quidem
814 3731 867 3783 in
914 3732 998 3785 his
1041 3734 1298 3786 omnilms
1332 3732 1591 3787 moralem
1620 3734 1797 3787 locum
1832 3747 1945 3786 tra-
2051 3729 2266 3790 reddat,
2300 3743 2402 3782 nec
2435 3728 2577 3781 unde
2628 3731 3044 3788 sublimioribus
3075 3735 3351 3803 subiaceat
3391 3747 3635 3805 potesta-

364 3827 516 3872 ctare
540 3819 794 3882 instituit,
822 3832 878 3874 et
920 3838 1025 3876 non
1052 3824 1230 3877 solum
1266 3826 1317 3877 in
1346 3825 1450 3879 lide
1490 3827 1742 3881 veritatis
1775 3826 1946 3880 stabi-
2050 3821 2214 3874 tibus.
2256 3820 2357 3887 Qui
2397 3840 2520 3879 vero
2560 3824 2723 3879 habet
2748 3835 2842 3877 aut
2877 3827 3185 3893 pecuniam,
3211 3838 3306 3883 aut
3334 3833 3639 3899 possessio.

366 3908 473 3962 lem
521 3920 577 3964 et
623 3913 977 3977 immobilem,
1035 3931 1219 3968 verum
1277 3927 1331 3970 et
1380 3920 1433 3970 in
1492 3918 1732 3972 moribus
1780 3935 1946 3971 nrna-
2047 3928 2166 3977 IICS,
2218 3927 2312 3967 aut
2350 3916 2551 3984 aliquid
2594 3917 2648 3970 in
2701 3918 2904 3971 saculo
2962 3920 3155 3987 negatii
3196 3919 3346 3990 (95).
3405 3922 3633 3976 audiat:

370 4009 482 4053 tum
525 4000 637 4072 (88)
675 4001 851 4055 facere
879 4004 1268 4066 Christianum,
1302 4007 1423 4060 ideo
1451 4009 1519 4060 ad
1557 4021 1783 4060 munera
1812 4024 1941 4076 gra-
2048 4004 2235 4058 Omnis
2267 4009 2449 4059 anima
2479 4007 2825 4075 potestatibus
2857 4009 3248 4064 sublimioribus
3266 4012 3538 4080 subjaceat
3566 4014 3633 4068 ¹⁸.

368 4092 569 4147 tiarum
604 4095 767 4146 etiam
810 4096 1032 4148 moralia
1066 4108 1333 4165 prmeepta
1381 4100 1674 4169 conjungat
1730 4100 1863 4170 (89),
1886 4111 1943 4156 ut
2111 4098 2202 4152 26.
2223 4096 2342 4152 Non
2361 4110 2435 4153 est
2456 4102 2807 4169 enim,inquit
2827 4101 2960 4171 (9i),
2978 4112 3207 4169 potestas
3233 4105 3340 4157 nisi
3366 4121 3399 4157 a
3425 4104 3532 4160 Deo
3562 4106 3629 4160 ¹⁹.

366 4186 617 4239 ostendat
654 4183 986 4241 Christianis
1023 4187 1193 4240 etiam
1242 4191 1357 4244 lucc
1418 4207 1515 4259 per
1562 4192 1656 4246 Dei
1707 4195 1939 4259 gratiam
2044 4189 2184 4243 Dicit
2236 4191 2466 4244 fortasse
2494 4191 2690 4258 aliquis
2719 4211 2733 4245 :
2766 4192 2905 4257 Quid
2934 4194 3101 4259 ergo?
3129 4191 3196 4247 Et
3246 4194 3336 4248 illa
3378 4205 3624 4265 potestas

365 4277 502 4331 dari.
540 4278 680 4333 Sunt
709 4283 850 4332 enim
899 4292 953 4334 et
1002 4284 1245 4337 nonnulli
1293 4286 1572 4352 gentilium
1621 4289 1940 4356 compositis
2041 4302 2161 4356 quae
2196 4302 2384 4340 servos
2411 4285 2505 4338 Dei
2559 4287 2930 4354 persequitur.
2966 4287 3125 4341 ﬁdem
3156 4287 3457 4358 impugnat.
3496 4289 3628 4343 reli-

363 4371 608 4425 moribus
655 4381 707 4426 et
759 4374 984 4427 honeste
1032 4374 1294 4430 institutis
1324 4374 1460 4444 (90),
1496 4378 1588 4446 qui
1622 4388 1802 4434 tamen
1837 4384 1939 4434 hoc
2039 4378 2253 4447 gionem
2282 4376 2570 4441 subvertit,
2617 4392 2645 4428 a
2690 4376 2799 4428 Deo
2837 4377 2954 4429 est?
2978 4379 3059 4430 Ad
3095 4377 3198 4433 hoc
3234 4378 3475 4435 breviter
3530 4395 3623 4433 re-

364 4461 537 4530 ipsutu
575 4466 719 4531 quod
747 4466 971 4530 habent,
1005 4482 1111 4521 non
1146 4471 1214 4521 ad
1245 4468 1412 4522 Deum
1442 4469 1707 4535 relerunt,
1736 4486 1837 4525 nec
1871 4473 1938 4526 ab
1972 4468 2016 4522 D
2043 4467 2451 4537 spondebimns.
2484 4465 2657 4520 Nemo
2699 4477 2783 4523 est
2825 4470 2920 4535 qui
2971 4469 3181 4524 nesciat
3211 4473 3355 4540 quod
3398 4479 3454 4525 et
3480 4471 3633 4526 visus

432 4601 638 4655 suom.
673 4621 768 4669 xu,
817 4605 905 4658 2t.
983 4604 1164 4659 “ibid.
1213 4606 1267 4669 6,
1314 4605 1368 4658 8.
1480 4606 1522 4637 ιθ
1570 4607 1700 4662 ibid.
1752 4608 1805 4661 8.
1913 4609 1954 4640 ιι
1987 4607 2071 4662 nm

1987 4607 2116 4662 ibid.
2162 4608 2195 4659 9
2253 4614 2307 4657 et
2352 4604 2439 4656 -l0.
2543 4602 2584 4631 “
2621 4601 2809 4657 Iacob.
2847 4618 2885 4666 I,
2938 4605 3025 4656 Π.
3138 4603 3227 4658 ’³1
3289 4603 3416 4659 Cor.
3450 4617 3493 4669 ι,
3535 4607 3625 4666 3i.

367 4670 411 4700 ”
433 4670 591 4725 Rom.
625 4691 745 4737 χιιι,
774 4677 824 4728 i.
904 4676 989 4728 “’l
1023 4676 1147 4729 Cor.
1180 4691 1254 4737 ιι,
1285 4677 1366 4728 l7.
1450 4676 1493 4708 ¹⁶
1518 4676 1708 4730 Matth.
1746 4695 1882 4739 XXII,
1910 4679 2003 4732 21.

1694 4717 1708 4730 .
1746 4695 1882 4739 xxtt,
1910 4679 2003 4732 21.
2083 4678 2123 4707 ¹⁷
2159 4679 2279 4729 Act.
2316 4690 2397 4738 Ill,
2431 4674 2484 4725 6.
2567 4672 2611 4702 ¹⁸
2638 4673 2791 4727 Rom.
2839 4689 2959 4738 xm,
2995 4675 3041 4727 ι.
3123 4674 3165 4704 ¹⁹
3199 4674 3327 4728 ibid.

435 4792 544 4859 (85)
572 4792 732 4855 Editi,
768 4804 821 4846 ut
852 4810 1051 4857 (tinens,
1092 4793 1256 4853 ferus,
1286 4806 1333 4843 et
1371 4794 1630 4844 barbarus
1660 4794 1926 4846 inimicus.
2042 4804 2183 4846 ueste
2209 4792 2460 4845 instituti.

434 4863 546 4933 (86)
576 4861 665 4916 Sic
690 4864 892 4916 rectius
934 4878 1035 4915 tus.
1070 4863 1273 4933 Regius
1319 4879 1467 4933 nutu.
1530 4864 1683 4919 1659.
1734 4863 1929 4918 Czeteri

2116 4862 2228 4931 (9i)
2283 4862 2448 4920 Εείὶιί,
2498 4861 2767 4933 videamus
2821 4875 2943 4933 ergo
2992 4876 3128 4933 nunc
3164 4861 3290 4933 quid
3349 4861 3403 4913 in
3449 4878 3625 4933 conse-

364 4928 492 4986 vero
527 4928 654 4987 mss.
691 4942 747 4985 et
772 4934 925 4995 editi,
955 4949 1049 5000 pro
1084 4928 1365 4987 commisso
1408 4931 1528 5002 (.tl.,
1558 4950 1652 5000 pro
1680 4938 1934 4987 commis-
2039 4928 2319 5002 quentibus
2349 4933 2502 5002 dicat
2527 4928 3046 5002 Apos_tolus._0mnis
3081 4931 3356 5002 animm...
3408 4931 3625 4986 subdita

362 5002 455 5073 sis)
484 4998 962 5073 conscientim,etc.
1040 5072 1043 5073 7
1107 5072 1112 5073 7
1154 5070 1167 5073 _
1359 5072 1363 5073 7
1417 4998 1425 5002 “
1559 4998 1566 5000 ⁷
2042 5005 2129 5056 sit.
2170 5000 2389 5054 Videtur
2413 4999 2539 5052 mihi
2569 5002 2623 5073 in
2652 4998 2747 5052 hoc
2762 4999 2922 5073 valde
2963 4998 3330 5073 laudabiliter,
3365 5008 3471 5054 etc.
3512 5004 3621 5057 Sed

435 5068 547 5141 (87)
573 5072 742 5133 Alias,
775 5074 909 5124 sicut
938 5072 1074 5141 ignis
1096 5070 1216 5140 (aL,
1245 5072 1375 5140 igni)
1406 5074 1451 5127 si
1484 5074 1654 5143 ignem
1693 5073 1936 5143 jungas:
2041 5088 2231 5143 omnes
2277 5086 2406 5143 mss.
2454 5072 2624 5143 nostri
2668 5078 2724 5123 et
2761 5068 3121 5143 Baltanusut
3169 5070 3222 5122 itt
3277 5079 3462 5143 textu,
3512 5074 3622 5143 nisi

362 5138 493 5198 sicut
527 5145 692 5196 noctis
717 5138 1014 5196 tenebrte'si
1039 5138 1199 5201 aeris.
1233 5138 1365 5195 εἰς(
1506 5138 1520 5143 ⁷
1694 5138 1706 5141 ’
1799 5138 1815 5143 ⁷
2041 5141 2182 5210 quod
2220 5140 2474 5205 habeant,
2518 5138 2736 5191 Videtur
2764 5138 2894 5190 mihi
2930 5139 2987 5210 in
3023 5138 3119 5191 hoc
3166 5156 3271 5192 non
3310 5139 3458 5193 valde
3503 5139 3622 5195 lau-

435 5213 547 5279 (88)
580 5211 707 5266 Mss.
742 5214 986 5280 plerique
1037 5220 1092 5265 et
1130 5213 1283 5273 editi,
1341 5213 1604 5273 stabilem,
1657 5228 1833 5274 verum
1880 5220 1932 5265 et
2041 5208 2307 5280 dabiliter.
2335 5219 2476 5263 etc.:
2509 5211 2602 5280 sed
2628 5224 2736 5280 vos
2763 5225 2866 5260 non
2899 5208 3201 5280 redundare
3235 5210 3475 5280 videtur.

361 5276 698 5344 immobilem,
742 5276 810 5335 'in
855 5276 1090 5336 moribus
1132 5282 1397 5345 ornatum,
1432 5295 1535 5335 etc.
1587 5283 1685 5335 Ms.
1729 5282 1934 5351 Regius
2114 5280 2225 5351 (92)
2264 5279 2429 5343 Editi,
2454 5284 2506 5332 in
2545 5278 2813 5351 aliquibus
2847 5276 3079 5351 alligata
3121 5281 3364 5351 negotiis.
3398 5277 3619 5335 Rectius

361 5369 511 5407 num.
563 5353 719 5416 1659,
761 5354 1027 5416 stabilem,
1077 5367 1254 5406 verum
1292 5362 1338 5403 et
1382 5354 1438 5404 in
1485 5353 1725 5406 omnibus
1770 5346 1931 5406 ana-
2040 5346 2145 5407 ms.
2188 5346 2388 5418 Regius
2438 5364 2587 5402 Imm.
2619 5346 2781 5414 i639,
2811 5349 2859 5400 ei
2906 5347 3087 5415 aliqua
3117 5347 3341 5416 alligata
3388 5354 3616 5417 negatio.

360 5432 495 5484 tum,
522 5438 651 5484 etc.,
679 5423 885 5476 omisso
913 5421 1250 5475 immobilem.
1284 5421 1540 5475 Rabanus
1564 5462 1578 5483 .
1610 5421 1855 5475 stabilem
1879 5430 1929 5474 et
2039 5421 2234 5475 Caneri
2270 5432 2400 5489 mss.
2423 5428 2477 5473 et
2505 5420 2779 5489 Babanus,
2799 5418 2855 5470 in
2884 5418 3310 5489 aliquoalligata
3337 5420 3578 5489 negotiis.

360 5494 677 5562 immobilem
701 5533 716 5554 ,
762 5493 996 5546 moribus
1019 5500 1289 5553 ornatum,
1315 5502 1442 5547 etc..
1482 5494 1686 5546 omisso
1729 5508 1927 5546 verum.
2111 5490 2223 5562 (95)
2257 5487 2501 5562 Negotii.
2528 5488 2811 5562 omittitur
2845 5490 2898 5541 in
2954 5488 3131 5562 ed_itis_
3158 5498 3213 5542 et
3257 5490 3310 5543 in
3342 5487 3618 5562 plerisque

363 5561 480 5637 Sed
498 5564 788 5637 legendum
826 5563 1040 5637 videtur
1075 5570 1138 5616 ut
1164 5564 1219 5617 in
1253 5571 1440 5618 nostro
1463 5570 1631 5619 textu.
2040 5556 2681 5637 mss.,sed_'restituitur
2728 5572 2797 5612 ex
2848 5571 2953 5613 tus.
3000 5556 3171 5630 Regio
3204 5556 3358 5613 utrm;
3392 5556 3616 5616 i659’et

432 5632 543 5703 (89)
576 5632 736 5703 Editi,
762 5632 1052 5703 conjungit.
1146 5701 1151 5703 7
1431 5701 1439 5703 7
2041 5631 2289 5703 Datiano:

434 5696 548 5772 (90)
572 5701 733 5764 Editi,
767 5696 996 5755 Itonestis
1027 5701 1323 5772 institutis.-
1350 5701 1442 5755 sed
1474 5716 1663 5772 omnes
1704 5716 1836 5755 mss.
1874 5709 1931 5756 et
2111 5697 2223 5772 (94)
2256 5696 2437 5763 Enim,
2470 5700 2661 5769 inquit.
2697 5697 2825 5755 Haec
2848 5698 3016 5755 verba
3045 5699 3241 5756 desunt
3265 5698 3320 5753 in
3357 5698 3543 5756 editis.

365 5770 621 5829 [tabanus
669 5783 728 5824 ut
768 5773 818 5825 iu
850 5782 1020 5825 textu.
1074 5771 1351 5837 Fortasse
1379 5771 1688 5841 legendum,
1730 5781 1780 5827 et
1832 5773 1933 5828 Ito-

596 5868 870 5928 PATBOL.
911 5867 1028 5929 Gn.
1076 5865 1252 5931 XIV.
3234 5862 3314 5924 39
