4150 6416
518 300 659 356 1299

1473 303 1831 359 COMMENT.
1875 303 1944 360 IN
1978 305 2196 363 EPIST.
2239 307 2330 361 AD
2365 307 2535 364 ROM.
2581 308 2710 367 LIB.
2752 309 2845 366 1X.

3640 316 3780 372 1250

512 426 560 469 et
592 432 696 470 non
738 417 988 484 subditis,
1020 419 1285 483 scelestis,
1335 421 1648 487 homicidis,
1701 429 2093 491 contaminatis,
2123 435 2171 490 Α
2198 432 2392 484 mundo
2423 431 2489 496 “,
2534 432 2608 484 ait
2651 432 2813 486 etiam
2872 431 3013 487 hoc:
3049 431 3158 486 Nos
3185 443 3359 487 autem
3400 450 3502 489 non
3532 438 3778 504 spiritum

511 506 761 576 perjuris,
803 520 851 563 et
875 512 1077 564 caeteris
1102 515 1193 581 qui
1221 513 1530 581 hujusmodi
1561 526 1685 568 sunt
1720 516 1787 569 “.
1815 518 1917 587 Ipsi
1943 519 2091 572 enim

511 610 637 652 sunt
668 601 760 668 qui
796 601 989 657 timent
1015 603 1212 673 legem.
1234 604 1337 669 Qui
1373 614 1548 660 autem
1579 606 1708 661 facit
1738 610 1961 675 bonum,
1991 590 2094 666 hoc

509 699 595 744 est
648 691 740 760 qui
773 706 879 747 non
915 703 1061 748 metu
1093 695 1245 764 legis,
1285 697 1379 750 sed
1413 712 1602 753 amore
1629 699 1756 752 boni
1790 698 1917 756 facit
1945 702 2089 769 quod

510 783 711 834 bonum
737 793 841 847 est,
881 784 979 838 iste
1015 783 1127 853 jam
1177 801 1283 841 non
1311 787 1411 842 sub
1448 787 1565 857 lege
1610 788 1829 854 litterae,
1863 790 1957 844 sed
1989 790 2089 843 sub

509 872 630 941 lege
669 874 896 943 spiritus
921 876 1076 933 vivit.
1101 908 1109 914 -

577 965 666 1020 29.
696 965 828 1021 Ideo
850 984 1058 1024 necesse
1086 978 1162 1022 est
1194 970 1436 1024 subditos
1464 988 1598 1034 esse.
1628 990 1732 1027 non
1770 973 1938 1027 solum
1964 991 2088 1043 pro-

505 1066 622 1126 pter
653 1054 812 1125 iram,
830 1060 921 1113 sed
946 1071 994 1114 et
1019 1069 1233 1129 prapter
1260 1064 1636 1118 conscientiam
1664 1065 1762 1137 (7).
1792 1064 1924 1119 Ideo
1947 1069 2086 1121 enim

505 1161 553 1203 et
600 1152 799 1205 tributa
832 1152 1079 1220 penditis.
1113 1152 1357 1207 Ministri
1402 1158 1541 1210 enim
1577 1156 1675 1210 Dei
1709 1168 1861 1222 sunt,
1903 1160 1959 1211 in
1990 1158 2087 1213 hoc

503 1245 675 1305 ipsum
702 1246 958 1301 instantes
981 1247 1047 1300 ³¹.
1074 1244 1305 1301 Ordinat
1338 1249 1557 1315 quidem
1605 1264 1703 1320 per
1740 1253 1858 1305 haec
1886 1250 2087 1306 Paulus

505 1336 806 1393 Ecclesiam
855 1340 973 1403 Dei,
1008 1350 1067 1395 ut
1111 1342 1247 1395 nihil
1278 1342 1492 1396 adversi
1528 1343 1865 1412 principibus
1904 1353 1960 1397 et
1989 1358 2085 1411 po—

503 1431 792 1485 testatibus
821 1432 1002 1487 seaculi
1035 1448 1250 1502 gerens,
1289 1448 1385 1504 per
1415 1435 1653 1504 quietem
1683 1445 1740 1489 et
1773 1436 2081 1503 tranquilli—

504 1531 670 1576 tatem
727 1523 871 1590 vitte,
924 1540 1063 1594 opus
1097 1524 1323 1595 iustitiae
1361 1539 1418 1582 et
1457 1527 1674 1596 pietatis
1715 1537 1991 1582 exerceat.
2023 1527 2079 1581 Si

501 1615 645 1669 enim
686 1630 972 1684 ponamus,
1013 1619 1164 1673 verbi
1189 1621 1385 1689 gratia,
1421 1620 1710 1674 credentes
1733 1619 1954 1673 Christo
1985 1635 2079 1687 po-

502 1706 787 1763 testatibus
836 1710 1015 1763 szeculi
1076 1726 1179 1764 non
1209 1724 1336 1766 esse
1385 1710 1681 1777 subjectos,
1720 1711 1922 1765 tributa
1971 1726 2077 1764 non

2194 523 2353 590 hujus
2374 523 2559 576 mundi
2575 523 2893 593 accepimus,
2909 524 2999 576 sed
3020 525 3265 592 spiritum
3286 526 3374 593 qui
3394 542 3458 579 ea:
3482 525 3587 581 Deo
3610 537 3685 581 est
3707 526 3774 581 ³⁸.

2195 615 2299 681 Qui
2326 625 2506 669 autem
2534 615 2715 669 adhuc
2748 616 2815 672 de
2836 618 3040 669 mundo
3069 626 3175 683 est,
3203 628 3258 671 et
3287 633 3406 686 qua:
3432 620 3611 672 mundi
3646 629 3777 674 sunt

2193 709 2357 777 sapit,
2383 717 2439 760 et
2464 722 2584 776 quae
2613 707 2796 760 carnis
2818 717 2947 762 sunt
2970 708 3189 776 quaerit,
3234 711 3542 765 necessario
3587 712 3775 781 subje-

2194 809 2315 852 ctus
2344 806 2433 851 est
2474 797 2739 851 ministris
2771 801 2993 865 mundi;
3029 800 3303 868 subjectus
3341 812 3518 868 autem
3554 815 3777 871 prepter

2191 887 2350 950 iram,
2383 903 2545 957 quam
2571 888 2673 942 sibi
2706 889 3101 944 thesauriza'vit
3121 906 3186 945 ex
3207 893 3468 956 peccatis.
3491 892 3641 947 Etob
3670 895 3775 948 hoc

2192 979 2324 1031 mihi
2350 979 2566 1033 videtur
2594 979 2709 1050 (12)
2739 981 2921 1035 dicere
2952 1002 2965 1035 :
2998 980 3128 1036 Ideo
3154 998 3361 1037 necesse
3393 996 3468 1037 est
3509 986 3773 1054 subjectos

2189 1085 2299 1123 esse
2321 1109 2336 1131 ,
2372 1086 2476 1123 non
2522 1071 2695 1123 solum
2738 1082 2954 1139 propter
2991 1073 3150 1135 iram,
3186 1075 3280 1127 sed
3317 1085 3364 1127 et
3399 1088 3612 1143 propter
3642 1093 3773 1130 con-

2188 1160 2463 1212 scientiam
2482 1160 2565 1223 ³⁶;
2597 1161 2858 1229 quoniam
2881 1163 2974 1230 qni
2997 1162 3270 1227 subditur,
3294 1164 3457 1218 habet
3487 1165 3600 1235 (15)
3632 1168 3683 1220 in
3712 1183 3774 1221 se

2187 1251 2334 1321 quod
2388 1260 2678 1305 accusetur
2715 1267 2746 1305 a
2790 1254 3153 1308 conscientia.
3187 1252 3283 1308 His
3309 1271 3437 1325 ergo
3476 1257 3640 1311 etiam
3670 1258 3773 1311 tri-

2189 1344 2320 1398 buta
2348 1342 2596 1411 quatdam
2630 1343 2938 1412 pendimus,
2966 1345 3092 1397 dum
3121 1346 3299 1401 adhuc
3321 1349 3617 1402 secundum
3649 1364 3773 1402 car-

2186 1449 2312 1489 nem
2353 1433 2610 1499 vivimus,
2640 1443 2697 1488 et
2732 1451 2853 1504 qum
2907 1435 3092 1490 carnis
3123 1446 3247 1491 sunt
3273 1438 3597 1508 cogitamus.
3631 1437 3768 1493 Nam

2185 1527 2230 1580 si
2254 1528 2469 1582 vineam
2499 1531 2715 1585 Domini
2738 1531 3004 1594 colamus,
3027 1540 3081 1583 et
3110 1530 3276 1583 vitem
3303 1545 3509 1598 veram,
3535 1545 3656 1598 quae
3683 1540 3770 1585 est

2183 1617 2432 1675 Christus
2451 1620 2581 1693 (M),
2605 1636 2961 1677 exerceamus
2984 1622 3037 1674 in
3063 1620 3238 1683 nobis,
3259 1621 3324 1674 de
3349 1622 3453 1675 ista
3478 1622 3631 1676 vinea
3660 1637 3770 1676 ιιοιι

2184 1710 2452 1766 ministris
2481 1713 2660 1766 smculi
2694 1713 2996 1780 pendemus
3026 1710 3249 1772 tributa,
3275 1713 3370 1764 sed
3404 1712 3506 1781 ipsi
3535 1712 3767 1766 Domino

499 1800 746 1866 reddere,
792 1815 893 1856 nec
944 1801 1231 1871 vectigalia
1271 1775 1569 1872 pensitare,
1623 1775 1753 1855 nulli
1796 1802 2071 1866 timorem,
2111 1775 2153 1829 Β
2183 1799 2389 1856 fructus
2412 1802 2465 1856 in
2488 1775 2736 1872 tempore
2772 1803 3100 1858 reddemus:
3141 1806 3441 1856 secundum
3472 1803 3616 1873 quod
3649 1805 3767 1874 ipse

497 1890 631 1945 nulli
674 1892 935 1947 honorem
990 1893 1237 1960 deferre,
1282 1907 1461 1949 nonne
1503 1907 1602 1963 per
1635 1893 1753 1949 haec
1798 1901 2073 1948 rectorum

496 1992 554 2038 et
579 1984 881 2054 principum
914 1986 1112 2041 merito
1141 1987 1194 2041 in
1227 1986 1550 2057 semetipsos
1597 2000 1747 2041 arma
1784 1995 2076 2043 converte-

497 2086 640 2140 rent,
666 2086 722 2133 et
750 2089 1126 2147 persecutores
1169 2079 1389 2149 quidem
1436 2093 1565 2133 suos
1593 2077 1957 2143 excusabiles,
1989 2093 2077 2132 se-

496 2171 755 2240 metipsos
769 2186 898 2226 vero
919 2172 1219 2243 culpabiles
1242 2173 1484 2227 lacerent
1508 2170 1623 2241 (8)?
1652 2171 1769 2227 Non
1796 2173 1939 2224 enim
1958 2173 2070 2239 jam

496 2260 642 2327 ﬁdei,
668 2263 762 2317 sed
785 2264 1144 2318 contumacia:
1173 2278 1342 2319 causa
1375 2263 1679 2333 impugnari
1716 2264 2030 2317 viderentur
2055 2279 2069 2315 :

498 2363 551 2405 et
578 2363 722 2408 esset
767 2357 846 2410 eis
888 2370 1053 2409 causa
1110 2356 1328 2425 quidem
1380 2355 1572 2410 mortis
1598 2355 1782 2426 digna,
1816 2356 2072 2410 meritum

494 2459 628 2500 vero
658 2444 736 2518 (9)
766 2447 958 2501 mortis
988 2448 1288 2518 indignum.

562 2537 652 2591 50.
685 2536 812 2592 Haec
854 2552 987 2608 ergo
1025 2536 1224 2592 Paulus
1263 2553 1360 2606 per
1402 2538 1723 2594 immensam
1752 2538 2070 2607 sapientiam

491 2629 778 2698 providens
808 2628 938 2684 dicit
975 2650 987 2683 :
1024 2626 1248 2683 Reddite
1281 2631 1519 2684 omnibus
1561 2631 1794 2684 debitum
1814 2644 1834 2683 :
1864 2630 1951 2683 cui
1976 2631 2073 2683 tri-

493 2722 712 2784 butum,
748 2720 1038 2781 tributum;
1083 2721 1165 2772 cui
1207 2721 1426 2790 vectigal
1450 2760 1465 2785 ,
1504 2722 1760 2791 vectigal;
1796 2721 1882 2774 cui
1920 2723 2075 2773 timo—

491 2827 624 2876 rem,
665 2811 937 2875 timorem;
961 2811 1047 2863 cui
1067 2811 1338 2877 honorem,
1368 2811 1642 2867 honorem.
1673 2812 1889 2866 Nemini
1912 2812 2072 2882 quid-

488 2919 649 2972 quam
680 2904 931 2959 debeatis.
960 2904 1063 2956 m'si
1104 2915 1160 2954 ut
1206 2902 1423 2956 invicem
1451 2904 1694 2974 diligatis
1718 2905 1783 2957 ³⁵⁵.
1819 2905 1957 2959 Ριιιο
1988 2915 2070 2959 ta-

488 3010 614 3049 men
634 2996 777 3064 qnod
806 2995 969 3049 etiam
1003 2995 1117 3047 lure
1144 2992 1343 3048 Paulus
1370 3009 1474 3049 non
1504 3000 1709 3067 absque
1740 2997 1918 3052 solitis
1948 3012 2069 3052 ser-

2179 1887 2431 1944 Salvator
2457 1892 2508 1945 in
2523 1889 2831 1961 Evangeliis
2852 1893 2895 1923 ³⁷
2911 1892 3064 1957 dicit,
3082 1893 3209 1959 quia
3229 1892 3430 1947 colonis
3442 1894 3597 1948 malis
3616 1896 3764 1948 tollet

2174 1979 2339 2051 657
2369 1983 2594 2049 vineam,
2621 1995 2670 2036 et
2700 1985 2847 2037 dabit
2871 2000 2988 2038 eam
3010 1986 3134 2037 aliis
3162 1985 3362 2038 colonis
3396 1987 3488 2052 qui
3533 1988 3759 2040 reddant

2175 2074 2223 2125 ei
2251 2073 2455 2141 fructus
2482 2075 2539 2127 in
2565 2083 2817 2143 tempore.
2860 2074 2967 2130 Sed
3000 2086 3056 2129 et
3100 2075 3203 2129 hoc
3252 2076 3426 2142 ipsum
3481 2079 3625 2147 quod
3676 2080 3762 2134 di-

2177 2166 2291 2220 cit:
2332 2165 2553 2221 Reddite
2600 2169 2846 2222 omnibus
2875 2170 3090 2234 debita;
3142 2171 3231 2224 cui
3270 2171 3520 2224 tributum
3546 2212 3561 2236 ,
3591 2173 3762 2226 tribu-

2178 2263 2323 2321 tum;
2346 2258 2433 2310 cui
2463 2256 2716 2326 uectigal,
2749 2258 2970 2329 vectigal
3000 2274 3017 2311 :
3046 2261 3115 2315 ab
3142 2275 3210 2317 eo
3248 2262 3394 2330 quod
3434 2260 3488 2314 in
3523 2275 3759 2327 sequen-

2182 2349 2327 2403 tibus
2356 2349 2612 2407 additur:
2645 2350 2744 2406 Cui
2774 2353 3037 2418 timorem,
3068 2354 3347 2420 timorem;
3371 2355 3457 2409 cui
3483 2357 3755 2421 honorem,

2175 2440 2455 2507 honorem,
2487 2443 2719 2499 divisum
2748 2443 2858 2513 (15)
2891 2445 3023 2498 mihi
3047 2446 3264 2500 videtur
3291 2465 3304 2501 :
3338 2457 3394 2501 et
3423 2449 3488 2501 ad
3512 2463 3606 2503 eos
3633 2450 3757 2518 qni—

2176 2531 2298 2586 dem
2330 2547 2470 2602 quos
2495 2548 2656 2604 supra
2708 2536 2944 2591 diximus
2993 2538 3270 2593 ministros
3293 2580 3306 2602 ,
3336 2540 3611 2608 pertinere
3655 2543 3756 2595 tri-

2177 2626 2305 2680 buta
2341 2634 2397 2681 et
2430 2626 2740 2697 veCIigalia.
2799 2628 3033 2699 Exigunt
3066 2633 3212 2684 enim
3244 2632 3311 2686 de
3342 2632 3498 2687 nobis
3548 2634 3754 2688 tributa

2177 2724 2335 2771 terra:
2361 2726 2584 2782 nostrae,
2619 2728 2671 2771 et
2702 2718 2984 2789 vectigalia
3013 2722 3401 2792 negotiationis
3428 2733 3648 2778 nostrae.
3685 2725 3753 2781 Et

2173 2808 2303 2877 quid
2332 2808 2453 2862 dico
2475 2848 2490 2873 ,
2533 2809 2601 2863 de
2638 2810 2838 2864 nobis?
2866 2811 3100 2866 Exactus
3151 2821 3235 2867 est
3276 2814 3538 2868 tributum
3583 2816 3747 2871 etiam

2172 2900 2433 2955 Dominus
2460 2912 2643 2955 noster
2660 2899 2819 2957 Jesus
2838 2902 3089 2957 Christus
3111 2919 3161 2957 ιιι
3182 2919 3351 2961 carne
3366 2907 3577 2977 positus
3601 2907 3710 2978 (16)
3729 2927 3745 2965 :

2172 2991 2314 3057 quod
2344 2991 2553 3045 idcirco
2580 3004 2641 3044 se
2674 2991 2809 3045 dicit
2833 2991 3147 3056 exsolvere,
3198 3010 3303 3048 non
3349 2996 3492 3066 quod
3535 2997 3750 3053 debitor

487 3100 708 3140 monum
755 3100 977 3139 suorum
1011 3083 1255 3152 proferat
1287 3090 1665 3143 sacramentis.
1699 3088 1911 3143 Etenim
1947 3105 2066 3143 om-

2172 3080 2264 3145 sit,
2299 3079 2393 3133 sed
2424 3095 2491 3134 ne
2522 3080 2858 3135 scandalizet
2895 3095 2990 3136 eos
3014 3082 3079 3135 ⁸⁸.
3118 3084 3274 3149 Quod
3304 3086 3349 3139 si
3373 3085 3461 3141 ille
3488 3088 3578 3156 qui
3608 3088 3748 3142 nihil

485 3192 610 3232 nem
666 3188 997 3240 creaturam,
1030 3191 1331 3246 omnesque
1364 3179 1591 3247 spiritus
1629 3179 1745 3233 sive
1798 3178 1969 3235 bonos
2011 3187 2066 3233 et

486 3278 686 3333 rectos,
714 3268 829 3323 sive
853 3269 1016 3323 etiam
1048 3269 1197 3337 pravi
1230 3268 1466 3338 malique
1498 3270 1760 3340 propositi
1790 3267 1925 3342 (10),
1954 3271 2065 3325 Deo

484 3360 797 3415 ministrare
819 3357 1592 3431 etexhibereunumquemque
1619 3364 1685 3416 ad
1707 3362 1847 3431 quod
1878 3373 2060 3433 aptum

482 3466 543 3507 se
580 3453 873 3521 praebuerit
911 3452 1269 3508 ministerium
1312 3452 1367 3507 in
1402 3454 1774 3522 superioribus
1807 3455 1919 3522 jam
1964 3455 2063 3508 (1ος-

481 3543 710 3599 cuimus.
740 3543 819 3599 De
841 3546 1097 3601 omnibus
1125 3547 1272 3601 enim
1302 3546 1462 3601 simul
1503 3547 1876 3615 pronuntiavit
1922 3548 2062 3616 Apo-

479 3632 655 3689 stolus
697 3636 785 3690 ubi
838 3632 1016 3691 dixiti
1058 3633 1249 3690 Nonne
1292 3652 1470 3689 omnes
1514 3642 1635 3689 sunt
1682 3635 2056 3691 ministeriales

477 3725 718 3792 spiritus,
739 3726 795 3780 in
820 3726 1172 3783 ministerium
1200 3729 1350 3781 missi
1374 3738 1584 3795 propter
1606 3743 1694 3781 eos
1717 3728 1808 3798 qui
1831 3729 2058 3782 hatredi-

478 3825 641 3871 κιαι
692 3819 904 3886 capiunt
960 3819 1150 3873 salutis
1193 3821 1279 3873 ³³2
1328 3819 1638 3873 Ministrant
1686 3835 1817 3890 ergo
1866 3835 2057 3876 omnes

476 3909 705 3978 spiritus
735 3911 1012 3965 hominum
1039 3911 1194 3978 vitae;
1235 3912 1612 3982 unusquisque
1659 3920 1860 3975 tamen,
1891 3921 1950 3966 ut
1972 3913 2056 3967 di-

474 4000 673 4064 ximus,
705 4017 805 4071 pro
829 4004 1088 4072 dignitate
1116 4012 1171 4059 et
1199 4003 1392 4058 merito
1425 4004 1506 4056 sui
1534 4018 1549 4056 :
1581 4016 1706 4056 nam
1743 4000 1853 4073 (tt)
1895 4011 1950 4057 et
1977 4002 2053 4057 illi

473 4090 707 4145 ministri
738 4092 998 4148 dicuntur
1042 4109 1275 4165 quorum
1306 4094 1612 4148 ministerio
1640 4108 1761 4161 qua:
1791 4094 1856 4147 ad
1895 4108 2050 4148 mun-

471 4181 599 4234 dum
627 4182 898 4249 pertinent
936 4195 1283 4254 peraguntur.
1334 4184 1489 4240 Unde
1518 4192 1574 4238 et
1607 4184 1920 4251 Apostolus,
1956 4185 2046 4253 qui

468 4271 682 4326 dixerat
702 4273 769 4327 de
791 4288 868 4337 se,
898 4275 1028 4345 quia
1052 4275 1179 4328 mihi
1199 4277 1428 4329 mundus
1452 4273 1741 4342 cruciﬁxus
1763 4286 1861 4340 est,
1883 4285 1933 4329 et
1951 4292 2046 4345 ego

537 4363 583 4395 ³⁸
614 4362 790 4421 l'l‘im.
818 4382 856 4430 ι,
876 4367 929 4422 9.
1006 4368 1048 4401 ³¹
1074 4367 1232 4423 Rom.
1261 4385 1378 4429 xtn.
1414 4368 1468 4432 5,
1498 4368 1554 4422 6.

467 4432 512 4504 _“
541 4432 702 4504 Rom.
734 4452 855 4501 xtn,
886 4438 940 4495 5.
1051 4439 1095 4470 ³⁷
1118 4440 1310 4493 Matth.
1343 4454 1458 4504 xxt,
1492 4440 1583 4493 41.

462 4502 580 4536 “"'
607 4506 834 4562 Malacb.
863 4524 902 4575 ι,
936 4507 989 4562 6.

535 4598 614 4667 (7)
635 4601 727 4655 Sic
749 4616 940 4658 omnes
971 4617 1104 4658 mss.
1125 4604 1321 4658 nostri.
1344 4604 1486 4658 Editi
1515 4620 1642 4658 vero
1675 4615 1729 4658 et
1759 4605 2037 4670 Rabanns,
2076 4611 2117 4663 ι)

464 4665 693 4750 Ideoque
720 4674 1027 4750 necessitate
1049 4674 1249 4728 subditi
1275 4685 1504 4728 estote...
1535 4677 1625 4727 sed
1646 4676 1807 4728 etiam
1825 4665 2038 4745 propter

463 4743 855 4805 conscientiam,
886 4753 993 4800 etc.

529 4808 608 4880 (δ)
638 4809 809 4880 Editi,
834 4813 1132 4880 redderent,
1163 4813 1324 4867 male.

532 4875 609 4948 (9)
636 4877 802 4941 Editi,
820 4892 868 4932 et
884 4899 1006 4955 esse
1032 4875 1299 4955 eis'causa
1327 4884 1535 4955 quidem
1562 4885 1764 4949 mortis,
1792 4886 2034 4938 meritum

459 4964 598 5023 rem.
622 4958 752 5009 etc.,
788 4951 989 5007 omissa
1022 4968 1152 5007 voce
1179 4951 1364 5023 digna,
1387 4968 1550 5022 quam
1580 4956 1839 5009 omittunt
1868 4956 2032 5009 etiam

458 5018 701 5087 plerique
724 5034 854 5073 mss.

529 5087 652 5162 (1_U)_
674 5088 766 5142 Sic
800 5104 938 5162 mss.
974 5090 1114 5144 Editi
1160 5107 1309 5156 vero,
1345 5109 1621 5162 omnesque
1667 5092 1887 5162 spiritus
1923 5094 2029 5147 sive

457 5159 899 5232 rec:t_i_sive_etiam
926 5163 1075 5232 pravi
1100 5162 1330 5232 malique
1362 5159 1639 5231 propositi.

527 5228 639 5301 (ll)
660 5226 815 5301 Nam
844 5226 995 5286 deest
1023 5231 1077 5301 in
1107 5226 1267 5286 editis
1300 5226 1435 5285 et'in
1452 5226 1725 5301 plerisque
1755 5247 1914 5297 mss.,
1934 5234 2029 5286 sed

459 5298 765 5370 restituitur
798 5314 866 5352 ex
904 5315 1008 5356 ms.
1048 5299 1218 5370 Regio
1259 5318 1407 5353 num.
1451 5298 1609 5357 1659.
1636 5298 1851 5357 Deinde
1872 5302 2027 5366 editi,

452 5368 980 5442 quorumlninisteria
992 5368 1436 5439 quemadmodum
1449 5373 1667 5439 pertinet
1682 5383 2028 5442 peraguntur.

524 5436 635 5505 (12)
670 5436 837 5502 Editi,
879 5449 929 5493 et
966 5436 1063 5492 hoc
1104 5442 1232 5493 mihi
1280 5436 1508 5505 videtur,
1537 5436 1913 5503 etc.,‘omi'sso
1942 5444 2029 5497 ob.

456 5506 660 5580 Deinde
690 5507 861 5580 iidem
904 5510 1071 5574 editi,
1113 5510 1232 5565 ideo
1263 5514 1569 5566 necessitate
1596 5512 1817 5580 subjecti
1844 5522 2027 5577 estote,
2094 5532 2097 5537 ν

453 5588 562 5629 etc.
597 5577 702 5629 Sed
735 5591 925 5633 omnes
953 5595 1087 5635 mss.
1119 5589 1179 5633 nt
1209 5584 1263 5635 in
1301 5592 1492 5635 nostro
1526 5577 1699 5634 textu.

524 5646 637 5715 (15)
672 5648 929 5719 διεξιφίσω
958 5666 1058 5704 ms.
1084 5650 1283 5719 Regius
1310 5666 1459 5704 num.
1499 5651 1656 5706 1659.
1683 5650 1877 5705 Caneri
1903 5665 2029 5706 vero

455 5733 585 5838 piss.
613 5728 668 5768 et
695 5717 849 5785 editi,
878 5717 1210 5776 conscientia:
1249 5737 1450 5793 quoque
1482 5725 1744 5790 subditur,
1780 5737 1897 5775 cum
1931 5720 2030 5776 ha-

487 5796 557 5842 et.
594 5795 702 5842 CIC.

542 5824 557 5852 ’
594 5824 702 5842 νυν.

2171 3171 2408 3226 habebat
2442 3173 2496 3225 in
2526 3172 2841 3228 se-Cazsaris
2872 3173 3018 3244 (17),
3047 3183 3102 3229 et
3134 3175 3189 3228 in
3218 3191 3328 3246 quo
3358 3178 3609 3248 princeps
3640 3180 3743 3234 hu-

2165 3259 2256 3330 jus
2280 3261 2469 3316 mundi
2502 3262 2732 3317 veniens
2753 3277 2858 3317 non
2890 3263 3101 3320 invenit
3120 3266 3416 3336 quidquam
3441 3268 3508 3323 de
3535 3269 3648 3325 suis
3675 3270 3741 3335 ",

2166 3368 2291 3408 cum
2328 3353 2469 3409 liber
2493 3361 2660 3421 esset,
2695 3354 2857 3409 solvit
2898 3365 3077 3411 tamen
3112 3358 3374 3412 tributum
3404 3359 3576 3430 (venit
3598 3361 3741 3417 enim

2167 3452 2223 3496 et
2267 3444 2321 3496 in
2386 3451 2618 3497 mortem
2682 3453 2743 3497 ut
2797 3453 2941 3499 esset
2970 3456 3026 3499 et
3050 3447 3192 3499 inter
3236 3436 3481 3505 mortuos,
3514 3451 3645 3504 liber
3671 3452 3739 3524 “)

2166 3543 2373 3604 quanto
2422 3536 2594 3605 magis
2642 3550 2742 3589 nos
2791 3552 3014 3593 necesse
3052 3547 3136 3594 est
3183 3539 3285 3594 ista
3315 3540 3516 3595 tributa
3556 3545 3741 3599 carnis

2164 3627 2509 3695 expendere,
2540 3635 2595 3679 et
2630 3628 3012 3696 negotiationis
3059 3638 3292 3697 nostrae,
3331 3633 3375 3685 si
3429 3642 3604 3688 tamen
3644 3651 3739 3689 ne-

2163 3722 2439 3791 gotiantur
2473 3723 2803 3791 margaritas
2833 3723 2986 3792 regni
3022 3723 3319 3786 ccelorum,
3354 3740 3451 3794 per
3488 3727 3735 3783 diversas

2162 3816 2486 3870 tentationes
2507 3814 2849 3884 exigentibus
2877 3830 2975 3870 nos
3002 3813 3115 3884 (18)
3140 3815 3424 3886 spiritibus
3450 3818 3735 3887 vectigalia

2161 3906 2476 3977 pensitare?
2506 3906 2780 3961 Timorem
2814 3921 2948 3960 vero
2986 3919 3038 3960 et
3070 3908 3329 3962 honorem
3363 3907 3429 3962 ad
3466 3908 3615 3963 illum
3647 3924 3736 3979 po-

2159 4001 2266 4053 tius
2316 3998 2524 4053 rel'erre
2583 3997 2844 4052 debemus
2899 3997 2990 4065 qui
3039 3997 3172 4051 dicit
3223 4012 3320 4066 per
3366 4001 3731 4066 prophetam:

2162 4090 2352 4145 Nonne
2389 4101 2438 4145 et
2468 4089 2787 4153 Dominum,
2824 4100 2871 4143 et
2902 4087 3116 4147 Patrem
3156 4090 3350 4143 vocatis
3396 4092 3517 4147 me?
3563 4089 3634 4144 Et
3683 4094 3735 4148 si

2158 4182 2415 4236 Dominus
2441 4196 2559 4234 sum
2587 4195 2702 4249 ego,
2727 4179 2815 4231 ubi
2840 4190 2914 4231 est
2936 4180 3092 4231 timor
3108 4195 3251 4232 meus
3270 4180 3353 4233 ?et
3375 4182 3422 4233 si
3437 4178 3598 4235 Pater
3611 4198 3732 4235 sum

2153 4289 2267 4342 ego,
2298 4271 2387 4324 ubi
2422 4279 2499 4325 est
2546 4272 2716 4323 honor
2736 4286 2881 4323 meus
2919 4268 3032 4341 (19)
3076 4270 3194 4301 ⁵⁸⁸⁸⁵
3216 4271 3239 4323 ?
3262 4271 3570 4326 Posteriora
3595 4286 3728 4327 sane

1651 4368 1698 4401 ³²
1724 4368 1879 4424 Rom.
1921 4371 2068 4433 xnt,7

2169 4379 2192 4421 ;.
2271 4367 2314 4399 ³⁸
2333 4365 2500 4421 Hebr.
2527 4380 2566 4426 I,
2589 4365 2676 4418 M.
2745 4364 2792 4396 "‘
2819 4364 2994 4419 Calat.
3023 4381 3097 4431 vi,
3130 4364 3217 4418 M.
3298 4363 3725 4431 "lCor.tI,12.

1691 4440 1737 4470 ³⁸
1777 4440 1968 4494 Matth.
2001 4455 2132 4503 xv",
2160 4439 2255 4502 95,
2276 4437 2368 4491 26.

2482 4436 2525 4466 ³⁸
2556 4434 2712 4490 Joan.
2747 4450 2858 4499 xlv,
2901 4435 2991 4491 50.
3102 4435 3148 4465 ⁸⁰
3177 4435 3321 4489 Psal.
3368 4451 3625 4504 Lxxxvu,
3669 4440 3723 4495 b‘.

2241 4601 2329 4670 H)
2367 4600 2529 4669 Editi,
2557 4601 2646 4668 qui
2677 4611 2753 4653 est
2786 4599 3049 4655 Christus.

2242 4673 2329 4741 15)
2356 4672 2517 4737 Editi,
2551 4672 2828 4741 diuersum.
2864 4670 2971 4741 Sed
2995 4683 3184 4725 omnes
3213 4684 3359 4741 mss;
3375 4679 3432 4725 et
3466 4670 3725 4728 Rabanus

2146 4756 2204 4797 ιιι
2225 4737 2281 4798 in
2310 4737 2495 4797 nostro
2532 4750 2705 4809 textui.
2736 4739 2949 4809 Deinde
2994 4756 3097 4793 ms.
3128 4740 3237 4792 duo
3265 4779 3276 4800 ,
3310 4737 3546 4809 Exigunt
3583 4758 3722 4794 enim

2146 4830 2239 4866 nos
2266 4813 2502 4878 tributa,
2529 4818 2636 4866 etc.
2669 4808 2811 4861 Editi
2844 4810 3088 4877 plerique
3105 4819 3173 4878 iet
3203 4823 3304 4861 ms.
3342 4809 3544 4876 Regius
3566 4827 3717 4862 nunt.

2146 4882 2306 4945 1659,
2333 4877 2568 4949 Exiguus
2621 4881 2759 4949 enim
2812 4897 2843 4931 a
2890 4877 3043 4949 nobis
3079 4877 3397 4948 (Rabanus,
3443 4880 3508 4931 de
3536 4881 3683 4933 nobis
3698 4897 3719 4945 ;

2142 4954 2312 5006 editio
2341 4949 2562 5014 Veneta,
2598 4948 2769 5015 nobis)
2804 4948 3027 5011 tributa,
3055 4959 3161 5002 etc.

2215 5022 2328 5093 (16)
2371 5020 2465 5093 Sic
2486 5033 2693 5093 _omnes
2732 5033 2863 5093 mss.
2894 5018 3071 5093 nostri
3096 5016 3722 5093 ,_quibus_consen_ti_re

2140 5086 2357 5145 videtur
2403 5089 2693 5150 Rabanus,
2739 5087 2865 5142 licet
2894 5087 2945 5140 in
2994 5089 3096 5140 hoc
3131 5086 3252 5140 loco
3292 5086 3545 5140 vitiosus.
3575 5087 3720 5143 Editi

2138 5176 2312 5214 vero:
2358 5159 2426 5213 Et
2463 5159 2589 5228 quid
2622 5158 2775 5221 dico,
2825 5157 2890 5228 {le
2938 5157 3140 5228 nobis?
3177 5153 3416 5209 Exsoluit
3462 5158 3720 5211 tributum

2139 5234 2301 5283 etiam
2326 5223 2583 5283 Dominus
2604 5237 2781 5280 noster
2812 5224 2974 5279 Iesus
3003 5223 3248 5279 Christus
3286 5228 3343 5278 in
3378 5240 3539 5280 carne
3573 5230 3719 5296 posi-

2138 5312 2243 5362 tus,
2277 5311 2384 5353 etc.

2212 5369 2321 5439 (l7)
2348 5369 2446 5422 Ms.
2486 5368 2687 5439 Regius
2717 5379 2866 5420 num.
2899 5363 3077 5431 1659,
3119 5363 3275 5430 Quod
3305 5366 3352 5420 si
3392 5364 3483 5421 ille
3513 5366 3572 5421 in
3612 5383 3718 5438 quo

2140 5439 2273 5493 nihil
2295 5439 2517 5492 habebat
2539 5439 2740 5498 Caesar,
2765 5446 2872 5491 etc.

2232 5508 2321 5578 18)
2351 5507 2450 5562 Ms.
2485 5507 2687 5575 Regius
2713 5521 2864 5578 num.
2895 5505 3057 5572 1639,
3086 5523 3120 5559 a
3153 5507 3325 5561 nobis.

2233 5577 2322 5647 19)
2352 5581 2444 5631 Sic
2474 5593 2600 5630 mss.
2626 5586 2683 5647 et
2709 5577 2996 5641 llabanus;
3023 5578 3154 5631 editi
3168 5592 3332 5647 vero,
3358 5577 3445 5647 ubi
3467 5584 3541 5630 est
3562 5592 3715 5629 amor

2087 5668 2091 5672 ”
2134 5645 2386 5713 meus,et
2409 5650 2575 5700 honor
2591 5648 2625 5718 Ρ,
2647 5646 2847 5718 Deinde
2871 5662 3007 5718 mss.
3046 5646 3330 5714 plerique,
3369 5645 3637 5718 liabanus
3657 5656 3715 5700 et

2132 5721 2284 5783 editi,
2328 5730 2383 5771 ut
2426 5715 2625 5769 nemini
2654 5715 2944 5784 quidquam
2975 5717 3295 5781 debeamus;
3331 5718 3428 5770 sed
3464 5731 3566 5771 ms.
3607 5715 3713 5771 Re-

2132 5790 2253 5860 gius
2278 5803 2431 5848 num.
2466 5786 2599 5842 1659
2627 5797 2832 5839 rectius
2865 5785 2997 5840 utin
3020 5795 3207 5879 nostrp
3239 5798 3409 5843 textu.
