4150 6392
434 298 564 354 1251
1910 287 2037 344 Olill

2140 284 2232 341 ilS
3550 277 3689 331 1252

431 431 550 484 qui?
575 414 801 478 addidit,
832 413 882 467 id
908 423 991 467 est
1015 431 1028 466 :
1053 410 1264 466 Nemini
1284 412 1567 482 quidquam
1591 408 1863 474 debeatis;
1893 421 2005 461 cer-
2033 411 2079 466 Α
2107 418 2171 457 ac
2216 400 2429 455 Veteris
2479 398 2814 454 Testamenti
2870 398 2934 452 ad
2985 408 3185 453 nostrae
3222 410 3366 450 cura:
3421 394 3689 449 concessit

434 524 544 566 tum
578 519 661 564 est
690 509 757 561 ad
787 507 1071 561 ministros
1109 507 1299 561 referri
1324 548 1337 571 ,
1386 509 1585 574 quibus
1624 507 1841 561 debitor
1885 506 2007 576 quis
2108 508 2394 563 expensas.
2419 492 2574 547 Hunc
2594 507 2725 562 ergo
2742 493 3052 560 proximum
3072 493 3116 546 si
3135 491 3446 558 diligamus,
3471 499 3685 538 omnem

432 601 665 658 eﬂicitur
694 616 816 656 cum
845 600 1172 670 peccaverit.
1226 599 1476 655 Debitum
1527 601 1671 654 enim
1723 610 2005 671 peccatum
2110 586 2282 655 legem
2317 594 2372 638 et
2403 584 2653 638 universa
2695 584 2952 636 mandata
2998 583 3051 636 in
3096 582 3263 651 ipsius
3298 592 3485 632 amore
3533 591 3688 628 cuiu-
3754 619 3764 626 .

432 711 553 750 esse
580 696 635 748 in
670 695 858 748 multis
890 702 946 748 et
978 694 1090 764 (20)
1130 693 1450 762 frequenter
1480 664 1837 748 ostendimus.
1882 691 2010 747 Vult

2140 677 2319 731 nlemus
2347 674 2482 745 (28).
2508 672 2663 727 Finis
2695 675 2835 727 enim
2872 674 3004 742 legis
3029 671 3273 725 Christus
3313 669 3382 721 ad
3421 664 3689 736 justitiam

431 802 563 857 ergo
593 786 793 842 Paulus
824 786 1031 856 peccati
1074 750 1301 854 quidem
1355 799 1516 839 omne
1553 786 1798 839 debitum
1846 784 2005 847 solvi,
2109 771 2257 823 omni
2279 766 2573 823 credenti“
2601 784 2616 823 ε
2648 780 2750 820 nec
2777 765 2889 820 ﬁeri
2924 764 3033 817 ullo
3063 771 3221 833 patilo
3266 768 3479 830 ροιεει.
3510 750 3688 822 utqui

435 894 535 934 nec
563 893 854 933 remanere
892 878 1117 932 omnino
1148 878 1287 946 apud
1339 892 1438 932 nos
1484 878 1723 931 debitum
1773 878 2006 947 peccati,

2140 879 2180 916 ex
2220 870 2333 914 toto
2384 859 2660 923 corde,et
2711 872 2778 913 ex
2826 858 2954 912 totis
2998 852 3302 910 visceribus
3348 850 3462 904 suis
3513 845 3691 914 diligit

434 983 757 1036 permanere
796 977 975 1021 tamen
1009 978 1062 1022 ei
1101 936 1373 1037 numquam
1407 982 1624 1022 cessare
1656 983 1683 1020 ε
1713 936 1870 1022 nobis
1916 936 2009 1022 de;
2110 951 2414 1013 Christum,
2440 948 2607 1005 faciat
2639 946 2843 1016 aliquid
2884 947 3028 1017 quod
3062 959 3167 999 non
3195 941 3404 1012 placeat
3445 936 3687 1037 Christo:

438 1059 609 1113 bitum
645 1057 928 1113 cbaritatis
964 1074 978 1111 :
1010 1058 1113 1112 boc
1145 1024 1290 1112 enim
1323 1067 1377 1111 et
1399 1059 1645 1127 quotidie
1683 1058 1915 1122 solvere,
1955 1067 2011 1113 ει
2110 1042 2263 1098 Illum
2286 1041 2430 1096 enim
2462 1040 2554 1111 qui
2582 1039 2773 1107 diligit,
2805 1052 2911 1092 non
2942 1036 3118 1091 solum
3157 1048 3263 1087 non
3290 1029 3514 1091 occidit,
3541 1024 3688 1095 quod

438 1165 655 1218 semper
680 1150 879 1204 debere
908 1148 1122 1216 expedit
1151 1148 1307 1203 nobis
1332 1117 1465 1219 (21).
1900 1117 1911 1122 ⁷
2110 1135 2363 1205 prohibet
2393 1134 2477 1187 lex
2501 1150 2516 1193 ;
2555 1133 2650 1187 sed
2682 1147 2781 1185 nec
2810 1130 3063 1184 irascitur
3092 1126 3250 1180 fratri
3281 1138 3382 1177 suo
3415 1121 3551 1191 (29).
3583 1117 3689 1184 Qui

508 1243 597 1296 51.
673 1241 915 1309 Denique
961 1210 1182 1310 quantae
1235 1210 1454 1295 virtutis
1511 1241 1585 1294 sit
1632 1240 1906 1303 cliaritas,
1956 1241 2009 1295 in
2113 1228 2190 1282 ita
2225 1226 2529 1280 delectatur
2559 1224 2651 1279 illo
2673 1238 2843 1293 quem
2880 1221 3072 1292 diligit,
3096 1234 3200 1274 non
3233 1217 3405 1273 solum
3423 1229 3531 1268 non
3564 1210 3695 1265 facit

438 1305 905 1400 consequentibus
952 1305 1123 1400 ponit.
1166 1330 1270 1397 Qui
1306 1331 1481 1394 enim,
1514 1331 1849 1403 inquii(2~2),
1886 1332 2013 1384 diti-
2114 1318 2476 1382 adulterium,
2505 1316 2599 1370 sed
2647 1330 2746 1368 nec
2792 1313 3075 1367 mulierem
3120 1308 3342 1376 respicit
3389 1305 3456 1359 ad
3485 1316 3692 1401 concu-

439 1426 514 1493 git
538 1391 858 1492 pro-mimum,
889 1391 1051 1494 legem
1079 1391 1328 1489 implevit.
1368 1391 1509 1477 Nam
1538 1391 1642 1477 non
1668 1391 2014 1489 adullerabis,
2115 1409 2435 1479 piscendum
2461 1423 2476 1470 ;
2510 1405 2604 1460 sed
2637 1406 2771 1459 dicit
2800 1407 2867 1456 ad
2895 1404 3071 1471 ipsum
3104 1398 3275 1466 magis
3305 1413 3318 1447 :
3355 1391 3693 1494 Concupiscit

444 1533 548 1569 non
585 1516 816 1580 occides,
845 1533 951 1569 non
974 1515 1176 1583 furtum
1201 1515 1395 1583 facies,
1420 1530 1527 1567 non
1563 1514 1760 1583 falsum
1785 1514 2017 1567 testimo-

2140 1498 2353 1566 tdeﬁcit
2371 1499 2549 1550 animo
2566 1512 2678 1548 mea
2705 1495 2759 1547 in
2777 1493 2941 1546 Deum
2971 1489 3216 1544 viuum".
3243 1484 3411 1557 658
3440 1482 3540 1548 Qui
3576 1480 3697 1533 dili—

442 1609 584 1660 nium
620 1608 760 1661 dices
786 1574 933 1672 ;'non
966 1574 1331 1673 concupiices,
1376 1574 1425 1659 et
1473 1606 1519 1659 si
1563 1574 1702 1673 quod
1749 1615 1824 1659 εει
1869 1605 2015 1659 “(iud
2117 1592 2197 1660 git
2229 1589 2510 1645 Christum
2534 1629 2551 1653 ,
2582 1584 2949 1655 qnomodo’de
2982 1581 3131 1634 furto
3149 1580 3382 1673 cogitet,
3415 1574 3697 1673 quietiam

441 1698 771 1764 mandatum,
804 1699 857 1752 in
894 1698 991 1750 hoc
1012 1697 1163 1748 uerbo
1187 1706 1519 1749 restauratur
1554 1710 1574 1747 :
1604 1694 1803 1764 Diliges
1840 1696 2018 1763 proxi-

2140 1697 2214 1735 iua
2258 1680 2439 1736 omnia
2491 1692 2825 1748 quaecunque
2860 1676 3025 1736 habet
3068 1669 3322 1736 relinquit
3362 1666 3471 1736 (50)
3514 1674 3574 1716 ιιι
3611 1676 3698 1714 se-

443 1745 2022 1854 agitantis}...eam}.1&1ii.i..l.ii;’i;..’..iii.
2051 1745 2095 1800 Β
2125 1780 2323 1841 quatur
2362 1745 2682 1825 Christum?
2738 1745 2848 1832 Qui
2898 1763 3177 1819 Christum
3227 1758 3433 1827 diligit,
3478 1751 3697 1823 quando

446 1896 569 1934 nem
603 1879 736 1933 tanti
789 1851 951 1945 hujus
988 1851 1265 1946 boni(i3)
1307 1876 1550 1931 breviter
1593 1875 1859 1945 colligens
1897 1874 2019 1928 ait:
2126 1866 2323 1920 falsum
2357 1862 2726 1919 testimonium
2770 1858 2933 1920 dicit,
2974 1871 3098 1910 cum
3142 1852 3282 1906 sciat
3316 1851 3492 1916 ipsum
3534 1858 3696 1912 quem

446 1971 671 2027 Dilectio
717 1937 944 2042 proximi
991 1937 1191 2023 malum
1232 1937 1338 2024 non
1384 1978 1635 2038 operatur
1681 1937 2022 2033 :vplenitudo
2123 1962 2303 2031 diligit
2336 1958 2473 2015 falso
2520 1954 2832 2013 teStimnnio
2875 1951 3148 2023 proditum
3184 1945 3342 2016 (3|)?
3375 1937 3699 2042 Necessario

445 2081 567 2135 ergo
584 2033 818 2134 legis-est
844 2063 1074 2116 dilectio.
1113 2062 1288 2132 Supra
1315 2033 1529 2116 dixerat
1555 2061 1683 2131 quia
1721 2062 1812 2131 qui
1845 2060 2022 2130 diligit
2124 2062 2303 2108 autem
2337 2051 2426 2120 qui
2474 2049 2656 2119 diligit
2708 2046 2985 2102 Christum
3011 2082 3026 2105 ,
3079 2040 3255 2110 diligit
3302 2046 3356 2091 et
3391 2033 3697 2135 proximum

446 2122 779 2226 proximum,
805 2154 969 2224 legem
1002 2122 1272 2221 implevit;
1300 2162 1354 2207 et
1391 2154 1516 2223 quia
1548 2122 1766 2206 diﬁicile
1810 2122 2024 2206 videlia-
2122 2161 2280 2201 suum
2307 2144 2378 2197 '°.
2419 2142 2532 2198 Hoc
2553 2141 2697 2196 enim
2734 2137 2849 2193 solo
2901 2136 3105 2190 indicio
3129 2131 3330 2189 Christi
3377 2141 3499 2182 esse
3538 2122 3704 2226 dis-ci-

450 2212 538 2303 iur
570 2212 841 2317 quomodo
855 2212 1039 2315 vpossit
1065 2212 1188 2312 quis
1211 2212 1429 2299 omnem
1460 2244 1630 2314 legem
1678 2244 1731 2297 in
1762 2243 1881 2313 (24)
1915 2258 2022 2297 uno
2127 2236 2286 2306 pulus
2318 2234 2650 2304 designatur,
2695 2231 2742 2284 si
2776 2229 3098 2282 charitatem
3137 2239 3262 2278 cum
3303 2216 3566 2317 prostituis
3613 2212 3704 2267 ha-

432 2306 701 2393 sermone
749 2306 1047 2406 complere,
1086 2306 1478 2405 plenissimam
1514 2306 1707 2389 ieddit
1752 2306 2020 2390 rationem
2124 2326 2252 2381 beat
2280 2327 2349 2380 ".
2384 2324 2608 2379 Certum
2637 2328 2722 2374 est
2746 2318 2889 2373 enim
2924 2318 3066 2381 q||0d
3096 2312 3187 2383 (Ιιιί
3223 2327 3328 2365 "0"
3370 2306 3544 2375 άίιίείι
3571 2318 3700 2373 Ιπο·

432 2429 681 2482 «licens:
729 2425 953 2479 Dilectio
1002 2425 1227 2486 proximi
1264 2423 1464 2476 malum
1513 2437 1617 2474 non
1659 2430 1936 2488 operatur,
1969 2429 2024 2473 et
2123 2417 2351 2478 xitnuni,
2392 2416 2602 2470 nesciat
2631 2410 2909 2467 Christum
2938 2408 3008 2461 ".

442 2521 572 2574 ideo
599 2517 869 2588 plenitudo
893 2519 1020 2586 tegis
1054 2527 1128 2569 est
1157 2514 1391 2569 dilectio.
1432 2513 1581 2567 Pone
1610 2513 1753 2567 enim
1780 2527 1876 2581 per
1905 2511 2025 2564 sin-
2192 2508 2281 2564 52.
2321 2506 2387 2559 Et
2415 2507 2513 2559 hoc
2535 2505 2756 2558 scientes
2788 2512 3010 2569 tempus,
3040 2499 3289 2569 quoniam
3325 2494 3459 2546 liora
3494 2500 3568 2543 est
3586 2489 3702 2558 jam

448 2609 572 2676 gula
599 2606 852 2662 mandata
879 2605 1014 2675 legis
1041 2606 1382 2659 dilectionem
1404 2645 1418 2666 ,
1467 2613 1522 2656 et
1559 2604 1681 2657 vide
1722 2616 1885 2669 quam
1942 2599 2022 2652 l'a-
2123 2604 2188 2656 de
2217 2618 2398 2656 somno
2424 2614 2658 2667 surgere.
2688 2596 2843 2650 Nunc
2881 2594 3016 2647 enim
3060 2592 3273 2659 propior
3308 2596 3383 2639 est
3409 2594 3587 2637 nostra
3611 2598 3702 2634 sa-

446 2699 552 2754 cile
581 2707 779 2753 cuncta
810 2696 1169 2766 complentur.
1198 2693 1450 2763 Nunquid
1490 2692 1581 2762 qui
1626 2691 1801 2761 diligit
1841 2690 2024 2760 proxi-
2124 2695 2227 2758 lus,
2256 2709 2414 2762 quam
2440 2706 2557 2744 cum
2581 2688 2922 2743 credidimus.
2958 2682 3081 2737 Νοω
3132 2679 3395 2751 pra'cessil
3417 2719 3431 2743 ,
3461 2679 3571 2729 dies
3601 2691 3704 2727 au.

451 2804 623 2851 mum,
653 2786 902 2843 occidere
931 2801 1055 2840 eum
1084 2785 1306 2854 potest?
1336 2784 1556 2838 Certum
1584 2792 1669 2837 est
1690 2784 1836 2851 quod
1860 2795 2023 2835 nemo
2124 2796 2226 2838 tem
2249 2782 2710 2852 appropinquavit.
2745 2778 3074 2846 Abjiciamus
3109 2789 3232 2842 ergo
3260 2786 3417 2839 apera
3460 2769 3703 2822 tenebra-

445 2893 610 2948 quem
645 2877 824 2947 diligit
846 2874 1161 2930 interﬁciat.
1190 2873 1283 2929 Est
1313 2889 1443 2944 ergo
1478 2872 1696 2928 dilectio
1737 2886 1833 2940 per
1860 2886 2021 2939 quam
2125 2890 2272 2935 rum,
2312 2874 2596 2926 induamus
2625 2880 2799 2923 autem
2837 2882 2986 2919 arma
3016 2866 3179 2928 lucis,
3222 2863 3353 2915 sicut
3380 2863 3441 2925 in
3480 2861 3568 2912 die
3610 2859 3705 2911 lio-

452 2965 745 3034 impleatur
790 2966 1097 3019 mandatum
1151 2977 1259 3030 quo
1324 2960 1637 3028 prmcipitur
1678 2956 1791 3026 (25)
1832 2974 1846 3010 :
1897 2956 2021 3010 Non

2140 2974 2265 3019 teste
2319 2961 2650 3016 ambulemus
2676 2961 2746 3013 ⁸³.
2815 2959 2950 3013 Cum
3012 2966 3131 3024 post
3180 2955 3300 3009 illas
3349 2952 3708 3007 dissertiones

446 3057 676 3111 occidas.
696 3054 760 3109 Et
786 3055 1001 3117 iterum,
1031 3052 1268 3121 nunquid
1297 3047 1407 3120 (26)
1433 3050 1523 3116 qui
1544 3050 1847 3118 proximum
1864 3060 2020 3101 suum
2049 3077 2093 3134 ε
2126 3069 2264 3124 quas
2295 3052 2379 3107 vel
2402 3051 2470 3106 de
2501 3052 2751 3121 gentibus
2773 3089 2788 3114 ,
2817 3048 2900 3102 vel
2940 3051 3006 3102 de
3033 3044 3233 3102 ιιιιιαείε
3265 3043 3551 3113 Apostolus
3578 3056 3707 3112 pro-

454 3146 649 3216 diligit,
680 3146 734 3200 in
762 3159 986 3198 uxorem
1023 3144 1140 3213 ejus
1162 3142 1483 3197 adulterium
1515 3139 1846 3195 committit?
1875 3137 2025 3192 Nlllt-
2129 3152 2349 3198 seculus
2390 3151 2506 3208 est,
2553 3142 2949 3197 introduxisset
2987 3141 3150 3196 etiam
3199 3137 3460 3192 moralem
3505 3136 3707 3198 locum,

448 3252 617 3306 quam
663 3236 930 3306 proiecto.
992 3233 1049 3289 Si
1104 3249 1233 3301 ergo
1276 3233 1472 3303 diligas
1534 3232 1874 3301 proximum.
1928 3243 2031 3284 nec
2130 3249 2237 3303 quo
2264 3235 2437 3303 magis
2469 3248 2534 3288 ac
2564 3233 2737 3300 magis
2763 3232 3043 3286 auditores
3074 3229 3262 3282 incitet
3297 3226 3364 3280 ad
3393 3224 3707 3281 conversio-

456 3328 782 3382 adulterium
813 3327 1143 3381 cormnittes.
1185 3323 1453 3378 Similiter
1489 3333 1545 3377 et
1572 3322 1665 3390 qui
1696 3321 1877 3389 diligit
1906 3335 2030 3389 pro-

456 3419 663 3473 ximum
687 3454 703 3480 ,
753 3432 871 3486 quae
897 3416 1013 3485 ejus
1039 3425 1164 3470 sunt
1192 3428 1298 3469 non
1335 3412 1583 3479 furatur;
1617 3422 1672 3467 et
1711 3410 1806 3481 qui
1855 3410 2033 3478 diligit

458 3510 792 3581 proximum,
828 3506 1024 3562 falsum
1054 3508 1318 3562 adversus
1348 3520 1472 3560 eum
1505 3504 1875 3560 testimonium
1923 3517 2029 3556 non

457 3605 615 3658 dicit.
657 3602 921 3658 Similiter
944 3609 997 3654 et
1022 3608 1217 3655 calere
1247 3597 1500 3652 mandata
1535 3596 1689 3661 legis,
1724 3596 1770 3649 si
1800 3594 1870 3649 sit
1901 3608 2031 3663 erga

464 3698 769 3767 proximum
788 3696 1027 3758 dilectio,
1067 3695 1270 3762 absque
1300 3692 1482 3761 aliquo
1510 3689 1697 3745 labore
1722 3697 2030 3743 servantur.

2131 3339 2276 3388 nem,
2303 3324 2605 3378 introducit
2645 3339 2788 3378 nunc
2816 3324 2981 3378 etiam
3012 3328 3395 3390 perurgentem
3428 3316 3541 3389 (52)
3575 3327 3710 3369 tem-

2129 3415 2280 3484 poris
2300 3415 2591 3480 rationem,
2613 3415 2755 3484 quod
2775 3423 2861 3468 est
2885 3414 2936 3466 in
2959 3414 3119 3466 rebus
3146 3409 3397 3465 omnibus
3414 3424 3708 3462 summum.

2133 3504 2306 3560 Nemo
2338 3506 2485 3559 enim
2537 3506 2613 3559 ita
2654 3504 3027 3559 somnolentus
3078 3511 3134 3557 et
3172 3504 3324 3571 piger
3372 3510 3490 3563 est,
3547 3513 3710 3567 quem

2132 3596 2469 3650 advenientis
2519 3596 2625 3650 diei
2672 3611 2779 3649 non
2827 3596 3030 3649 excitet
3079 3593 3339 3655 claritas,
3390 3601 3445 3644 et
3493 3591 3579 3644 cui
3628 3590 3709 3642 sol

2133 3690 2306 3746 oculis
2329 3691 2537 3745 infusus
2563 3705 2669 3745 non
2702 3690 2910 3758 aperiat
2939 3697 3238 3758 aspectum.
3270 3684 3367 3740 Est
3389 3699 3520 3753 ergo
3544 3684 3708 3737 etiam

457 3790 599 3844 Puto
653 3797 833 3843 tamen
882 3787 1026 3854 quod
1076 3786 1215 3840 etin
1250 3784 1351 3838 hoc
1404 3782 1571 3836 voluit
1600 3795 1702 3834 nos
1739 3778 2035 3848 Apostolus
2136 3784 2330 3837 anima:
2360 3796 2581 3837 somnus
2609 3781 2847 3849 quidam.
2884 3780 2943 3835 Si
2983 3780 3132 3834 enim
3160 3789 3287 3832 sunt
3330 3778 3377 3831 ei
3403 3818 3417 3842 ,
3461 3787 3521 3830 ut
3569 3790 3712 3842 sa‘pe

465 3878 666 3950 aliquid
697 3877 1134 3946 compendiosius
1155 3876 1366 3930 discere
1392 3871 1530 3944 (27).
1560 3870 1696 3926 Nam
1723 3872 1771 3926 si
1808 3871 2038 3939 diligen-
2128 3869 2241 3939 jam
2293 3871 2568 3935 diximus,
2601 3871 2801 3938 proprii
2842 3871 3016 3933 oculi,
3062 3880 3118 3923 et
3159 3883 3320 3922 aures
3351 3868 3583 3937 propriae
3604 3905 3620 3929 ,
3658 3874 3712 3918 et

460 3973 575 4026 tius
621 3968 868 4038 requiras
903 3968 1027 4036 quis
1082 3968 1155 4022 sit
1195 3966 1476 4035 prosimus
1506 3973 1726 4028 noster,
1768 3962 1947 4018 disces
1978 3963 2035 4016 in
2140 3978 2331 4019 manus
2354 3975 2407 4017 et
2435 3964 2602 4033 pedes
2628 3980 2643 4028 ;
2669 3979 2790 4033 quae
2811 3962 3017 4032 singula
3042 3976 3150 4015 non
3183 3971 3289 4015 tam
3322 3958 3566 4012 membra
3589 3972 3709 4009 cor-

466 4060 759 4129 Evangelia
788 4060 831 4090 δ”
863 4059 1009 4111 illum
1038 4074 1159 4113 esse
1186 4057 1492 4125 proximum
1532 4064 1779 4109 nostrum
1820 4052 1912 4123 qui
1944 4067 2037 4106 ve-
2137 4054 2342 4124 poralia
2376 4055 2555 4109 inesse
2581 4055 2630 4107 ei
2660 4093 2676 4117 ,
2709 4069 2869 4121 quam
2903 4053 3134 4106 virtutes
3177 4050 3374 4119 quibus
3408 4049 3476 4101 ad
3516 4062 3711 4101 unum-

460 4151 568 4215 nit,
596 4159 652 4203 et
680 4149 926 4217 jacentes
953 4161 1050 4200 uos
1081 4146 1392 4198 vulneratos
1422 4159 1449 4196 a
1482 4143 1810 4206 latronibus,
1846 4150 1903 4198 et
1937 4158 2037 4196 nu-
2139 4145 2393 4216 quodque
2423 4154 2672 4200 movetur
2700 4154 2755 4199 et
2790 4145 3052 4197 incitatur
3085 4143 3394 4212 rcpntandai
3416 4148 3579 4200 sunt,
3630 4153 3713 4191 ac-

458 4244 680 4296 datosa
712 4239 1043 4293 daemonibus
1070 4240 1315 4306 jumento
1342 4236 1589 4306 corporis
1644 4237 1725 4290 sui
1779 4250 2037 4304 superpo-
2140 4238 2274 4292 cidit
2323 4237 2442 4291 sine
2502 4236 2668 4290 dubio
2725 4236 2778 4290 ei
2807 4236 3100 4289 secundum
3149 4233 3335 4287 oculos
3388 4246 3516 4286 suos
3549 4229 3711 4285 etiam

466 4334 597 4396 suit,
627 4342 683 4385 et
703 4332 770 4383 ad
802 4329 1073 4382 stabulum
1123 4329 1379 4384 Ecclesiae
1435 4328 1665 4391 detulit,
1716 4336 1771 4380 et
1798 4327 2038 4382 stabula-
2142 4341 2383 4381 somnus.
2427 4325 2483 4379 Si
2518 4326 2663 4379 enim
2701 4340 2804 4378 non
2832 4333 2957 4394 agat
2983 4333 3225 4393 tempore
3256 4331 3563 4391 opportuno
3595 4333 3714 4387 quae

462 4426 551 4479 rio
581 4438 679 4494 pro
726 4437 857 4479 cura
901 4433 1086 4478 nostra
1133 4433 1187 4473 et
1239 4421 1518 4488 diligentia
1566 4419 1675 4489 (vel
1706 4419 1807 4490 ipsi
1842 4418 2034 4484 Paulo,
2067 4424 2114 4483 υ
2142 4418 2237 4472 Dei
2267 4426 2415 4481 sunt,
2444 4418 2539 4472 sed
2570 4416 2776 4472 desidia
2809 4425 3106 4485 torpescat,
3137 4412 3328 4466 merito
3361 4412 3599 4466 dormire
3635 4411 3716 4464 di-

468 4517 551 4570 νει
578 4517 722 4570 omni
754 4516 843 4585 qui
884 4514 1137 4570 Ecclesia:
1180 4512 1395 4583 prmest)
1435 4514 1573 4567 duos
1616 4512 1872 4567 denarios
1907 4509 2040 4565 Novi
2150 4521 2306 4566 cetur
2328 4512 2462 4581 (55).
2502 4511 2710 4565 Idcirco
2743 4508 2907 4579 igitur
2936 4505 3133 4560 Paulus
3160 4518 3337 4573 praeco
3373 4502 3572 4558 Christi
3607 4502 3716 4554 cir-

540 4658 586 4689 δ⁶
624 4657 784 4711 Rom.
818 4671 940 4715 xm.
971 4656 1034 4719 8,
1064 4657 1121 4711 9.
1177 4655 1221 4686 ⁸⁷
1238 4653 1371 4707 Luc.
1399 4669 1455 4715 κ,
1480 4653 1551 4709 29
1577 4668 1691 4721 seq.
1764 4652 1809 4685 ⁸⁸
1839 4652 1991 4708 Rom.
2025 4669 2037 4706 ι

2140 4690 2152 4706 .
2229 4652 2273 4686 ⁵⁸
2298 4651 2442 4708 Psal.
2472 4650 2776 4716 Lxxxlit,3.
2851 4649 2897 4681 ⁸⁸
2919 4645 3074 4702 Joan.
3104 4661 3178 4710 tv,
3200 4644 3289 4708 20,
3317 4644 3407 4699 21.
3483 4644 3526 4676 ⁸¹
3556 4640 3713 4698 Joan.

470 4744 594 4791 xm,
627 4728 718 4782 55.
790 4728 837 4759 ⁸³
869 4726 1067 4782 lJoan.
1101 4741 1174 4791 tv,
1204 4725 1259 4779 8.
1335 4725 1381 4757 ⁸⁸
1411 4725 1567 4777 liom.
1601 4738 1722 4787 xm,
1748 4723 1934 4777 11-15.

548 4845 664 4916 (20)
700 4846 860 4916 Deest
887 4856 935 4899 et
967 4846 1018 4916 in
1040 4845 1221 4899 editis.

548 4910 663 5037 (ξι)
705 4915 831 4970 Mss.
892 4915 1145 4986 quidam,
1202 4923 1251 4968 et
1301 4912 1535 4983 quotidie
1594 4911 1778 4964 debere
1834 4910 2044 4977 expedit

583 5004 646 5037 18.
1276 5015 1281 5019 .

477 5004 646 5041 ιιουισ.
1276 5015 1281 5019 υ

550 5057 664 5127 (22)
700 5057 898 5127 lnquit.
931 5055 1093 5127 Dfest
1118 5055 1169 5106 in
1200 5052 1382 5107 editis.

550 5117 664 5195 (25)
705 5117 799 5180 Sic
828 5139 930 5179 ms.
963 5125 1165 5195 Regius
1189 5118 1514 5195 num._ll_i'5£l
1543 5129 1598 5174 et
1630 5117 2046 5195 Rabanus._C.fe:

481 5186 583 5252 teri
622 5186 753 5251 vero
794 5211 926 5249 mss.
957 5205 1007 5249 et
1039 5186 1168 5248 ἱέάίιὶ
1188 5234 1204 5258 ,
1233 5191 1368 5246 tanti
1412 5189 1571 5257 hujus
1599 5189 1866 5256 prtecepti.
1896 5186 2043 5242 Editi

487 5271 735 5322 amittunt
754 5266 938 5322 liuius.

550 5338 664 5408 (24)
692 5336 780 5391 In.
812 5331 1098 5408 Otnittitur
1120 5333 1174 5386 in
1191 5331 1380 5408 editis.

694 5407 856 5478 Editi,
881 5402 1368 5478 quod‘prtpcipitur,
1396 5399 1556 5478 male.

557 5414 643 5478 (25
694 5414 856 5467 Editi,
881 5414 1019 5471 quod
1045 5414 1368 5471 praecipitur,
1400 5414 1556 5454 male.

557 5414 671 5618 (262
705 5476 984 5558 Nunquid.
1015 5473 1361 5553 Desideratur
1396 5473 1449 5524 in
1484 5468 1636 5552 libris
1667 5477 1825 5523 antea
1864 5468 2044 5549 editis.

557 5550 647 5618 (27
702 5547 875 5606 Edtti,
914 5554 1059 5618 puto
1087 5554 1246 5618 etiam
1273 5542 1488 5618 quodet
1526 5554 1581 5592 tn
1626 5540 1722 5618 (ioc
1761 5537 1924 5618 uolut't
1956 5554 2044 5592 nos

489 5679 594 5743 non
624 5694 675 5741 et
701 5679 849 5739 aliud
878 5688 934 5739 in
962 5686 1059 5736 hoc
1081 5681 1242 5737 voluit
1276 5697 1368 5735 nos
1400 5679 1715 5749 Apostolus,
1736 5686 1867 5749 etc.,
1905 5688 1964 5732 ut
1996 5679 2047 5731 in

485 5767 659 5814 testu.
698 5756 805 5812 Sed
845 5755 1046 5811 rectius
1085 5752 1337 5808 ilabanus
1380 5762 1435 5808 et
1473 5765 1574 5806 ius.
1624 5748 1859 5820 llegius,
1896 5761 2046 5803 num.

702 5537 875 5606 Editi',
914 5554 1041 5613 puto
1087 5542 1246 5597 etiam
1273 5542 1488 5613 quodet
1526 5541 1581 5592 in
1626 5540 1722 5613 [too
1761 5537 1923 5613 uoluit
1956 5554 2050 5592 nos

484 5605 686 5687 aliquid
711 5605 1126 5687 compendiosius
1154 5605 1363 5687 docere.
1416 5610 1546 5687 μεθ.
1590 5610 1830 5687 aliquot,
1879 5605 2050 5687 Putas

2148 4839 2308 4899 i639.
2349 4837 2486 4891 Puto
2514 4847 2688 4890 tamen
2716 4840 2856 4903 quod
2883 4843 2931 4887 et
2960 4849 3015 4887 tn
3038 4838 3156 4903 hoc,
3179 4840 3288 4903 etc.

2219 4908 2329 4980 ($28)
2364 4908 2461 4980 Sic_
2484 4924 2588 4980 ins.
2620 4899 2823 4973 Reg-ius
2850 4920 2996 4956 nutu.
3025 4902 3163 4980 i659
3187 4914 3239 4955 et
3261 4899 3714 4980 liabanus._Ed_iti

2146 4972 2388 5039 verofet
2415 4977 2655 5045 plerique
2684 4972 2841 5039 niss.,
2887 4984 2933 5027 et
2977 4976 3217 5026 universa
3256 4972 3510 5023 mandata
3548 4972 3717 5039 ipsius

2146 5048 2504 5193 co'iis’iifmsliil
2524 5124 2672 5193 recte
2714 5128 2817 5168 ms.
2862 5109 3487 5193 lfl_egius.ntt'tp.-1659;
3532 5118 3715 5193 caeteri

2148 5180 2275 5241 vero
2306 5180 2432 5239 mss.
2468 5185 2725 5239 Rabantts
2753 5195 2807 5238 et
2831 5180 2984 5247 editi,
3011 5184 3133 5252 quia
3166 5180 3467 5251 (Rabanus,
3498 5181 3612 5251 qui)
3639 5181 3716 5234 ita

2153 5259 2443 5378 gelectaltur
2491 5254 2581 5308 ille
2625 5254 2745 5327 (aL,
2800 5252 2914 5322 illo)
2946 5269 3095 5321 quem
3141 5252 3335 5320 diligit,
3389 5264 3436 5303 et
3483 5267 3585 5305 non
3629 5268 3717 5304 so-

2176 5344 2283 5378 um.
2314 5341 2344 5378 e
2371 5340 2419 5378 c.

2176 5344 2283 5386 um,
2314 5336 2419 5380 etc.

2229 5397 2341 5465 (50)
2370 5394 2536 5465 ῥῆξις,
2565 5395 2759 5465 cogitat
2789 5391 3138 5465 ....‘r_'el_iquit.

2227 5458 2340 5535 (51)
2372 5463 2543 5535 Εάίιι,
2573 5458 2865 5535 perditum.
2888 5458 3042 5515 Male.

2226 5531 2339 5607 (52)
2370 5533 2511 5588 Editi
2533 5574 2548 5601 ,
2573 5531 2681 5604 quo
2729 5533 2896 5601 magis
2955 5531 3225 5585 auditores
3255 5568 3268 5581 .
3295 5575 3306 5586 .
3329 5570 3343 5583 .
3366 5567 3380 5581 .

2154 5609 2309 5661 modo
2342 5614 2719 5673 perurgentem,
2742 5613 2847 5660 etc.

2228 5667 2350 5746 (55)
2373 5667 2537 5739 Editi,
2563 5676 2651 5726 sed
2676 5667 2946 5746 desideriis
2974 5667 3719 5746 (Rabanus,_desiderio)_tor-

2155 5740 2352 5816 poscat.
2385 5748 2562 5799 merito
2586 5742 2813 5798 dormire
2836 5740 3051 5797 dicitur.
3087 5742 3212 5797 Mss.
3246 5742 3484 5811 plerique
3520 5740 3719 5796 habent

3428 5529 3717 5585 introducit
