4150 6446
541 408 676 464 1255

1495 405 1854 467 COMMENT.
1894 408 1961 464 IN
1999 408 2225 465 EPIST.
2261 408 2352 462 AD
2393 406 2559 463 ROM.
2601 407 2731 463 LIB.
2772 407 2863 464 lx.

3662 412 3813 469 1254

532 531 726 587 cuiens
751 528 1008 583 mundum
1033 529 1087 582 in
1115 543 1306 585 somno
1327 528 1546 585 desidiae
1567 532 2128 600 posittnn,annuutiat
2155 540 2200 590 Α
2231 529 2356 582 bilia
2407 530 2673 597 appellata
2720 536 2881 591 sunt,
2923 542 3043 595 quae
3084 544 3186 583 non
3235 538 3342 584 tam
3388 530 3805 587 rationabilihua

534 622 726 677 adesse
764 620 875 689 jam
914 621 1129 687 lucem,
1177 629 1233 675 et
1267 630 1481 692 tempus
1516 637 1639 677 esse
1689 632 1748 678 ut
1792 634 2047 694 surgatur
2089 639 2120 679 e

536 723 765 780 somno;
824 716 1184 783 noctemque,
1254 715 1359 769 hoc
1415 725 1501 770 est
1568 726 1779 785 tempus
1834 717 1963 772 illud
2009 732 2118 785 quo

541 807 845 877 ignorantia
868 806 1178 861 hominibus
1197 807 1473 861 dominata
1494 817 1601 872 est,
1618 811 1961 877 praecessisse
1977 808 2114 880 (54),

537 910 591 954 et
619 900 961 968 proximante
982 898 1208 967 justitise
1247 899 1379 954 solis
1419 900 1685 965 adventu,
1717 902 2119 955 rarescentibus

540 990 817 1054 tenebris,
864 990 1154 1044 imminere
1198 990 1311 1061 jam
1361 990 1658 1058 agnitionis
1707 991 1852 1044 diem
1894 1007 1908 1042 :
1955 1000 2118 1059 atque

538 1077 659 1131 ideo
686 1077 891 1131 clamat
923 1079 1413 1148 expergiscendum
1440 1093 1585 1143 esse,
1613 1094 1681 1133 ne
1706 1095 1804 1149 per
1833 1081 2116 1148 segnitiem

535 1169 658 1237 quis
695 1178 908 1222 noctem
948 1170 1192 1237 patiatur
1251 1170 1305 1223 in
1343 1169 1507 1229 luce;
1551 1180 1607 1223 et
1655 1170 1959 1239 abjicienda
1998 1184 2119 1225 esse

534 1275 700 1328 opera
750 1262 1137 1325 tenebrarum,
1203 1270 1369 1331 atque
1416 1274 1569 1313 arma
1623 1259 1766 1315 lucis
1819 1260 2115 1315 induenda.

536 1349 711 1415 Opera
740 1357 1076 1406 tenebrarum
1115 1360 1247 1407 sunt
1290 1362 1446 1405 actus
1482 1351 1561 1405 illi
1605 1351 1697 1418 qui
1733 1365 1762 1404 a
1808 1350 1916 1405 Deo
1953 1350 2115 1421 alieni

537 1442 651 1511 (55)
676 1451 837 1507 sunt;
865 1460 1016 1498 arma
1043 1458 1175 1498 vero
1198 1444 1355 1508 lucis,
1388 1445 1693 1512 assumptio
1725 1443 2005 1496 virtutum.
2052 1440 2117 1494 Et

536 1535 680 1589 sicut
711 1534 948 1589 diximus
972 1534 1362 1614 dedecorosnm
1392 1549 1512 1589 esse
1544 1536 1630 1588 die
1657 1534 1768 1600 jam
1797 1546 2118 1602 perurgente

537 1626 808 1689 dormire,
842 1627 1011 1680 multo
1043 1635 1126 1680 est
1157 1625 1546 1681 dedecorosius
1584 1625 1685 1679 sub
1717 1625 1828 1697 (56)
1871 1634 2116 1694 tempore

536 1720 642 1774 diei
676 1728 732 1773 et
766 1719 902 1774 lucis
925 1734 1092 1787 opera
1109 1731 1299 1787 gerere
1331 1719 1701 1773 tenebrarum.
1725 1715 1924 1772 Verum
1948 1719 2117 1772 scien-

537 1811 665 1865 dum
697 1822 784 1865 est
804 1851 820 1874 ,
851 1813 1143 1865 adventum
1174 1811 1309 1865 lucis
1336 1809 1497 1877 hujus
1513 1824 1568 1864 et
1592 1811 1700 1864 diei
1729 1810 1936 1879 duplici
1958 1811 2116 1864 modo

2229 622 2342 693 (40)
2374 624 2665 677 videantur
2688 622 3019 688 hominibus,
3051 639 3211 693 quam
3239 624 3367 678 feris
3392 633 3447 677 et
3469 623 3661 680 belluis
3681 641 3801 680 con-

2227 715 2435 770 venire.
2480 712 2607 768 Non
2634 715 2690 766 in
2728 715 3057 767 contentione
3089 723 3139 767 et
3163 713 3521 768 wmulatione.
3557 713 3648 768 Illa
3682 730 3802 786 quae

2226 822 2388 876 supra
2414 806 2550 860 dixit
2571 805 2682 875 (41)
2703 807 2885 860 carnis
2907 806 3178 860 suntvitia
3207 824 3219 859 :
3246 806 3359 860 haec
3380 804 3490 873 jam
3523 818 3578 860 et
3598 810 3797 862 animi:

2225 896 2473 967 quamvis
2501 896 2684 949 omnia
2731 895 2891 950 simul
2928 894 3040 964 (4‘2)
3087 894 3272 949 carnis
3311 909 3475 964 opera
3525 897 3800 960 dicantur,

2168 1004 2174 1010 '
2225 999 2283 1043 et
2301 1002 2466 1056 opera
2494 986 2861 1049 tenebrarum,
2886 988 3009 1055 quia
3037 1001 3225 1040 revera
3253 987 3535 1041 contentio
3560 999 3616 1042 et
3636 1002 3802 1042 acmu-

2226 1075 2427 1130 latioin
2458 1075 2656 1130 animis
2672 1091 2860 1130 eorum
2887 1086 2968 1129 est
2990 1076 3081 1145 qui
3112 1075 3224 1146 (45)
3254 1079 3549 1131 secundum
3582 1094 3800 1134 carnem

2224 1169 2447 1232 vivunt,
2477 1176 2533 1222 et
2563 1167 2656 1236 qui
2694 1167 2748 1220 in
2792 1167 3031 1221 tenebris
3057 1168 3354 1222 ambulant.
3386 1167 3487 1235 Qui
3531 1178 3713 1222 atttem
3747 1173 3798 1222 in

2224 1260 2346 1316 luce
2373 1270 2486 1325 est,
2512 1270 2569 1316 et
2599 1261 2744 1315 sicut
2768 1261 2821 1312 in
2844 1259 2932 1312 die
2966 1258 3194 1313 honeste
3235 1259 3509 1322 ambulat,
3540 1260 3674 1313 nihil
3708 1276 3802 1328 per

2225 1353 2650 1419 contentionem,
2679 1352 2815 1405 nihil
2840 1367 2936 1421 per
2965 1351 3179 1406 inanem
3206 1350 3435 1422 gloriam
3483 1353 3620 1421 gerit
3661 1351 3800 1423 (44).

2224 1443 2339 1499 lloc
2376 1460 2506 1514 ergo
2533 1446 2692 1499 modo
2725 1444 2910 1511 abjicit
2940 1445 3062 1513 quis
3100 1444 3264 1514 (quod
3306 1443 3382 1497 ait
3415 1445 3597 1513 Supra)
3636 1459 3800 1514 opera

2227 1536 2594 1592 tenebrarum.

2293 1625 2462 1699 659
2488 1627 2576 1682 54.
2611 1626 2762 1692 Quod
2800 1641 2925 1679 vero
2946 1625 3083 1679 dixit
3104 1647 3117 1679 :
3140 1625 3435 1679 lnduamus
3462 1643 3611 1679 arma
3643 1627 3803 1690 lucis,

2225 1722 2504 1790 quomodo
2543 1718 2737 1773 debeat
2772 1717 2884 1771 ﬁeri
2920 1732 3068 1770 nunc
3120 1719 3364 1783 estponit.
3400 1716 3503 1771 Sed
3554 1720 3758 1771 induite
3784 1760 3798 1781 ,

2226 1812 2428 1881 inquit,
2464 1809 2747 1864 Dominum
2773 1809 2957 1864 Jesum
2990 1807 3282 1873 Christum,
3320 1819 3365 1861 et
3405 1810 3579 1863 carnis
3620 1827 3799 1863 curam

536 1902 916 1972 accipiendum
958 1921 971 1956 :
1007 1911 1061 1957 et
1089 1903 1400 1972 generalem
1426 1903 1701 1966 omnibus,
1742 1914 1798 1957 et
1829 1903 2122 1971 unicuique
2153 1900 2196 1954 Β
2225 1914 2287 1951 ne
2314 1897 2538 1967 feceritis
2564 1898 2617 1950 in
2653 1896 3090 1963 concupiscentiis
3137 1896 3265 1964 (45).
3297 1896 3634 1966 Frequenter
3661 1900 3802 1953 dixi—-

534 1995 831 2063 specialem
873 1995 1010 2064 ('57).
1060 1992 1345 2050 Generalis
1384 1995 1639 2049 omnibus
1708 1995 1885 2048 aderit
1930 1994 2020 2047 lux
2065 2003 2121 2049 et

547 2085 664 2139 dies
687 2124 703 2148 ,
731 2100 853 2137 curn
888 2084 1054 2138 futuri
1087 2083 1267 2138 saeculi
1324 2095 1538 2154 tempus
1572 2085 1853 2138 advenerit
1882 2102 1896 2136 :
1928 2087 1992 2138 ad
2023 2100 2120 2140 cu-

531 2178 618 2244 jus
653 2178 1116 2247 comparationem
1146 2179 1430 2246 praesentis
1459 2177 1619 2245 hujus
1659 2178 1845 2231 mnmli
1887 2179 2118 2247 spatium

535 2270 780 2323 tenebrae
820 2270 1186 2337 appellantur.
1250 2269 1406 2334 Quod
1449 2278 1662 2337 tempus
1719 2268 2120 2323 labascentibns

532 2361 773 2429 quotidie
803 2360 992 2439 diebus
1027 2362 1332 2430 appropiat,
1367 2369 1423 2414 et
1443 2361 1623 2428 spatia
1653 2375 1776 2429 quae
1828 2361 2120 2431 praeteritis

536 2463 826 2521 augentur,
882 2453 1081 2506 futuris
1135 2454 1253 2508 sine
1298 2455 1462 2508 dubio
1512 2454 1873 2507 minuuntur:
1911 2467 1966 2509 et
1998 2455 2120 2509 ideo

530 2548 748 2613 propior
785 2554 861 2598 est
897 2544 1035 2613 (58),
1056 2545 1251 2612 inquit,
1273 2560 1410 2597 nunc
1434 2556 1614 2598 nostra
1635 2545 1804 2609 salus,
1824 2562 1979 2611 quam
2001 2563 2119 2599 cum

534 2637 891 2699 credidimus,
933 2646 989 2689 et
1014 2636 1257 2702 quotidie
1280 2638 1336 2689 lit
1372 2637 1593 2705 propior
1622 2652 1635 2688 :
1670 2638 1814 2692 sicut
1858 2648 1913 2692 et
1937 2637 2118 2692 Domi-

533 2740 640 2780 nus
675 2741 798 2780 cum
824 2727 1308 2781 consummationis
1341 2728 1524 2781 smculi
1560 2729 1711 2798 signa
1736 2729 2115 2798 distingueret,

537 2818 676 2872 dixit
700 2816 749 2849 “
780 2832 796 2871 :
827 2815 962 2871 Cum
988 2826 1165 2870 autem
1210 2817 1446 2871 uideritis
1479 2820 1590 2872 licet:
1635 2821 1812 2872 omnia
1833 2861 1848 2885 ,
1899 2817 2119 2872 allevate

533 2912 714 2979 capita
750 2920 925 2964 vestra
948 2950 964 2975 ,
1000 2911 1251 2977 quoniam
1290 2911 1564 2978 appropiat
1603 2911 1885 2979 redemptio
1921 2922 2114 2965 uestra.

531 3000 621 3056 Fit
653 3008 836 3054 autem
866 3009 922 3054 et
959 3015 1057 3067 per
1106 3000 1352 3070 singulos
1389 3000 1495 3053 diei
1532 2998 1693 3067 hujus
1731 3003 2018 3056 adventus.
2054 3002 2116 3055 Et

531 3093 690 3148 nobis
716 3093 862 3147 enim
893 3092 937 3146 si
960 3092 1215 3147 Christus
1241 3093 1296 3145 in
1322 3095 1487 3146 corde
1513 3095 1585 3146 sit
1613 3093 1750 3165 (59),
1780 3095 1922 3149 diem
1961 3096 2113 3150 nobis

532 3184 666 3241 facit
702 3202 715 3237 :
752 3186 797 3240 si
829 3185 1169 3253 ignorantias
1219 3194 1436 3240 nostras
1478 3187 1721 3241 scientiae
1755 3189 1895 3242 ratio
1943 3186 2110 3257 fuget,

528 3286 588 3331 et
616 3275 865 3345 indignos
890 3283 1046 3330 actus
1072 3275 1414 3330 declinantes
1439 3276 1525 3344 pia
1546 3291 1774 3346 quaeque
1799 3288 1855 3332 et
1884 3279 2109 3333 honesta

532 3374 841 3433 sectemur,
873 3367 924 3420 in
957 3366 1077 3422 luce
1102 3382 1290 3423 sumus
1314 3367 1514 3436 positi,
1547 3377 1604 3423 et
1625 3368 1784 3438 quasi
1809 3369 1863 3423 in
1895 3371 1982 3425 die
2010 3371 2112 3425 ho-

531 3466 689 3511 neste
711 3456 1076 3511 ambulamus.

603 3547 695 3601 55.
736 3545 868 3613 Quae
896 3547 1002 3602 sint
1025 3557 1207 3601 autem
1237 3561 1399 3615 opera
1434 3546 1783 3603 tenebrarum
1820 3565 1944 3618 quae
1969 3550 2109 3620 abji-

530 3640 725 3696 cienda
747 3649 895 3706 sunt,
935 3650 1334 3709 consequenter
1361 3649 1665 3706 enumerat,
1693 3650 1749 3694 et
1774 3642 1904 3695 dicit
1933 3658 1947 3693 :
1984 3640 2106 3695 Non

531 3732 590 3783 in
615 3731 1085 3785 comessationibus
1121 3739 1174 3784 et
1214 3730 1558 3785 ebrietatibus
1583 3747 1603 3797 ;
1631 3747 1735 3785 non
1764 3733 1818 3786 in
1852 3733 2111 3788 cubilibus

530 3832 581 3877 et
607 3823 994 3892 impudicitiis;
1023 3839 1126 3877 non
1158 3823 1213 3875 in
1241 3823 1573 3876 contentione
1597 3832 1647 3876 et
1682 3823 2017 3878 temulatione
2039 3826 2109 3878 ⁸⁸.

528 3914 635 3968 ista
665 3922 791 3968 sunt
833 3929 998 3982 opera
1039 3914 1420 3981 tenebrarum,
1465 3928 1586 3982 quae
1628 3925 1684 3968 et
1716 3917 1899 3971 carnis
1944 3932 2110 3985 opera

531 4005 891 4075 appellantur,
924 4004 976 4059 in
1008 4005 1094 4060 his
1119 4007 1209 4074 qui
1237 4018 1458 4059 carnem
1488 4019 1642 4059 suam
1672 4007 1898 4062 luxurite
1922 4017 1976 4063 et
2007 4010 2111 4062 im-

530 4098 843 4168 pudicitiae,
873 4113 978 4151 non
1011 4098 1290 4152 sanctitati
1343 4115 1518 4169 neque
1553 4101 1781 4154 Domino
1823 4102 2108 4170 mancipa-

526 4197 677 4245 ruut.
717 4188 1157 4245 Comessationes
1199 4191 1375 4258 enim,
1433 4192 1535 4247 hoc
1572 4202 1657 4247 est
1715 4193 2000 4247 inhonesta
2041 4208 2109 4247 ac

529 4282 811 4337 luxuriosa
855 4283 1143 4349 convivia,
1183 4283 1380 4352 quibus
1425 4285 1743 4340 necessario
1790 4299 1974 4340 comes
2022 4294 2106 4339 est

530 4378 849 4446 turpissima
876 4376 1213 4442 temulentis,
1249 4377 1378 4447 quid
1401 4377 1547 4432 aliud
1579 4379 1965 4448 subsequetur,
1997 4382 2102 4434 nisi

527 4468 732 4523 cubilia
755 4478 809 4523 et
839 4468 1223 4538 impudicitia?
1256 4469 1300 4521 A
1331 4468 1495 4523 laedis
1541 4468 1967 4525 cubitationibus
2007 4485 2105 4525 cu-

592 4587 641 4620 “
664 4587 800 4643 Luc.
834 4604 949 4655 XXI,
992 4587 1085 4643 28.
1158 4588 1206 4620 "
1236 4587 1395 4642 Rom.
1420 4605 1545 4654 xm,
1578 4589 1664 4642 15.

1767 4589 1811 4621 ⁵⁸
1845 4589 2003 4647 Rom.
2045 4607 2160 4657 xw,
2190 4594 2252 4660 1,
2290 4594 2347 4650 9..

2226 2004 2346 2043 mus
2370 1989 2646 2043 Christum
2678 1986 2997 2056 sapientiam
3027 2001 3172 2052 esse,
3199 1997 3254 2040 et
3272 1989 3564 2057 justitiam,
3596 2001 3650 2043 et
3671 2008 3799 2043 san-

2221 2079 2638 2146 ctiﬁcationem,
2668 2089 2722 2134 et
2749 2078 3055 2144 veritatem,
3092 2088 3147 2132 et
3188 2094 3382 2134 omnes
3410 2080 3570 2134 simul
3622 2084 3796 2136 virtu-

2222 2180 2305 2227 tes
2344 2185 2360 2224 :
2396 2186 2534 2240 quas
2566 2172 2755 2241 utique
2777 2176 2867 2240 qui
2891 2172 3265 2239 assumpserit,
3296 2170 3570 2226 Christum
3602 2173 3802 2227 dicitur

2220 2263 2481 2318 induisse.
2515 2263 2574 2318 Si
2611 2265 2754 2318 enim
2778 2268 2890 2319 inec
2916 2265 3100 2321 omnia
3129 2263 3379 2317 Christus
3408 2274 3509 2329 est,
3545 2279 3795 2320 necessa-

2221 2354 2305 2409 rio
2346 2356 2437 2423 qui
2471 2356 2586 2409 haec
2616 2355 2818 2422 habet,
2855 2355 3021 2410 habet
3064 2364 3119 2409 et
3163 2354 3465 2412 Christum.
3501 2353 3603 2421 Qui
3649 2357 3813 2409 enim.

2219 2445 2336 2500 haec
2385 2447 2552 2499 habet
2582 2484 2598 2508 ,
2629 2446 2812 2500 carnis
2862 2460 3050 2499 curam
3082 2442 3197 2515 (46)
3246 2444 3298 2496 in
3335 2445 3811 2513 concupiscentiis.

2220 2555 2328 2595 non
2360 2537 2510 2593 facit.
2550 2538 2917 2595 t'lloderatione
2949 2540 3109 2595 solita
3140 2539 3432 2608 Apostolus
3461 2542 3800 2605 utitur,cuns

2220 2648 2325 2686 non
2354 2647 2451 2702 per
2490 2632 2673 2686 omnia
2698 2633 2880 2687 carnis
2905 2648 3090 2688 curam
3120 2642 3285 2704 negat
3308 2633 3635 2688 habendam.
3666 2634 3798 2688 Ccr-

2222 2733 2333 2777 tum
2362 2732 2447 2778 est
2472 2724 2616 2777 enim
2646 2726 2788 2794 quod
2821 2730 2874 2777 in
2903 2727 3224 2780 necessariis
3254 2726 3501 2780 habenda
3538 2736 3627 2781 est
3654 2742 3668 2789 ;
3732 2727 3787 2780 in

2219 2816 2427 2872 deliciis
2456 2832 2610 2881 vero,
2637 2828 2689 2872 et
2725 2819 2941 2872 luxuria
2971 2858 2986 2883 ,
3012 2827 3177 2887 atque
3214 2818 3361 2873 omni
3399 2821 3795 2890 concupiscen-

2221 2906 2317 2971 tia,
2343 2910 2563 2975 penitus
2586 2907 2945 2962 excludenda.

2288 2998 2379 3053 55.
2415 2998 2699 3067 lii/iratum
2721 3012 2899 3054 autem
2932 3002 2984 3054 in
3018 3001 3125 3069 ﬁde
3162 3001 3434 3062 assumite,
3466 3018 3570 3055 non
3598 3002 3657 3055 in
3702 3001 3788 3054 di-

2215 3091 2625 3158 sceptationibus
2683 3094 3082 3161 cogitationum.
3145 3093 3297 3147 Alius
3349 3093 3559 3162 quidem
3623 3095 3792 3146 credit

2217 3180 2538 3234 manducare
2564 3197 2619 3234 se
2647 3183 2823 3234 omnia
2855 3196 2876 3236 :
2908 3184 2998 3252 qui
3032 3192 3208 3237 autem
3247 3183 3490 3253 inﬁmus
3510 3193 3609 3249 est,
3646 3185 3794 3238 olera

2221 3277 2496 3330 manducet
2533 3276 2601 3331 “.
2641 3276 2710 3331 Et
2741 3277 2793 3331 in
2819 3279 3193 3346 superioribus
3225 3282 3292 3333 de
3320 3279 3443 3334 lidei
3474 3280 3794 3335 inﬁrmitate

2220 3367 2548 3421 mentionem
2592 3368 2721 3425 fecit
2754 3368 2870 3440 (47)
2905 3370 3199 3439 Apostolus
3222 3412 3238 3438 ,
3280 3372 3371 3427 ubi
3403 3375 3483 3427 ait
3525 3373 3594 3429 de
3618 3374 3793 3428 Abra-

2218 3460 2344 3513 ham
2371 3480 2382 3513 :
2412 3459 2543 3515 Cum
2573 3461 2681 3530 fere
2706 3475 2908 3517 centum
2939 3480 3200 3519 annorum
3225 3477 3380 3530 esset,
3416 3482 3518 3520 non
3550 3467 3791 3537 infirma-

2216 3563 2299 3606 tus
2332 3560 2407 3606 est
2444 3552 2633 3620 ﬁde”.
2670 3551 2743 3608 De
2777 3568 2885 3622 qua
2921 3554 3239 3609 inﬁrmitate
3268 3557 3395 3610 lidei
3429 3557 3484 3611 in
3516 3557 3624 3612 illis
3649 3557 3789 3615 locis

2214 3660 2335 3715 quae
2360 3659 2652 3701 occurrere
2679 3655 2968 3715 potuerunt
2990 3651 3361 3717 exposuimus.
3376 3650 3482 3705 Sed
3494 3661 3548 3705 et
3565 3666 3707 3706 nunc
3724 3654 3793 3709 de

2216 3740 2434 3794 inlirmo
2470 3740 2523 3795 in
2558 3740 2663 3796 (ide
2692 3749 3085 3794 commemorat
3114 3740 3250 3812 (48),
3280 3758 3442 3812 quem
3477 3743 3531 3797 in
3562 3757 3628 3799 eo
3658 3743 3792 3798 dicit

2219 3832 2496 3886 inlirmum
2521 3873 2536 3896 ,
2569 3834 2697 3904 quia
2735 3849 2842 3889 non
2874 3835 3049 3888 credit
3076 3837 3410 3890 manducare
3436 3836 3619 3890 omnia
3642 3875 3658 3900 ,
3688 3837 3784 3891 sed

2219 3935 2328 3977 tam
2360 3925 2554 3995 exigua
2586 3933 2673 3980 est
2713 3925 2847 3981 lides
2878 3927 3018 3995 ejus,
3057 3936 3114 3980 ut
3145 3926 3261 3981 sola
3296 3929 3445 3983 olera
3473 3937 3785 3998 competen-

2219 4028 2324 4071 tem
2369 4017 2473 4072 sibi
2506 4033 2633 4073 esse
2675 4020 2949 4075 existimet
2994 4018 3196 4073 cibum.
3245 4019 3398 4088 Quod
3448 4033 3626 4092 potest
3667 4025 3793 4094 qui-

2213 4108 2337 4162 dem
2365 4108 2476 4182 (49)
2504 4110 2679 4166 videri
2721 4112 2924 4167 dictum
2952 4114 3019 4169 ad
3048 4130 3141 4170 eos
3164 4116 3256 4181 qui
3277 4132 3344 4169 ex
3375 4116 3630 4186 gentibus
3657 4131 3782 4173 cre-

2213 4200 2506 4267 diderunt,
2551 4203 2876 4259 extollentes
2911 4219 2969 4259 se
3013 4207 3064 4259 in
3102 4208 3404 4262 libertatem
3437 4208 3603 4273 ﬁdei,
3653 4209 3782 4279 quia

2212 4293 2345 4345 nihil
2372 4307 2661 4349 commune
2709 4303 2801 4348 aut
2831 4299 3165 4353 immundum
3206 4313 3326 4354 esse
3358 4301 3645 4355 crederent
3669 4299 3783 4370 (50)

2209 4387 2494 4438 adversum
2543 4400 2640 4440 eos
2682 4389 2776 4457 qui
2819 4405 2888 4444 ex
2930 4391 3348 4446 circumcisione
3392 4392 3782 4457 crediderunt,

2207 4473 2570 4532 observantes
2614 4478 2792 4535 adhuc
2828 4482 3127 4536 secundum
3163 4483 3512 4539 traditionem
3546 4484 3681 4554 legis
3704 4485 3784 4538 ci-

2447 4598 2492 4629 "
2522 4597 2684 4652 Rom.
2716 4615 2788 4663 tv,
2821 4600 2909 4656 19.

524 4683 906 4771 etiatn‘dici‘tur
929 4725 945 4750 ,
970 4686 1065 4741 sed
1093 4701 1196 4742 ms.
1223 4684 1424 4758 Regius
1455 4702 1604 4739 num.
1639 4685 1777 4740 1659
1800 4726 1817 4751 ,
1853 4697 1908 4741 et
1933 4685 2107 4744 Raba-
2138 4693 2183 4748 D
2209 4690 2611 4771 gloriant‘gerit.
2644 4695 2741 4751 Ms.
2768 4696 2969 4771 Regius
3004 4715 3148 4751 num.
3186 4698 3349 4766 1659,
3378 4715 3543 4771 neque
3564 4715 3655 4769 per
3695 4701 3781 4754 in—

525 4768 648 4815 nus,
683 4755 908 4810 dicetur.

596 4824 710 4893 (54)
742 4824 904 4892 Editi,
933 4827 1269 4893 processisse,
1291 4827 1451 4883 male.

598 4894 712 4964 (55)
756 4893 887 4964 Mss.
917 4898 1162 4964 quidam,
1189 4898 1426 4952 alienati.

596 4963 712 5033 (56)
757 4963 919 5019 Deest
940 4963 1040 5019 sub
1071 4968 1125 5021 in
1157 4968 1311 5021 libris
1337 4979 1496 5022 antea
1529 4970 1713 5024 editis.

598 5035 710 5103 (57)
735 5033 832 5110 Ms.
855 5034 1056 5110 Regius
1091 5036 1242 5110 mini.
1274 5037 1433 5104 1659,
1467 5038 1562 5093 Est
1590 5050 1637 5094 et
1662 5040 1906 5110 generale
1926 5042 2097 5095 omni-

523 5105 642 5175 bus,
670 5118 716 5157 et
742 5106 1021 5175 unicuique
1049 5109 1293 5174 speciale.

595 5173 706 5247 (58)
741 5176 815 5228 Ita
846 5173 944 5228 Ms.
986 5173 1182 5245 Regius
1219 5194 1367 5231 nttm.
1396 5178 1553 5234 1659.
1583 5180 1774 5236 Caeteri
1805 5194 2100 5246 veromss.,

522 5244 803 5323 Rabanns,
843 5260 897 5298 et
941 5244 1093 5323 editi,
1135 5258 1182 5301 et
1219 5247 1335 5301 ideo
1374 5252 1594 5323 propior
1635 5262 1711 5305 est
1752 5251 1904 5323 (editi
1941 5244 2097 5307 ontité

523 5324 642 5370 tuut
662 5314 960 5437 estinostra
977 5318 1145 5382 salus,
1180 5330 1317 5384 etc.,
1347 5314 1552 5375 mniSSO
1579 5314 1770 5389 inquit:

593 5384 706 5437 (59)
759 5385 877 5437 ’άιιί
904 5424 919 5437 .
963 5388 1019 5437 lit
1067 5399 1241 5437 autem
1274 5401 1322 5437 et
1367 5405 1457 5437 ner
1483 5392 1716 5437 singulas
1755 5409 1770 5437 ι

739 5384 877 5462 Editi
904 5424 919 5447 ,
961 5388 1019 5453 ﬁt
1056 5399 1241 5462 autem
1274 5401 1457 5462 e_t__per
1483 5384 1716 5458 singulos
1755 5393 1867 5447 dies
1906 5392 2093 5462 hujus-

519 5456 664 5508 mo’di
695 5459 948 5509 adventus
979 5456 1125 5511 nobis
1153 5472 1172 5510 :
1203 5460 1298 5511 etsi
1324 5456 1641 5513 Christus'in
1672 5465 1828 5515 corde
1859 5463 1950 5524 sit,
1972 5456 2084 5517 etc.

593 5524 705 5600 (40)
744 5526 848 5600 bis.
874 5527 1070 5600 Regius
1098 5545 1248 5582 num.
1283 5528 1444 5589 1ιί59.
1481 5530 1526 5581 Α
1566 5531 1719 5600 {tedis
1754 5534 2092 5600 cogitationi-

521 5596 637 5648 bus.
685 5597 885 5666 Deinde
916 5598 1069 5661 editi,
1101 5615 1221 5652 cum
1254 5608 1492 5652 nontam
1520 5596 1947 5666 rationabilibus,
1983 5613 2092 5659 etc.

604 5664 717 5735 (41)
756 5666 919 5729 Editi.
940 5683 1098 5735 supra
1123 5670 1257 5722 dixi.

596 5737 708 5801 (42)
740 5735 898 5789 Deest
918 5736 1078 5789 simul
1111 5738 1163 5791 in
1195 5738 1351 5793 libris
1382 5747 1539 5795 antea
1574 5740 1752 5795 editis.

597 5807 708 5881 (45)
742 5805 909 5881 Alias,
946 5808 998 5857 in
1025 5807 1180 5881 malis
1204 5820 1488 5881 earumest
1513 5811 1634 5881 qui,
1666 5821 1772 5865 etc.

600 5878 712 5950 (fit)
766 5875 858 5930 Sic
909 5890 1040 5930 mss.
1082 5878 1350 5949 plerique.
1395 5875 1534 5936 Editi
1584 5895 1744 5952 vero,
1792 5891 1839 5939 et
1882 5883 2092 5940 inanem

2210 4765 2617 4838 anemngloriam
2643 4771 2796 4835 gerit,
2834 4765 2904 4819 al.
2942 4774 3148 4838 quaerit.

2205 4831 2588 4955 de£é§)'liditi,
2622 4831 2928 4904 etsponitur.
2954 4831 3067 4893 ’θεά
3106 4839 3482 4893 induimini....
3521 4840 3579 4893 in
3629 4842 3776 4896 desi-

2425 4974 2587 5039 Editi,
2624 4977 2669 5029 si
2699 4978 2838 5029 enim
2876 4979 2987 5030 lucc
3019 4978 3201 5031 omnia
3240 4979 3503 5044 Christus,
3539 4998 3778 5037 necessa-

2206 5042 2285 5094 rio
2307 5042 2397 5112 qui
2429 5049 2540 5098 Iure
2571 5046 2741 5106 habet.
2768 5048 2921 5101 habet
2945 5046 3233 5101 Christum.
3256 5050 3359 5112 Qui
3389 5042 3565 5115 habet,
3600 5055 3776 5106 carnis

2203 5128 2409 5187 curam,
2440 5125 2549 5187 etc.
2578 5114 2777 5187 Deinde
2812 5131 2945 5187 mss.
2974 5118 3237 5186 plerique,
3271 5120 3528 5175 ltabanus
3548 5124 3773 5187 etediti,

2205 5181 2575 5260 iliaderatioiie
2600 5184 2830 5260 sollicita
2860 5181 3145 5260 Apostolus
3155 5259 3161 5260 γ
3184 5191 3370 5250 utitur,
3408 5206 3515 5260 non
3539 5207 3632 5251 per
3660 5181 3776 5247 om;

2203 5257 2315 5316 nia,
2359 5264 2467 5309 etc.
2509 5257 2613 5309 Sed
2649 5258 2850 5313 rectius
2887 5274 2991 5311 ms.
3035 5258 3235 5327 Regius
3269 5275 3422 5314 num.
3462 5259 3599 5315 1659
3628 5272 3685 5316 ιιι
3717 5266 3772 5317 in

2200 5334 2394 5378 nustro
2423 5334 2594 5379 textu.

2267 5390 2404 5464 (47)
2450 5393 2591 5449 Editi
2621 5438 2638 5462 ,
2672 5396 2737 5448 de
2777 5396 2903 5460 fidei
2945 5395 3196 5464 ﬁrmitate
3243 5401 3552 5455 mentionem
3597 5399 3723 5470 fecit
3752 5441 3770 5465 ,

2194 5473 2392 5657 23:8)
2442 5535 2583 5590 Editi
2608 5575 2624 5602 ,
2670 5536 2736 5590 de
2778 5535 3090 5606 inﬁrmitate
3132 5539 3188 5591 in
3227 5536 3334 5607 ﬁde
3375 5550 3770 5598 commemorat.

2252 5609 2380 5746 d(:39)
2405 5675 2503 5750 Sic
2516 5685 2667 5750 recte
2699 5691 2803 5750 ms.
2837 5678 3039 5750 Regius
3069 5679 3399 5738 num.1639.
3421 5681 3612 5738 Caeteri
3633 5694 3766 5737 tero

2196 5745 2594 5821 mss_.det_edi_ti,
2626 5745 2767 5811 Quia
2786 5745 2954 5821 potest
2987 5752 3214 5821 quidem,
3247 5763 3357 5807 etc.

2265 5816 2376 5888 (50)
2403 5817 2570 5887 Editi,
2597 5833 2706 5873 esse
2728 5819 2967 5875 credunt.
