4150 6392
446 402 580 458 19.ὗῦ

1945 388 2102 445 ORlG
2113 387 2264 442 ENIS

3555 377 3693 433 1236

442 524 635 579 borum
683 517 1045 571 differentiam
1089 534 1101 568 :
1142 523 1200 569 ut
1228 528 1323 569 eos
1353 512 1655 583 reprimere
1681 509 1927 563 videatur
1956 517 2010 560 et
2040 516 2086 569 Α
2116 521 2235 557 care
2263 503 2467 557 omnia.
2500 501 2742 568 Denique
2772 507 2826 553 et
2859 497 3136 568 apostolis;
3175 504 3464 566 antequam
3512 494 3688 563 Spiri-

441 628 664 666 inonere
695 626 760 664 ne
811 610 1073 664 insultent
1115 607 1196 662 eis
1225 605 1421 675 quibus
1467 604 1624 672 longa
1670 597 2010 655 consuetudo

442 707 494 757 in
536 701 898 757 observandis
943 701 1082 755 cibis
1127 698 1514 754 discretionem
1563 694 1740 748 adhuc
1775 691 2012 758 aliquam

438 808 495 851 et
523 797 924 852 cunctationem
957 795 1230 848 movebat.
1261 792 1424 846 Jubet
1467 806 1598 860 ergo
1646 805 1770 844 eum
1809 784 1898 854 qui
1933 781 2008 835 ita

438 890 494 943 in
526 889 628 944 hac
664 887 765 942 ﬁde
791 887 1038 941 inﬁrmus
1064 895 1170 948 est,
1208 885 1408 939 assumi
1441 883 1632 952 magis,
1654 893 1709 937 et
1742 897 1847 937 non
1876 882 2012 950 abji-

437 981 528 1044 ci,
584 994 686 1033 nec
731 979 884 1046 quasi
924 976 1194 1031 inﬁdelem
1230 975 1491 1042 iudicari.
1535 973 1692 1027 Aliud
1728 983 1813 1026 est
1863 975 2009 1027 enim

437 1070 710 1125 infidelem
735 1083 874 1132 esse,
907 1067 1049 1121 aliud
1074 1065 1336 1120 infirmari
1365 1066 1418 1118 in
1451 1064 1576 1118 fide.
1601 1063 1740 1117 Nam
1775 1063 2011 1117 infidelis

438 1164 636 1218 dicitur
658 1163 752 1230 qui
785 1177 887 1214 non
922 1159 1294 1221 liabetﬁdem;
1329 1158 1577 1212 inﬁrmus
1603 1168 1780 1211 autem
1800 1158 1852 1210 in
1881 1156 2008 1223 ﬁde,

435 1255 530 1325 qui
553 1256 761 1310 dubitat
788 1255 842 1307 in
873 1261 1024 1320 parte
1053 1251 1230 1321 aliqua
1268 1251 1409 1305 ﬁdei.

503 1368 596 1424 '56.
640 1367 986 1437 Componens
1023 1365 1188 1433 igitur
1227 1361 1516 1432 Apostolus
1547 1362 1598 1415 in
1631 1375 1766 1429 pace
1807 1376 2009 1429 corpus

433 1459 690 1516 Ecclesia:
716 1497 732 1522 ,
771 1457 901 1512 dicit
931 1455 1043 1527 (51)
1079 1473 1093 1509 :
1133 1455 1236 1520 Qui
1273 1456 1590 1517 manducat,
1629 1471 1731 1507 non
1779 1454 2007 1505 mandu-

431 1559 638 1604 cantem
677 1563 778 1601 non
805 1558 1018 1615 spernat
1045 1563 1063 1600 :
1091 1557 1138 1600 et
1168 1548 1259 1616 qui
1292 1563 1393 1599 non
1423 1548 1708 1599 mandarat
1728 1585 1743 1608 ,
1781 1545 2009 1596 mandu-

431 1652 634 1696 cantem
666 1657 769 1694 non
798 1640 1002 1710 judicet
1020 1657 1039 1705 ;
1063 1639 1204 1692 Deus
1235 1641 1372 1693 enim
1403 1638 1553 1691 illum
1585 1639 1892 1704 assumpsit.
1929 1635 2006 1688 Tu

430 1735 549 1803 quis
578 1749 631 1786 es
661 1731 772 1804 (52)
797 1773 811 1794 ,
836 1733 926 1799 qui
950 1731 1164 1800 judicas
1205 1733 1436 1784 alienum
1460 1745 1664 1784 seruum
1704 1729 1729 1782 ?
1762 1726 1872 1782 Suo
1909 1729 2006 1780 do-

429 1823 574 1877 mino
623 1831 774 1886 stat,
811 1831 905 1874 aut
955 1823 1099 1874 cadit
1133 1835 1151 1871 :
1183 1823 1341 1874 stabit
1386 1831 1562 1874 autem
1601 1835 1618 1871 :
1651 1829 1816 1887 potest
1863 1819 2000 1873 enim

429 1915 574 1969 Deus
619 1924 847 1967 statuere
875 1912 1027 1966 illum
1074 1913 1155 1979 ‘3;
1190 1926 1297 1984 quo
1323 1912 1533 1968 scilicet
1577 1928 1676 1982 per
1708 1914 1822 1966 lucc
1855 1911 2000 1966 nulla

427 2013 574 2059 esset
605 2005 749 2060 inter
793 2005 1076 2060 credentes
1101 2005 1345 2060 ciborum
1373 2020 1535 2059 causa
1569 2005 1854 2058 dissensio.
1896 2003 2002 2058 Sed

425 2097 646 2154 videtur
694 2096 808 2152 haec
854 2096 1054 2152 Paulus
1083 2096 1438 2167 profundiore
1477 2097 1647 2163 magis
1680 2108 1841 2149 sensu
1894 2096 2002 2150 elo-

427 2201 609 2246 cutus.
645 2189 832 2260 Neque
856 2191 1002 2244 enim
1033 2204 1098 2243 ex
1126 2188 1542 2244 circumcisione
1575 2187 1913 2241 venientibus
1935 2187 2002 2242 de

425 2284 650 2339 edendis
691 2283 931 2338 oleribus
965 2282 1052 2336 lex
1082 2281 1286 2349 aliquid
1336 2280 1735 2344 mandaverat,
1769 2289 1827 2332 ut
1868 2279 2001 2349 ipsis

425 2378 723 2433 convenire
760 2377 1011 2431 videatur
1051 2375 1196 2443 quod
1236 2375 1315 2427 ait
1347 2391 1361 2426 :
1401 2373 1506 2438 Qui
1537 2382 1710 2426 autem
1751 2373 1998 2438 inﬁrmus

423 2483 524 2536 est,
549 2471 695 2526 olera
723 2469 1027 2524 manducet.
1054 2467 1207 2522 Unde
1227 2476 1439 2521 constat
1465 2481 1586 2520 eum
1611 2466 1677 2520 de
1705 2469 1826 2521 cibo
1844 2467 1995 2523 verbi

423 2566 530 2620 ista
575 2571 814 2617 tractare
836 2603 851 2628 ,
892 2569 947 2614 et
977 2559 1249 2614 inﬁrmum
1286 2559 1466 2614 dicere
1508 2573 1632 2612 esse
1661 2557 1774 2628 (55)
1808 2559 1860 2612 in
1893 2558 1998 2612 ﬁde

421 2671 545 2712 cum
588 2655 680 2725 qui
733 2668 836 2707 non
881 2652 954 2706 ita
999 2649 1276 2721 perfectus
1322 2660 1406 2704 est
1445 2651 1694 2705 sensibus
1740 2660 1797 2703 ut
1826 2651 1998 2718 possit

421 2762 639 2806 onmem
676 2747 858 2800 cibum
885 2745 1033 2798 verbi
1074 2743 1166 2797 Dei
1190 2757 1427 2807 sumere,
1456 2744 1604 2796 sicut
1624 2751 1680 2795 et
1707 2743 1822 2810 ipse
1853 2742 1996 2812 Apo-

420 2843 595 2899 stolus
626 2842 678 2896 in
719 2840 841 2894 aliis
884 2839 1016 2893 dicit
1049 2852 1063 2890 :
1091 2834 1456 2905 Perfectorum
1504 2845 1679 2889 autem
1719 2847 1795 2890 est
1845 2839 1994 2891 cibus

421 2933 644 2994 solidus,
672 2945 853 2984 corum
890 2930 979 3000 qui
1007 2943 1100 2996 pro
1130 2928 1478 2995 possibilitate
1508 2928 1750 2982 sumendi
1786 2931 1992 2983 exerci-

421 3035 561 3078 tatos
599 3022 788 3077 habent
817 3038 1000 3076 sensus
1028 3021 1096 3074 ad
1121 3022 1486 3074 discretionem
1527 3021 1649 3074 boni
1679 3031 1728 3074 et
1765 3022 1890 3074 mali
1917 3021 1988 3073 δ’.

423 3117 492 3176 Ει
514 3119 706 3170 iterum
741 3115 808 3169 ad
842 3115 979 3169 alios
1008 3115 1139 3168 dicit
1165 3127 1180 3166 :
1206 3113 1312 3168 Lac
1335 3115 1480 3169 vobis
1505 3125 1686 3184 potum
1713 3115 1860 3180 dedi,
1886 3133 1991 3170 non

420 3225 592 3263 escam
633 3223 649 3261 :
683 3207 916 3260 nondum
952 3205 1094 3259 enim
1139 3208 1392 3274 poteratis
1429 3206 1494 3261 ⁶⁰.
1528 3207 1594 3261 Et
1634 3205 1879 3276 nunquid
1914 3207 1991 3261 ita
2018 3189 2062 3246 (ἶ

417 3299 588 3368 inepti
621 3297 826 3353 erimus
853 3338 867 3362 ,
913 3309 974 3351 ut
1009 3309 1260 3366 putemus
1289 3298 1608 3367 Apostolum
1653 3298 1744 3367 qui
1793 3299 1991 3353 missus

416 3400 501 3445 est
529 3391 833 3460 praedicare
856 3392 1080 3447 verbum
1106 3389 1226 3456 Dei,
1262 3389 1346 3444 lac
1370 3397 1619 3458 portasse
1643 3403 1830 3445 secum
1847 3391 1992 3459 quod

416 3482 716 3538 Corinthiis
762 3493 946 3551 pOtum
980 3482 1134 3538 daret
1174 3481 1288 3552 (54)
1325 3481 1348 3535 ?
1383 3482 1490 3536 Sed
1520 3483 1873 3536 manifestum
1904 3495 1992 3538 est

416 3580 534 3633 bare
580 3593 702 3634 eum
746 3579 815 3632 de
840 3576 1102 3645 qualitate
1131 3578 1283 3631 verbi
1314 3575 1588 3646 proloqui,
1613 3585 1668 3630 et
1699 3585 1989 3644 propterea

417 3673 598 3726 dicere
629 3689 644 3725 :
680 3671 736 3728 Si
766 3671 888 3739 quis
930 3670 1199 3723 inﬁrmior
1229 3680 1314 3725 est
1361 3672 1611 3726 sensibus
1632 3711 1647 3736 ,
1673 3679 1728 3723 et
1769 3687 1874 3725 non
1908 3681 1992 3726 est

417 3766 490 3820 ita
519 3765 772 3835 perfectas
799 3765 922 3819 ﬁdei
951 3805 967 3829 ,
1003 3775 1063 3817 ut
1092 3765 1158 3819 de
1187 3765 1574 3820 secretioribus
1601 3767 1874 3836 mysteriis
1897 3781 1986 3820 ca-

416 3859 533 3928 piat
561 3858 809 3921 verbum,
841 3871 946 3912 non
981 3857 1181 3912 debere
1227 3857 1275 3910 ei
1322 3872 1420 3926 per
1448 3874 1510 3912 ea
1538 3874 1656 3928 quae
1685 3859 1990 3928 intelligere

415 3965 526 4006 non
551 3959 753 4020 potest,
773 3950 1195 4018 disceptationes
1223 3951 1613 4018 cogitationum
1631 3954 1832 4005 moveri
1848 3949 1986 4022 (55).

415 4040 569 4098 Alius
593 4043 731 4096 enim
757 4085 772 4108 ,
807 4043 1021 4112 inquit,
1062 4045 1228 4097 credit
1273 4045 1598 4098 manducare
1641 4045 1837 4097 omnia.
1870 4043 1986 4100 Non

417 4151 515 4205 per
560 4135 676 4190 haec
722 4133 921 4190 Paulus
972 4137 1040 4192 ad
1083 4138 1266 4192 omnia
1309 4138 1640 4192 comedenda
1693 4137 1990 4206 discipulos

412 4228 696 4294 hortatur;
729 4242 829 4282 nec
863 4231 1000 4298 gulae
1049 4237 1104 4282 et
1145 4229 1374 4299 gurgitis
1421 4241 1506 4284 est
1541 4228 1801 4298 magister
1838 4247 1850 4283 :
1889 4229 1988 4282 sed

414 4319 482 4372 de
521 4317 628 4372 illis
654 4317 772 4372 sine
800 4319 964 4373 dubio
993 4319 1142 4383 dicit,
1171 4335 1404 4389 quorum
1441 4320 1576 4375 ﬁdes
1613 4320 1852 4390 perfecta
1879 4328 1984 4385 est,

413 4420 473 4464 et
502 4411 667 4467 nullis
696 4413 750 4466 in
768 4415 938 4468 verbo
966 4413 1063 4466 Dei
1082 4414 1497 4470 discretionibus
1517 4412 1941 4492 impeditur(56)
1967 4450 1980 4484 ε

2119 604 2228 647 ιιιιιι
2282 603 2530 647 sanctum
2584 595 2937 661 acciperent,
2987 590 3270 644 dicebatur
3322 604 3351 639 a
3402 586 3685 639 Domino:

2115 686 2290 739 Multa
2330 685 2500 738 adhuc
2532 686 2696 738 habeo
2717 700 2832 754 qua:
2859 684 3044 752 loquar
3079 683 3256 741 vobis;
3287 681 3377 734 sed
3413 695 3518 733 non
3544 690 3689 746 pote-

2114 778 2208 829 stis
2235 775 2327 828 illa
2350 777 2503 828 modo
2534 776 2739 828 audire.
2781 773 2963 828 Veniet
3001 783 3177 827 autem
3215 771 3523 824 Paracletus
3563 771 3689 836 Spi-

2115 869 2251 920 ritus
2281 868 2548 931 veritatis,
2569 880 2616 920 et
2642 869 2749 935 ipse
2785 881 2874 918 vos
2895 865 3094 918 docebit
3118 865 3298 918 omnia
3318 863 3384 916 ⁵³.
3419 861 3526 916 ista
3563 868 3694 915 sunt

2114 970 2244 1024 ergo
2275 955 2456 1008 omnia
2500 970 2621 1023 quae
2657 955 2831 1008 credit
2861 955 3191 1008 manducare
3219 954 3265 1007 is
3292 954 3382 1022 qui
3428 967 3525 1019 pro
3564 951 3691 1006 ﬁdei

2112 1047 2450 1116 perfectione
2483 1061 2581 1115 per
2617 1047 2850 1115 gratiam
2881 1045 3054 1099 sancti
3083 1045 3319 1111 Spiritus
3345 1058 3515 1111 capax
3535 1043 3689 1097 verbi

2111 1139 2428 1192 secretioris
2454 1138 2745 1192 exstiterit.
2775 1137 2947 1192 Habet
2981 1147 3160 1191 tamen
3193 1145 3248 1191 et
3272 1135 3520 1190 inﬁrmus
3539 1135 3686 1206 quod

2110 1241 2287 1284 sumat
2331 1245 2397 1285 ex
2443 1230 2608 1284 verbo
2639 1229 2775 1293 Dei,
2820 1238 2875 1282 et
2902 1238 2985 1283 est
3013 1228 3222 1297 species
3253 1229 3501 1298 quaedam
3532 1227 3686 1280 verbi

2110 1336 2274 1390 quam
2300 1321 2386 1374 hic
2418 1320 2705 1389 Apostolus
2732 1319 2877 1373 olera
2908 1320 3223 1388 appellavit,
3259 1333 3380 1388 quae
3412 1317 3686 1372 audientis

2109 1425 2331 1462 sensum
2359 1424 2465 1464 non
2497 1419 2607 1462 tam
2646 1410 2924 1463 robustum
2955 1409 3147 1464 reddat
3171 1419 3226 1463 et
3263 1409 3483 1471 fortem,
3518 1420 3685 1474 quam

2107 1497 2274 1568 660
2313 1507 2584 1552 sustentet
2615 1508 2671 1552 et
2705 1498 2931 1554 interire
2964 1513 3069 1552 non
3101 1498 3267 1554 faciat
3293 1497 3431 1570 (57).
3461 1496 3517 1550 ln
3545 1495 3687 1549 inul-

2111 1593 2179 1644 tis
2213 1591 2412 1644 elenim
2444 1590 2882 1646 deinterioribus
2909 1591 3103 1646 animae
3132 1593 3381 1646 sensibus
3399 1591 3683 1660 Scriptura

2109 1682 2288 1736 divina
2316 1683 2470 1750 quasi
2500 1683 2565 1736 de
2585 1683 2950 1737 exterioribus
2979 1685 3225 1752 corporis
3247 1683 3489 1754 loquitur
3513 1699 3684 1738 mem-

2107 1779 2254 1839 bris;
2291 1787 2346 1831 et
2374 1778 2514 1832 sicut
2557 1792 2696 1847 saepe
2727 1778 3012 1832 docuimus
3045 1779 3355 1833 interiorem
3402 1780 3678 1834 hominem

2035 1857 2077 1910 Β
2110 1868 2192 1922 vel
2218 1869 2405 1922 videre
2433 1907 2448 1932 ,
2478 1867 2562 1922 vel
2595 1867 2784 1921 audire
2807 1906 2824 1932 ,
2851 1867 2934 1921 vel
2975 1867 3256 1922 ambulare
3285 1869 3574 1934 nominari,
3606 1868 3680 1922 ita

2105 1967 2160 2012 et
2194 1973 2338 2012 nunc
2373 1960 2491 2026 ipse
2537 1958 2768 2013 interior
2814 1959 2977 2012 homo
3010 1967 3103 2012 aut
3129 1973 3346 2013 omnem
3381 1959 3562 2014 cibum
3595 1960 3679 2014 di-

2105 2051 2248 2104 citur
2274 2064 2434 2117 posse
2461 2051 2737 2119 percipere
2775 2051 2819 2104 si
2858 2049 3132 2119 perfectus
3161 2061 3269 2114 est,
3301 2059 3395 2104 aut
3435 2053 3481 2105 si
3524 2051 3678 2104 inﬁr-

2103 2156 2224 2195 mus
2253 2151 2337 2196 est
2366 2143 2515 2196 olera
2568 2140 2921 2196 manducare.
2953 2142 3060 2196 Sed
3115 2151 3175 2196 ut
3217 2142 3585 2211 perfecturum
3620 2144 3675 2198 in

2101 2231 2345 2287 Ecclesia
2393 2232 2742 2287 concordiam
2788 2240 2843 2286 et
2883 2233 3322 2300 imperfectorum
3367 2233 3520 2303 (58),
3556 2243 3678 2288 tan-

2101 2339 2263 2394 quam
2296 2325 2707 2380 inhonestorum
2735 2325 2790 2377 in
2826 2338 3055 2392 corpore
3109 2325 3472 2379 membrorum
3507 2327 3674 2380 hone-

2099 2426 2420 2486 storumque
2453 2424 2764 2487 componat,
2795 2431 2897 2470 nec
2921 2416 3188 2470 habeatur
3226 2419 3280 2470 in
3317 2417 3397 2470 eis
3424 2417 3531 2470 ulla
3559 2419 3673 2473 dis-

2099 2511 2303 2571 sensio,
2334 2507 2468 2561 dicit
2491 2507 2537 2538 ⁶³
2568 2525 2582 2560 :
2619 2507 2723 2571 Qui
2759 2507 3082 2572 manducat,
3124 2524 3225 2561 non
3263 2509 3671 2563 manducantem

2100 2617 2204 2653 non
2238 2607 2447 2667 spernat
2483 2614 2502 2652 :
2540 2608 2587 2650 et
2626 2598 2716 2667 qui
2753 2614 2857 2650 non
2901 2599 3185 2650 manducet
3210 2636 3228 2662 ,
3263 2602 3672 2653 manducantem

2098 2707 2200 2743 non
2233 2690 2462 2758 judicet.
2504 2687 2617 2743 Hoc
2644 2698 2728 2742 est
2760 2689 2902 2756 quod
2931 2699 2986 2741 et
3028 2688 3154 2742 alibi
3195 2689 3327 2742 dicit
3356 2706 3369 2742 :
3405 2690 3539 2755 Quia
3568 2708 3673 2746 non

2095 2788 2256 2848 potest
2281 2781 2455 2833 dicere
2485 2778 2667 2832 oculus
2699 2782 2885 2831 manui
2904 2797 2922 2832 ε
2944 2779 3067 2832 Non
3095 2796 3148 2833 es
3180 2782 3308 2834 mihi
3335 2784 3672 2848 necessaria;

2094 2881 2140 2922 et
2165 2879 2322 2939 caput
2343 2870 2560 2939 pedibus
2591 2883 2610 2921 .'
2640 2869 2764 2923 Non
2797 2871 3037 2924 desidero
3064 2889 3274 2939 operam
3299 2883 3546 2927 uestram.
3565 2874 3671 2930 Sed

2094 2962 2260 3016 multo
2288 2964 2456 3032 magis
2482 2978 2599 3030 qua:
2633 2962 2874 3015 uidentur
2907 2964 3137 3017 membra
3177 2965 3410 3033 corporis
3446 2967 3671 3020 inhone-

2093 3055 2258 3106 stiora
2291 3069 2425 3119 esse,
2459 3055 2753 3106 necessaria
2789 3063 2911 3105 sunt
2953 3053 3019 3107 ⁸⁸.
3049 3055 3113 3108 Et
3150 3055 3237 3109 his
3274 3070 3404 3126 ergo
3433 3071 3666 3124 quorum

2096 3143 2229 3199 ﬁdes
2249 3154 2402 3199 tanta
2428 3154 2511 3198 est
2539 3153 2596 3198 ut
2634 3145 2815 3199 omnia
2851 3148 3058 3214 possint
3082 3147 3433 3212 manducare,
3473 3157 3527 3202 et
3551 3163 3669 3202 om-

2097 3254 2222 3292 nem
2272 3238 2422 3293 verbi
2455 3238 2690 3306 speciem
2743 3253 2942 3308 capere
2993 3253 3061 3295 ne
3093 3240 3408 3309 superbiant
3431 3250 3487 3294 et
3517 3256 3670 3310 sper-

2096 3339 2231 3384 nant
2277 3345 2370 3385 eos
2412 3333 2504 3401 qui
2548 3331 2838 3385 inferiores
2878 3340 3006 3384 sunt
3048 3331 3326 3401 praecipit;
3360 3342 3416 3386 et
3449 3349 3668 3388 rursum

2094 3423 2180 3478 his
2210 3425 2299 3492 qui
2335 3425 2623 3492 incapaces
2670 3433 2801 3478 sunt
2846 3423 3194 3493 perfectioris
3221 3426 3484 3480 doctrina:
3512 3441 3665 3480 man-

2095 3515 2189 3570 dat
2214 3531 2283 3570 ne
2307 3515 2553 3583 judicent
2574 3529 2668 3571 eos
2706 3530 2937 3584 quorum
2968 3531 3160 3572 sensus
3196 3518 3448 3583 capacior
3473 3526 3578 3584 est,
3613 3526 3669 3573 et

2093 3607 2404 3662 intellectus
2427 3607 2777 3662 eminentior.
2805 3605 2994 3664 Solent
3016 3611 3161 3664 enim
3190 3625 3452 3678 perverso
3474 3611 3670 3668 ordino

2093 3699 2326 3769 imperiti
2357 3702 2559 3769 peritos
2582 3701 2864 3769 judicare,
2911 3712 2968 3757 et
3004 3703 3219 3756 desides
3247 3703 3542 3757 studiosos.
3575 3701 3668 3755 ln-

2095 3793 2302 3846 terdum
2338 3803 2516 3848 tamen
2547 3808 2600 3849 et
2626 3795 2680 3849 bi
2710 3797 2802 3865 qui
2837 3796 3082 3851 scientiat-
3116 3795 3297 3865 aliqua
3327 3795 3477 3849 initia
3507 3809 3670 3864 cepe-

2093 3883 2222 3947 rint,
2267 3884 2525 3939 inflantur
2552 3896 2605 3940 et
2637 3888 2974 3941 extolluntur
3014 3888 3303 3942 adversum
3339 3902 3434 3942 eos
3459 3887 3552 3956 qui
3588 3885 3668 3939 vi-

2091 3975 2286 4029 dentur
2324 3979 2506 4030 minus
2533 3993 2762 4045 capaces
2791 3993 2932 4033 esse.
2976 3978 3186 4034 Idcirco
3221 3980 3386 4049 igitur
3416 3979 3668 4046 increpa-

2091 4068 2238 4122 tione
2258 4069 2570 4137 apostolica:
2590 4071 2932 4125 auctoritatis
2954 4071 3158 4125 Paulus
3185 4071 3466 4139 utriusque
3495 4070 3668 4138 partis

2090 4159 2431 4214 insolentiam
2460 4164 2760 4230 reprimens
2782 4164 2912 4218 dicit
2937 4182 2951 4217 :
2981 4163 3059 4216 Tu
3091 4166 3209 4231 quis
3234 4163 3416 4231 es,qui
3444 4163 3666 4231 judicas

2088 4252 2319 4305 alienum
2345 4270 2551 4307 seruum
2579 4255 2604 4308 .9
2634 4254 2744 4310 Suo
2771 4257 2984 4310 domino
3023 4266 3149 4322 stat,
3182 4266 3276 4307 aut
3309 4255 3472 4306 cadit.
3508 4253 3667 4320 Quod

2086 4343 2236 4407 dicit,
2273 4354 2397 4409 stat,
2427 4355 2520 4398 aut
2553 4351 2722 4412 cadit,
2760 4350 3058 4402 secundum
3100 4363 3320 4403 sensum
3347 4346 3466 4414 ejus
3499 4362 3663 4415 quem

2085 4435 2335 4504 increpat
2386 4436 2501 4507 (59)
2557 4439 2708 4493 dicit.
2760 4438 2896 4491 Nam
2938 4449 2991 4492 et
3039 4438 3348 4507 imperitior
3389 4437 3436 4490 si
3482 4437 3668 4490 videat

412 4512 553 4596 quos
575 4497 1040 4596 idem-Apostolus
1067 4503 1128 4555 in
1151 4503 1272 4558 aliis
1299 4507 1576 4573 spiritales
1606 4516 1982 4582 appellatcum
2015 4537 2066 4596 Ι)
2092 4497 2405 4590 quempiam.
2429 4497 2751 4593 profundius
2781 4527 3005 4596 aliquid,
3024 4535 3078 4580 et
3112 4497 3172 4579 ut
3206 4527 3319 4594 ipse
3342 4539 3536 4594 capere
3557 4539 3667 4578 non

412 4588 546 4642 dicit
579 4588 624 4621 ⁶¹
650 4608 664 4644 :
702 4590 979 4662 Spiritalis
1024 4606 1200 4648 autem
1228 4601 1491 4654 examinat
1522 4605 1720 4660 omnia.
1753 4607 1871 4677 Ipse
1901 4621 1988 4665 cst

410 4700 544 4755 ergo
575 4686 640 4740 de
669 4699 779 4755 quo
814 4685 902 4739 hic
944 4687 1074 4740 dicit
1107 4705 1119 4741 :
1153 4687 1308 4742 Alius
1343 4701 1518 4745 autem
1555 4698 1719 4751 credit
1758 4707 1983 4755 mandu-

481 4849 528 4881 ⁵³
552 4849 706 4905 Rom.
742 4867 853 4922 stv,
887 4852 952 4914 3,
985 4850 1039 4904 4.
1123 4852 1169 4883 ⁸⁸
1205 4851 1368 4909 Hebr.
1396 4871 1449 4922 v,
1487 4858 1573 4913 14.

413 4923 586 4985 x1v,'5.
657 4921 701 4954 δ”
747 4921 916 4976 lCor.
956 4939 1055 4987 xu,
1102 4923 1194 4990 21,
1233 4924 1322 4978 22.

486 5085 601 5157 (51)
657 5085 748 5140 Sic
791 5092 938 5139 recte
983 5099 1122 5157 mss.
1164 5084 1364 5157 Regius
1399 5099 1547 5157 num.
1575 5085 1743 5157 71659.
1785 5085 1984 5142 Cieteri

411 5155 542 5212 vero
580 5155 730 5217 inss.,
762 5158 816 5208 in
847 5170 974 5223 pare
999 5155 1156 5207 corda
1183 5170 1249 5207 etc
1278 5156 1358 5207 his
1390 5156 1534 5207 dicit.
1572 5156 1647 5209 lta
1678 5161 1842 5212 etiam
1865 5160 1982 5212 edi-

413 5232 473 5288 ti,
509 5226 612 5280 nisi
663 5225 803 5294 quod
835 5226 1092 5278 omittant
1118 5240 1182 5279 ea:
1209 5227 1291 5278 his
1318 5265 1333 5290 ,
1379 5236 1434 5279 et
1467 5226 1746 5294 habeant,
1810 5230 1854 5281 is
1894 5231 1984 5298 qui

413 5298 723 5360 manducat,
764 5306 871 5349 etc.

485 5366 597 5436 (52)
631 5367 754 5420 Ηίεο
777 5364 959 5421 verba.
992 5363 1069 5416 Tu
1100 5365 1218 5434 quis
1248 5382 1332 5428 es,
1361 5378 1493 5431 etc.,
1529 5380 1698 5434 usque
1727 5369 1792 5420 ad
1819 5407 1834 5430 ,
1871 5377 1983 5422 sta-
2069 5395 2071 5398 ‹

414 5448 558 5491 tuere
601 5437 775 5503 illum,
802 5437 1136 5490 omittuntur
1174 5437 1228 5490 in
1260 5437 1455 5500 editis;
1491 5440 1584 5490 sed
1618 5440 1980 5493 restituuntur

413 5522 476 5558 ex
506 5508 758 5560 omnibus
782 5521 912 5560 mss.

485 5576 596 5648 (55)
628 5577 778 5648 Esse.
807 5574 864 5629 In
888 5577 1049 5631 editis
1081 5577 1538 5648 praetermittitur:

487 5644 601 5716 (54)
633 5647 876 5717 Sicmss.
913 5644 1114 5717 Regius
1142 5663 1290 5701 num.
1325 5648 1486 5711 1659,
1517 5644 1796 5712 Rabauus,
1825 5649 1980 5703 Salo-

415 5714 607 5770 dianus
641 5725 694 5769 et
721 5714 1018 5773 Merliuusf
1038 5719 1168 5773 Mss.
1198 5733 1328 5772 vero
1346 5718 1586 5786 quidam,
1608 5721 1689 5771 lac
1719 5730 1977 5788 portasse,

414 5788 700 5856 secundum
730 5788 868 5856 quod
903 5792 975 5841 ait
1014 5791 1080 5841 ad
1115 5789 1415 5841 Corinthios
1441 5829 1457 5854 ,
1491 5798 1547 5841 ut
1585 5800 1766 5854 potum
1804 5794 1974 5844 daret.

417 5855 815 5915 Genebrardus.
844 5859 928 5912 lac
953 5872 1187 5929 portasse
1211 5863 1493 5914 secundum
1521 5861 1661 5930 quod
1691 5858 1977 5916 Corinthiis

1657 4860 1702 4891 ⁸ο
1736 4861 1904 4919 lCor.
1942 4881 1998 4919 ut
2021 4907 2036 4932 ,
2068 4866 2121 4920 2.
2200 4867 2245 4899 ⁸⁸
2279 4867 2446 4923 lCor.
2481 4885 2542 4931 ll,
2570 4868 2658 4922 15.

2094 4620 2275 4680 potest
2307 4612 2444 4686 (60),
2463 4617 2806 4683 sentientem,
2831 4617 3094 4672 cecidisse
3118 4631 3241 4670 eum
3264 4617 3468 4685 iudicat
3493 4630 3523 4670 a
3541 4616 3667 4671 fidei

2094 4716 2273 4773 statu;
2304 4719 2358 4762 et
2387 4724 2605 4764 rursum
2631 4711 2723 4777 qui
2779 4708 3039 4763 inflantur
3067 4725 3134 4764 ex
3164 4710 3392 4765 scientia
3418 4751 3433 4776 ,
3465 4717 3521 4762 et
3555 4721 3666 4762 non

2736 4869 2778 4900 θ’
2805 4864 2962 4922 Joan.
2991 4881 3103 4932 xt't,
3134 4866 3220 4931 12,
3258 4867 3342 4920 15.
3420 4867 3465 4899 ⁸³
3492 4867 3648 4922 Rom.

2089 5101 2269 5158 potum
2302 5091 2471 5142 daret.

2161 5160 2275 5232 (55)
2322 5159 2502 5223 Editi,
2552 5175 2655 5212 non
2699 5161 2884 5214 debere
2917 5178 3033 5214 eum
3081 5180 3172 5228 per
3203 5179 3265 5214 ea
3302 5179 3421 5230 quat
3459 5162 3661 5214 intelli-

2089 5247 2208 5310 gere
2239 5248 2343 5285 non
2380 5240 2586 5299 potest,
2624 5232 3085 5300 disceptationibus
3126 5235 3504 5301 cogitationum
3542 5249 3661 5286 mo-

2088 5317 2190 5354 veri
2200 5338 2214 5352 .

2158 5369 2271 5439 (56)
2299 5369 2462 5434 Editi,
2486 5371 2763 5437 impedita.

2159 5440 2273 5508 (57)
2301 5441 2467 5503 Editi,
2496 5457 2596 5493 non
2634 5444 2794 5497 sinat.

2157 5511 2466 5585 (58)AEditi,
2496 5511 2673 5585 sedul
2699 5513 3043 5582 perfectorum
3077 5526 3124 5567 et
3155 5513 3575 5585 imperfectorum
3600 5513 3656 5569 in

2089 5581 2348 5654 Eccl-esu:
2358 5582 2716 5654 concordiam,
2745 5581 2797 5636 et
2814 5581 3253 5654 imperfectorum,
3290 5581 3398 5642 etc.

2159 5650 2272 5721 (59)
2312 5651 2476 5713 Editi,
2506 5652 2829 5720 increpabat,
2859 5650 3016 5708 male.

2160 5721 2272 5790 (60)
2302 5721 2368 5773 Et
2399 5734 2453 5793 ut
2477 5723 2585 5789 ipse
2615 5739 2800 5789 capere
2837 5742 2938 5777 non
2971 5737 3156 5793 potest,
3190 5739 3294 5782 etc.
3338 5729 3429 5784 Sic
3465 5744 3658 5784 omnes

2089 5806 2222 5846 mss.
2260 5792 2432 5846 nostri
2463 5802 2519 5844 et
2561 5793 2831 5850 Rabantts.
2869 5797 3009 5850 Editi
3043 5812 3191 5864 vero,
3231 5802 3369 5869 quod
3420 5803 3528 5870 ipse
3567 5817 3657 5853 ca-

2089 5879 2208 5932 pere
2234 5880 2336 5916 non
2361 5874 2546 5933 potest,
2576 5876 2682 5920 etc.
