4150 6470
486 423 509 478 Ι
527 424 623 477 337

1446 421 1801 479 COMMENT.
1839 422 1906 476 IN
1940 420 2157 477 El’lST.
2191 419 2281 473 AD
2321 419 2488 476 ROM.
2534 420 2662 477 LIB.
2699 423 2789 478 IX.

3610 429 3761 484 {238

481 555 605 593 cum
635 538 923 604 charitate,
957 540 1100 595 sicut
1132 540 1339 595 Paulus
1368 554 1701 604 commonet.
1741 542 2064 613 agunt(6l),
2097 550 2142 604 Α
2170 557 2277 610 que
2308 542 2605 611 capitulum
2634 543 2685 595 in
2719 557 2826 611 quo
2853 543 3045 613 dogma
3068 544 3286 612 pietatis
3321 553 3375 600 et
3407 545 3529 600 fidei
3566 549 3747 601 conti-

482 630 734 686 similiter
752 635 819 687 de
845 633 1273 703 imperitioribus
1299 635 1611 706 quibusque
1639 637 1934 705 cpinantur
1964 655 1976 688 :
2006 647 2062 690 et

481 723 604 777 ideo
631 732 955 793 potestatem
977 724 1131 781 fratri
1154 726 1431 793 iudicandi
1453 726 1640 782 fratris
1670 730 1895 782 exemit.
1916 727 2061 781 Bene

479 824 660 869 autem
688 817 920 871 alienum
947 835 1153 875 servum
1181 819 1279 879 ait.
1298 821 1425 889 quia
1449 821 1709 877 Dominus
1737 824 1871 877 dicit
1904 843 1918 877 :
1960 822 2060 877 Vos

480 916 659 960 autem
698 923 876 963 omnes
918 908 1114 978 fratres
1146 913 1270 965 estis
1303 910 1368 966 ⁸⁸.
1402 911 1607 967 Omnes
1635 954 1651 977 ,
1686 916 1803 976 .hoc
1829 923 1913 970 est
1942 917 2062 970 uni-

479 1013 638 1054 versa
672 1011 921 1056 creatura
947 1042 962 1070 ,
994 1011 1048 1057 et
1080 1019 1223 1059 unus
1267 1012 1353 1059 est
1386 1003 1535 1059 solus
1583 1005 1846 1062 Dominus
1897 1005 2059 1062 .lcsus

479 1089 752 1159 Christus,
790 1094 881 1162 qui
911 1105 995 1150 est
1022 1094 1284 1149 Dominus
1310 1096 1542 1149 omnium
1568 1136 1583 1160 ,
1623 1097 1764 1150 dives
1804 1099 1861 1151 in
1899 1100 2062 1152 omni-

479 1182 575 1236 bus
607 1183 676 1237 “.
712 1184 888 1238 Simul
938 1193 995 1240 et
1039 1184 1341 1239 bonitatem
1382 1188 1472 1240 Dei
1523 1186 1847 1242 ineffabilem
1886 1192 2062 1244 mani-

478 1272 660 1340 festat,
693 1290 819 1330 cum
852 1277 982 1331 dicit
1004 1277 1072 1332 de
1095 1292 1161 1331 eo
1189 1277 1282 1347 qui
1307 1278 1573 1333 cecidisse
1590 1278 1824 1346 videtur,
1843 1283 2058 1335 etiamsi

478 1381 607 1420 vere
647 1368 944 1433 ceciderit,
982 1369 1109 1438 quia
1153 1379 1335 1438 potens
1375 1381 1451 1423 est
1496 1369 1637 1424 Deus
1682 1370 1797 1441 (62)
1831 1383 2060 1426 statuere

476 1456 627 1512 illum
652 1459 718 1511 ⁸⁷.
753 1458 1009 1514 Dominus
1038 1461 1184 1515 enim
1214 1462 1367 1531 erigit
1401 1460 1555 1516 elisos
1577 1461 1645 1517 ⁸⁸.

547 1551 638 1608 57.
675 1551 822 1606 Alter
844 1554 1057 1622 judicat
1106 1553 1339 1608 alternos
1367 1555 1481 1611 dies
1510 1573 1530 1620 ;
1561 1555 1697 1610 alter
1723 1566 1903 1611 autem
1943 1554 2057 1629 (63)

465 1642 677 1713 judicat
706 1660 913 1697 onmem
943 1645 1099 1699 diem.
1123 1644 1493 1715 Unusquisque
1513 1649 1569 1700 in
1599 1664 1696 1701 suo
1716 1664 1871 1702 sensu
1892 1650 2060 1702 abun-

472 1735 559 1790 det
593 1735 659 1789 ⁸⁸.
694 1734 941 1804 Diximus
984 1739 1234 1807 superius
1272 1741 1568 1794 secundum
1614 1741 1808 1795 litterae
1841 1752 2059 1810 aposto-

472 1825 593 1880 licae
634 1828 1083 1896 consequentiam
1129 1830 1301 1883 videri
1351 1830 1468 1884 haec
1517 1830 1585 1884 de
1633 1831 1886 1885 ciborum
1938 1830 2054 1901 (64)

2167 646 2347 697 netur,
2367 636 2481 688 dies
2507 633 2739 689 dicatur.
2759 633 2898 689 Vere
2930 636 3077 689 enim
3103 636 3218 690 dies
3240 646 3324 690 est
3353 634 3469 708 (68)
3501 639 3594 704 qui
3624 637 3746 690 illii-

2167 728 2334 779 miuat
2366 737 2602 780 mentem
2632 766 2646 790 ,
2673 726 2766 794 qui
2798 727 3120 796 ignorantiae
3146 727 3401 781 tenebras
3434 727 3605 796 fugat,
3642 728 3734 796 qui

2164 818 2460 879 Christum,
2508 818 2598 887 qui
2630 818 2712 873 sol
2754 826 2839 873 est
2867 819 3097 888 justitite
3124 819 3194 881 τί,
3239 819 3403 872 habet
3430 818 3484 872 in
3519 834 3660 875 sese.
3686 820 3743 872 Si

2164 911 2287 979 quis
2337 924 2469 980 ergo
2516 911 2590 964 sit
2635 910 2729 977 qui
2786 910 2860 963 ita
2892 910 3090 965 divinis
3143 908 3340 964 litteris
3384 924 3607 979 operam
3639 911 3744 963 im-

2163 1003 2366 1072 pendat
2419 1017 2484 1057 ac
2532 1004 2812 1067 studium,
2865 1011 2925 1056 ut
2968 1017 3185 1056 omnem
3238 1002 3384 1057 diem
3434 1014 3488 1056 et
3525 1018 3743 1058 onmem

2164 1108 2381 1147 sensum
2412 1093 2713 1163 Scriptura:
2745 1092 2942 1147 divinae
2980 1094 3237 1147 discutiat
3267 1104 3322 1147 et
3350 1093 3632 1161 dijudicet,
3672 1097 3745 1150 ita

2162 1195 2222 1237 ut
2255 1201 2359 1239 non
2390 1201 2513 1239 eum
2576 1196 2819 1240 transeat
2853 1187 2920 1240 de
2967 1186 3086 1257 lege
3124 1187 3233 1240 iota
3277 1202 3441 1240 unum
3474 1190 3557 1241 vel
3602 1204 3747 1242 unus

2164 1289 2299 1342 apex
2334 1275 2405 1339 τ’,
2456 1275 2544 1329 hic
2582 1290 2799 1330 omnem
2845 1276 2990 1331 diem
3031 1277 3306 1332 videbitur
3337 1277 3602 1345 judicare.
3643 1278 3744 1345 Qui

2162 1375 2342 1419 autem
2368 1381 2472 1420 non
2495 1375 2581 1421 est
2605 1375 2787 1422 tantus
2809 1367 3051 1438 ingenio,
3076 1368 3341 1432 alternos,
3363 1369 3414 1423 id
3440 1381 3525 1424 est
3543 1385 3747 1439 paucos

2161 1456 2320 1528 661
2358 1472 2423 1511 ex
2455 1457 2641 1511 multis
2672 1458 2854 1526 capiet
2884 1474 3094 1518 sensus.
3128 1459 3219 1527 qui
3241 1460 3286 1513 si
3320 1475 3425 1513 non
3466 1461 3532 1514 ad
3570 1461 3745 1529 pleni-

2164 1548 2405 1601 tudinem
2430 1547 2677 1602 scientite
2704 1546 2998 1613 sufﬁciant,
3023 1558 3078 1602 at
3100 1560 3250 1604 certe
3277 1551 3368 1619 qui
3394 1551 3459 1606 ad
3477 1568 3743 1605 summam

2162 1635 2286 1691 fidei
2326 1638 2462 1693 satis
2494 1638 2605 1693 sint
2642 1637 2778 1709 (69).
2824 1638 3063 1709 Uterque
3100 1655 3233 1711 ergo
3259 1644 3560 1696 secundum
3608 1658 3747 1712 apo-

2161 1729 2416 1784 stolieum
2462 1731 2755 1786 consilium
2802 1732 3014 1802 gratias
3056 1744 3180 1801 agat
3219 1733 3330 1787 Deo
3360 1732 3506 1805 (70);
3533 1734 3623 1790 ille
3650 1737 3740 1803 qui

2159 1823 2305 1891 sapit
2331 1837 2549 1877 omnem
2584 1823 2747 1888 diem,
2778 1835 2832 1879 et
2865 1824 2959 1892 qui
2990 1826 3284 1880 manducat
3311 1830 3518 1891 omnia,
3573 1829 3624 1881 id
3659 1838 3744 1883 est

471 1918 832 1983 continentia,
866 1918 949 1974 vel
979 1921 1469 1976 libertatetractari
1504 1940 1516 1975 :
1551 1924 1807 1991 quoniam
1838 1896 2056 1979 vocatio
2089 1896 2134 1951 Β
2159 1916 2250 1985 qui
2289 1916 2542 1984 380050“
2577 1926 2633 1970 el
2678 1916 2934 1987 intelligit
2977 1919 3201 1981 omnia;
3246 1928 3303 1971 el
3345 1918 3437 1973 ille
3486 1921 3578 1990 qui
3614 1920 3742 1973 licet

475 2009 697 2079 quidem
734 2027 855 2081 qua:
882 2013 935 2065 in
964 2012 1184 2069 Christo
1221 2023 1328 2076 est,
1356 2015 1489 2068 nihil
1521 2030 1810 2070 commune
1835 2026 1928 2070 aut
1953 2018 2054 2069 im-

472 2101 742 2156 mundum
771 2104 923 2173 ponit
953 2104 1007 2158 in
1049 2106 1207 2168 cibis,
1239 2107 1337 2160 sed
1370 2107 1721 2160 continentiae
1753 2107 1891 2161 ratio
1928 2123 2055 2161 sua-

474 2193 564 2247 det
589 2195 755 2248 etiam
790 2210 821 2249 a
870 2196 1037 2253 licitis
1079 2198 1373 2255 abstinere.
1404 2199 1521 2253 Non
1551 2201 1698 2254 enim
1722 2242 1737 2266 ,
1768 2208 1826 2254 ut
1853 2209 1907 2255 et
1937 2201 2051 2267 ipse

470 2283 525 2337 in
570 2285 692 2340 aliis
736 2288 916 2353 dicit,
959 2291 1085 2359 quia
1134 2294 1320 2347 omnia
1376 2293 1583 2357 licent,
1621 2294 1833 2347 idcirco
1883 2293 2048 2348 etiam

469 2377 654 2430 omnia
688 2380 1021 2448 expediunt,
1053 2382 1137 2436 vel
1167 2383 1354 2437 omnia
1388 2383 1661 2438 aedificant
1688 2384 1779 2437 ⁸⁸⁸.
1817 2384 1936 2453 Ipsa
1968 2395 2050 2439 ta-

469 2481 594 2520 men
636 2469 980 2526 abstinentia:
1014 2474 1153 2528 ratio
1181 2475 1397 2529 diversa
1427 2485 1511 2528 est
1544 2490 1642 2545 pro
1674 2486 1803 2530 voto
1840 2485 1898 2530 et
1922 2490 2049 2545 pro-

467 2559 649 2627 posito
683 2564 934 2619 voventis
967 2564 1106 2637 (65).
1135 2566 1289 2622 Alius
1316 2582 1549 2637 namque
1576 2567 1682 2621 hoc
1719 2566 1954 2637 iudicat,
1989 2575 2046 2623 et

466 2648 542 2703 ita
587 2652 731 2719 apud
775 2655 988 2710 animos
1034 2670 1163 2712 suos
1200 2659 1487 2723 decernit,
1518 2667 1579 2713 ut
1608 2672 1829 2713 onmem
1857 2658 2003 2714 diem
2031 2703 2048 2729 ,

464 2742 570 2795 hoc
599 2752 683 2797 est
712 2745 1036 2800 continuum
1073 2748 1196 2802 vita:
1241 2763 1355 2801 suae
1387 2757 1598 2817 tempus
1627 2751 1812 2819 exigat
1866 2751 1919 2805 in
1952 2753 2053 2807 ab-

464 2822 745 2891 stinentia.
782 2838 937 2894 Alius
984 2854 1115 2895 vero
1161 2850 1376 2910 tempus
1412 2842 1629 2912 aliquod
1678 2844 1820 2898 velut
1868 2845 2046 2899 votiva

464 2929 804 2998 professione
835 2932 1097 2986 decernit.
1124 2931 1180 2985 In
1213 2948 1321 3001 quo
1349 2932 1477 2988 sive
1505 2945 1566 2988 ut
1603 2933 1815 3006 jugem,
1846 2938 1962 2991 sive
1988 2949 2048 2991 ut

464 3023 820 3092 temporalem
855 3025 1124 3094 suscipiat
1151 3025 1543 3080 continentiam
1570 3069 1584 3093 ,
1618 3028 2047 3099 uniuscujusque

463 3112 716 3167 sensibus
749 3114 842 3166 dat
888 3114 1113 3169 liberam
1145 3115 1487 3171 facultatem.
1519 3116 1829 3188 Utrumque
1864 3130 2042 3174 tamen

463 3215 747 3274 acceptum
797 3205 913 3259 fieri
962 3206 1075 3277 (66)
1112 3211 1253 3278 apud
1304 3208 1590 3264 Dominum
1640 3213 1947 3281 pollicetur,
1988 3222 2043 3267 et

459 3305 757 3366 propterea
785 3296 1068 3367 subjungit
1105 3316 1117 3351 :

529 3385 621 3441 58.
664 3386 768 3451 Qui
801 3389 935 3451 sapit
961 3387 1121 3452 diem,
1164 3386 1389 3442 Domino
1421 3390 1591 3458 sapit;
1624 3401 1673 3445 et
1696 3392 1789 3462 qui
1819 3393 2045 3448 mandu-

458 3489 570 3545 cat,
608 3479 835 3533 Domino
872 3481 1161 3533 manducat
1189 3495 1209 3534 :
1241 3482 1442 3549 gratias
1474 3483 1615 3536 enim
1658 3486 1767 3554 agit
1813 3484 1923 3539 Deo
1945 3502 1964 3539 :
1995 3498 2044 3541 et
2078 3544 2081 3549 ,

459 3570 547 3637 qui
572 3585 678 3623 non
714 3570 1028 3636 manducat,
1064 3569 1294 3624 Domino
1333 3586 1438 3625 non
1471 3574 1798 3640 manducat,
1838 3584 1886 3628 et
1917 3592 2043 3644 gra-

459 3661 561 3714 tias
604 3661 714 3731 agit
763 3660 872 3714 Deo
902 3661 972 3716 ⁷⁸.
1018 3661 1222 3717 Gratiae
1259 3677 1392 3733 ergo
1424 3662 1536 3733 (67)
1573 3664 1681 3720 Deo
1713 3664 1783 3720 ab
1809 3675 2042 3736 utroque

458 3754 771 3809 referuntur
798 3773 812 3808 :
846 3756 915 3810 ab
945 3755 1036 3809 illo
1063 3756 1282 3825 quidem
1307 3772 1405 3826 pro
1437 3757 1620 3812 fructu
1651 3759 2037 3825 continentia;

455 3847 525 3899 ab
554 3846 658 3902 hoc
688 3861 818 3901 vero
849 3863 948 3916 pro
992 3848 1249 3902 libertate
1300 3850 1579 3906 vescendi.
1613 3849 1722 3905 Sed
1755 3853 2035 3921 quoniam,

454 3946 516 3990 ut
549 3937 604 3990 in
629 3937 998 3993 anterioribus
1022 3939 1381 4006 ostendimus,
1410 3940 1733 4009 profundior
1764 3942 2039 3997 invenitur

453 4027 698 4095 Apostoli
747 4043 980 4094 sensus,
1015 4045 1178 4099 quam
1223 4029 1473 4084 ciborum
1528 4031 1832 4086 carnalium
1891 4033 2034 4087 ratio

455 4120 738 4183 continet,
794 4122 846 4173 in
892 4119 1163 4189 spirituali
1207 4121 1582 4190 expositione,
1624 4123 1920 4177 secundum
1968 4136 2031 4176 ea

454 4227 577 4279 quae
605 4227 767 4282 supra
802 4214 1160 4269 disseruimus
1187 4212 1253 4267 de
1284 4213 1368 4268 his
1393 4227 1626 4282 quorum
1657 4214 1794 4269 alius
1814 4229 2031 4269 omnem

452 4304 598 4357 diem
625 4345 641 4371 ,
682 4305 822 4359 alius
870 4319 1000 4360 vero
1028 4305 1272 4362 alternos
1321 4307 1531 4375 iudicat
1559 4307 1696 4374 dies,
1741 4320 2032 4375 possumus

452 4394 584 4449 illud
616 4397 846 4458 sentire,
872 4396 1018 4465 quod
1051 4397 1102 4449 in
1137 4394 1439 4466 Scripturis
1456 4396 1657 4452 divinis
1690 4395 2029 4464 unumquod-

522 4514 569 4546 “
603 4514 789 4570 Matth.
820 4530 976 4578 χχιιι,
1020 4517 1074 4570 8.
1140 4515 1185 4547 ⁸⁸
1227 4515 1383 4570 Rom.
1423 4531 1479 4568 x.
1522 4516 1610 4569 12.

1700 4514 1744 4546 θ’
1774 4514 1930 4567 Rom.
1975 4529 2085 4577 xlv,
2125 4514 2180 4567 4.

2158 2022 2263 2059 non
2298 2007 2485 2060 omnia
2528 2009 2840 2074 manducet,
2873 2017 2930 2062 et
2972 2024 3079 2063 non
3116 2010 3496 2064 universorum
3533 2010 3738 2065 intelli-

2157 2101 2394 2169 gentiam
2432 2100 2637 2170 capiat,
2673 2101 2826 2155 brevi
2861 2110 3039 2156 tamen
3086 2102 3207 2156 lidei
3256 2100 3601 2157 confessione
3629 2104 3740 2158 sal-

2154 2202 2331 2246 vatur.
2383 2193 2449 2247 Et
2491 2193 2612 2247 ideo
2656 2192 2820 2248 etiam
2871 2208 2978 2248 non
3027 2195 3370 2248 manducans
3403 2196 3608 2258 onmia,
3639 2211 3740 2251 nec

2152 2286 2395 2339 omnium
2432 2286 2717 2340 scientiam
2750 2301 2998 2352 sumens,
3022 2301 3187 2356 agere
3212 2296 3393 2342 tamen
3425 2289 3590 2342 etiam
3621 2289 3740 2358 ipse

2151 2378 2354 2447 gratias
2388 2377 2586 2431 dicitur
2614 2377 2741 2432 Deo.

2222 2468 2312 2523 '39.
2354 2467 2525 2522 Nemo
2569 2471 2711 2523 enim
2747 2478 2985 2523 nostrum
3025 2472 3126 2525 sibi
3160 2473 3306 2537 vivit,
3336 2483 3385 2526 et
3434 2490 3582 2528 nemo
3630 2474 3734 2529 sibi

2151 2559 2417 2623 moritur;
2459 2559 2564 2612 sive
2596 2560 2756 2613 etiam
2801 2560 3042 2623 vivimus,
3086 2561 3311 2616 Domino
3345 2564 3605 2629 vivimus;
3630 2567 3735 2619 sive

2150 2650 2428 2715 morimur,
2451 2648 2683 2704 Domino
2712 2652 2994 2704 morimur.
3027 2651 3147 2706 Sive
3174 2655 3335 2721 igitur
3362 2655 3608 2718 vivimus,
3627 2657 3734 2709 sive

2149 2741 2431 2806 morimur,
2474 2741 2688 2795 Domini
2734 2759 2937 2796 sumus.
2988 2741 3056 2796 In
3091 2744 3187 2796 hoc
3226 2745 3368 2798 enim
3401 2744 3646 2801 Christus
3684 2754 3735 2801 et

2150 2850 2390 2891 mortuus
2417 2844 2517 2901 est,
2546 2848 2597 2891 et
2632 2837 2782 2902 vixit,
2804 2847 2860 2889 ut
2883 2848 2929 2890 et
2953 2846 3282 2891 mortuorum
3305 2849 3351 2892 et
3374 2840 3611 2893 vivorum
3635 2840 3728 2892 do-

2149 2927 2460 2982 minetur".
2508 2928 2650 2995 Quid
2698 2929 2770 2981 sit
2821 2929 3004 2982 vivere
3049 2929 3102 2981 in
3146 2927 3395 2995 ChriSto,
3432 2931 3641 2999 etquid
3666 2931 3737 2985 sit

2151 3023 2289 3075 mori
2324 3023 2376 3074 in
2417 3020 2660 3083 Christo,
2691 3021 2896 3074 dictum
2939 3034 3083 3089 same
3123 3035 3151 3073 a
3192 3020 3348 3075 nobis
3372 3032 3458 3076 est
3489 3024 3543 3075 in
3577 3023 3737 3092 hujus

2149 3111 2405 3181 Epistolas
2448 3111 2816 3177 expositione,
2855 3120 2912 3165 et
2957 3112 3229 3180 prmcipue
3272 3113 3326 3166 in
3365 3128 3432 3168 eo
3479 3112 3595 3168 loco
3640 3115 3734 3170 ubi

2147 3202 2441 3272 explanare
2475 3202 2813 3256 tentavimus
2839 3216 3148 3255 sermonem
3189 3202 3437 3272 Apostoli
3474 3217 3581 3273 quo
3607 3205 3685 3259 ait
3713 3219 3729 3257 :

2148 3292 2212 3351 Si
2235 3304 2409 3348 autem
2438 3295 2636 3347 mortui
2666 3310 2847 3347 sumus
2884 3309 2999 3347 cum
3032 3293 3270 3360 Christo,
3313 3295 3576 3349 credimus
3604 3298 3743 3366 quia

2143 3397 2190 3440 et
2221 3387 2556 3439 convivemus
2583 3386 2717 3439 ei“.
2755 3384 2812 3440 Si
2842 3400 2974 3457 ergo
3005 3387 3354 3441 meminimus
3382 3401 3505 3456 quae
3531 3387 3587 3442 in
3626 3390 3732 3442 hoc

2143 3477 2264 3532 loco
2300 3477 2446 3533 dicta
2488 3486 2636 3542 sunt,
2679 3492 2748 3532 ex
2796 3478 2929 3547 ipsis
2963 3478 3131 3531 etiam
3160 3479 3484 3548 propositus
3512 3482 3566 3533 lu
3595 3494 3731 3550 pras-

2143 3570 2283 3627 senti
2314 3585 2502 3625 sermo
2549 3569 2800 3639 Apostoli
2846 3570 3088 3638 apertior
3116 3580 3171 3625 et
3192 3569 3426 3625 lucidior
3454 3569 3573 3639 fiet,
3599 3587 3729 3641 quo-

2143 3662 2304 3717 modo
2335 3675 2498 3715 nemo
2539 3661 2653 3732 (71)
2687 3672 2934 3716 nostrum
2962 3660 3075 3715 'sibi
3123 3663 3293 3727 vivat,
3325 3671 3381 3718 et
3424 3676 3585 3717 nemo
3620 3665 3725 3718 sibi

2143 3755 2435 3809 moriatur.
2467 3752 2584 3809 Non
2619 3754 2764 3810 enim
2803 3756 3177 3825 unusquisque
3213 3755 3327 3825 ipse
3356 3756 3459 3810 sibi
3486 3756 3603 3821 dat,
3629 3759 3724 3812 sed

2142 3862 2174 3901 a
2213 3846 2441 3903 Christo
2486 3846 2655 3901 sumit
2695 3846 2889 3901 mortis
2924 3846 3257 3916 exempturo,
3293 3847 3387 3917 qui
3419 3847 3569 3902 solus
3591 3862 3724 3919 pec-

2141 3951 2266 3997 cato
2302 3948 2553 3994 mortuus
2584 3946 2669 3994 est
2696 3937 2834 4009 (79.),
2883 3948 2940 3993 ut
2989 3937 3045 3992 et
3087 3940 3204 4007 ipse
3256 3939 3564 3994 imitatione
3606 3940 3723 4007 ejus

2140 4033 2310 4103 possit
2353 4032 2568 4087 alienus
2605 4038 2663 4085 et
2705 4039 2952 4084 mortuus
2989 4031 3125 4086 ellici
3168 4046 3198 4085 a
3244 4041 3491 4102 peccato.
3538 4032 3646 4088 Sed
3671 4042 3729 4086 et

2143 4126 2268 4179 vitae
2294 4123 2602 4192 exemplum
2638 4138 2750 4177 non
2782 4124 2884 4193 ipsi
2924 4139 2990 4177 ex
3026 4124 3181 4179 uobis
3222 4125 3503 4193 habemus,
3535 4127 3629 4180 sed
3656 4140 3724 4179 ex

2140 4211 2346 4267 Christi
2383 4212 2787 4267 resurrectione
2816 4212 3167 4283 suscipimus,
3204 4225 3265 4269 ut
3306 4215 3446 4270 idem
3479 4216 3718 4286 Aposto-

2141 4302 2227 4356 lus
2254 4302 2424 4357 dicit:
2455 4300 2525 4355 Ut
2559 4304 2694 4356 sicut
2726 4302 2969 4358 Christus
3002 4308 3292 4375 resurrexit
3318 4324 3351 4360 a
3381 4309 3605 4361 mortuis
3628 4324 3722 4376 per

2136 4395 2363 4465 gloriam
2405 4391 2609 4459 Patris,
2653 4394 2729 4448 ita
2762 4406 2810 4449 et
2848 4412 2940 4450 nos
2974 4397 3028 4449 in
3062 4399 3289 4452 nouitate
3325 4400 3443 4452 vita:
3487 4401 3726 4453 ambule-

2895 4514 2938 4546 θ’
2967 4513 3125 4568 Rom.
3158 4530 3267 4578 xiv,
3299 4514 3353 4568 5.
3433 4514 3498 4545 “°
3537 4515 3555 4567 1
3589 4515 3719 4570 Cor.

2270 4514 2316 4547 ⁸⁸
2338 4512 2483 4567 Psal.
2518 4527 2697 4575 cxuv.
2725 4513 2810 4567 M.

448 4584 658 4654 v1.12;
708 4586 725 4639 ι
758 4584 885 4642 Cor.
916 4601 969 4651 κ,
992 4585 1084 4640 23.
1158 4586 1204 4617 ⁷⁰
1238 4587 1395 4642 Rom.
1433 4601 1545 4654 xxv,
1571 4585 1625 4639 6.
1714 4585 1757 4615 '“
1794 4584 2026 4640 Malach.
2061 4600 2135 4650 Iv,
2163 4585 2219 4638 2.
2295 4584 2341 4616 ⁷¹
2376 4583 2567 4637 Matth.
2598 4598 2651 4647 v,
2687 4583 2771 4637 l8.
2848 4584 2894 4616 ⁷³
2938 4585 3094 4639 Rom.
3126 4600 3240 4650 xw,
3275 4584 3393 4640 7-9.
3489 4587 3536 4617 ⁷⁵
3560 4585 3717 4643 Rom.

448 4669 523 4719 v1,
555 4656 609 4709 8.

516 4746 628 4819 (6|)
659 4747 855 4819 Agunt.
892 4747 1054 4805 Deest
1082 4751 1136 4805 in
1170 4749 1326 4806 libris
1356 4758 1513 4805 antea
1538 4750 1721 4805 editis.

540 4818 631 4885 62')
669 4818 833 4882 Editi,
863 4821 985 4888 quia
1016 4830 1198 4885 potens
1237 4830 1310 4874 est
1336 4821 1479 4875 enim
1510 4820 1672 4884 Deus,
1707 4831 1814 4876 etc.

540 4823 631 4885 62)
669 4823 833 4882 Editi,
863 4823 985 4888 quia
1016 4830 1198 4885 potens
1237 4830 1310 4874 est
1336 4823 1479 4875 enim
1510 4823 1672 4884 Deus,
1707 4831 1814 4876 etc.

506 4823 633 5012 363)
667 4888 761 4969 Sic
791 4906 923 4942 mss.
951 4889 1091 4946 Editi
1122 4905 1253 4946 vero
1283 4901 1339 4944 et
1375 4890 1632 4946 Rabanus
1652 4933 1668 4958 ,
1700 4889 1844 4945 Nam
1875 4892 2017 4947 alius

544 4960 649 5012 icat
672 4959 809 5011 diem
834 4960 974 5011 inter
994 4961 1133 5012 diem
1150 4978 1167 5012 :
1191 4960 1328 5012 alius
1364 4972 1562 5012 autem.
1589 4972 1697 5012 etc.

544 4958 649 5013 icat
672 4958 809 5011 diem
834 4960 974 5011 inter
994 4961 1167 5025 diem;
1191 4960 1328 5014 alius
1364 4972 1562 5025 autem,
1589 4972 1697 5016 etc.

518 5027 630 5101 (6t)
666 5028 831 5101 Editi,
861 5028 1025 5083 videri
1054 5031 1140 5084 hic
1174 5031 1524 5101 de‘cihorum,
1552 5042 1660 5090 etc.

516 5098 631 5170 (65)
663 5098 759 5152 Ms.
789 5098 986 5167 Regius
1019 5115 1171 5153 num.
1201 5099 1363 5165 1639,
1391 5103 1630 5165 volentis,
1660 5101 1821 5159 male.
1860 5102 2022 5157 Dein-

441 5170 512 5226 de
536 5172 689 5233 editi,
714 5180 761 5221 et
791 5170 931 5237 apud
960 5170 1196 5223 animum
1219 5186 1373 5223 suum
1403 5173 1655 5226 decernit.
1690 5170 1797 5228 Sed
1831 5189 2020 5230 ornucs

443 5256 575 5295 mss.
605 5251 658 5295 et
697 5238 948 5292 Rabanus
984 5250 1042 5292 ut
1076 5240 1130 5301 in
1163 5249 1336 5295 textu.

515 5310 629 5381 (66)
667 5308 1151 5381 Utrumquetamen
1173 5320 1444 5381 acceptum
1473 5311 1612 5379 ﬁeri,
1631 5323 1740 5367 etc.
1774 5311 1868 5367 Sic
1890 5327 2020 5367 mss.

440 5377 787 5449 Regii'num.
835 5379 971 5435 1659
1004 5388 1059 5433 et
1090 5396 1238 5449 itum.
1278 5379 1439 5445 1610,
1474 5377 1533 5434 et
1568 5383 1722 5436 editi.
1764 5381 2021 5437 Rabanus

440 5447 577 5573 Fero
612 5461 675 5573 etl
712 5451 893 5573 tfleri
932 5467 1088 5516 mss.,
1125 5447 1414 5520 Utrumque
1453 5463 1626 5505 tamen
1657 5455 1710 5507 in
1750 5463 2018 5520 acceptum

465 5536 597 5573 errr.
625 5536 653 5571 a
686 5558 699 5573 .
743 5537 863 5573 teri.

465 5536 597 5581 errr,
625 5536 699 5573 al.
726 5536 863 5581 ﬁeri.

439 5520 597 5590 ferri,
625 5520 699 5573 al.
725 5521 863 5588 fieri.

518 5590 632 5660 (67)
662 5589 844 5663 _E_rgo.
896 5590 1054 5663 Deest
1097 5590 1149 5644 in
1193 5591 1375 5645 editis.
1428 5592 1631 5647 Deinde
1674 5609 1775 5649 ms.
1818 5593 2017 5663 Regius

440 5675 592 5716 num.
624 5660 757 5715 1659
777 5701 793 5725 ,
830 5661 1058 5713 restituit
1086 5663 1337 5730 quidem;
1376 5671 1430 5714 et
1459 5672 1644 5727 postea
1691 5664 1880 5726 habet,
1902 5660 2015 5717 'sed

439 5733 692 5800 quoniam
734 5733 787 5784 in
837 5732 1188 5786 anterioribus
1239 5732 1562 5801 ostendimus
1599 5736 1738 5801 quod
1785 5733 2015 5801 profun-

438 5806 579 5865 aior,
621 5810 726 5858 etc.
759 5801 826 5857 At
867 5802 1049 5857 caeteri
1102 5817 1260 5870 mss.,
1293 5800 1551 5857 Rabanus
1612 5800 1673 5859 'ct
1696 5803 1829 5860 editi
1858 5800 1915 5858 ut
1962 5804 2017 5858 in

441 5881 612 5927 textu.

435 4973 504 5030 .1"

2197 4749 2309 4819 (68)
2353 4749 2451 4803 Ms.
2504 4748 2707 4818 Regius
2761 4763 2909 4819 num.
2960 4749 3136 4815 l639,

2122 4817 2244 4891 quia
2270 4817 2680 4891 ignorantum...
2712 4820 2838 4891 quia
2865 4818 3135 4891 Christum
3159 4857 3174 4882 ,
3203 4828 3307 4874 etc.
3355 4817 3461 4872 Sed
3531 4824 3715 4877 caeteri

2121 4889 2279 4946 mss”
2312 4889 2569 4943 Rabanus
2600 4898 2657 4942 et
2681 4889 2812 4942 editi
2844 4898 2900 4941 ut
2932 4890 2984 4942 in
3021 4898 3210 4943 nostro
3238 4897 3409 4942 textu.

2192 4958 2304 5031 (69)
2341 4960 2430 5013 Sic
2454 4975 2555 5013 ms.
2590 4958 2790 5031 Regius
2815 4974 2963 5031 num.
3000 4957 3367 5031 1640.C:eteri
3393 4973 3524 5012 vero
3550 4976 3708 5026 mss.,

2119 5027 2376 5084 Rabanus
2392 5040 2444 5082 et
2473 5029 2625 5093 editi,
2656 5027 2830 5096 capiat
2859 5027 2980 5099 (al.,
3002 5029 3197 5097 capiet)
3223 5043 3427 5093 sensus,
3456 5041 3502 5082 et
3528 5034 3572 5083 si
3601 5049 3703 5086 non

2116 5101 2209 5168 qui
2249 5101 2318 5154 ad
2362 5100 2741 5166 plenitudinem
2767 5097 3002 5151 scientiis
3032 5099 3318 5167 sufﬁciant,
3350 5111 3402 5152 at
3435 5110 3577 5153 certe
3619 5104 3708 5168 qui

2119 5172 2188 5224 ad
2222 5185 2480 5224 summam
2513 5169 2640 5238 ﬁdei
2669 5169 2801 5222 satis
2829 5169 2956 5228 sint,
2984 5169 3141 5232 editi,
3178 5170 3332 5238 fiunt.

2191 5238 2305 5311 (70)
2339 5239 2505 5303 Editi,
2549 5240 2838 5311 secundum
2861 5238 3231 5311 apostolicum
3256 5253 3469 5311 sensum
3498 5251 3553 5311 et
3577 5257 3706 5292 con-

2117 5307 2296 5363 silium
2327 5311 2530 5378 gratias
2554 5312 2663 5376 agit
2695 5308 2823 5362 Deo.
2861 5307 2958 5363 Ms.
2986 5307 3188 5375 Regius
3235 5324 3387 5362 num.
3425 5309 3587 5368 1639.
3616 5327 3705 5362 se-

2117 5384 2346 5435 cundum
2375 5379 2613 5445 Apostoli
2641 5378 2944 5442 consilium,
2964 5378 3164 5448 gratias
3190 5385 3317 5446 agat
3350 5378 3477 5431 Deo.
3503 5380 3701 5433 Castori

2118 5466 2248 5505 vero
2274 5465 2407 5503 mss.
2439 5459 2495 5504 et
2531 5450 2786 5503 Rabanus
2813 5459 2876 5502 ut
2915 5448 2968 5501 iu
3001 5459 3189 5501 nostro
3218 5458 3387 5502 textu.

2188 5522 2300 5592 (7|)
2333 5520 2497 5592 Editi,
2532 5522 2587 5571 in
2616 5520 2859 5592 prtesenti
2895 5534 3131 5572 sermone
3152 5519 3436 5592 Apostolus
3465 5521 3702 5592 apertior

2115 5603 2163 5644 et
2191 5587 2420 5644 lucidior
2446 5590 2534 5657 ﬁet
2562 5605 2579 5642 .'
2610 5589 2869 5658 quomodo
2900 5604 3071 5652 nemo,
3119 5600 3228 5643 etc.
3263 5587 3394 5643 Mss.
3425 5590 3650 5657 quidam
3681 5629 3700 5654 ,

2115 5663 2169 5715 in
2205 5663 2451 5729 praesenti
2483 5675 2652 5713 sermo
2698 5660 2934 5729 Apostoli
2965 5660 3178 5712 videtur
3203 5661 3455 5729 apertior,
3488 5670 3534 5712 et
3562 5661 3699 5713 luci-

2118 5727 2239 5786 dior
2263 5734 2373 5801 ﬁet,
2404 5743 2509 5786 etc.
2545 5731 2650 5785 Sed
2690 5745 2791 5783 ms.
2824 5728 3023 5798 Regius
3063 5743 3211 5782 num.
3246 5727 3384 5783 1659
3429 5739 3483 5783 et
3521 5730 3701 5786 Raba-

2120 5818 2223 5858 nus
2251 5815 2311 5856 ιιι
2345 5806 2395 5855 in
2430 5812 2615 5855 nostro
2650 5810 2837 5857 textu.»

2194 5872 2307 5946 (72)
2338 5873 2503 5940 εαξη,
2531 5872 2619 5943 qui
2646 5871 2743 5926 soli
2768 5869 2889 5941 (aL,
2925 5868 3057 5941 solo)
3096 5878 3310 5940 peccato
3343 5881 3577 5926 mortuus
3600 5883 3696 5927 ert.

3188 4748 3313 4816 quia
3352 4748 3714 4809 illuminat....
