4150 6466
451 353 476 409 1
487 352 590 410 239

1937 349 2260 409 ORIGENIS

3566 345 3694 404 121(

453 474 649 529 mus".
684 473 908 528 Novitas
935 488 1070 543 ergo
1100 470 1224 524 vita
1261 484 1368 538 qua
1398 468 1453 522 in
1485 466 1700 522 Christo
1732 481 1831 534 per
1865 466 2023 520 iidem
2053 477 2097 527 Α
2131 467 2384 534 perando,
2427 466 2705 521 invitando
2740 466 2922 535 potius
2962 480 3123 534 quam
3171 467 3547 534 extorquendo
3587 480 3683 532 per

455 565 875 619 resurrectionis
927 566 1048 632 ejus
1114 566 1370 622 vivimus,
1432 557 1661 612 Domino
1711 558 2023 626 deputatur,

453 653 580 720 quia
617 667 721 706 nou
751 669 778 704 a
814 653 992 716 nobis,
1029 650 1124 705 sed
1159 649 1228 702 ab
1258 649 1373 715 ipso
1425 647 1591 701 sumit
1623 647 1942 710 exordium;
1973 656 2027 700 et

456 742 579 798 ideo
613 761 624 795 ε
661 743 781 800 Sive
808 745 1024 800 vivimus
1049 741 1184 814 (75),
1213 739 1440 794 Domino
1471 741 1692 795 vivimus
1718 758 1736 806 ;
1774 741 1881 795 sive
1914 757 2026 796 m0-

455 838 647 900 rimur,
683 836 908 890 Domino
949 837 1227 889 morimur.
1266 831 1383 886 Sive
1424 833 1586 898 igitur
1628 833 1872 895 vivimus,
1923 831 2027 884 sive

453 929 736 986 morimur.
781 928 992 981 Domini
1023 944 1204 980 sumus
1220 926 1288 979 ⁷⁸.
1322 925 1546 978 Mortem
1570 924 1769 978 etenim
1795 922 2028 992 appellat

453 1019 625 1087 illam,
662 1034 768 1088 qua
813 1019 1056 1084 Christo,
1100 1031 1158 1070 ut
1205 1017 1464 1081 diximus,
1505 1015 1832 1083 consepulti,
1870 1024 1927 1067 et
1970 1014 2022 1067 in

455 1121 632 1166 morte
676 1111 848 1182 ipsius
882 1110 1233 1179 haptizati",
1261 1116 1485 1176 peccato
1511 1107 1704 1158 mortui
1734 1119 1938 1168 sumus,
1972 1115 2026 1158 et

452 1204 622 1257 vitam
653 1218 759 1274 qua
791 1204 954 1258 alieni
989 1201 1164 1256 eﬂ‘eeti
1197 1203 1264 1253 ab
1311 1201 1411 1254 hoc
1454 1199 1676 1261 mundo,
1717 1209 1793 1262 et,
1827 1209 1885 1252 ut
1914 1200 2038 1267 ipse

453 1296 552 1361 ait,
606 1311 672 1348 ex
723 1294 948 1348 mortuis
986 1293 1206 1347 viventes
1229 1292 1276 1324 ⁷⁸
1307 1289 1444 1362 (74),
1477 1304 1585 1344 non
1633 1290 1810 1354 nobis,
1855 1290 1907 1343 id
1943 1301 2028 1345 est

452 1401 560 1442 non
589 1385 742 1441 carni
774 1385 1032 1451 vivimus,
1061 1385 1158 1438 sed
1195 1384 1324 1447 Deo,
1358 1383 1658 1437 secundum
1705 1397 1769 1436 ea
1813 1397 1934 1450 qua:
1972 1383 2024 1436 in

454 1477 913 1548 subsequentibus
925 1477 1125 1546 jungit.
1153 1474 1219 1528 In
1243 1475 1340 1528 hoc
1367 1475 1525 1539 enim,
1560 1473 1755 1544 inquit,
1788 1471 2026 1528 Christus

453 1579 696 1624 mortuus
723 1578 798 1622 est
833 1578 881 1622 et
919 1569 1052 1622 vixit
1086 1567 1224 1637 (75),
1256 1575 1314 1618 ut
1362 1575 1414 1620 et
1459 1577 1784 1620 mortuorum
1815 1577 1861 1620 et
1891 1568 2026 1622 vivo-

455 1678 575 1716 rum
609 1660 928 1714 dominetur.
957 1657 1224 1712 Mortuum
1272 1658 1401 1714 dicit
1439 1675 1563 1715 esse
1611 1659 1884 1714 Christum
1915 1660 2028 1715 dis-

455 1753 774 1822 pensatione
803 1753 922 1806 sine
951 1751 1117 1806 dubio
1145 1750 1446 1820 passionis;
1475 1752 1672 1806 vixisse
1702 1765 1881 1806 autem
1933 1767 2027 1820 per

453 1855 851 1901 sacramentum
885 1845 1326 1898 resurrectionis.
1358 1843 1514 1898 Unde
1563 1853 1618 1898 et
1670 1842 1828 1897 nobis
1854 1843 2028 1911 primo

453 1936 727 2005 passionis
771 1943 828 1990 et
863 1934 1324 1999 mortificatiouis,
1363 1945 1548 2006 postea
1586 1935 1751 1989 etiam
1788 1950 2031 1990 resurre-

452 2027 652 2080 ctionis
685 2037 742 2081 et
787 2029 912 2082 vita:
960 2027 1222 2080 novitatis
1287 2025 1509 2094 reliquit
1548 2023 1876 2095 exemplum.
1922 2024 2028 2079 Sed

452 2129 670 2174 moveat
713 2118 948 2190 aliquem
989 2117 1238 2175 fortassis
1266 2117 1410 2186 quod
1443 2117 1914 2194 dicitApostolus,
1949 2117 2030 2172 id-

451 2211 601 2268 circo
640 2223 912 2267 mortuum
951 2226 1073 2268 esse
1111 2220 1166 2264 et
1207 2209 1434 2272 vixisse,
1492 2220 1552 2264 ut
1588 2219 1928 2264 mortuorum
1975 2219 2030 2263 et

451 2305 700 2359 vivorum
743 2304 1086 2365 dominetur;
1127 2303 1280 2372 quasi
1316 2303 1408 2372 qui
1441 2303 1546 2357 hoc
1585 2302 1795 2356 dederit
1828 2301 2026 2356 intelli-

451 2392 711 2461 gendum,
759 2393 902 2463 quod
961 2393 1062 2447 nisi
1124 2400 1376 2446 mortuus
1429 2391 1642 2455 fuisset,
1693 2401 2027 2445 mortuorum

452 2483 792 2539 dominatum
839 2499 947 2539 non
998 2483 1316 2547 habuisset;
1373 2495 1428 2536 et
1471 2482 1574 2536 nisi
1630 2491 1749 2552 post
1797 2493 2026 2535 mortem

453 2589 668 2630 rursum
706 2574 954 2640 vixisset,
980 2590 1088 2628 non
1128 2574 1392 2628 tenuisset
1414 2573 1842 2628 dominationem
1881 2574 2029 2627 vivo-

455 2683 596 2721 rum.
636 2665 744 2721 Sed
786 2666 852 2720 ad
886 2667 1001 2719 haec
1032 2665 1104 2718 ita
1153 2665 1594 2734 respondendum
1633 2677 1781 2736 puto.
1811 2665 2029 2718 Duobus

453 2773 519 2812 ex
573 2758 746 2812 modis
808 2765 1023 2811 constat
1077 2755 1131 2808 in
1182 2770 1396 2811 omnem
1452 2767 1759 2812 creaturam
1824 2757 2026 2814 Christi

451 2849 771 2906 dominatio.
809 2848 952 2913 Uno,
1001 2862 1101 2918 per
1142 2863 1304 2917 quem
1342 2859 1393 2903 ut
1443 2848 1670 2904 Creator
1700 2851 1942 2905 omnium
1973 2858 2029 2904 et

453 2953 776 3014 potestatem
832 2959 1028 3014 gerens
1081 2943 1491 3004 universorum,
1529 2944 1578 2996 vi
1626 2943 1930 3013 maiestatis
1973 2953 2028 2996 et

457 3038 790 3090 necessitate
838 3037 1094 3106 potentiae
1140 3034 1258 3106 (76)
1307 3035 1468 3090 habet
1517 3045 1713 3089 cuncta
1759 3035 2024 3106 subjecta,

455 3141 556 3196 per
583 3142 741 3196 quem
778 3128 994 3182 modum
1034 3143 1140 3200 non
1175 3129 1348 3182 solum
1383 3127 1540 3182 bonis
1565 3137 1618 3182 et
1647 3127 1850 3182 sanctis
1877 3142 2030 3181 men-

457 3219 604 3273 tibus
630 3233 696 3273 ac
719 3217 998 3287 spiritibus
1019 3218 1352 3280 dominatur,
1389 3233 1582 3272 verum
1606 3229 1662 3271 et
1689 3233 1944 3288 nequam,
1969 3227 2027 3272 et

458 3307 682 3376 refugis,
731 3317 786 3362 et
830 3307 917 3364 his
965 3323 1100 3378 quos
1151 3307 1432 3377 Scriptura
1485 3309 1667 3362 divina
1686 3309 1731 3341 ⁷³
1763 3309 2028 3380 malignos

455 3401 682 3469 angelos
711 3399 1021 3469 appellavit.
1058 3399 1264 3456 Idcirco
1296 3401 1441 3453 enim
1472 3409 1527 3454 et
1547 3401 1910 3464 omniteneus,
1943 3401 2026 3456 vel

455 3485 801 3559 omnipotens
827 3489 941 3560 (77)
975 3489 1194 3553 dicitur,
1244 3489 1550 3544 secundum
1601 3489 1748 3560 quod
1788 3487 2028 3545 Joannes

457 3582 708 3652 designat
737 3582 790 3636 in
835 3581 1180 3652 Apocalypsi,
1213 3582 1400 3638 dicens
1428 3597 1442 3634 :
1473 3581 1605 3637 ηωε
1641 3585 1770 3637 dicit
1807 3585 1898 3651 qui
1931 3595 2026 3651 est,

455 3683 509 3728 et
547 3674 636 3744 qui
666 3682 804 3738 erat,
837 3683 886 3728 et
914 3676 1004 3745 qui
1043 3685 1292 3731 venturus
1341 3686 1442 3742 est,
1483 3676 1810 3745 omnipotens
1826 3677 1893 3730 ³ο.
1932 3676 2030 3732 llic

457 3775 591 3832 ergo
617 3776 760 3816 unus
785 3771 868 3817 est
909 3763 1100 3819 modus
1128 3779 1236 3834 quo
1277 3764 1526 3819 Christus
1559 3765 1817 3820 omnibus
1855 3767 2029 3820 domi-

458 3863 643 3908 natur.
676 3852 833 3908 Alius
871 3867 1004 3910 vero
1035 3865 1138 3921 est,
1171 3869 1282 3924 quo
1313 3865 1571 3924 tauquam
1608 3857 1782 3910 bonus
1815 3868 1869 3910 et
1901 3857 2028 3912 boni

457 3944 638 4000 Patris
666 3943 837 4000 Filius
861 3959 970 4000 non
1002 3946 1120 4000 vult
1157 3946 1510 4002 rationabiles
1548 3945 1774 4016 spiritus
1807 3948 1873 4000 ad
1901 3947 2032 4002 obe-

457 4035 715 4092 dientiam
748 4035 886 4106 legis
928 4053 1040 4093 suae
1065 4038 1338 4094 violenter
1369 4037 1672 4101 inflectere,
1709 4041 1803 4093 sed
1836 4055 2028 4108 exspe-

455 4135 568 4182 ctat
597 4136 654 4182 ut
695 4138 889 4198 sponte
930 4129 1172 4199 veniant,
1199 4139 1260 4184 ut
1291 4131 1570 4186 voluntate
1602 4141 1659 4186 et
1699 4147 1804 4186 non
1835 4147 2024 4186 neces-

454 4218 615 4274 sitate
642 4218 840 4274 bonum
870 4230 1141 4292 quaerant,
1171 4232 1227 4277 et
1255 4222 1496 4280 docendo
1523 4224 1697 4292 iiiagis
1731 4239 1889 4294 quam
1924 4223 2026 4278 im-

525 4375 573 4409 "
605 4375 759 4432 Rom.
779 4394 854 4438 vi.
885 4381 941 4438 ι.

455 4461 533 4514 tv,
562 4448 664 4502 10..
728 4449 775 4482 θ’
791 4450 999 4508 Coloss.
1033 4468 1118 4519 ιιι,
1145 4456 1200 4510 5.

541 4585 658 4657 (75)
686 4587 850 4657 Editi,
881 4590 986 4642 sive
1007 4591 1145 4644 enim
1176 4592 1414 4657 vivimus,
1446 4599 1548 4646 ele.

535 4656 652 4728 (74)
682 4656 782 4728 bis.
817 4657 1018 4728 Regius
1051 4677 1201 4714 num.
1237 4656 1406 4723 1659.
1445 4663 1583 4715 velut
1615 4663 1806 4715 mortui
1855 4663 2034 4714 viven-

465 4727 923 4802 tes.__Sed__ca:teri
952 4745 1106 4792 mss.,
1135 4729 1394 4784 Rabanus
1424 4743 1478 4782 et
1503 4733 1630 4784 editi
1657 4743 1714 4784 ut
1743 4733 1794 4785 in
1827 4743 1994 4802 textu.

539 4796 651 4868 (75)
687 4796 782 4852 Sic
818 4814 1010 4852 oumes
1037 4815 1168 4853 mss.
1208 4803 1404 4867 nostri,
1430 4802 1560 4853 editi
1602 4816 1730 4854 vero
1767 4813 1821 4855 et
1859 4801 2036 4854 Raba-

464 4867 590 4948 nus.
616 4867 682 4920 In
715 4867 812 4922 hoc
845 4871 985 4922 enim
1017 4869 1257 4924 Christus
1305 4883 1546 4924 mortuus
1589 4883 1688 4937 est,
1716 4881 1765 4924 et
1798 4887 2035 4924 resurre-

463 4947 562 5001 xit,
596 4947 700 4990 etc.

537 5004 650 5076 (76)
679 5004 780 5059 Ms.
816 5005 1019 5076 Regius
1051 5023 1202 5064 num.
1224 5009 1383 5074 1659,
1405 5007 1551 5063 Unus
1575 5021 1671 5070 est,
1693 5026 1784 5076 per
1805 5025 2026 5077 quem...

463 5092 576 5147 επιστ
609 5077 875 5144 majestati
906 5092 972 5130 ex
1001 5081 1305 5132 necessitate
1342 5081 1612 5147 potentia',
1640 5093 1748 5136 etc.
1780 5079 1885 5134 Sed
1919 5094 2026 5132 caa-

464 5145 571 5198 teri
605 5161 762 5208 mss.,
805 5147 1060 5200 Rabanus
1092 5160 1146 5202 et
1177 5150 1308 5201 editi
1339 5145 1396 5202 ut
1424 5149 1475 5202 in
1509 5161 1696 5202 nostro
1722 5159 1892 5213 textu,
1923 5149 2024 5204 nisi

464 5216 629 5286 quod
645 5216 974 5286 posteriores
1007 5217 1238 5270 habeant
1273 5229 1459 5272 ctrtera
1481 5220 1733 5286 subjecta.

535 5283 654 5357 (77)
691 5285 864 5357 Editi,
900 5287 1100 5340 idcirco
1135 5288 1374 5357 igitur_et
1405 5283 1750 5348 onmitéuens.
1777 5299 1826 5341 et
1861 5288 2030 5341 omni-

461 5353 668 5420 potens,
700 5368 808 5411 etc.
843 5353 918 5409 lla
967 5357 1129 5409 etiam
1156 5353 1276 5410 'ms.
1302 5355 1505 5424 Regius
1549 5374 1697 5412 num.
1734 5359 1893 5420 1659.
1928 5359 2028 5412 nisi

461 5424 608 5501 quod
639 5425 855 5478 omittat
886 5427 1068 5496 igitur.
1097 5427 1204 5480 Sed
1237 5426 1420 5483 caeteri
1443 5443 1572 5482 mss.
1598 5437 1650 5482 et
1681 5427 1942 5482 Rabanus
1973 5439 2032 5482 ut

461 5507 516 5544 ΙΙΙ
551 5505 721 5546 ΙΘΧΙΙΙ.

536 5562 651 5632 (78)
686 5563 784 5616 Ms.
823 5561 1024 5632 Regius
1059 5581 1208 5618 num.
1253 5565 1410 5626 1659,
1441 5565 1591 5619 Alius
1622 5583 1738 5620 vero
1790 5579 1867 5621 est
1913 5578 2032 5620 tan-

463 5647 623 5698 quam
667 5635 858 5686 bonum
883 5643 931 5686 et
971 5636 1090 5688 boni
1117 5633 1298 5688 Patris
1329 5635 1527 5688 Filium
1555 5653 1660 5689 non
1690 5636 1902 5690 ultra...
1939 5638 2030 5690 sed

463 5714 835 5780 exspectare:
869 5719 1026 5780 quam
1053 5708 1770 5780 extorquendopersuadere.
1801 5706 1906 5762 Sed
1933 5724 2033 5764 ca:-

463 5771 565 5824 teri
603 5784 758 5839 mss.,
791 5770 1044 5830 Rabanus
1075 5785 1129 5832 et
1161 5770 1293 5831 editi
1325 5785 1386 5832 ut
1419 5770 1474 5832 in
1505 5787 1691 5834 nostro
1717 5786 1884 5834 textu.

1019 4384 1066 4416 ⁷⁸
1087 4385 1241 4442 Rom.
1274 4401 1388 4456 κινέ
1410 4384 1462 4439 8.
1523 4384 1566 4416 ⁷⁷
1596 4383 1754 4439 Rom.
1788 4401 1866 4442 vr.
1891 4384 1946 4456 ξι.
2019 4385 2027 4415 "‘

2135 4383 2242 4456 ltiti.
2278 4384 2366 4438 15.
2402 4387 2486 4456 Ῠν⁷⁹
2510 4385 2643 4442 Luc.
2673 4401 2790 4450 vnl,
2817 4386 2872 4440 2.
2947 4386 2994 4418 ⁸⁸
3022 4387 3191 4456 Apoc.
3227 4401 3266 4452 t,
3297 4386 3352 4442 8.

1277 4455 1322 4486 ⁸³
1353 4453 1508 4510 Rom.
1538 4457 1744 4521 x1v,l0.
1820 4455 1867 4487 ⁸⁸
1891 4455 2050 4510 Rom.
2084 4469 2157 4518 vi,
2198 4453 2250 4508 4.
2325 4456 2369 4486 ⁸⁸
2400 4455 2590 4525 Philip.
2624 4473 2706 4522 Ill,
2734 4458 2825 4512 20.

2065 4597 2112 4652 D

2129 559 2357 612 suadeat
2381 557 2516 628 (78).
2551 558 2680 612 lude
2703 559 2938 628 denique
2965 559 3226 626 est,quod
3261 573 3431 626 usque
3461 557 3526 609 ad
3554 573 3696 608 mor--

2129 659 2239 706 tem
2294 651 2547 719 dignatur
2592 651 2878 716 accedere,
2913 659 2971 704 ut
3003 651 3308 721 exemplum
3347 643 3698 709 oliedientize,

2133 754 2189 797 et
2235 743 2500 798 moriendi
2554 743 2781 796 formam
2827 743 3134 796 volentibus
3174 753 3398 810 peccato
3446 751 3502 795 et
3554 741 3698 794 vitiis

2129 834 2300 888 emori
2327 834 2688 904 derelinquat.
2731 834 2795 888 Et
2821 846 3042 903 propter
3069 835 3170 889 hoc
3201 835 3253 886 in
3289 832 3546 900 praesenti
3584 833 3699 885 loco

2131 926 2422 995 Apostolus
2458 927 2647 981 seribit
2694 926 2901 980 idcirco
2937 943 3059 980 eum
3091 935 3362 980 mortuum
3394 940 3516 978 esse
3539 935 3594 976 et
3620 923 3698 976 vi-

2131 1020 2296 1080 xisse,
2324 1029 2380 1073 ut
2407 1031 2455 1072 et
2470 997 2710 1072 vivorum
2737 1027 2788 1070 et
2819 1027 3147 1072 mortuorum
3181 1017 3482 1070 dominetur
3509 1033 3530 1080 ;
3557 1019 3699 1067 vivn-

2131 1126 2272 1174 rum,
2293 1109 2536 1177 profecto
2567 1111 2778 1164 illorum
2801 1110 2893 1178 qui
2923 1108 3344 1163 resurrectionis
3376 1109 3494 1178 ejus
3522 1123 3699 1160 exeni-

2134 1202 2222 1270 plo
2254 1219 2445 1255 novam
2491 1212 2544 1254 et
2594 1202 2878 1254 caelestem
2924 1201 2974 1253 in
3035 1201 3201 1253 terris
3239 1201 3464 1268 exigunt
3505 1199 3700 1262 vitam;

2129 1303 2494 1355 mortuorum,
2528 1293 2744 1346 illorum
2774 1289 2888 1360 (79)
2921 1292 3038 1344 sine
3078 1291 3242 1344 dubio
3271 1292 3362 1359 qui
3406 1288 3700 1342 mortiﬁca-

2133 1384 2330 1436 tionem
2369 1383 2572 1436 Christi
2621 1385 2674 1436 in
2723 1398 2951 1452 corpore
2999 1397 3100 1436 suo
3139 1378 3616 1443 circumferunt“,
3651 1389 3700 1432 et

2129 1473 2457 1528 mortiﬁcant
2489 1475 2728 1526 membra
2767 1489 2862 1528 sua
2905 1489 3026 1541 quae
3071 1482 3190 1526 sunt
3226 1487 3388 1540 super
3415 1481 3616 1525 terram
3634 1471 3701 1522 ¹¹¹.

2201 1565 2366 1636 662
2397 1564 2488 1618 ιυ.
2531 1564 2682 1631 Quod
2711 1565 2757 1619 si
2793 1565 2904 1618 hzec
2927 1564 3001 1618 ita
3024 1579 3082 1618 se
3105 1563 3344 1617 habent:
3380 1563 3482 1627 Tu,
3504 1563 3700 1630 inquit.

2133 1673 2298 1726 quare
2336 1657 2554 1726 judicas
2604 1655 2716 1727 (80)
2766 1656 2984 1725 fratrem
3041 1657 3230 1709 tuum?
3273 1655 3380 1706 Aut
3430 1665 3487 1706 tu
3539 1670 3702 1725 quare

2135 1747 2338 1814 spernis
2371 1747 2592 1816 fratrem
2629 1759 2775 1800 tuum
2793 1747 2860 1811 '3,"
2899 1763 3022 1800 cum
3075 1747 3192 1800 sive
3243 1747 3597 1799 mortilicatio
3631 1745 3702 1799 sit

2136 1839 2189 1892 in
2233 1849 2286 1894 te
2315 1839 2499 1893 carnis
2533 1850 2586 1894 et
2618 1840 2898 1902 vitiorum,
2933 1853 3040 1892 non
3091 1853 3154 1893 ex
3203 1847 3255 1892 te
3295 1849 3415 1892 orta
3473 1839 3565 1900 sit,
3609 1838 3702 1890 sed

2132 1929 2338 1985 Christi
2372 1941 2546 1985 morte
2577 1931 2773 1984 donata
2806 1948 2820 1984 :
2857 1932 2972 1984 sive
3011 1929 3104 1984 tibi
3142 1930 3358 1985 novitas
3381 1930 3504 1982 vita:
3532 1939 3610 1983 est
3633 1927 3702 1993 ⁸⁵,

2132 2031 2188 2076 et
2236 2021 2288 2074 in
2343 2022 2504 2074 terris
2557 2020 2844 2076 ambulans
2905 2022 3375 2075 conversationem
3429 2019 3600 2073 habes
3649 2019 3703 2072 in

2130 2111 2368 2178 caelis",
2406 2111 2609 2167 Christi
2638 2111 2742 2167 hoc
2777 2113 3179 2167 resurrectione
3213 2113 3516 2166 i‘nerueris?
3555 2111 3706 2166 Bene

2131 2211 2313 2256 autem
2339 2205 2626 2272 utriusque
2651 2203 2765 2256 vitii
2802 2214 2986 2258 notam
3020 2202 3309 2256 vernacula
3339 2202 3704 2270 appellatione

2131 2293 2388 2364 signavit,
2423 2293 2500 2346 illi
2549 2294 2766 2364 quidem
2809 2295 2997 2348 dicens
3041 2293 3191 2364 (8|):
3228 2293 3410 2360 Quare
3455 2295 3706 2362 spernis.’

2131 2385 2197 2441 Et
2221 2387 2348 2442 huic
2374 2405 2388 2442 :
2417 2385 2596 2452 Quare
2613 2387 2830 2457 judicas
2867 2387 3085 2456 fratrem
3111 2389 3301 2441 tuum?
3337 2386 3524 2441 Solent
3559 2389 3703 2441 enim

2130 2477 2182 2532 hi
2211 2479 2305 2548 qui
2353 2478 2748 2548 aliquantulum
2790 2480 3042 2532 videntur
3073 2481 3124 2534 in
3162 2479 3391 2534 scientia
3429 2478 3541 2546 (82)
3576 2494 3704 2546 pro-

2130 2569 2350 2632 fecisse,
2385 2584 2641 2638 spernere
2684 2580 2742 2624 et
2787 2569 2941 2622 nihili
2983 2571 3184 2624 ducere
3217 2583 3314 2623 eos
3361 2567 3452 2636 qui
3497 2567 3705 2622 altioris

2130 2664 2500 2722 intelligentia;
2529 2665 2708 2717 minus
2729 2677 2956 2732 capaces
2983 2673 3144 2724 sunt;
3177 2663 3488 2717 econtrario
3521 2671 3703 2715 autem

2130 2757 2364 2824 imperiti
2400 2767 2454 2811 et
2493 2759 2753 2814 indociles
2787 2757 3062 2826 judicare,
3098 2760 3199 2811 hoc
3241 2766 3327 2811 est
3355 2757 3608 2811 incusare
3650 2764 3705 2808 et

2131 2851 2504 2906 condemnare
2527 2863 2620 2904 eos
2649 2850 2741 2919 qui
2775 2851 2970 2904 altiora
3003 2860 3059 2904 et
3096 2848 3447 2917 profundiora
3487 2846 3706 2916 perqui-

2129 2951 2280 3009 runt,
2317 2957 2479 3011 quam
2508 2942 2610 3011 ipsi
2636 2956 2832 3010 capere
2853 2953 2947 2995 aut
2977 2943 3190 3011 assequi
3225 2952 3446 3011 possunt
3477 2941 3609 3012 (85).
3643 2941 3706 2992 Et

2131 3033 2253 3087 ideo
2281 3033 2592 3102 Apostolus,
2613 3048 2873 3088 resecare
2905 3033 3123 3102 culpam
3167 3032 3354 3086 volens
3379 3047 3442 3086 ex
3479 3041 3706 3100 nti-aque

2055 3139 2100 3204 ρ
2128 3133 2284 3194 parte
2311 3135 2647 3189 nascentem,
2679 3125 2785 3180 illis
2809 3127 3026 3194 quidem
3069 3125 3284 3192 praecipi
3300 3134 3338 3189 t,
3382 3139 3451 3178 ne
3481 3123 3707 3178 inferio-

2129 3230 2218 3270 res
2259 3226 2520 3285 spernant
2551 3226 2714 3285 atque
2747 3216 3088 3285 despiciant;
3117 3216 3202 3270 his
3250 3230 3400 3279 vero,
3432 3230 3500 3270 ne
3542 3231 3704 3284 sape-

2131 3311 2308 3364 riores
2333 3326 2391 3364 se
2415 3310 2676 3378 judicent,
2705 3325 2828 3364 cum
2857 3311 3112 3376 peritiam
3153 3325 3260 3362 non
3293 3309 3534 3364 habeant
3561 3307 3706 3376 judi-

2131 3403 2316 3456 candi.
2356 3400 2618 3468 Quamvis
2657 3417 2789 3472 ergo
2832 3401 2946 3473 (81)
2984 3412 3281 3469 utrumque
3322 3402 3704 3471 reprehendat,

2131 3505 2185 3548 et
2213 3509 2336 3548 eum
2372 3494 2464 3562 qui
2503 3496 2713 3564 spernit
2745 3495 2972 3548 fratrem
3007 3493 3344 3556 inferiorem,
3377 3504 3432 3546 et
3460 3508 3584 3546 eum
3613 3493 3705 3562 qui

2122 3583 2336 3653 iudicat
2363 3586 2728 3654 superiorem,
2751 3595 2928 3641 tamen
2961 3595 3020 3638 nt
3051 3587 3368 3640 ostenderet
3399 3586 3550 3640 illum
3581 3603 3705 3654 gra-

2131 3677 2251 3732 vius
2294 3677 2347 3731 in
2392 3675 2710 3745 iudicando,
2755 3693 2918 3747 quam
2967 3677 3109 3730 hunc
3158 3677 3210 3731 in
3253 3679 3560 3746 spernendo
3594 3677 3705 3731 l‘ra-

2133 3775 2269 3820 trem
2314 3780 2562 3836 peecare,
2600 3767 2802 3822 omissa
2847 3767 3142 3836 spretionis
3195 3767 3376 3836 culpa,
3439 3783 3707 3838 pra-sum-

2133 3856 2373 3925 ptionem
2409 3855 2704 3926 iudicantis
2748 3856 2861 3928 (85)
2909 3857 3098 3916 fratris
3143 3871 3456 3931 exaggerat,
3494 3871 3549 3916 et
3589 3862 3708 3916 ideo

2137 3948 2190 4002 iu
2223 3949 2686 4015 consequentibus
2706 3947 2892 4018 jungit
2926 3967 2942 4004 :

2202 4042 2292 4097 41.
2337 4041 2531 4096 Omnes
2559 4044 2697 4096 enim
2727 4045 2983 4097 stabimus
3017 4053 3142 4098 ante
3173 4045 3407 4099 tribunal
3429 4045 3544 4100 Dei.
3563 4047 3710 4104 Scri-

2130 4143 2276 4200 ptum
2309 4142 2385 4185 est
2427 4135 2563 4186 enim
2585 4148 2604 4187 :
2637 4131 2762 4186 Vivo
2804 4151 2920 4202 ego,
2959 4135 3086 4188 dicit
3140 4133 3422 4204 Dominus,
3457 4137 3709 4206 quoniam

2133 4223 2262 4276 mihi
2298 4223 2538 4292 flectetur
2567 4240 2721 4287 omne
2749 4241 2910 4295 genu,
2943 4237 2991 4280 et
3019 4226 3356 4295 con/itebitur
3396 4229 3564 4282 omnis
3602 4228 3707 4282 lin-

3430 4387 3474 4420 “
3509 4387 3552 4442 ll
3577 4387 3703 4444 Cor.

2211 4591 2324 4661 (79)
2351 4591 2598 4647 Illorum.
2627 4593 2788 4649 Deest
2816 4595 2869 4648 in
2898 4603 3056 4647 antea
3089 4591 3272 4647 editis.

2211 4662 2322 4731 (80)
2381 4662 2544 4726 Editi,
2590 4678 2646 4716 tu
2691 4673 2868 4717 autem
2910 4665 3038 4733 quid
3066 4663 3304 4733 judicas,
3363 4676 3466 4721 etc.
3511 4665 3710 4720 Deinde

2137 4731 2302 4785 iidem
2329 4734 2459 4786 editi
2492 4745 2544 4788 et
2574 4749 2704 4786 mss.
2738 4731 2977 4800 quidam,
3007 4742 3056 4785 et
3083 4732 3138 4784 in
3156 4735 3306 4786 terris
3325 4735 3564 4790 ambulas
3585 4753 3711 4789 can-

2136 4801 2474 4874 versationem
2501 4803 2716 4874 habens,
2740 4813 2846 4856 etc.
2890 4803 2997 4857 Sed
3033 4817 3138 4856 ms.
3160 4802 3364 4874 Regius
3401 4821 3552 4860 num.
3572 4806 3709 4860 1639

2137 4879 2194 4926 et
2225 4870 2484 4925 Rabanus
2509 4873 2646 4925 utin
2677 4883 2861 4924 nostro
2895 4885 3066 4928 textu.

2210 4939 2317 5010 (81)
2357 4941 2520 5006 Editi,
2575 4941 2858 4994 vernacula
2890 4943 3172 5010 appellatio
3231 4945 3478 5013 signavit,
3518 4945 3600 4998 illi
3625 4947 3710 4998 di-

2138 5027 2285 5080 cens,
2323 5021 2456 5075 etc.,
2491 5013 2695 5065 omisso
2724 5013 2959 5076 quidem,
2987 5016 3128 5080 quod
3159 5017 3322 5069 etiam
3349 5017 3623 5068 omittitur
3657 5017 3707 5068 iit

2137 5097 2240 5162 ius.
2273 5079 2444 5149 Regio
2468 5097 2620 5162 num.
2649 5081 2786 5136 1659
2812 5090 2868 5136 et
2897 5079 3039 5152 apud
3073 5083 3399 5152 Rabanum;
3427 5087 3524 5142 sed
3550 5086 3710 5140 resti-

2136 5160 2305 5204 tuitur
2342 5165 2410 5204 ex
2441 5160 2654 5204 ca‘lcris
2683 5167 2814 5207 mss.

2205 5220 2317 5290 (8‘2)
2347 5218 2412 5290 In
2451 5221 2686 5274 scientia.
2718 5221 3062 5278 Desideratur
3095 5223 3147 5276 in
3176 5223 3358 5278 editis.

2205 5289 2319 5361 (83)
2357 5289 2525 5350 Editi.
2555 5291 2906 5345 condemnare
2934 5305 2982 5347 et
3009 5295 3258 5346 incusare
3290 5311 3377 5346 eos
3402 5295 3562 5356 qui...
3587 5310 3708 5362 quae

2136 5361 2237 5430 ipsi
2263 5375 2448 5424 capere
2475 5370 2567 5412 aut
2599 5362 2809 5430 assequi
2833 5379 2937 5416 non
2965 5377 3202 5430 possunt.
3227 5365 3317 5417 Sic
3335 5365 3498 5418 etiam
3533 5361 3706 5418 Raba-

2137 5445 2262 5492 nus,
2295 5429 2399 5484 nisi
2430 5430 2573 5498 quod
2608 5429 2826 5494 habeat,
2848 5429 3092 5486 incusare
3124 5443 3171 5486 et
3207 5445 3550 5488 contemnere.
3597 5434 3706 5486 Sed

2141 5513 2332 5573 inutiles
2377 5515 2510 5554 mss.
2535 5509 2594 5550 ut
2624 5501 2674 5552 in
2710 5511 2896 5556 nostro
2948 5513 3119 5568 textu,
3167 5503 3273 5557 nisi
3306 5507 3453 5572 quod
3484 5503 3702 5573 quidam

2140 5568 2672 5638 habeatttiaecusare,
2713 5586 2810 5638 pro
2838 5573 3105 5626 incusare.

2211 5637 2326 5708 (84)
2352 5637 2516 5708 Ergo.
2555 5637 2985 5694 Prtetertnittitut
3025 5643 3076 5694 in
3100 5643 3279 5695 editis.

2212 5707 2324 5780 (85)
2355 5707 2448 5780 Sic
2479 5723 2582 5780 Ius.
2618 5708 2990 5780 Regiusnnm.
3023 5711 3180 5766 1659.
3211 5712 3348 5765 Editi
3379 5727 3530 5776 vero,
3548 5711 3703 5780 judi-

2137 5779 2314 5833 condi.
2351 5779 2543 5836 Caneri
2581 5796 2710 5836 mss.
2743 5789 2797 5834 et
2825 5779 3369 5852 ltabauus,judicati,
3400 5779 3560 5838 tualc.
