4150 6454
435 414 564 469 1241

1378 417 1738 475 COMMENT.
1778 420 1845 474 IN
1883 418 2101 475 EPIST.
2144 419 2237 472 AD
2270 416 2437 471 ROM.
2474 415 2604 471 LIB.
2639 414 2734 474 IX.

3548 416 3690 472 1242

430 546 532 599 gna
591 527 719 584 Deo.
759 527 950 596 Itaque
1005 527 1120 598 (86)
1158 534 1515 604 unusquisque
1548 546 1789 589 nostrum
1820 554 1915 605 pro
1949 555 2004 592 se
2032 541 2081 596 Α
2107 533 2270 588 altior
2293 540 2348 586 et
2366 531 2697 585 eminentior
2732 531 2949 585 caeteris
2970 529 3063 598 qui
3083 528 3360 597 judicantli
3384 540 3534 594 sunt,
3565 534 3686 599 ﬁat,

432 622 685 675 rationem
734 623 913 674 reddet
966 622 1093 675 Deo.
1142 620 1269 676 Non
1318 640 1441 690 ergo
1497 627 1725 696 amplius
1781 630 2003 685 invicem

422 717 721 787 judicemus
746 716 872 770 :sed
912 716 1008 768 hoc
1024 714 1267 784 judicate
1288 718 1477 785 magis,
1494 735 1558 773 ne
1592 722 1801 788 ponatis
1832 724 2005 791 o/fen-

430 811 631 865 sionem
662 810 842 878 fratri,
874 809 951 864 vel
981 808 1293 862 scandalum
1318 810 1385 864 ⁸⁸.
1433 812 1734 867 Assumens
1778 816 2006 883 Aposto-

429 901 515 957 lus
548 903 661 974 (87)
697 919 888 959 causas
917 920 983 959 ex
1011 905 1096 958 his
1126 904 1180 956 in
1208 904 1406 971 quibus
1441 921 1548 959 non
1586 915 1733 960 recte
1761 906 2006 976 judicant

429 994 483 1049 hi
511 995 600 1064 qui
626 996 879 1063 judicant
910 996 1135 1059 fratres,
1166 997 1300 1051 recti
1330 1007 1384 1051 et
1420 997 1553 1065 justi
1601 998 1899 1053 introducit
1925 1000 2004 1053 dio

428 1087 541 1139 vini
577 1086 768 1157 judicii
799 1087 1050 1148 formam,
1083 1094 1138 1142 et
1161 1088 1279 1141 ait:
1312 1086 1507 1142 Omnes
1545 1090 1684 1142 enim
1733 1106 1827 1143 nos
1863 1101 2005 1145 stare

372 1202 373 1205 η
430 1187 634 1248 oportet
664 1189 787 1232 ante
814 1179 1045 1234 tribunal
1074 1180 1206 1247 Dei;
1233 1196 1339 1250 quo
1366 1182 1574 1237 scilicet
1603 1184 1814 1236 noverit
1840 1183 1885 1236 is
1909 1184 2002 1250 qui

420 1265 631 1334 iudicat
656 1266 902 1332 fratrem,
938 1277 1147 1323 tantum
1187 1285 1247 1325 se
1278 1270 1484 1325 crimen
1532 1270 1786 1326 elationis
1821 1271 2004 1325 incur-

424 1371 564 1423 rere,
597 1367 658 1412 nt
676 1358 909 1413 tribunal
949 1360 1042 1416 Dei
1068 1361 1167 1416 sibi
1202 1359 1445 1415 videatur
1466 1376 1764 1429 assumere,
1788 1372 1843 1416 et
1872 1361 2004 1417 Uni-

423 1450 866 1521 genitijudicium
900 1455 1222 1522 praevenire.
1253 1451 1451 1509 Verum
1475 1454 1603 1522 quid
1626 1453 1726 1508 sibi
1751 1454 1877 1508 velit
1906 1457 2004 1510 hoc

423 1540 596 1609 ipsum
642 1543 784 1611 quod
831 1545 1125 1612 Apostolus
1166 1544 1405 1598 tribunal
1476 1544 1571 1597 Dei
1620 1557 1907 1611 memorat,
1950 1556 2004 1601 et

419 1635 696 1702 quomodo
744 1635 1158 1707 intelligendum
1207 1637 1280 1693 sit
1317 1636 1620 1691 videmnus.
1663 1636 1781 1691 Non
1826 1638 2000 1693 solum

419 1724 566 1778 ettim
588 1724 700 1795 (88)
737 1726 789 1779 in
833 1727 936 1782 hoc
988 1728 1131 1796 loco,
1172 1730 1267 1783 sed
1311 1738 1366 1784 et
1407 1731 1475 1784 ad
1529 1730 1839 1785 Corinthios
1865 1732 2002 1786 scri-

418 1817 577 1880 bens,
610 1820 900 1874 tribunalis
936 1819 1067 1875 facit
1110 1821 1467 1877 nihilominus
1510 1824 1864 1889 mentionem,
1907 1824 1998 1878 ubi

2108 641 2176 680 ne
2198 635 2547 693 conspectum
2566 625 2683 694 ejus
2699 624 2905 677 lateant
2924 623 3006 676 vel
3026 637 3184 676 reorn
3195 639 3242 674 tn
3267 622 3378 692 (92)
3397 624 3685 692 supplicia,

2109 715 2195 770 vel
2251 716 2605 786 allegationes
2661 715 3070 780 innocentium;
3108 714 3181 766 ita
3232 714 3593 782 intelligamus
3631 724 3689 769 et

2101 806 2338 876 judicent
2358 807 2598 861 omnium
2620 806 2898 861 Christum
2938 816 3133 858 natura
3164 814 3218 858 et
3243 805 3527 873 majestate
3556 821 3691 859 cun-

2105 893 2212 947 etis
2263 895 2597 948 eminentem
2643 893 3002 961 introspicere
3035 893 3202 946 corda
3232 904 3288 945 et
3326 895 3689 949 conscientias

2105 984 2466 1053 singulorum,
2508 985 2860 1038 manifestare
2893 985 3127 1048 Oct-ulta,
3160 997 3205 1039 et
3231 984 3447 1039 obtecta
3485 986 3691 1039 revela-

2105 1090 2186 1142 re,
2219 1087 2278 1131 ut
2305 1089 2358 1131 et
2381 1078 2541 1132 bonis
2575 1078 2791 1131 actibus
2824 1077 3040 1129 laudem
3075 1077 3371 1139 tribuat,et
3406 1077 3532 1130 mali
3567 1091 3684 1146 pm—

2104 1184 2228 1223 nam
2283 1185 2447 1237 quam
2483 1178 2763 1225 merentur
2797 1169 3076 1237 excipiant
3108 1167 3240 1237 (9'5).
3287 1168 3440 1235 Quod
3491 1172 3534 1222 si
3574 1186 3688 1224 ma-

2105 1271 2196 1315 net
2227 1261 2390 1332 663
2414 1261 2652 1316 futurum
2675 1260 2943 1330 judicium
2977 1259 3091 1324 Dei,
3124 1270 3179 1313 et
3201 1259 3307 1314 tale
3332 1261 3601 1329 judicium
3631 1263 3685 1315 in

2104 1366 2350 1421 quonon
2392 1352 2570 1407 solum
2618 1352 2997 1421 unusquisque
3047 1353 3275 1421 recipiet
3322 1369 3420 1422 pro
3470 1353 3686 1409 actibus

2104 1445 2237 1509 suis,
2265 1445 2357 1499 sed
2386 1456 2440 1499 et
2458 1460 2556 1515 pro
2590 1446 2737 1499 omni
2772 1446 2950 1498 otioso
2975 1444 3142 1497 verbo
3174 1445 3365 1498 reddet
3392 1447 3682 1512 rationem,

2103 1537 2399 1590 secundum
2468 1539 2797 1591 sententiam
2874 1536 3094 1589 Domini
3163 1536 3210 1568 ⁹⁰
3260 1555 3273 1591 :
3329 1539 3685 1606 cogitationes

2103 1642 2319 1697 quoque
2382 1631 2536 1683 malae
2610 1628 2744 1698 (94)
2822 1628 3254 1682 confutabuntnr
3326 1630 3686 1699 redargnente

2102 1721 2458 1783 conscientia,
2492 1731 2546 1775 et
2572 1721 2625 1773 in
2661 1722 2913 1774 otnnibus
2948 1722 3304 1789 unusquisque
3330 1732 3563 1773 nostrum
3589 1737 3684 1786 pro

2101 1826 2157 1862 se
2182 1811 2439 1864 rationem
2478 1814 2659 1865 reddet
2702 1811 2833 1866 Deo.
2882 1813 3003 1867 Non
3027 1830 3171 1882 ergo.
3205 1813 3417 1880 inquit,
3456 1812 3685 1879 amplius

417 1909 495 1961 ait
523 1924 536 1961 ε
566 1901 794 1979 propter
834 1912 978 1978 quod
1031 1914 1302 1966 ,ιηιιεηηη
1365 1914 1472 1966 ﬁve
1532 1884 1861 1981 pratum“,-
1889 1914 1996 1968 τετε
2027 1884 2071 1939 Β
2099 1900 2322 1955 invicem
2365 1901 2692 1970 judicemus,
2739 1904 2885 1958 sicut
2929 1912 2983 1956 et
3032 1904 3085 1955 in
3134 1904 3255 1956 aliis
3283 1904 3415 1956 dicit
3447 1919 3461 1956 :
3493 1901 3683 1972 Itaque

416 2001 655 2054 absentes
687 2001 897 2071 placere
947 2003 1048 2057 illi.
1091 2003 1285 2057 Omnes
1330 2005 1469 2057 enim
1501 2019 1597 2056 nos
1628 2003 1741 2071 (89)
1767 2004 1993 2071 manife-

415 2092 548 2143 stdri
583 2100 785 2159 oportet
821 2103 943 2145 ante
966 2093 1205 2145 tribunal
1230 2092 1452 2157 Christi,
1492 2101 1549 2145 ut
1581 2094 1799 2159 recipiat
1832 2109 1996 2147 unus-

413 2184 639 2252 quisque
676 2199 771 2251 per
809 2199 999 2253 corpus
1030 2193 1189 2251 prout
1212 2185 1393 2254 gessit,
1421 2186 1529 2238 sive
1554 2187 1714 2249 bona,
1752 2186 1857 2238 sive
1882 2202 1995 2239 ma-

411 2272 545 2327 la".
580 2273 686 2328 Sed
716 2283 772 2328 et
798 2275 944 2344 apud
979 2275 1260 2330 Danielem
1316 2276 1639 2345 prophetam
1687 2276 1995 2331 invenimus

416 2365 543 2420 talia
573 2367 822 2433 quaedam
866 2367 933 2421 de
968 2367 1250 2435 iudicandi
1280 2368 1463 2436 specie
1506 2367 1798 2437 descripta.
1832 2366 1998 2421 Vide-

412 2460 553 2522 bam,
587 2459 780 2527 inquit,
815 2470 864 2512 et
894 2476 1010 2513 ecce
1053 2460 1199 2513 sedes
1229 2461 1416 2527 posita:
1446 2470 1627 2523 erant,
1657 2469 1705 2512 et
1742 2458 1995 2513 Vetustus

411 2550 619 2602 dierum
644 2549 877 2614 sedebat,
902 2560 952 2603 et
984 2550 1352 2603 indumentum
1382 2549 1498 2618 ejus
1522 2551 1655 2604 sicut
1682 2551 1775 2604 nia:
1808 2552 1994 2604 candi-

409 2640 560 2701 dum,
596 2649 645 2693 et
673 2640 851 2709 capilli
875 2642 1066 2708 capitis
1091 2641 1207 2709 ejus
1237 2641 1375 2693 sicut
1409 2643 1537 2694 lana
1567 2644 1788 2696 munda.
1825 2642 1994 2695 Thro-

408 2745 507 2783 nus
540 2730 656 2799 ejus
693 2732 913 2799 ﬂamma
939 2733 1100 2801 ignis,
1132 2741 1264 2786 rota:
1297 2732 1413 2803 ejus
1460 2734 1600 2802 ignis
1624 2734 1989 2806 inﬂammans,

406 2821 598 2890 ﬂuuius
627 2823 760 2891 ignis
808 2825 1051 2876 currebat
1087 2835 1207 2878 ante
1240 2825 1434 2892 ipsum.
1462 2823 1658 2879 Millies
1689 2825 1859 2878 millia
1887 2827 1990 2879 mi-

404 2914 707 2967 nistrabant
746 2915 816 2978 ei,
864 2924 913 2968 et
948 2917 1121 2968 decies
1163 2916 1357 2969 millies
1388 2917 1526 2970 dena
1568 2918 1740 2971 millia
1774 2919 1991 2971 assiste-

404 3003 530 3056 bant
577 3016 697 3058 ante
732 3021 872 3058 eum.
931 3004 1207 3058 Iudicium
1272 3008 1549 3060 constituit
1596 3008 1730 3077 (90),
1765 3018 1813 3062 et
1867 3009 1989 3062 libri

405 3095 577 3159 aperti
627 3095 830 3148 sunt“.
880 3095 937 3149 ln
989 3096 1279 3151 duodecim
1327 3113 1545 3167 quoque
1591 3100 1984 3168 prophetarum

405 3186 566 3253 libro,
601 3188 702 3242 sub
749 3189 1009 3260 mysterio
1063 3189 1324 3244 dicitur”
1359 3193 1488 3261 quia
1528 3192 1584 3245 in
1620 3193 1767 3247 valle
1819 3192 1981 3249 Josa-

404 3282 535 3350 phat
563 3281 826 3337 Dominus
849 3281 1054 3351 judicet
1080 3284 1335 3353 populum
1360 3301 1517 3341 suum
1547 3301 1561 3335 :
1598 3286 1768 3356 ipsam
1807 3295 1988 3342 autem

403 3374 599 3429 vallem
626 3372 888 3445 Josaphat
917 3376 1077 3445 paulo
1106 3387 1226 3445 post
1257 3376 1448 3432 vallem
1469 3376 1666 3446 judicii
1716 3378 1983 3433 nominat.

404 3465 515 3521 Sed
558 3466 625 3520 de
654 3467 740 3523 his
789 3483 933 3523 nunc
970 3468 1223 3538 singulis,
1251 3484 1372 3539 quae
1408 3469 1782 3524 similitudinis
1818 3482 1986 3523 causa

402 3558 751 3626 protulimus,
797 3548 1073 3614 disserere
1121 3561 1342 3631 longum
1379 3560 1618 3616 videtur.
1668 3561 1747 3616 Ea
1806 3569 1984 3615 tamen

399 3666 521 3720 quae
572 3652 637 3705 ad
681 3650 994 3706 Corinthios
1036 3653 1321 3721 scripsisse
1357 3650 1678 3722 Apostolum
1722 3652 1979 3717 diximus,

402 3743 746 3798 conferentes
789 3759 914 3799 cum
952 3745 1207 3812 praesenti
1260 3744 1403 3809 loco,
1449 3744 1533 3799 vel
1595 3743 1811 3798 cteteris
1863 3758 1986 3813 quae

402 3835 546 3904 apud
592 3837 894 3905 prophetas
918 3837 1258 3908 (9l)scripta
1319 3836 1770 3897 memoravimus,
1802 3835 1987 3890 decla-

401 3929 508 3983 rari
545 3928 793 3982 videmus
836 3942 901 3981 ex
948 3929 1207 3981 omnibus
1245 3927 1557 3982 certissime
1590 3926 1828 3995 futurum
1858 3940 1981 3980 esse

394 4018 655 4088 judicium
694 4020 824 4083 Dei;
856 4019 1014 4086 cujus
1063 4020 1277 4088 species
1319 4028 1378 4072 ut
1434 4020 1614 4072 notior
1668 4018 1982 4072 hominibus

403 4111 579 4173 ﬁeret,
614 4108 894 4177 judicandi
946 4110 1120 4163 forma
1161 4123 1226 4161 ex
1273 4108 1357 4161 his
1390 4109 1687 4176 quaeinter
1731 4106 1978 4161 homines

398 4209 664 4269 geruntur
709 4207 989 4267 assumpta
1040 4206 1145 4257 est,
1193 4212 1305 4265 quo
1358 4197 1568 4251 scilicet
1604 4211 1974 4259 nosceremus,

397 4292 525 4358 quia
560 4290 702 4345 sicut
732 4287 898 4359 iudex
932 4288 1037 4344 iste
1067 4299 1317 4343 terrenus
1362 4287 1647 4343 celsioretn
1686 4288 1977 4357 quemdam

398 4380 581 4436 locum
606 4381 753 4451 quod
793 4380 1029 4435 tribunal
1061 4380 1384 4451 appellatur,
1417 4378 1688 4444 ascendit,
1722 4386 1780 4431 ut
1815 4392 1881 4433 ex
1914 4392 1981 4433 eo

467 4520 513 4551 ⁸⁸
546 4519 704 4574 Rom.
733 4534 844 4584 xw,
883 4520 1071 4574 10-15.
1149 4520 1193 4552 ⁸⁷
1225 4520 1274 4575 ll.
1298 4519 1425 4573 Cor.
1459 4535 1514 4579 v,
1554 4519 1608 4582 9,
1642 4517 1730 4571 10.

1823 4516 1869 4549 ⁸⁸
1898 4517 2033 4571 Dan.
2062 4532 2161 4581 vn,
2193 4515 2366 4581 9,10.

397 4590 440 4622 ’⁸
474 4591 491 4644 Ι
531 4594 656 4645 (Lor.
702 4606 779 4654 tv,
814 4590 869 4643 5.
948 4592 992 4622 ³⁸
1023 4591 1041 4644 l
1068 4589 1195 4645 Cor.
1228 4591 1404 4656 tn,l3.
1479 4588 1525 4620 ⁹³
1558 4590 1755 4658 Ephes.
1798 4603 1849 4655 v,
1882 4589 1970 4643 15.

2121 4591 2256 4642 Dan.
2282 4603 2381 4653 vti,
2418 4586 2508 4642 16.
2584 4587 2628 4619 ⁸⁸
2665 4590 2797 4643 ibid.
2832 4586 2887 4644 9.

2096 1992 2256 2046 nolite
2290 2003 2413 2046 ante
2463 2005 2663 2061 tempus
2711 1996 2837 2064 quid
2881 1994 3149 2063 judicare,
3195 2011 3459 2063 usqueqtto
3506 1996 3681 2047 veniat

2093 2080 2355 2134 Dominus
2381 2083 2471 2151 qui
2504 2083 2825 2136 illuntinabit
2852 2083 3059 2135 occulta
3097 2085 3452 2145 tenebrarum,
3479 2093 3526 2137 et
3563 2100 3680 2135 ma-

2098 2174 2370 2239 nifestabit
2402 2175 2630 2226 consilia
2658 2175 2894 2227 sordium
2921 2192 2938 2230 :
2968 2187 3012 2227 et
3041 2186 3164 2226 tunc
3195 2176 3313 2227 laus
3341 2176 3436 2226 erit
3474 2174 3681 2226 unicui-

2096 2278 2195 2333 que
2238 2280 2271 2315 a
2336 2262 2443 2316 Deo
2478 2264 2522 2296 ⁹¹
2562 2263 2697 2336 (95).
2745 2264 3050 2320 Nudabitur
3105 2268 3249 2320 enim
3298 2268 3585 2332 universae,
3624 2276 3682 2319 ut

2096 2370 2196 2423 ego
2227 2354 2493 2421 arbitror,
2520 2366 2795 2412 creaturae
2828 2359 3135 2412 rationabili
3168 2374 3265 2412 cor
3302 2370 3549 2411 nostrum
3576 2400 3590 2419 ,
3629 2369 3682 2412 at

2097 2446 2485 2500 revelabuntur
2535 2449 2779 2516 occulta,
2819 2450 2903 2503 vel
2950 2451 3114 2503 etiam
3164 2451 3676 2504 manifestabuntur.

2092 2536 2194 2593 Est
2241 2539 2387 2593 enim
2438 2538 2765 2595 dill‘erentia.
2817 2540 3081 2597 Videntur
3141 2544 3284 2596 enim
3337 2546 3400 2597 ea
3461 2544 3678 2612 quidem

2092 2646 2215 2701 quae
2262 2630 2597 2698 revelantur,
2653 2634 2719 2686 ad
2774 2635 2942 2687 malos
2994 2635 3305 2701 pertinere,
3359 2636 3425 2689 de
3483 2636 3682 2703 quibus

2092 2723 2294 2778 dicitur
2322 2745 2332 2778 :
2363 2723 2433 2778 In
2484 2726 2604 2795 igne
2638 2727 2778 2781 enim
2813 2728 3132 2783 revelabitur
3162 2729 3207 2759 θ’
3234 2745 3249 2794 ;
3281 2743 3343 2779 ea
3381 2743 3511 2782 vero
3554 2743 3679 2796 qua:

2094 2817 2549 2886 manifestantur,
2596 2821 2663 2874 ad
2713 2821 2918 2885 bonos;
2965 2830 3022 2873 et
3068 2819 3191 2873 ideo
3230 2822 3431 2875 dicitur
3466 2842 3478 2876 :
3513 2819 3681 2874 Omne

2089 2910 2228 2964 enim
2268 2910 2411 2979 quod
2440 2910 2835 2979 manifestatur,
2858 2911 2952 2964 lux
2975 2922 3049 2963 est
3079 2911 3159 2964 "2
3185 2920 3240 2964 et
3272 2921 3524 2980 tanquam
3557 2911 3678 2965 libri

2091 3003 2317 3072 quidam
2371 3002 2659 3072 descripti,
2711 3002 2791 3055 vel
2850 3002 3054 3056 tabula:
3105 3004 3289 3057 incisa:
3337 3004 3679 3057 continentes

2091 3089 2310 3147 litteras
2362 3102 2584 3146 actuum
2642 3092 3145 3161 cogitationumque
3205 3104 3551 3157 nostrarum,
3609 3096 3678 3149 ab

2091 3184 2264 3250 omni,
2300 3192 2357 3238 ut
2391 3185 2629 3239 diximus
2654 3227 2669 3250 ,
2698 3193 2948 3238 creatura
2984 3186 3297 3240 rationabili
3345 3186 3673 3258 relegentnr.

2095 3275 2163 3329 Et
2198 3276 2303 3330 hoc
2330 3286 2413 3330 est
2440 3279 2585 3345 quod
2622 3278 2862 3330 arbitror
2886 3277 3121 3331 indicari
3149 3295 3245 3346 per
3276 3280 3546 3334 Danielem
3580 3280 3671 3334 ubi

2091 3366 2266 3421 dicit:
2300 3366 2367 3420 Et
2405 3367 2528 3420 libri
2555 3368 2722 3437 aperti
2758 3377 2880 3421 sunt
2929 3368 2996 3438 ⁸⁸,
3031 3370 3123 3439 qui
3168 3371 3376 3425 scilicet
3416 3373 3467 3424 in
3509 3373 3674 3426 corde

2089 3473 2238 3512 nunc
2270 3459 2495 3513 involuti
2537 3472 2666 3514 sunt
2702 3472 2758 3513 et
2800 3459 3041 3528 obtecti,
3083 3463 3427 3517 continentes
3452 3464 3673 3532 quidem

2090 3550 2293 3619 scripta
2355 3566 2478 3620 qua:
2548 3554 2788 3623 gerimus
2841 3556 2978 3625 (96),
3042 3565 3101 3609 et
3153 3556 3298 3609 netis
3346 3557 3673 3625 quibusdam

2088 3644 2437 3698 conscientia:
2482 3645 2709 3711 sulcati,
2776 3631 2877 3704 nec
2934 3658 3113 3703 tamen
3152 3649 3242 3702 ulli
3280 3650 3387 3703 nisi
3432 3651 3529 3704 soli
3562 3650 3675 3705 Deo

2089 3735 2313 3804 cogniti.
2345 3733 2440 3789 lsti
2474 3752 2608 3808 ergo
2639 3738 2758 3793 libri
2795 3741 2992 3796 animae
3014 3751 3239 3805 nostra,
3271 3742 3353 3796 vel
3380 3743 3461 3796 ba:
3490 3742 3674 3799 cordis

2091 3827 2268 3880 nostri
2332 3828 2545 3898 paginae
2603 3831 2927 3898 aperientur
2992 3831 3045 3885 in
3128 3845 3425 3902 conspectu
3487 3835 3671 3888 throni

2087 3917 2351 3983 ﬂammei,
2416 3931 2471 3974 et
2528 3910 2771 3975 rotarum
2826 3922 2968 3989 ignis
3016 3923 3278 3985 ardentis,
3324 3934 3378 3979 et
3435 3925 3672 3980 fluminis

2087 4010 2229 4080 ignei
2262 4027 2325 4064 ac
2357 4013 2731 4079 percurrentis
2759 4024 2886 4065 ante
2922 4011 3202 4068 Vetustum
3239 4016 3449 4069 dierum
3476 4015 3543 4069 ".
3580 4015 3672 4070 Vi-

2086 4101 2290 4155 debunt
2316 4102 2461 4168 haec,
2497 4114 2553 4157 et
2590 4103 2772 4171 legent
2802 4103 2965 4158 etiam
2996 4105 3197 4174 angeli,
3243 4117 3298 4160 et
3340 4106 3428 4160 illa
3473 4109 3669 4163 millies

2086 4191 2253 4245 millia
2287 4194 2624 4262 angelorum,
2653 4204 2709 4249 et
2745 4196 2925 4251 decies
2969 4198 3166 4252 millies
3194 4200 3329 4253 dena
3372 4200 3540 4254 millia
3570 4202 3670 4254 mi-

2085 4282 2391 4337 nistrorum
2421 4284 2491 4350 ³⁸,
2524 4294 2580 4338 et
2613 4286 2689 4339 ita
2718 4285 3013 4341 criminum
3044 4303 3355 4343 nostrorum
3388 4290 3442 4344 in
3471 4291 3668 4360 quibus

2088 4390 2233 4430 nunc
2283 4390 2452 4430 unum
2488 4375 2679 4431 saltem
2714 4388 2905 4433 testem
2946 4382 3058 4449 pati
3101 4379 3505 4446 confundimur,
3552 4397 3668 4437 cte-

2466 4516 2511 4548 ⁸⁹
2541 4517 2678 4571 Joel.
2715 4533 2800 4583 Ill,
2830 4518 2887 4587 2,
2926 4518 3013 4573 12.
3118 4521 3165 4551 ⁸ο
3197 4520 3386 4576 Matth.
3426 4538 3524 4589 xu,
3572 4524 3664 4581 36.

2466 4586 2508 4641 ᾖ.
2584 4587 2628 4619 ⁸⁸
2665 4590 2797 4643 ibid.
2832 4591 2887 4644 9.
2997 4589 3045 4621 ⁸⁸
3076 4590 3208 4645 ibid.
3242 4593 3307 4646 tu

470 4705 582 4782 (86)
620 4705 1189 4782 l_taque_unusquisque
1242 4719 1477 4782 nostrum
1506 4725 1600 4778 pro
1629 4726 1684 4782 se
1716 4711 1975 4765 rationem
2006 4712 2055 4773 D
2082 4710 2187 4771 cia,
2224 4718 2331 4782 etc.
2364 4708 2569 4763 Deinde
2597 4708 2729 4763 editi
2758 4709 3012 4763 emittunt
3036 4712 3111 4782 ita
3129 4719 3257 4765 ante
3284 4710 3662 4782 intelligamus;

398 4781 575 4831 reddet
628 4777 753 4830 Deo.
797 4777 922 4830 Non
971 4777 1352 4847 ergo'amplius
1398 4779 1614 4832 invicem
1644 4781 1973 4847 judicemus,

394 4849 487 4918 sed
509 4847 606 4899 hoc
622 4847 1084 4918 judicategmagis,
1107 4866 1168 4901 ne
1192 4849 1401 4916 ponatis
1433 4849 1769 4918 o/fensionem
1795 4851 1974 4917 fratri,

394 4917 473 4971 vel
505 4916 837 4986 scandalum.
872 4916 1013 4979 Haec,
1042 4934 1166 4986 qua:
1193 4916 1488 4973 restituunt
1528 4935 1658 4972 mss.
1703 4930 1755 4973 et
1790 4916 1976 4976 Rabaé

398 4986 606 5058 nus,_i_n
636 4985 788 5058 libris
813 4998 983 5058 antea
1013 4985 1177 5042 editis
1207 5004 1315 5042 non
1348 4998 1689 5058 comparent.

469 5055 602 5128 (87)
622 5054 928 5128 Apostolus.
959 5056 1120 5128 Deest
1142 5058 1195 5110 in
1223 5054 1489 5128 otnnibus'
1506 5075 1637 5114 mss.
1668 5060 1896 5128 nostris,
1922 5070 1978 5117 et

395 5124 549 5197 apud
571 5124 883 5197 Rabanum,
911 5127 1006 5197 sed
1039 5136 1216 5180 CXSIal
1247 5127 1300 5180 in
1330 5130 1509 5181 editis.

489 5192 577 5252 88)
616 5197 773 5249 Deest
800 5196 939 5249 enim
976 5195 1028 5247 in
1059 5197 1218 5249 libris
1245 5205 1402 5250 antea
1432 5198 1616 5252 editis.

487 5263 575 5327 89)
604 5265 762 5319 Enim
806 5280 920 5318 nos.
952 5263 1081 5320 Haec
1113 5268 1275 5320 verba
1300 5267 1685 5323 desiderantur
1710 5272 1762 5324 in
1787 5271 1970 5327 editis.

488 5334 578 5410 96)
614 5335 777 5410 Editi,
806 5334 1078 5410 rotteejus
1096 5337 1233 5410 ignis
1254 5352 1524 5410 accensus,
1541 5338 1735 5407 ﬂuvius
1766 5342 1971 5410 igneus.

394 5403 594 5458 Millies
629 5404 799 5457 millia
828 5403 1136 5459 ministrant
1164 5408 1279 5461 ei...
1312 5403 1624 5462 assistebant
1661 5413 1730 5471 ei,
1761 5403 1812 5463 et
1840 5422 1961 5466 ante

394 5491 512 5527 eum
537 5474 805 5543 judicium
837 5477 1201 5541 constitutum,
1235 5488 1344 5530 etc.
1380 5476 1585 5532 Deinde
1634 5481 1797 5534 iidem
1841 5482 1973 5537 editi

391 5557 448 5598 et
479 5561 609 5597 mss.
642 5546 889 5613 quidam,
912 5544 981 5599 In
1004 5547 1315 5599 duodecimo
1342 5562 1566 5615 quoque.
1598 5563 1702 5604 etc.

466 5614 575 5684 (9|)
606 5615 681 5667 lta
720 5630 824 5668 tns.
864 5616 1064 5685 Regius
1094 5631 1244 5669 num.
1284 5614 1423 5671 1659
1455 5614 1512 5671 et
1538 5616 1820 5676 Babanusl
1853 5620 1969 5678 Cte-

396 5690 495 5737 teri
526 5699 654 5737 vero
678 5700 807 5740 mss.
829 5695 885 5737 et
911 5687 1066 5749 editi,
1090 5688 1421 5753 prophetam.

466 5754 577 5825 (92)
618 5754 781 5825 Editi,
813 5769 875 5807 ne
899 5758 1199 5823 conspectui
1222 5757 1336 5825 ejus
1361 5758 1557 5811 lateant
1583 5760 1660 5812 vel
1684 5760 1967 5825 ntalarum,

391 5835 500 5876 etc.
533 5823 631 5899 Ms.
663 5823 1044 5899 Regiuspum.
1078 5823 1335 5888 1659,ἠε
1368 5842 1670 5896 conspectus
1724 5833 1841 5899 ejus
1889 5823 1967 5883 la;

396 5904 501 5946 teat
527 5894 600 5947 vel
630 5910 836 5948 reorum
861 5894 1167 5966 (Rabanus,
1194 5904 1396 5952 lateant
1428 5894 1503 5953 cel
1538 5894 1970 5973 reruut)'suppli-

2078 4787 2133 4831 et
2162 4778 2322 4846 paulo
2354 4789 2477 4847 post
2505 4782 2725 4846 habent,
2759 4782 2964 4833 cwteris
2987 4781 3316 4834 eminentem.

2152 4847 2264 4920 (93)
2298 4849 2389 4902 Sic
2423 4848 2698 4913 Rabanus,
2733 4866 2834 4902 ms.
2860 4849 3061 4919 Regius
3084 4866 3231 4904 num.
3262 4850 3395 4905 1659
3421 4861 3474 4905 et
3504 4853 3658 4910 editi.

2079 4917 2209 4972 Mss.
2244 4917 2375 4972 vero
2404 4922 2671 4988 plerique,
2708 4929 2758 4972 et
2795 4917 2966 4972 malas
3002 4936 3155 4989 parua
3193 4936 3351 4987 quam
3390 4936 3661 4977 merentur

2075 4989 2327 5055 excipiat.

2107 5111 2126 5128 ,ν
2153 5060 2267 5127 (94)
2294 5057 2370 5111 lta
2406 5074 2508 5113 ms.
2539 5059 2740 5128 Regius
2773 5074 2919 5111 num.
2949 5058 3104 5112 1659.
3142 5059 3282 5114 Etliti
3314 5076 3446 5116 vero
3470 5102 3484 5126 ,
3515 5065 3655 5117 reci-

2078 5127 2183 5197 piet
2219 5145 2314 5197 pro
2348 5131 2574 5193 actibus,
2602 5127 2691 5182 sed
2722 5145 2817 5196 pro
2841 5132 2981 5181 omni
3010 5129 3161 5182 verba
3203 5132 3372 5184 otioso
3404 5135 3654 5187 reddetur

2078 5198 2311 5269 ratio....
2347 5201 2797 5269 cogitationesque
2828 5200 3018 5269 multa,
3054 5210 3161 5252 etc.
3204 5203 3397 5256 theri
3430 5218 3561 5257 mss.
3601 5214 3656 5259 et

2079 5267 2362 5331 Rabanus,
2415 5267 2669 5321 redditur
2732 5268 2963 5322 ratio....

2081 5337 2401 5409 (habentis,
2437 5337 2675 5408 quoque)
2703 5339 2881 5401 malta,
2908 5350 3013 5409 etc.

2152 5408 2267 5479 (95)
2296 5410 2447 5463 Sicut
2468 5420 2517 5479 et
2543 5414 2597 5461 in
2623 5412 2745 5461 aliis
2763 5410 2893 5461 dicit
2924 5424 2944 5463 :
2974 5408 3163 5478 Itaque
3183 5410 3344 5464 nolite
3370 5424 3490 5466 ante
3526 5423 3654 5467 tem-

2080 5478 2177 5545 pus
2212 5478 2618 5548 quidjudicare,
2649 5493 2782 5541 ete.,
2819 5494 2990 5548 usque
3021 5487 3122 5542 ad,
3154 5495 3200 5533 et
3243 5496 3366 5534 tunc
3398 5484 3519 5540 lau.
3551 5488 3651 5539 erit

2080 5550 2361 5618 unicuique
2399 5566 2434 5602 a
2484 5548 2612 5602 Deo.
2650 5550 2775 5603 Haec
2809 5551 3187 5620 desiderantur
3226 5553 3279 5605 in
3329 5554 3523 5620 editis;
3553 5555 3650 5608 sed

2078 5620 2444 5694 restituuntur
2483 5635 2549 5694 ex
2583 5635 2713 5673 mss.
2754 5621 2982 5694 nostris.
3030 5618 3131 5673 Ms.
3161 5629 3338 5674 tamen
3386 5618 3523 5679 unus
3553 5639 3652 5694 pro

2078 5688 2166 5763 his
2202 5692 2382 5763 verbis
2407 5690 2592 5763 habet,
2626 5696 2713 5763 sed
2744 5688 2840 5763 hoc
2860 5688 3103 5754 judicate
3136 5694 3327 5759 magis,
3356 5710 3418 5747 ne
3438 5688 3648 5763 ponatis

2079 5758 2459 5828 olfendiculum
2504 5757 2675 5823 ’rutri,
2714 5761 2792 5811 vel
2838 5763 3149 5814 scandalum
3175 5805 3190 5829 ,
3225 5757 3372 5831 quod
3425 5757 3649 5821 minime

2081 5834 2320 5884 cohaeret
2353 5846 2476 5881 cum
2510 5832 2884 5897 Sequentibus.

2151 5899 2265 5968 (96)
2309 5898 2472 5966 Editi,
2523 5901 2763 5971 qmedam
2807 5900 3002 5969 scripta
3034 5917 3151 5971 qua:
3182 5906 3430 5972 gerimus.

3022 5271 3365 5339 cogitationes
3434 5289 3653 5344 quiaque
