4150 6394
521 380 662 437 1243

1979 378 2302 437 ORIGENIS

3651 376 3797 433 12M

520 495 735 549 testium
797 501 929 550 tunc
972 501 1239 550 virtutum
1288 503 1455 552 testes
1503 504 1753 551 catervas
1803 496 2112 550 innumera-
2140 504 2185 557 Α
2213 495 2531 578 Αροειοιμρ.
2554 493 2708 564 Quod
2736 501 2918 550 tamen
2949 508 3059 550 non
3086 501 3172 549 est
3200 491 3500 549 carnaliter
3522 493 3799 561 accipien-

519 585 659 641 hiles
705 586 1001 653 patiemur.
1062 586 1197 642 Cum
1249 598 1433 642 autem
1494 588 1698 642 Paulus
1747 588 1926 652 dicat,
1981 588 2110 657 quia

519 689 699 728 omnes
728 676 987 730 stabimus
1015 688 1137 730 ante
1176 677 1411 731 tribunal
1465 676 1584 742 Dei,
1620 687 1677 733 et
1716 678 1845 731 dum
1883 675 1995 747 (97)
2050 692 2110 733 se

520 782 646 822 cum
704 769 793 822 his
854 770 1026 824 societ
1078 768 1172 840 qui
1226 770 1454 825 stabunt
1501 779 1630 824 ante
1682 770 1922 824 tribunal
1983 770 2107 838 Dei,

523 862 781 933 quisnam
809 862 1008 932 estqui
1044 862 1398 931 semetipsum
1449 863 1522 916 ita
1553 862 1788 931 decipiat
1833 872 1890 917 et
1934 861 2107 930 fallat,

521 964 586 1008 ut
624 955 690 1008 ad
713 952 978 1023 judicium
1021 968 1081 1008 se
1108 953 1338 1018 Christi,
1378 963 1434 1009 et
1475 953 1543 1008 ad
1577 954 1809 1010 tribunal
1835 954 2107 1023 cognitio-

520 1045 608 1101 nis
638 1045 757 1114 ejus
785 1059 893 1100 non
928 1055 1083 1115 putet
1109 1060 1233 1099 esse
1261 1052 1572 1111 venturum,
1611 1056 1708 1101 aut
1747 1045 2106 1101 manifestan-

519 1136 651 1191 dum
681 1151 742 1191 se
774 1152 881 1191 non
913 1146 1071 1207 putet
1102 1138 1155 1191 in
1190 1138 1273 1192 his
1302 1152 1420 1208 qua:
1453 1139 1570 1194 sive
1604 1148 1771 1203 recte,
1800 1139 1918 1195 sive
1938 1140 2106 1194 etiam

520 1231 703 1285 minus
740 1238 888 1284 recte
928 1230 1313 1284 commiserit?
1367 1230 1518 1297 Quod
1573 1245 1702 1286 vero
1751 1231 1804 1284 in
1852 1229 2109 1299 praesenti

520 1323 741 1391 quidem
793 1322 915 1378 loco
960 1322 1197 1377 tribunal
1248 1321 1366 1387 Dei,
1420 1324 1488 1377 ad
1538 1321 1851 1377 Corinthios
1894 1337 2023 1377 vero
2060 1323 2105 1354 "

521 1414 760 1470 tribunal
813 1413 1011 1469 Christi
1069 1416 1273 1484 posuit,
1323 1430 1422 1486 ego
1467 1415 1688 1484 quidem
1734 1414 1937 1468 nullam
1978 1424 2109 1484 puto

519 1519 645 1559 esse
683 1503 795 1577 (98)
842 1503 1205 1559 differentiam
1245 1505 1533 1573 quominus
1563 1520 1728 1557 unum
1763 1513 1925 1574 atque
1964 1506 2106 1559 idem

520 1596 755 1651 tribunal
789 1597 986 1651 Christi
1016 1606 1069 1651 et
1101 1596 1337 1651 tribunal
1384 1597 1481 1651 Dei
1516 1597 1853 1661 nominetur,
1910 1612 2109 1652 secun-

525 1691 653 1745 dum
684 1691 827 1758 quod
863 1692 981 1759 ipse
1017 1687 1272 1743 Salvator
1300 1689 1352 1742 in
1381 1688 1673 1757 Evangelio
1699 1690 1830 1744 dicit
1857 1708 1873 1745 :
1910 1689 2108 1746 Omnia

517 1797 638 1851 qum
667 1781 823 1835 habet
862 1780 1047 1845 Pater,
1093 1797 1209 1834 mea
1254 1791 1375 1835 sunt
1407 1782 1493 1849 '3;
1545 1791 1601 1836 et
1643 1782 1841 1836 iterum
1876 1801 1888 1836 :
1919 1781 2103 1847 Pater,

2213 589 2365 652 dum,
2420 597 2482 642 ut
2510 597 2765 658 putemus
2806 586 2949 657 quod
2976 587 3142 644 etiam
3170 585 3436 651 caelestia,
3498 598 3620 653 quae
3661 583 3801 638 dicit

2215 692 2358 749 genu
2388 675 2631 745 ﬂectere,
2660 677 2972 732 carnalibus
3009 676 3272 731 membris
3311 673 3497 730 facere
3524 674 3641 729 haec
3671 688 3795 729 cre-

2211 771 2413 825 dantur
2453 769 2578 841 (2):
2618 769 2773 824 verbi
2817 783 3005 832 causa.
3058 776 3119 822 ut
3154 775 3373 838 putetur
3428 764 3515 821 vel
3557 764 3664 830 sol,
3705 763 3797 819 vel

2209 860 2365 925 luna,
2401 859 2485 913 vel
2514 857 2707 923 stellis,
2763 858 2849 913 vel
2892 858 3057 912 etiam
3101 857 3302 928 angeli,
3355 866 3409 912 et
3457 870 3797 927 quaecunque

2209 960 2340 1008 sunt
2373 968 2493 1021 qua:
2524 952 2768 1008 coelestia
2794 951 3163 1014 nominantur,
3191 951 3570 1021 corporalibus
3599 949 3799 1007 inﬂexa

2209 1045 2441 1114 genibus
2471 1047 2727 1109 adorare,
2759 1054 2854 1098 aut
2889 1045 3058 1099 etiam
3112 1042 3296 1111 lingua
3335 1043 3569 1107 carnali,
3615 1052 3673 1096 et
3700 1038 3796 1098 tali

2211 1139 2455 1193 membro
2481 1138 2625 1208 quali
2658 1152 2758 1193 nos
2784 1137 3032 1191 homines
3055 1136 3356 1207 loquimur,
3380 1144 3640 1205 putentur
3658 1151 3799 1192 con-

2212 1228 2353 1284 literi
2380 1228 2575 1293 Deum,
2602 1228 2672 1285 de
2696 1229 2896 1299 quibus
2921 1227 3124 1283 dicitur
3159 1228 3288 1298 quia
3332 1227 3445 1281 sint
3487 1227 3712 1297 spiritus
3738 1234 3798 1281 et

2209 1322 2372 1393 ignis,
2423 1321 2724 1378 secundum
2764 1322 2910 1392 quod
2945 1321 3215 1391 Pr0pheta
3254 1320 3389 1376 dicit
3418 1320 3439 1352 ⁸
3468 1336 3484 1375 :
3515 1319 3621 1385 Qui
3659 1320 3794 1389 facit

2208 1414 2422 1485 angelos
2449 1431 2573 1470 suos
2598 1415 2839 1484 spiritus,
2878 1412 3047 1486 665.
3080 1423 3129 1467 et
3163 1413 3437 1468 ministros
3464 1430 3590 1469 suos
3620 1414 3795 1484 ignem

2208 1517 2464 1561 urentem.
2490 1507 2559 1561 Et
2583 1522 2706 1577 qua:
2725 1521 2905 1575 genua
2933 1508 2985 1561 in
3011 1504 3296 1576 spiritibus
3312 1520 3436 1561 esse
3461 1505 3798 1561 credentur?

2209 1608 2302 1652 ant
2326 1614 2446 1667 qua:
2471 1599 2651 1668 lingua
2683 1598 2736 1652 in
2760 1581 2903 1668 ignis
2926 1598 3110 1667 specie
3134 1597 3485 1667 requiretur?
3509 1596 3618 1653 Sed
3651 1612 3794 1667 genu

2208 1689 2453 1757 ﬂectere,
2485 1688 2728 1756 subjecta
2758 1698 3127 1756 essecuncta,
3157 1699 3213 1744 et
3234 1688 3404 1744 cultui
3441 1690 3537 1744 Dei
3564 1686 3797 1745 obedire

2209 1781 2455 1837 declarat
2480 1781 2583 1852 (5).
2618 1781 2801 1836 Movet
2829 1795 2917 1836 me
2958 1780 3037 1852 (4)
3089 1780 3269 1836 adhuc
3320 1797 3387 1836 ex
3436 1782 3523 1837 his
3562 1797 3684 1851 quae
3727 1784 3797 1836 de

518 1850 700 1930 omnia
728 1891 844 1929 mea
885 1885 978 1929 tua
1008 1884 1153 1939 sunt,
1189 1885 1234 1929 et
1266 1885 1359 1929 tua
1397 1892 1514 1930 mea
1545 1876 1614 1930 ⁸³.
1679 1874 1735 1930 Si
1768 1876 1892 1945 quis
1924 1886 2105 1930 tamen
2138 1850 2181 1906 Β
2207 1873 2453 1945 Epistola
2589 1873 2909 1929 Corinthios
2941 1850 3371 1944 assumpsimus,
3398 1876 3492 1931 ubi
3517 1850 3656 1931 dicit
3683 1892 3700 1930 :
3727 1873 3799 1930 Ut

517 1978 674 2039 putat
699 1969 754 2023 in
784 1966 1132 2024 sermonibus
1157 1965 1332 2034 Pauli,
1367 1969 1496 2039 quia
1538 1967 1681 2023 nulla
1722 1971 1776 2024 in
1806 1967 1925 2035 ejus
1962 1968 2107 2023 litte-

518 2061 600 2117 ris
620 2061 796 2117 otiosa
837 2061 922 2116 vel
950 2061 1156 2132 syllaba
1191 2071 1276 2118 est
1302 2102 1318 2127 ,
1367 2076 1567 2117 causas
1608 2062 1894 2118 varietatis
1944 2061 2107 2132 hujus

518 2167 646 2210 esse
703 2154 1102 2224 requirendas,
1158 2155 1360 2223 poterit
1415 2152 1672 2209 fortassis
1736 2154 1844 2209 tale
1902 2153 2106 2223 aliquid

520 2244 750 2300 dicere:
783 2244 989 2300 Christi
1034 2243 1394 2312 vocabulum,
1441 2255 1704 2314 quantum
1745 2245 1815 2299 ad
1858 2246 2107 2315 proprie-

521 2347 687 2393 tatem
729 2336 1112 2407 appellationis
1144 2339 1313 2407 ipsius
1340 2338 1603 2407 pertinet,
1641 2336 1807 2393 Verbi
1854 2338 1907 2392 in
1936 2353 2108 2394 carne

518 2431 684 2501 positi
716 2440 771 2485 et
798 2431 1055 2499 mundum
1103 2430 1217 2485 Deo
1266 2430 1677 2485 reconciliantis
1708 2432 1970 2487 indicium
1998 2443 2105 2498 est,

518 2523 665 2578 sicut
695 2534 749 2578 et
774 2522 917 2578 idem
944 2522 1149 2579 Paulus
1173 2523 1323 2588 dicit,
1348 2526 1474 2593 quia
1507 2523 1650 2578 Deus
1676 2526 1859 2578 eratin
1889 2524 2105 2581 Christo

518 2615 778 2669 mundum
831 2615 1178 2669 reconcilians
1238 2616 1338 2670 sibi
1371 2617 1423 2681 ¹;
1482 2617 1578 2671 sed
1646 2617 2106 2675 reconciliationis

517 2702 681 2772 hujus
720 2704 894 2773 spatia
924 2706 1303 2761 conversionis
1334 2716 1535 2762 nostra:
1580 2707 1772 2763 dilatio
1806 2718 1862 2764 et
1911 2723 2106 2765 emen-

518 2797 758 2853 dationis
786 2797 1117 2868 negligentia
1152 2800 1451 2866 distendit,
1507 2811 1564 2856 et
1609 2802 1859 2873 longiora
1903 2804 2106 2859 consti-

517 2892 655 2959 tuit;
696 2901 752 2946 et
786 2892 960 2946 donec
999 2902 1229 2947 evacuet
1257 2908 1453 2949 omnes
1503 2895 1844 2965 principatus
1875 2906 1929 2952 et
1960 2907 2109 2967 pote-

517 2994 709 3049 states,
752 2995 810 3041 et
851 2997 1018 3056 ponat
1061 2999 1253 3042 omnes
1305 2987 1557 3043 inimicos
1583 2989 1685 3043 sub
1719 2991 1945 3059 pedibus
1969 2991 2102 3053 suis,

518 3091 584 3133 ac
611 3078 966 3134 novissimum
986 3079 1265 3134 inimicum
1309 3080 1561 3137 destruat
1596 3091 1849 3147 mortem,
1879 3083 1953 3136 ita
1978 3098 2102 3137 eum

520 3183 752 3240 regnare
797 3179 1015 3240 oportet
1054 3172 1096 3235 ',
1127 3182 1187 3227 ut
1236 3173 1550 3244 mysterium
1600 3172 1714 3244 (99)
1750 3184 2018 3245 susceptae
2047 3177 2099 3229 in
2126 3208 2174 3269 ο

516 3268 689 3317 carne
727 3262 1157 3334 dispensationis
1202 3276 1489 3331 exerceat,
1543 3276 1599 3321 et
1640 3268 1815 3321 bonos
1876 3269 2099 3336 quidem

516 3354 857 3421 manifestet,
886 3359 1189 3427 culpabiles
1217 3368 1396 3413 autem
1427 3359 1696 3427 recipiant
1726 3360 2103 3428 unusquisque

517 3447 818 3501 secundum
847 3464 1007 3518 opera
1039 3466 1137 3504 sua
1172 3466 1187 3504 :
1215 3450 1305 3504 ubi
1338 3463 1469 3504 vero
1491 3449 1512 3480 ³
1544 3450 1833 3504 tradiderit
1869 3466 2102 3519 regnum

516 3534 631 3592 Deo
662 3548 719 3593 et
774 3537 949 3604 Patri,
990 3541 1043 3596 id
1079 3551 1165 3597 est
1200 3556 1501 3596 conversos
1535 3551 1593 3597 et
1633 3544 1954 3598 emendatos
1987 3560 2105 3599 om-

516 3644 615 3684 nes
643 3632 904 3687 obtulerit
930 3633 1134 3698 Deo,et
1164 3633 1232 3687 ad
1266 3634 1537 3704 integrum
1563 3636 1882 3706 mysterium
1915 3637 2100 3691 mundi

516 3725 988 3781 reconciliationis
1019 3726 1355 3796 expleverit,
1398 3737 1524 3781 tunc
1560 3728 1638 3782 ait
1687 3739 1815 3783 ante
1861 3729 2103 3784 tribunal

517 3819 615 3875 Dei
646 3826 827 3872 astare
849 3831 1040 3871 omnes
1073 3818 1172 3887 (l),
1207 3829 1266 3870 ut
1308 3818 1599 3887 impleatur
1622 3819 1725 3873 hoc
1745 3823 1886 3887 quod
1922 3821 2105 3889 sequi-

518 3922 609 3965 tur
641 3929 654 3966 :
690 3909 821 3965 Vivo
868 3926 985 3979 ego,
1036 3911 1166 3962 dicit
1215 3910 1500 3975 Dominus,
1539 3912 1666 3981 quia
1696 3913 1825 3964 milii
1865 3913 2105 3981 [lectetur

515 4018 669 4056 omne
685 4018 845 4071 genu,
880 4011 930 4055 et
964 4000 1303 4069 conﬁtebitur
1324 4003 1494 4055 omnis
1525 4001 1706 4071 lingua
1741 4001 1866 4059 Deo.
1897 4002 2104 4058 Flectet

518 4101 699 4146 autem
728 4107 869 4161 genu
916 4092 1097 4145 omnis
1135 4098 1386 4146 creatura
1419 4091 1531 4147 Deo
1572 4094 1629 4147 in
1670 4095 1890 4149 nomine
1947 4094 2101 4159 Jesu,

516 4198 616 4250 per
650 4197 811 4253 quem
844 4183 1194 4238 reconciliata
1233 4195 1319 4238 est
1346 4183 1419 4250 ei,
1454 4185 1754 4240 secundum
1797 4187 1940 4256 quod
1961 4188 2100 4243 idem

516 4275 810 4342 Apostolus
842 4275 997 4340 dicit,
1056 4278 1183 4346 quia
1231 4280 1283 4331 in
1336 4279 1545 4332 nomine
1582 4277 1711 4332 Jesu
1770 4296 1924 4335 omne
1965 4297 2102 4349 genu

517 4367 761 4436 ﬂectetur
803 4367 1125 4432 caelestium,
1168 4371 1532 4435 terrestrium,
1586 4380 1634 4423 et
1670 4370 1999 4440 infernarum
2056 4373 2099 4426 ⁵.

516 4456 767 4511 Flectere
807 4472 940 4510 sane
991 4473 1158 4522 genu,
1204 4470 1259 4513 et
1309 4475 1527 4516 onmem
1560 4461 1797 4531 linguam
1848 4463 2099 4519 conﬁteri

2207 1966 2424 2035 recipiat
2466 1966 2828 2037 unusquisque
2864 1967 3080 2037 propria
3130 1968 3367 2031 corporis
3414 1979 3570 2037 prout
3610 1973 3793 2041 gessit,

2205 2058 2313 2112 sive
2335 2058 2499 2124 bona,
2520 2061 2627 2112 sive
2667 2058 2813 2113 mala
2845 2063 2865 2094 "
2893 2101 2910 2125 ,
2950 2070 3133 2114 utrum
3165 2060 3290 2130 quia
3324 2060 3376 2114 in
3401 2063 3661 2119 omnibus
3694 2064 3797 2119 ho-

2207 2148 2446 2205 minibus
2476 2165 2699 2206 necesse
2730 2160 2815 2205 est
2857 2151 3060 2220 aliquid
3100 2151 3228 2207 boni
3267 2167 3427 2220 esse,
3485 2164 3542 2209 et
3591 2154 3794 2224 aliquid

2208 2238 2336 2294 mali
2363 2257 2379 2306 ;
2406 2255 2506 2296 nec
2530 2241 2700 2297 ullum
2739 2242 2794 2294 in
2819 2241 2979 2296 bonis
3013 2242 3270 2308 inveniri,
3300 2244 3392 2313 qui
3438 2259 3544 2300 non
3584 2246 3796 2316 aliquid

2208 2329 2462 2386 habuerit
2489 2342 2545 2386 et
2567 2333 2735 2401 mali;
2775 2334 2859 2389 vel
2892 2334 3089 2388 iterum
3127 2333 3365 2404 aliquem
3400 2335 3454 2388 in
3491 2336 3669 2401 malis,
3698 2339 3792 2406 qui

2210 2436 2320 2476 non
2353 2421 2613 2501 habxuerit
2635 2422 2842 2491 aliquid
2898 2432 2953 2478 et
3000 2424 3152 2490 boni,
3187 2436 3412 2494 propter
3448 2427 3794 2496 Scripturam

2207 2526 2328 2581 qua
2380 2512 2513 2566 dicit
2543 2528 2560 2565 :
2592 2510 2824 2581 Spiritus
2844 2514 2983 2567 enim
3016 2515 3438 2585 incorruptibilis
3472 2518 3526 2570 in
3558 2519 3793 2571 homini-

2208 2606 2304 2660 bus
2331 2613 2408 2659 est
2437 2603 2460 2635 ⁸
2495 2603 2599 2678 (5),
2636 2614 2925 2674 propterea
2976 2607 3179 2662 dixerit
3223 2618 3283 2663 ut
3321 2611 3698 2681 unusquisque
3740 2621 3796 2666 et

2206 2712 2308 2767 pro
2367 2697 2526 2752 bonis
2566 2696 2683 2751 suis
2725 2695 2893 2764 bona,
2952 2709 3009 2753 et
3054 2716 3151 2769 pro
3203 2701 3363 2756 malis
3401 2702 3516 2757 suis
3563 2703 3796 2773 recipiat

2208 2789 2393 2855 mala;
2427 2804 2497 2844 an
2532 2791 2708 2846 bonos
2747 2790 2869 2845 illos
2896 2791 3259 2862 dicatquibus
3292 2794 3426 2849 nihil
3453 2796 3578 2850 mali
3614 2800 3792 2851 ascri-

2205 2881 2443 2936 hendnm
2471 2882 2566 2948 sit,
2590 2892 2645 2937 et
2680 2881 2802 2938 illos
2829 2883 3002 2938 malos
3027 2885 3226 2953 quibus
3254 2886 3382 2940 boni
3413 2888 3546 2941 nihil
3570 2888 3794 2944 omnino

2206 2973 2486 3028 debeatur.
2526 2972 2634 3027 Sed
2661 2973 2707 3027 si
2742 2974 2844 3028 hoc
2871 2975 3235 3030 novissimum
3268 2987 3546 3047 putemus,
3579 2980 3793 3034 videbi-

2205 3081 2328 3121 mur
2350 3074 2545 3121 conlra
2565 3067 2872 3122 evidentem
2894 3069 3079 3124 venire
3101 3070 3391 3125 rationem.
3413 3068 3603 3125 Nullus
3621 3071 3792 3139 enim,

2207 3168 2266 3212 ut
2289 3158 2423 3225 dixi,
2458 3159 2531 3212 ita
2571 3160 2745 3214 bonus
2774 3158 3106 3225 invenietur,
3131 3160 3219 3215 cui
3261 3176 3369 3216 non
3408 3162 3618 3231 aliquid
3658 3161 3792 3217 insi-

2209 3258 2321 3304 tum
2340 3251 2415 3304 sit
2448 3252 2575 3305 mali
2602 3250 2704 3322 (6),
2735 3262 2794 3303 ut
2821 3265 2888 3305 ex
2920 3253 3219 3307 tnultorutn
3256 3261 3574 3308 sanctorum
3605 3253 3792 3325 perla-

2205 3342 2309 3397 cile
2341 3343 2525 3415 colligi
2558 3345 2774 3401 videtur
2808 3345 3115 3414 exemplis;
3157 3353 3213 3400 et
3261 3360 3450 3401 rursus
3490 3361 3652 3401 nemo
3707 3356 3794 3402 est

2205 3435 2593 3505 pessimorum,
2621 3438 2837 3493 etiamsi
2867 3438 2986 3507 ipse
3013 3436 3184 3494 ludas
3223 3449 3457 3508 ponatur
3496 3441 3589 3510 qui
3625 3455 3793 3510 supra

2205 3543 2423 3583 omnem
2450 3530 2783 3599 impietatem
2811 3531 2889 3601 (7)
2922 3532 3119 3599 impius
3152 3530 3256 3584 fuit
3282 3570 3298 3595 ,
3339 3541 3399 3586 ut
3440 3548 3549 3587 non
3587 3534 3791 3602 aliquid

2205 3621 2373 3676 etiam
2429 3622 2544 3691 ipse
2587 3624 2713 3679 boni
2765 3624 3026 3679 habuisse
3074 3624 3349 3681 videatur.
3397 3623 3532 3678 Nam
3586 3635 3645 3679 ut
3701 3626 3794 3680 illa

2205 3716 2476 3780 omittam,
2513 3732 2633 3786 quae
2662 3733 2788 3773 cum
2816 3717 3081 3786 apostolis
3121 3718 3332 3787 positus
3363 3719 3520 3788 quasi
3548 3733 3689 3773 unus
3722 3733 3794 3774 ex

2207 3811 2342 3880 ipsis
2372 3812 2619 3876 gerebat,
2650 3812 2900 3880 quamvis
2931 3820 2987 3863 et
3015 3810 3086 3863 ibi
3116 3810 3228 3876 jam
3263 3813 3419 3865 bOnis
3452 3814 3571 3880 cjus
3597 3811 3794 3865 misce-

2205 3913 2468 3957 renturet
2488 3904 2625 3956 mala
2646 3904 2723 3973 (8)
2743 3906 2887 3969 (erat
2908 3903 3055 3958 enim
3073 3905 3316 3971 pecunia:
3338 3903 3591 3975 cupidus)
3609 3916 3791 3958 tamen

2207 3997 2307 4051 huc
2364 4011 2539 4066 Ipsum
2578 3998 2723 4064 quod
2773 3999 3077 4066 paenitentia
3116 3999 3305 4051 ductus
3341 4000 3632 4068 reportavit
3688 4000 3796 4052 tri-

2204 4092 2350 4159 ginta
2380 4101 2652 4159 argenteos
2676 4091 2744 4143 ad
2781 4095 3104 4157 sacerdotes,
3141 4104 3187 4147 et
3214 4093 3394 4145 dixit:
3430 4090 3653 4147 Peccavi
3685 4104 3796 4146 tra-

2204 4182 2334 4235 dens
2376 4183 2686 4252 sanguinem
2727 4182 2938 4252 justum
2991 4185 3031 4250 ’,
3081 4185 3184 4239 fuit
3250 4184 3458 4253 aliquid
3502 4185 3654 4239 boni.
3711 4184 3793 4239 Ex

2205 4276 2403 4344 quibus
2434 4275 2689 4331 omnibus
2721 4275 2938 4331 videtur
2967 4277 3125 4342 mihi,
3169 4278 3431 4346 quoniam
3469 4294 3575 4334 non
3608 4289 3791 4348 potest

2203 4382 2347 4422 unus
2403 4378 2565 4437 atque
2617 4369 2762 4425 idem
2819 4371 2963 4427 bona
3025 4373 3190 4429 simul
3241 4373 3490 4442 recipere
3545 4385 3600 4426 et
3648 4372 3789 4425 mala

2205 4462 2407 4534 (neque
2442 4466 2589 4519 enim
2621 4466 2784 4519 simul
2821 4476 2879 4520 et
2929 4469 2985 4522 in
3032 4468 3351 4537 paradisum
3392 4467 3538 4536 quis,
3597 4476 3691 4520 aut
3736 4467 3791 4519 in

516 4546 649 4609 Deo,
695 4547 761 4601 de
791 4545 945 4601 Isaiae
1001 4550 1281 4618 propheta:
1336 4555 1683 4609 sermonibus
1721 4555 1744 4585 '
1800 4558 2100 4625 assumpsit
2132 4554 2177 4609 D
2207 4571 2374 4626 regna
2404 4556 2707 4625 caelorum,
2753 4568 2809 4614 et
2841 4560 2896 4613 in
2943 4560 3245 4630 gehennam
3296 4558 3437 4612 mitti
3485 4559 3683 4628 potest)
3736 4559 3791 4612 in

582 4667 628 4700 ’7
660 4664 702 4742 l_|
727 4662 962 4742 (Ξίξνεην,
1023 4666 1128 4742 to.”
1187 4669 1234 4702 ⁸⁸
1272 4669 1433 4725 Junii.
1483 4687 1594 4739 xvi,
1635 4672 1724 4728 15.
1794 4676 1838 4707 ⁰⁹
1873 4674 2032 4731 Joan.
2067 4693 2105 4731 x

2238 4677 2327 4734 l0.
2406 4677 2491 4730 'll
2523 4677 2652 4732 Cor.
2688 4692 2745 4741 v,
2780 4676 2866 4731 19.
2946 4678 2967 4707 ³
3002 4676 3021 4730 Ι
3055 4676 3181 4731 Cor.
3217 4692 3306 4742 xv,
3336 4677 3525 4732 μεθ.
3607 4678 3629 4709 ⁸
3656 4679 3789 4734 ibid.

510 4740 623 4827 2L.
678 4734 702 4766 ⁸
746 4733 943 4805 Philip.
977 4755 1035 4809 ιι,
1069 4740 1158 4794 10.
1238 4743 1260 4774 ⁸
1299 4743 1425 4798 lsai.
1468 4733 1592 4810 XLV,
1633 4744 1723 4797 24.
1801 4747 1822 4777 ⁸
1854 4745 1996 4801 Psal.
2028 4763 2098 4803 cu

2206 4748 2239 4804 ι.
2315 4733 2340 4781 ίτ
2371 4747 2414 4803 ll
2441 4749 2568 4805 Cor.
2606 4763 2660 4815 v,
2694 4733 2780 4804 ll).
2857 4748 2878 4779 "
2904 4746 3005 4803 Job
3036 4749 3265 4815 xxxn,8.
3294 4733 3305 4742 ⁷
3339 4751 3360 4782 ⁸
3389 4748 3582 4805 Matth.
3617 4733 3788 4816 xxvn,

510 4810 566 4875 5,
595 4810 651 4866 4.

586 4929 701 5001 (97)
732 4929 826 4985 Sic
845 4944 951 4985 ms.
976 4930 1177 5002 Regius
1197 4947 1347 4987 num.
1377 4932 1542 4989 1639.
1566 4931 1760 4990 Caneri
1787 4950 1917 4991 vero
1936 4951 2093 5002 mss.,

514 5000 791 5064 Rabanus,
834 5011 889 5056 et
913 5001 1044 5055 editi
1064 5000 1334 5057 'ontittunt
1357 5005 1503 5057 dum.

583 5070 824 5145 (98)_Ms.
859 5071 1061 5145 Regius
1100 5089 1251 5127 num.
1287 5073 1450 5141 16⁸59,
1483 5073 1686 5128 nullam
1721 5091 1941 5129 causam
1968 5086 2095 5145 puto

513 5158 645 5197 esse.
692 5141 796 5195 Sed
823 5141 1005 5197 caeteri
1036 5158 1192 5207 mss.,
1215 5145 1470 5198 liabanus
1505 5154 1560 5197 et
1590 5146 1723 5201 editi
1752 5156 1808 5199 ut
1834 5147 1884 5198 in
1919 5141 2093 5202 textu.

588 5211 701 5284 (99)
733 5211 877 5267 Editi
906 5222 961 5267 et
978 5212 1258 5284 Rabaiius,
1292 5227 1345 5267 ut
1367 5216 1744 5277 ministerium.
1769 5227 1874 5270 etc.
1895 5218 2097 5273 Omnes

512 5283 647 5355 vero
676 5298 826 5355 mss.
871 5283 1066 5345 nosui,
1101 5295 1157 5336 ut
1195 5287 1527 5355 mysterium,
1557 5294 1668 5339 etc.
1705 5286 1907 5342 Deinde
1934 5289 2095 5350 editi,

511 5353 779 5422 accipiant
828 5356 1186 5424 unusquisque
1247 5353 1537 5409 secundum
1582 5372 1744 5426 Opera
1797 5373 1917 5412 sua.
1999 5356 2098 5413 Ubi

511 5440 658 5484 erga.
684 5433 791 5479 etc.

570 5441 799 5564 £83661:
830 5492 1033 5561 Regius
1057 5509 1207 5566 num.
1236 5493 1396 5559 1659,
1416 5504 1543 5550 tunc
1565 5496 1683 5566 jam
1709 5508 1833 5553 ante
1859 5499 2100 5553 tribunal

514 5564 615 5619 Dei
647 5576 825 5617 astare
871 5566 1138 5619 dicantur.
1188 5564 1473 5627 Rabanus,
1517 5564 1660 5630 tunc,
1700 5569 1810 5633 ait,
1854 5582 1977 5624 ante
2004 5572 2098 5622 tri-

517 5633 681 5687 bunal
723 5634 821 5689 Dei
851 5645 1028 5689 astare
1058 5637 1283 5692 dicitur.
1352 5633 1458 5691 Sed
1489 5638 1675 5693 caueri
1713 5654 1849 5695 mss.
1881 5652 1935 5694 et
1967 5642 2096 5696 editi

518 5704 722 5759 rectius
748 5715 807 5756 ut
836 5704 890 5757 in
922 5715 1107 5760 nostro
1136 5717 1309 5761 textu.

590 5773 667 5840 (2)
691 5773 1009 5828 Credantur.
1050 5777 1210 5832 Deest
1239 5780 1289 5832 in
1326 5775 1479 5833 libris
1511 5790 1667 5835 antea
1690 5780 1873 5838 editis.

591 5843 668 5914 (5)
694 5843 854 5910 Editi,
880 5846 1206 5902 creduntur?
1233 5859 1329 5905 aut
1355 5867 1473 5921 qua:
1500 5853 1695 5924 lingua:
1730 5855 1784 5908 in
1812 5851 1946 5921 ignis
1974 5870 2092 5923 spe-

2198 4940 2277 4992 cie
2304 4939 2681 5009 requirentur?
2715 4936 2823 4993 Sed
2885 4939 3300 5008 genu/laetere...
3366 4946 3418 4993 et
3482 4940 3634 4992 cultu
3689 4939 3791 4996 Dei

2197 5011 2412 5063 obedire
2440 5010 2697 5061 declarat.

2270 5080 2349 5150 (4)
2381 5077 2709 5150 MsJicgius
2733 5094 2887 5133 num.
2907 5079 3067 5144 1659,
3085 5078 3298 5133 Movent
3321 5095 3425 5144 me,
3447 5092 3556 5137 etc.
3584 5083 3789 5138 Deinde

2198 5149 2337 5205 mss.
2369 5149 2614 5222 plerique
2641 5161 2696 5204 et
2733 5151 2893 5222 editi,
2918 5167 3120 5204 necesse
3156 5161 3232 5222 est
3259 5167 3370 5222 esse
3404 5152 3605 5222 aliquid
3636 5154 3785 5216 boni,

2197 5237 2308 5291 esse
2330 5231 2377 5274 et
2408 5220 2530 5291 (aL,
2567 5229 2615 5273 et
2649 5221 2784 5291 esse)
2823 5220 3025 5291 aliquid
3058 5221 3208 5277 mali.
3264 5220 3370 5274 Sed
3418 5220 3623 5279 rectius
3650 5240 3783 5280 mss.

2198 5289 2605 5360 liegiusinum.
2637 5290 2776 5346 1659
2823 5301 2879 5345 et
2934 5289 3193 5345 Rabanus
3227 5302 3284 5343 ut
3326 5292 3378 5345 in
3435 5303 3608 5357 textu,
3676 5296 3784 5351 nisi

2205 5363 2347 5429 quod
2376 5360 2631 5415 Rubanus
2657 5362 2709 5415 in
2736 5363 2841 5415 line
2872 5362 3092 5427 habent,
3130 5361 3333 5430 aliquid
3366 5373 3413 5415 et
3443 5364 3594 5417 mali.

2280 5431 2358 5497 (5)
2410 5430 2482 5483 Ita
2531 5432 2700 5496 editi;
2742 5447 2873 5486 mss.
2908 5447 3037 5486 vero
3070 5434 3239 5485 nostri
3270 5448 3461 5488 omnes
3506 5446 3562 5487 et
3596 5432 3778 5487 Raba-

2206 5516 2328 5564 nus,
2371 5499 2610 5567 Spiritus
2650 5502 2790 5556 enim
2833 5502 3245 5567 incorruptibilis
3289 5505 3344 5555 in
3395 5505 3637 5557 omnibus
3677 5517 3779 5560 cst.

2275 5573 2354 5642 (6)
2520 5569 2719 5642 Regius
2756 5588 2906 5625 num.
2939 5572 3098 5634 1639,
3131 5573 3367 5626 inustum
3390 5574 3457 5628 sit
3485 5575 3634 5630 mali.

2279 5640 2356 5713 (7)
2387 5640 2550 5707 Editi,
2590 5640 2800 5696 etiamsi
2843 5645 2951 5709 ipse
2983 5642 3156 5697 Judas
3200 5646 3437 5712 ponitur,
3487 5646 3579 5712 qui
3623 5661 3783 5712 super

2204 5713 2544 5778 impietatem,
2574 5724 2682 5767 etc.

2278 5785 2355 5906 (‘8)
2385 5781 2552 5852 Editi,
2581 5783 2819 5854 quamvis
2870 5791 2922 5837 et
2973 5783 3045 5838 ibi
3086 5784 3204 5853 jam
3247 5785 3397 5841 bonis
3455 5786 3691 5841 misceret
3729 5796 3781 5841 et

2278 5872 2284 5906 l
2311 5873 2362 5906 ll.

2200 5869 2362 5909 mata.
