4150 6394
234 373 249 387 .
306 421 445 477 1245

1262 421 1618 479 COMMENT.
1661 421 1728 476 IN
1771 421 1986 476 EPIST.
2025 420 2114 474 AD
2153 419 2320 474 ROil.
2357 418 2483 473 LIB.
2529 417 2621 473 IX.

3422 416 3562 471 1240

304 534 413 589 illis
440 536 817 590 tantummodo
852 536 1121 592 rationem
1151 537 1277 591 boni
1302 554 1407 592 non
1438 540 1648 606 haberi,
1682 541 1735 593 in
1762 540 1882 609 qui-
1911 546 1958 601 Α
1986 541 2259 603 labantur,
2293 539 2359 592 ad
2404 540 2593 592 horum
2626 545 2805 591 autem
2834 536 3239 590 distinctionem
3276 534 3385 606 (16)
3426 533 3525 587 reli
3550 557 3567 570 -

307 625 410 678 bus
437 625 589 680 valde
620 627 1038 696 prazponderant
1070 628 1209 683 mala
1246 628 1345 698 (9);
1384 638 1437 684 et
1478 632 1530 684 in
1570 630 1675 685 illis
1715 632 1884 685 ratio-

307 729 432 769 nem
456 716 581 769 mali
613 732 718 771 non
742 720 937 788 accipi,
971 721 1023 773 in
1056 721 1254 788 quibus
1278 720 1696 790 praeponderant
1720 723 1885 788 bona,

307 818 359 861 et
401 809 454 862 in
500 810 702 878 quibus
729 812 999 865 malorum
1033 811 1260 882 vestigia
1288 813 1605 881 poenitentia
1651 827 1884 866 conver-

308 902 480 956 sionis
507 903 770 957 abolevit.
796 902 870 958 Ut
894 913 1077 959 autem
1106 905 1171 959 ad
1197 904 1462 975 propositi
1486 904 1705 973 capituli
1727 905 1887 960 linem

310 996 824 1065 conclusionemque
853 996 1163 1060 redeamus,
1198 1011 1345 1062 cum,
1388 996 1587 1065 inquit,
1637 1005 1783 1049 tanta
1818 997 1890 1051 sit

310 1085 452 1152 apud
494 1085 663 1140 Deum
700 1095 756 1141 et
793 1087 932 1155 apud
959 1086 1234 1141 Christum
1277 1087 1396 1155 ejus
1432 1087 1621 1157 judicii
1660 1087 1887 1154 veritas,

312 1189 464 1234 tanta
489 1180 689 1236 futurae
727 1181 1154 1237 examinationis
1198 1181 1413 1251 indago,
1470 1197 1575 1236 non
1615 1197 1758 1251 ergo,
1792 1182 1887 1246 ait,

312 1274 541 1342 amplius
566 1275 787 1329 invicem
810 1275 1135 1344 judicemus.
1167 1272 1274 1330 Sed
1308 1276 1406 1328 hoc
1430 1276 1674 1344 Judicate
1698 1276 1888 1344 magis,

312 1380 376 1418 ne
396 1368 603 1434 ponatis
631 1366 967 1434 offensionem
1005 1366 1209 1436 fratri,
1259 1365 1340 1419 vel
1379 1365 1714 1420 scandalum.
1778 1363 1892 1420 Hoc

311 1457 577 1526 iudicate,
610 1458 663 1513 id
694 1467 779 1513 est
830 1459 937 1513 hoc
980 1458 1209 1512 statuite
1258 1472 1327 1511 ne
1356 1471 1454 1527 per
1481 1455 1891 1512 observantiam

313 1549 560 1604 ciborum
589 1548 923 1604 oﬂ‘ensiones
965 1549 1231 1604 fratribus
1258 1549 1339 1602 vel
1375 1549 1629 1604 scandala
1669 1563 1894 1619 genere-

315 1638 409 1693 tis.
443 1639 519 1693 De
545 1638 841 1694 offensione
880 1640 967 1693 vel
1010 1640 1264 1695 seandalo
1296 1640 1409 1710 jam
1453 1654 1616 1707 supra
1658 1639 1894 1693 diximus

314 1731 458 1800 quod
486 1732 801 1787 scandalum
828 1734 898 1787 sit
927 1747 1049 1787 cum
1075 1731 1127 1786 in
1147 1732 1229 1786 via
1258 1746 1362 1801 qua
1387 1730 1660 1786 inceditur
1690 1730 1893 1799 aliquid

312 1820 591 1876 invenitur
618 1824 915 1893 obiectum,
952 1826 1007 1879 in
1028 1838 1143 1894 quo
1167 1821 1445 1877 offendant
1482 1822 1598 1893 (10)
1624 1824 1895 1877 scanden-

315 1911 451 1967 tium
487 1912 575 1966 vel
615 1884 983 1969 incedentium
1036 1884 1223 1984 pedes.
1271 1914 1385 1969 Hoc
1424 1884 1510 1968 est
1561 1884 1694 1982 ergo
1748 1914 1892 1984 quod
1923 1884 1970 1946 Β

315 2005 601 2075 patiuntur
626 2007 682 2061 hi
711 2008 802 2077 qui
828 2007 975 2061 viam
1017 2006 1141 2062 lidei
1170 2022 1343 2076 nuper
1366 2007 1624 2078 ingressi,
1652 2007 1892 2074 priorum

314 2097 403 2151 vel
432 2098 889 2164 contentionibus,
913 2099 998 2153 vel
1027 2097 1375 2168 negligentiis
1393 2137 1410 2162 ,
1457 2097 1544 2152 vel
1580 2106 1895 2169 contemptu

313 2196 372 2241 et
405 2188 731 2244 elatiouibus
765 2189 1138 2252 offenduntur,
1187 2197 1354 2260 atque
1393 2189 1661 2261 exemplis
1701 2204 1892 2246 eorum

314 2281 524 2336 recussi
549 2280 664 2354 (11)
688 2291 1013 2338 avertuntur
1044 2297 1075 2335 a
1111 2282 1234 2338 ﬁde.

388 2370 479 2426 42.
504 2369 631 2426 Scio
657 2380 709 2426 et
740 2373 950 2441 confido
980 2374 1037 2427 in
1068 2372 1293 2428 Domino
1315 2371 1466 2439 Iesu,
1495 2373 1620 2445 quia
1651 2372 1783 2428 nihil
1820 2382 1895 2428 est

316 2471 589 2510 commune
618 2472 710 2520 per
737 2458 932 2524 ipsum,
959 2457 1063 2510 nisi
1095 2458 1143 2510 ei
1163 2457 1251 2525 qui
1285 2457 1552 2511 existimat
1588 2457 1714 2526 quid
1755 2472 1900 2510 com-

316 2563 476 2600 mune
506 2563 639 2612 esse,
679 2546 765 2601 illi
787 2564 1061 2602 commune
1081 2558 1178 2605 est.
1225 2546 1287 2604 Si
1316 2549 1455 2602 enim
1487 2559 1701 2618 propter
1724 2547 1897 2601 cibum

314 2639 486 2709 frater
519 2647 641 2694 tuus
663 2643 1033 2709 contristatur,
1060 2642 1177 2710 jam
1211 2656 1316 2695 non
1344 2640 1631 2695 secundum
1662 2639 1899 2693 charito-

315 2740 419 2783 tem
459 2730 721 2786 ambulas.
775 2729 904 2786 Noli
944 2731 1173 2787 cibotuo
1204 2731 1355 2785 illum
1397 2731 1639 2801 perdere,
1669 2746 1766 2801 pro
1793 2747 1897 2801 quo

316 2821 559 2879 Christus
609 2836 851 2880 mortuus
882 2835 960 2881 est
998 2828 1042 2859 ¹⁰
1075 2826 1211 2897 (12).
1265 2825 1513 2883 Diximus
1552 2836 1609 2882 et
1654 2827 1709 2882 in
1754 2827 1897 2894 aliis,

319 2916 470 2985 quod
500 2917 552 2971 in
578 2916 880 2988 Seripturis
901 2920 1110 2975 sanctis
1138 2921 1431 2975 vernacula
1454 2921 1688 2990 quadam
1714 2920 1901 2991 appel-

318 3008 524 3064 latione
555 3011 698 3079 quod
743 3021 994 3066 sanctum
1038 3012 1125 3067 vel
1157 3012 1419 3067 mundum
1450 3029 1560 3068 non
1586 3022 1695 3079 est,
1749 3028 1901 3067 com-

316 3112 482 3152 mune
517 3099 857 3165 nominetur;
893 3114 1014 3168 quae
1066 3110 1250 3154 tamen
1303 3100 1595 3170 appellatio
1642 3101 1698 3156 in
1749 3100 1900 3159 Novo

316 3187 668 3242 Testamento
718 3187 1059 3258 frequentius
1103 3190 1383 3245 invenitur
1454 3191 1591 3264 (15),
1636 3192 1688 3247 in
1717 3193 1897 3250 Veteri

315 3295 449 3337 vero
478 3294 589 3335 non
620 3282 879 3337 recordor
906 3282 1080 3337 sicubi
1100 3283 1379 3337 nominata
1410 3293 1519 3350 est,
1551 3294 1610 3339 ut
1637 3287 1688 3340 in
1717 3285 1897 3340 Evan-

314 3373 458 3444 gelio
497 3371 749 3427 Salvator
782 3373 939 3438 dicit,
969 3371 1095 3442 quia
1130 3372 1195 3425 de
1227 3373 1387 3426 corde
1424 3375 1715 3443 procedunt
1746 3376 1894 3444 cogi-

317 3467 546 3519 tationes
578 3464 758 3531 malae,
788 3465 1100 3528 homicidia,
1134 3465 1515 3533 fornicationes
1536 3506 1552 3531 ,
1601 3466 1893 3533 adulteria,

318 3556 487 3626 furta,
527 3556 669 3626 falsa
696 3559 995 3611 testimonia
1023 3572 1041 3611 :
1072 3567 1120 3611 et
1147 3558 1251 3611 ista
1279 3568 1412 3612 sunt
1444 3576 1562 3629 quae
1599 3560 1894 3614 communi-

315 3659 439 3702 cant
460 3647 573 3722 (14)
611 3649 896 3704 hominem.
939 3649 1065 3704 Non
1103 3649 1228 3703 lotis
1261 3659 1439 3704 autem
1468 3652 1709 3706 manibus
1738 3668 1893 3705 man-

316 3741 534 3806 ducare,
598 3756 703 3794 non
750 3743 1103 3795 communicat
1135 3742 1400 3795 hominem
1433 3743 1499 3796 “.
1533 3741 1795 3810 Quamvis
1836 3743 1893 3798 in

317 3832 593 3888 nonnullis
632 3833 1036 3902 exemplaribus
1085 3833 1267 3888 Latini
1315 3849 1416 3905 pro
1460 3837 1897 3910 communicant,

317 3924 659 3993 coinquinant
704 3927 1012 3995 posuerint,
1065 3935 1120 3981 et
1155 3926 1283 3982 licet
1337 3929 1528 3983 eadem
1575 3928 1751 3983 virtus
1802 3929 1894 3994 sit,

317 4018 625 4086 proprietas
653 4029 831 4073 tamen
861 4019 1134 4074 sermonis
1159 4022 1513 4074 communicat
1549 4023 1710 4078 habet
1752 4022 1892 4097 (15).

319 4106 428 4161 Sed
470 4118 527 4162 et
570 4109 626 4163 in
665 4110 891 4165 Actibus
928 4111 1297 4181 apostolorum
1350 4112 1611 4169 Dominus
1649 4115 1781 4170 dicit
1827 4117 1896 4171 ad

314 4196 535 4256 Petrum
567 4216 584 4253 :
613 4199 764 4266 Quod
787 4199 928 4255 Deus
947 4203 1240 4269 mundavit,
1270 4212 1327 4257 tu
1354 4220 1628 4260 commune
1658 4223 1721 4261 ne
1746 4206 1896 4261 dixe-

315 4288 392 4342 ris
427 4288 491 4343 ¹².
528 4289 665 4345 Puto
719 4305 852 4359 ergo
911 4290 1038 4346 inde
1070 4307 1226 4347 usum
1272 4294 1436 4365 hujus
1485 4297 1755 4352 sermonis
1806 4313 1896 4353 as-

315 4391 616 4449 sumptum,
675 4392 735 4435 nt
759 4385 911 4451 quia,
954 4382 1109 4438 verbi
1152 4385 1365 4453 gratia,
1404 4401 1535 4441 vasa
1562 4388 1746 4456 templi
1784 4389 1892 4442 mi-

1988 645 2093 699 qua
2124 644 2247 683 vasa
2287 629 2598 683 communia
2630 626 2984 690 dicebantur;
3019 626 3090 679 ita
3125 636 3181 680 et
3216 627 3281 678 ad
3313 627 3560 680 ciborum

1988 719 2417 784 distinctionem,
2452 733 2642 774 eorum
2670 730 2808 787 quos
2835 717 2990 784 quasi
3035 717 3267 772 mundos
3293 729 3347 772 et
3372 733 3570 772 secun-

1988 811 2114 865 dum
2166 810 2339 880 legem
2383 810 2628 864 edendos
2676 806 2962 876 Scriptura
3004 811 3329 879 segregavit,
3375 810 3571 880 reliqui

1987 916 2178 954 omnes
2195 915 2513 955 communes
2535 900 2789 971 appellati
2816 907 2963 954 sunt.
2992 899 3097 954 Sed
3128 899 3302 956 Judaei
3324 902 3436 955 vim
3456 917 3575 956 vcr-

1987 992 2042 1045 bi
2073 992 2531 1059 ignorantes(l7),
2563 993 2706 1047 unde
2734 992 3039 1047 communis
3072 993 3350 1048 diceretur
3382 993 3570 1060 homo,

1990 1097 2149 1153 quem
2173 1083 2336 1155 665
2361 1100 2709 1139 communem
2733 1084 3093 1154 appellabant,
3114 1086 3386 1140 sermonis
3409 1101 3569 1141 usum

1990 1183 2111 1235 sine
2154 1180 2566 1250 signiﬁcationis
2606 1184 2966 1255 intelligentia
3011 1190 3323 1235 tenuerunt.
3386 1178 3575 1248 Neque

1991 1272 2136 1327 enim
2166 1272 2280 1346 (18)
2325 1274 2433 1329 cibi
2476 1290 2614 1344 quos
2645 1275 2789 1331 Deus
2828 1275 3058 1337 creavit,
3116 1280 3212 1326 aut
3259 1271 3575 1341 ignoranter

1991 1373 2086 1420 aut
2114 1365 2440 1436 simpliciter
2469 1369 2669 1437 sumpti
2697 1381 3046 1422 communem
3078 1364 3260 1419 facere
3294 1364 3573 1419 hominem

1992 1466 2245 1528 poterant
2267 1466 2323 1513 et
2349 1460 2723 1525 immundum;
2759 1461 2853 1514 sed
2888 1473 3043 1512 mens
3064 1457 3154 1511 illa
3189 1457 3430 1511 hominis
3456 1470 3577 1524 qua:

1994 1548 2104 1602 Deo
2130 1547 2228 1603 soli
2277 1558 2560 1618 segregata
2609 1557 2713 1613 est,
2765 1547 2962 1602 merito
3003 1549 3202 1602 munda
3229 1546 3575 1617 appellatur:

1993 1654 2113 1709 quae
2153 1656 2282 1694 vero
2321 1640 2495 1693 aliena
2536 1656 2566 1695 a
2618 1640 2730 1695 Deo
2773 1649 2892 1704 est,
2940 1640 3197 1707 quoniam
3230 1654 3339 1694 non
3366 1637 3434 1692 ab
3468 1650 3578 1690 uno

1994 1731 2189 1799 spiritu
2224 1731 2520 1796 itntnundo,
2549 1732 2642 1786 sed
2667 1747 2695 1784 a
2720 1732 2971 1802 plurimis
3006 1730 3337 1801 possidetur,
3370 1727 3579 1782 idcirco

1997 1824 2119 1877 talis
2149 1824 2310 1878 homo
2341 1826 2646 1879 communis
2678 1826 3002 1894 appellatur,
3056 1822 3210 1893 quasi
3245 1820 3336 1890 qui
3373 1818 3578 1874 multo-

1998 1928 2116 1966 rum
2163 1913 2234 1968 sit
2273 1910 2384 1984 (19)
2438 1913 2521 1968 vel
2564 1915 2857 1980 vitiorum,
2893 1916 2977 1969 vel
3020 1913 3324 1968 dannonum
3360 1924 3576 1973 servus,

1998 2007 2293 2061 secundum
2334 2007 2481 2060 illttm
2528 2007 2621 2077 qui
2669 2007 3052 2078 interrogatus,
3086 2005 3242 2070 Quod
3270 2003 3365 2057 tibi
3390 2018 3578 2056 nomen

1996 2099 2116 2153 est?
2145 2100 2443 2168 respondit,
2471 2098 2631 2170 Legio
2663 2117 2681 2154 :
2715 2100 2874 2154 Multi
2905 2104 3041 2154 enim
3073 2113 3254 2151 sumus
3287 2094 3330 2128 ¹³
3357 2110 3371 2147 :
3405 2105 3461 2148 et
3494 2108 3580 2148 sc-

1997 2191 2238 2244 cundum
2277 2190 2406 2246 illud
2448 2191 2591 2260 quod
2637 2207 2667 2244 a
2716 2190 3000 2246 Salvatore
3036 2191 3255 2257 dicitur,
3294 2188 3421 2256 quia
3458 2203 3577 2240 cum

1996 2281 2184 2335 exierit
2230 2282 2532 2335 immundus
2577 2282 2795 2350 spiritus
2840 2286 2903 2336 ab
2953 2283 3186 2345 homine,
3248 2279 3435 2334 circuit
3462 2278 3581 2331 loca

1997 2373 2173 2438 arida,
2214 2388 2453 2441 quazrens
2494 2374 2720 2443 requiem
2743 2413 2757 2438 ,
2789 2385 2835 2427 et
2880 2390 2982 2427 non
3018 2374 3281 2427 inveniens
3313 2372 3493 2425 redit:
3529 2381 3579 2424 et

1997 2465 2261 2518 inveniens
2287 2464 2501 2517 domum
2539 2473 2810 2519 vacantem
2837 2475 2885 2519 et
2919 2465 3091 2532 scopis
3120 2463 3430 2517 mandatam
3449 2506 3462 2527 ,
3488 2479 3579 2516 as-

1998 2557 2161 2610 sumit
2203 2570 2378 2608 secum
2423 2567 2618 2626 septem
2663 2558 2797 2611 alios
2841 2557 3060 2626 spiritus
3105 2556 3378 2625 nequiores
3402 2569 3490 2619 se;
3531 2563 3580 2608 et

1999 2648 2257 2702 intrantes
2285 2647 2527 2701 habitant
2566 2648 2623 2701 in
2665 2664 2724 2700 eo
2766 2647 2878 2716 (20)
2909 2646 2971 2700 ⁸⁸.
3010 2647 3076 2700 Ει
3116 2646 3237 2702 sine
3281 2646 3441 2699 dubio
3479 2646 3581 2699 iste

2003 2738 2126 2794 talis
2159 2739 2321 2795 homo
2350 2740 2655 2795 communis
2690 2740 2908 2804 dicitur,
2942 2755 3132 2793 eorum
3175 2740 3428 2794 videlicet
3459 2755 3580 2793 ser-

1998 2846 2100 2885 vus
2128 2829 2353 2886 eiectus
2376 2832 2619 2886 omnium
2649 2832 2936 2900 spirituum
2972 2832 3330 2901 malignorum
3364 2832 3454 2900 qni
3487 2833 3580 2885 ha-

1999 2927 2176 2982 bitant
2216 2926 2270 2979 in
2313 2939 2400 2979 eo.
2452 2923 2646 2978 Merito
2705 2939 2835 2993 ergo
2879 2925 3058 2978 sciens
3111 2923 3379 2978 sermonis
3425 2920 3581 2991 hujus

2001 3018 2145 3074 hanc
2170 3032 2292 3072 esse
2330 3017 2604 3071 rationem
2651 3013 2873 3080 Paulus,
2903 3015 3033 3069 dicit
3063 3033 3077 3069 :
3121 3013 3247 3071 Scio
3289 3026 3336 3069 et
3371 3016 3582 3083 conﬁdo

1998 3108 2053 3162 in
2082 3107 2307 3161 Domino
2333 3105 2486 3171 Iesu,
2526 3106 2653 3175 quia
2682 3105 2814 3159 nihil
2841 3113 2916 3157 est
2952 3118 3227 3158 commune
3260 3119 3355 3173 per
3383 3106 3581 3169 ipsum.

2000 3198 2145 3254 Nihil
2178 3200 2321 3255 enim
2353 3199 2405 3253 in
2440 3199 2712 3253 creaturis
2742 3197 2836 3253 Dei
2869 3209 3062 3251 natura
3096 3197 3179 3251 sui
3211 3194 3324 3267 (2|)
3351 3194 3579 3248 immun-

2003 3294 2129 3348 dum
2156 3300 2240 3346 est
2269 3290 2471 3361 (omnia
2510 3303 2745 3359 namque
2790 3303 2821 3343 a
2868 3289 3011 3343 bono
3055 3289 3167 3343 Deo
3196 3294 3401 3351 creata,
3440 3286 3579 3340 bona

2001 3399 2122 3439 esse
2148 3390 2362 3439 constat
2380 3392 2433 3437 et
2470 3382 2694 3452 munda)
2720 3381 2810 3435 sed
2844 3382 2911 3446 ei,
2940 3381 3135 3450 inquit,
3178 3379 3270 3450 qui
3310 3379 3580 3433 existimat

2001 3478 2202 3547 aliquid
2232 3493 2342 3531 esse
2382 3491 2675 3542 commune,
2718 3476 2820 3544 ipsi
2871 3489 3143 3528 commune
3185 3483 3298 3529 est:
3336 3472 3438 3526 hoc
3472 3480 3580 3537 est,

2001 3569 2095 3639 qui
2119 3568 2419 3622 intentione
2455 3566 2640 3621 cordis
2674 3565 3011 3619 immundum
3038 3563 3242 3632 aliquid
3272 3562 3491 3632 cogitat,
3525 3569 3578 3615 et

2000 3660 2404 3714 observantiam
2436 3657 2775 3711 diversitatis
2803 3656 3066 3721 admittit,
3104 3657 3248 3709 sicut
3282 3667 3333 3709 et
3370 3656 3422 3707 in
3446 3668 3578 3707 ccu-

1998 3750 2351 3819 sequentibus
2381 3750 2512 3803 dicit
2551 3765 2565 3801 :
2604 3746 2708 3814 Qui
2744 3758 2922 3802 autem
2968 3748 3244 3812 discernit,
3283 3748 3329 3800 si
3355 3747 3576 3799 mandu-

2001 3844 2216 3909 cauerit,
2247 3842 2534 3895 damnatus
2557 3852 2668 3907 est;
2706 3841 2833 3911 quia
2861 3856 2962 3894 non
2990 3855 3056 3894 ex
3076 3839 3200 3907 ﬁde.
3253 3837 3418 3893 Omne
3441 3838 3582 3889 enim

2002 3934 2142 4002 quod
2178 3948 2282 3986 non
2302 3944 2464 3987 estea:
2487 3932 2613 4000 ﬁde,
2654 3941 2927 4001 peccatum
2959 3940 3034 3985 est
3065 3931 3129 3984 ".
3162 3929 3273 3983 Nec
3321 3939 3497 3982 tamen
3528 3927 3580 3980 in

2006 4024 2096 4079 his
2123 4023 2527 4078 distinctionem
2559 4022 2698 4091 legis
2720 4020 2974 4084 exclusit,
3009 4029 3068 4073 ut
3095 4018 3342 4074 absolute
3374 4017 3578 4071 diceret

2002 4118 2137 4172 nihil
2159 4132 2280 4173 esse
2311 4132 2597 4172 commune
2624 4122 2718 4169 aut
2744 4112 3082 4168 immundum
3120 4126 3309 4166 eorum
3340 4126 3460 4180 qua:
3490 4110 3577 4164 lex

2002 4210 2246 4266 deﬁnivit
2272 4210 2576 4264 immunda.
2608 4208 2881 4263 Praemisit
2907 4207 3051 4262 enim
3095 4219 3315 4259 causam
3345 4219 3445 4259 cur
3481 4217 3585 4274 per

1998 4303 2354 4371 semetipsum
2392 4301 2529 4355 nihil
2575 4313 2866 4355 commune
2904 4299 3136 4353 dicatur.
3182 4296 3335 4361 Scio,
3381 4296 3577 4363 inquit,

1999 4403 2048 4448 et
2083 4394 2292 4461 conﬁdo
2336 4394 2393 4447 in
2439 4392 2664 4446 Domino
2704 4390 2857 4444 Jesu.
2910 4389 2967 4444 In
3014 4388 3242 4442 Domino
3278 4400 3409 4455 ergo
3451 4381 3578 4438 Jcsu

315 4472 542 4528 nisterio
571 4484 855 4545 segregata
881 4516 897 4542 ,
934 4490 1065 4531 vasa
1098 4478 1219 4534 sine
1260 4479 1424 4534 dubio
1454 4480 1669 4536 Domini
1701 4482 1889 4553 appel-
1922 4474 1967 4530 Ῑ)
1995 4482 2131 4537 nihil
2151 4498 2440 4538 commune
2467 4498 2563 4553 per
2586 4482 2962 4553 semetipsum,
2999 4482 3106 4535 hoc
3135 4488 3240 4545 est,
3270 4486 3462 4530 natura
3486 4475 3573 4528 sui

386 4617 431 4648 ¹¹⁵
477 4615 635 4672 Rom.
674 4633 788 4681 xw,
821 4617 910 4681 M,
939 4618 1029 4674 15.

1135 4620 1179 4652 ⁸³
1208 4620 1396 4677 Matth.
1438 4637 1529 4688 xv,
1562 4621 1653 4688 19,
1685 4620 1777 4678 20.

314 4686 360 4721 ⁸⁸
382 4686 540 4743 Rom.
570 4703 682 4754 xtv,
705 4688 796 4744 25.

380 4829 459 4903 (9)
502 4831 666 4898 Editi,
708 4848 774 4886 ea:
804 4831 993 4901 quibus
1021 4834 1261 4905 omnibus
1310 4835 1516 4889 videtur
1546 4836 1710 4901 mihi,
1754 4836 1883 4905 quia

314 4917 422 4973 non
457 4911 625 4973 potest
666 4918 802 4955 unus
847 4913 1004 4971 atque
1025 4903 1177 4973 idem
1208 4906 1345 4958 bona
1374 4906 1533 4959 simul
1576 4903 1803 4973 recipere
1831 4915 1880 4959 et

312 4970 477 5044 mala.
501 4970 683 5042 Neque
699 4974 839 5044 enim
871 4970 1032 5025 simul
1059 4982 1155 5025 aut
1193 4974 1248 5027 in
1281 4977 1594 5043 paradisum
1623 4970 1765 5044 quis,
1789 4981 1884 5029 aut

311 5041 373 5113 i_n
413 5057 569 5113 regna
598 5041 897 5113 caelorum,
940 5051 1032 5094 aut
1078 5044 1133 5094 in
1176 5041 1462 5111 gehennam
1514 5041 1651 5099 mitti
1695 5055 1883 5113 potest.

312 5109 703 5178 Respondemus
722 5112 775 5165 in
797 5112 904 5166 illis
932 5109 1296 5166 tantummodo
1313 5116 1572 5168 rationem
1593 5109 1714 5169 vita}
1738 5115 1886 5169 bona:

315 5197 421 5252 non
447 5182 650 5245 haberi,
686 5184 740 5235 in
763 5182 952 5252 quibus
974 5180 1122 5252 ualde
1142 5188 1547 5251 prazponderant
1574 5186 1718 5239 mala
1737 5225 1753 5252 ,
1778 5193 1884 5242 etc.

317 5248 422 5306 Sed
453 5266 581 5305 mss.
619 5248 791 5306 nostri
818 5262 873 5306 et
899 5248 1158 5305 Rabanus
1182 5248 1330 5304 ut’in
1361 5262 1532 5308 textu.

392 5321 505 5390 (10)
534 5321 701 5385 Editi,
740 5322 798 5375 in
820 5337 924 5392 quo
951 5320 1303 5389 oﬂ'endentur.
1337 5321 1596 5379 Rabanus
1617 5363 1633 5389 ,
1667 5325 1724 5378 in
1749 5326 1889 5394 quod

347 5391 610 5461 ﬂendum,
630 5401 744 5461 etc.
1607 5439 1621 5451 .

321 5394 610 5454 offendant,
636 5401 744 5445 etc.
1607 5439 1621 5451 .

387 5460 501 5533 (11)
545 5460 685 5515 Editi
717 5466 772 5516 et
796 5475 902 5533 m_s.
954 5475 1117 5533 unus,
1169 5463 1486 5529 repercussi.
1526 5463 1633 5519 Sed
1691 5465 1892 5520 rectius

323 5531 495 5585 caeleri
520 5545 654 5585 mss.
685 5531 881 5598 nostri,
905 5541 959 5586 et
991 5531 1251 5586 Rabanus
1274 5571 1289 5594 ,
1317 5534 1536 5589 recussi.

390 5601 503 5671 (12)
542 5600 603 5655 Si
640 5602 780 5655 enim
815 5610 1027 5669 propter
1055 5600 1231 5656 cibum
1263 5601 1429 5669 frater
1455 5616 1576 5656 tuus
1605 5605 1892 5658 contrista-

321 5680 425 5736 tur,
463 5673 581 5740 jam
623 5688 726 5725 non
774 5672 1066 5725 secundum
1099 5671 1415 5725 charitatem
1458 5674 1724 5726 ambulas.
1762 5674 1890 5729 Noli

322 5743 428 5794 :tbo
467 5751 566 5812 tuo
616 5742 768 5794 illum
810 5741 1062 5809 perdere,
1104 5758 1199 5812 pro
1223 5758 1325 5812 quo
1343 5741 1603 5812 AChristus
1651 5758 1890 5798 mortuus

322 5823 411 5865 est.
441 5810 564 5866 Haec
587 5813 968 5884 desiderantur
995 5814 1048 5865 in
1089 5810 1273 5868 editis.
1309 5810 1418 5884 Mss
1484 5813 1732 5884 plerique
1759 5829 1891 5871 cou-

321 5893 523 5937 textum
557 5882 798 5954 Apostoli
831 5892 1258 5954 prosequuntur,
1290 5883 1430 5939 alter
1462 5882 1739 5954 usque'ad
1768 5901 1891 5941 vcr-

1877 4625 1921 4657 “
1952 4624 2073 4681 Aet.
2098 4639 2157 4690 ι,
2196 4623 2283 4680 15.

2387 4623 2430 4656 ⁸³
2460 4622 2594 4679 Luc.
2625 4635 2743 4687 vtn,
2766 4620 2862 4692 βο.
2964 4618 3009 4651 ³⁸
3033 4618 3224 4673 Matth.
3260 4631 3361 4681 xn,
3392 4616 3576 4671 45-45.

1989 4849 2105 4889 sum
2130 4832 2198 4888 19
2220 4832 2509 4899 inclusive,
2538 4831 2682 4886 alter
2711 4844 2885 4898 usque
2918 4828 2986 4882 ad
3010 4827 3247 4881 medium
3288 4840 3434 4899 vers.
3482 4824 3574 4881 20.

1985 4904 2093 4960 Sed
2127 4919 2250 4958 cum
2280 4913 2459 4958 tomus
2496 4897 2746 4958 "decimus
2776 4897 3000 4966 incipiat
3030 4912 3059 4950 a
3089 4912 3249 4951 versu
3298 4897 3386 4959 lti,
3429 4906 3574 4950 recte

1986 4988 2161 5042 usque
2182 4974 2248 5027 ad
2274 4973 2419 5027 hunc
2441 4987 2658 5042 versum
2686 4967 3067 5025 tantummodo
3089 4967 3439 5038 prosequitur
3474 4981 3574 5020 ms.

1992 5041 2191 5113 Regius
2216 5059 2366 5113 num.
2394 5041 2552 5097 1659.

2060 5107 2173 5185 (⁷15)
2208 5111 2506 5185 Invenitur.
2563 5111 2724 5185 Deest
2756 5111 2811 5164 in
2845 5117 3007 5185 antea
3038 5107 3225 5163 editis.

2206 5183 2376 5259 A__|i_as_,
2410 5181 2981 5259 coinquinant,‘male.
3018 5248 3032 5259 .
3147 5247 3159 5259 θ

2088 5189 2173 5255 14)
2206 5189 2376 5245 Alias,
2410 5189 2780 5252 coinquinant,
2821 5189 2981 5233 male.

2058 5189 2178 5327 (15)
2226 5252 2395 5318 Editi,
2445 5264 2496 5306 et
2544 5253 2664 5327 licet
2710 5252 2893 5327 eadem
2940 5248 3063 5303 istic
3113 5247 3181 5303 sit
3234 5248 3574 5319 proprietas,

1995 5321 2170 5378 tamen
2195 5338 2365 5377 sermo
2390 5322 2780 5375 communicant
2802 5321 2976 5374 habet.

2066 5393 2179 5465 (lli)
2208 5393 2376 5465 Editi,
2399 5392 2784 5465 deﬁnitionem,
2806 5392 2973 5465 male.

2065 5460 2178 5533 (17)
2214 5463 2380 5529 Editi,
2415 5465 2517 5516 vim
2549 5462 2689 5516 verbi
2718 5460 2817 5515 Dei
2845 5463 3176 5533 ignorantes.

2067 5532 2181 5605 (18)
2213 5533 2395 5605 Enim.
2431 5533 2785 5605 Desideratur
2810 5534 2864 5586 in
2894 5532 3075 5587 editis.

2065 5601 2179 5676 (19)
2209 5602 2370 5676 Deest
2398 5603 2467 5657 sit
2494 5603 2549 5676 in
2577 5601 2762 5656 editis.

2066 5672 2182 5748 (20)
2228 5674 2393 5748 Editi,
2441 5685 2489 5726 et
2517 5674 2740 5748 intrant
2776 5672 2837 5748 in
2881 5688 3024 5728 eum.
3084 5672 3364 5748 Rabanus,
3401 5678 3451 5726 et
3480 5672 3572 5727 in.

1998 5744 2201 5800 tra'ntes
2229 5745 2469 5798 habitant
2509 5745 2561 5797 in
2590 5760 2672 5796 ea.
2708 5744 2815 5797 Sed
2848 5748 3037 5801 omnes
3064 5760 3196 5802 mss.
3224 5755 3279 5801 ut
3307 5746 3364 5800 in
3394 5754 3571 5800 textu.

2069 5815 2183 5887 (2i)
2208 5814 2372 5883 Editi,
2411 5815 2476 5872 de
2506 5825 2696 5871 natura
2727 5816 2828 5870 sui.
