4150 6392
599 388 736 436 ΜΠ

2033 375 2356 435 ORIGENIS

3732 367 3869 415 ιειδ

594 502 829 563 dicitur;
874 501 965 555 sed
994 499 1101 565 illi,
1143 499 1341 570 inquit,
1369 501 1457 569 qui
1482 499 1770 563 existimat,
1810 507 1865 553 et
1908 499 1999 568 qui
2029 508 2181 569 putat
2210 500 2257 557 Α
2282 504 2405 549 sunt
2434 492 2616 548 omnia
2641 491 2695 545 in
2728 488 3125 556 corruptionem
3147 486 3263 552 ipso
3294 499 3417 548 usu,
3439 482 3724 537 secundum
3740 498 3873 551 prte-

596 594 799 663 a.iquid
821 609 930 647 esse
959 610 1253 657 commune,
1290 594 1391 659 ipsi
1421 609 1698 653 commune
1738 602 1836 646 est.
1878 591 1943 646 Et
1976 608 2044 646 ne
2080 593 2181 644 tui-

568 683 740 757 _reris
767 681 909 749 quod
943 682 1202 751 cogitatio
1238 682 1437 735 mentis
1477 682 1662 735 cibum
1710 683 1801 752 qui
1852 692 2046 736 natura
2094 683 2178 736 sui

595 775 903 828 communis
946 766 1033 827 vel
1079 775 1318 843 pollutus
1356 791 1462 827 non
1508 784 1626 837 est,
1681 775 1846 830 faciat
1890 774 2177 843 pollutum,

594 880 719 919 cum
768 868 1077 920 econtrario
1125 867 1306 921 cibum
1342 881 1473 919 vere
1522 868 1789 935 pollutum
1843 870 1993 937 (vere
2030 868 2178 921 enim

594 954 831 1025 pollutus
857 965 942 1008 est
974 956 1065 1025 qui
1112 956 1270 1009 idolis
1299 955 1635 1026 immolatur)
1665 956 1987 1024 simplicitas
2029 971 2181 1009 tuen-

594 1046 685 1109 tis,
712 1054 769 1100 et
810 1046 955 1099 nulla
991 1046 1339 1114 cogitationis
1370 1045 1763 1114 scrupulositas
1803 1044 1999 1113 injecta
2039 1042 2175 1113 (2‘2),

592 1136 741 1188 omni
783 1135 1092 1202 suspicione
1122 1133 1601 1190 contaminatinnis
1639 1135 1904 1189 absolvat.
1946 1135 2007 1188 Et
2055 1151 2180 1188 rur-

594 1240 714 1281 sum
742 1227 953 1282 etiamsi
1000 1229 1232 1280 mundus
1262 1228 1332 1280 sit
1365 1226 1539 1287 ribus.
1592 1228 1956 1293 suspicionem
1994 1238 2176 1282 tamen

592 1320 791 1389 aliquis
833 1321 1073 1388 patiatur
1110 1320 1265 1389 quasi
1319 1322 1461 1389 quod
1513 1321 1671 1374 idolis
1718 1321 2031 1375 immolatus
2080 1322 2176 1387 sit,

591 1409 763 1479 pollui
808 1409 1010 1463 dicitur
1052 1426 1149 1477 pro
1203 1410 1549 1464 conscientiae
1589 1412 1866 1479 scrupulo.
1933 1411 1993 1465 Si
2037 1418 2176 1465 enim

589 1510 807 1569 propter
835 1502 1005 1554 cibum
1045 1502 1215 1569 frater
1241 1512 1362 1555 tuus
1390 1506 1740 1556 contristatur
1768 1504 1906 1575 (25),
1939 1521 2042 1557 non
2055 1505 2177 1574 jam

590 1594 883 1645 secundum
921 1594 1228 1644 charitatem
1270 1595 1533 1647 ambulas.
1582 1593 1713 1648 Noli
1753 1598 1867 1649 cibo
1898 1607 1989 1649 tuo
2020 1597 2173 1650 illum

590 1687 826 1752 perdere,
855 1702 951 1752 pro
981 1703 1082 1757 quo
1117 1685 1361 1741 Christus
1392 1696 1635 1740 mortuus
1662 1700 1760 1742 est.
1792 1691 1927 1743 Cum
1959 1691 2177 1744 deﬁnis-

592 1785 680 1830 set
719 1777 1015 1844 apostolico
1054 1780 1305 1844 dagmate
1352 1796 1449 1849 per
1497 1780 1781 1835 Dominum
1821 1781 2007 1838 Jesum
2041 1784 2174 1838 nihil

2287 597 2437 655 cepta
2483 595 2532 639 et
2582 584 2852 637 doctrinas
2897 580 3169 633 hominum
3216 595 3384 648 :qua:
3434 586 3555 631 sunt
3611 575 3872 627 rationem

2286 678 2499 746 quidem
2530 676 2778 729 habentia
2800 675 3075 742 sapientia:
3103 674 3160 726 in
3193 670 3552 723 observatione
3575 666 3870 736 religionis,

2287 779 2336 822 et
2362 768 2665 821 humilitate
2685 783 2779 836 per
2802 767 3129 821 vexationem
3151 763 3409 832 corporis,
3439 778 3545 814 non
3579 761 3634 813 in
3673 762 3873 813 honore

2287 859 2464 931 aliquo
2498 860 2568 912 ad
2589 860 2929 914 saturitatem
2963 858 3143 912 carnis
3175 856 3242 910 ¹⁷.
3275 855 3350 908 De
3382 856 3579 923 quibus
3616 867 3712 921 per
3751 855 3870 906 siu-

2286 949 2408 1018 gnla
2452 950 2722 1003 disserere
2763 964 2869 1002 non
2922 955 3006 1001 est
3050 945 3339 1015 praesentis
3381 945 3599 1010 operis;
3669 940 3736 994 de
3786 941 3872 993 bis

2286 1040 2427 1093 enim
2461 1055 2603 1094 nunc
2644 1054 2766 1109 quin
2808 1039 2875 1093 ad
2913 1037 3190 1092 Romanos
3235 1034 3426 1090 scribit
3450 1032 3746 1103 Apostolus
3778 1047 3871 1086 co—

2287 1147 2483 1185 namur
2518 1147 2791 1201 exponere
2836 1130 2969 1201 (27).
3017 1129 3131 1184 Hoc
3174 1138 3259 1183 est
3301 1140 3479 1183 tamen
3522 1125 3665 1197 quod
3704 1127 3867 1179 etiam

2286 1225 2540 1294 praesenti
2574 1225 2841 1279 asseritur
2873 1222 3127 1291 exemplo
3158 1238 3172 1275 :
3209 1236 3278 1275 ne
3300 1222 3353 1275 in
3389 1221 3534 1286 cibo,
3575 1218 3656 1273 vel
3690 1219 3741 1271 in
3770 1232 3867 1287 po-

2288 1330 2369 1384 tu,
2404 1318 2491 1372 vel
2536 1317 2591 1370 in
2633 1314 2945 1382 hujusmodi
2995 1313 3393 1375 observantiis,
3428 1325 3551 1380 quae
3587 1312 3731 1380 apud
3774 1305 3871 1361 Ju--

2286 1413 2432 1468 datos
2460 1409 2606 1463 velut
2627 1407 2794 1479 666
2822 1405 3135 1474 angelorum
3171 1405 3361 1474 religio
3396 1411 3643 1473 putatur,
3667 1400 3873 1470 judice»

2288 1521 2409 1559 mur
2434 1504 2504 1558 ab
2532 1502 2737 1572 aliquo.
2776 1499 3058 1554 ExtoBont
3083 1500 3229 1553 enim
3255 1514 3314 1553 se
3338 1500 3391 1551 in
3422 1497 3507 1551 bis
3530 1510 3651 1565 qua:
3682 1495 3870 1547 viden-

2286 1605 2395 1659 tur,
2420 1606 2473 1650 et
2503 1595 2669 1650 inﬂati
2700 1604 2828 1649 sunt
2858 1596 2925 1649 de
2960 1594 3268 1650 visibilibus
3294 1595 3478 1650 rebus.
3528 1593 3661 1660 Quae
3687 1602 3867 1646 tamen

2284 1688 2447 1743 elatio
2493 1703 2599 1742 non
2648 1697 2733 1742 est
2772 1689 3073 1742 secundum
3123 1687 3449 1758 sapientiam
3484 1687 3730 1756 spiritus,
3770 1688 3864 1741 sed

2284 1782 2582 1836 secundum
2617 1795 2838 1835 sensum
2867 1780 3071 1836 carnis.
3101 1779 3219 1833 Non
3245 1788 3425 1833 autem
3458 1780 3529 1834 de
3556 1776 3867 1832 carnalibus

591 1882 881 1922 commune
912 1879 1005 1923 aut
1052 1872 1386 1925 itmnundum
1417 1885 1610 1926 natura
1638 1877 1724 1928 sui
1765 1878 2089 1943 putandum,
2121 1885 2178 1929 et
2211 1860 2253 1915 Β
2282 1873 2445 1929 rebus
2481 1881 2806 1941 praeceptum
2834 1880 2918 1925 est
2949 1886 2964 1922 :
3002 1870 3086 1941 Ne
3127 1870 3380 1940 tetigeris,
3412 1885 3477 1923 ne
3522 1871 3873 1923 attaminaoe-

590 1959 832 2015 dedisset
879 1978 1006 2030 erga
1056 1979 1186 2018 usus
1254 1965 1500 2018 ciborum
1564 1966 1811 2021 ﬁdelibus
1872 1968 2177 2038 quibusque

591 2052 1052 2106 absolutissimum
1085 2054 1409 2119 libertatem,
1438 2072 1628 2111 rursus
1659 2058 1723 2111 ad
1758 2059 2173 2115 mdiﬁcationem

589 2145 818 2198 fraterni
858 2148 1061 2200 amoris
1087 2147 1360 2201 licentiam
1413 2159 1626 2203 resecut
1676 2150 1978 2217 libertatis,
2010 2161 2066 2206 et
2088 2152 2173 2205 di-

590 2236 705 2287 cit:
739 2234 961 2290 Etiamsi
1014 2253 1302 2292 commune
1348 2239 1480 2292 nihil
1521 2251 1624 2302 est,
1671 2252 1731 2295 et
1768 2257 1897 2296 usus
1931 2243 2173 2297 omnium

587 2324 835 2378 ciborum
870 2326 1098 2381 licenter
1135 2329 1462 2392 admittitur,
1508 2338 1688 2385 tamen
1744 2340 1800 2385 tu
1852 2331 1897 2385 si
1953 2343 2175 2401 propter

589 2414 769 2469 cibum
793 2432 953 2484 quem
988 2419 1138 2473 licito
1170 2429 1327 2486 putas
1358 2422 1703 2485 sumendum,
1742 2423 1965 2478 fratrem
2000 2436 2170 2492 tuum,

589 2509 684 2574 qui
718 2510 956 2562 nondum
990 2512 1233 2566 scientiae
1256 2511 1421 2577 huius
1455 2528 1627 2582 capax
1653 2524 1760 2579 est,
1807 2517 2172 2583 scandalizas,

583 2599 700 2669 iam
747 2616 850 2654 non
892 2603 1177 2654 secundum
1218 2603 1534 2657 charitatem
1578 2605 1843 2668 ambulas,
1892 2620 1993 2660 nec
2043 2608 2176 2661 alle-

588 2701 738 2745 ctum
772 2693 824 2746 in
863 2702 915 2746 te
948 2693 1169 2747 fraterni
1200 2696 1404 2749 amoris
1431 2696 1694 2750 ostendis.
1740 2697 1877 2764 Quid
1907 2699 2049 2754 enim
2081 2700 2174 2755 ke-

587 2784 757 2849 deris,
789 2785 835 2839 si
869 2794 926 2840 ut
958 2785 1181 2840 fratrem
1235 2798 1383 2840 tuum
1432 2802 1537 2842 non
1587 2791 1899 2854 contristes,
1946 2794 2111 2846 etiam
2142 2809 2171 2846 a

587 2873 755 2931 licitis
786 2878 1104 2931 abstineas?
1132 2878 1248 2933 Tibi
1282 2881 1427 2934 enim
1469 2883 1749 2938 abstinere
1799 2902 1829 2939 a
1869 2885 2032 2940 licitis
2066 2888 2175 2940 cri-

588 2982 712 3020 tnen
753 2969 955 3022 nullum
1006 2980 1122 3035 est;
1181 2972 1256 3025 illi
1307 2988 1439 3027 vero
1476 2975 1529 3027 in
1571 2975 1769 3045 quibus
1813 2976 2078 3032 discernit
2118 2988 2174 3032 et

587 3070 744 3127 putat
775 3076 878 3114 non
911 3061 1097 3123 licere,
1138 3065 1571 3120 condemnabilis
1618 3081 1748 3121 usus
1795 3076 1880 3121 est
1901 3068 2035 3136 (24).
2067 3068 2175 3135 Qui

588 3152 729 3206 enim
754 3153 1027 3220 discernit,
1050 3156 1096 3209 si
1118 3157 1530 3223 manducauerit,
1568 3159 1854 3213 damnatus
1882 3170 1980 3214 est.
2013 3161 2169 3229 Quod

588 3242 634 3294 si
683 3243 872 3308 facias,
927 3255 979 3298 tu
1035 3246 1218 3316 utique
1264 3247 1493 3302 fratrem
1528 3257 1679 3303 tuum
1722 3251 1903 3319 perdis
1933 3266 2028 3320 pro
2065 3268 2169 3321 quo

588 3334 830 3391 Christus
884 3349 1122 3392 mortuus
1168 3352 1266 3405 est,
1308 3349 1365 3394 et
1420 3351 1473 3396 tu
1514 3343 1562 3395 ei
1600 3357 1795 3398 causas
1847 3343 2173 3412 perditionis

587 3429 846 3495 acquiris.
880 3427 1315 3497 Magniﬁcentius
1341 3444 1522 3487 autem
1568 3434 1635 3488 de
1666 3433 1754 3489 his
1795 3434 1939 3488 idem
1971 3434 2173 3490 Paulus

584 3519 654 3574 ad
676 3520 1028 3577 Colossenses
1043 3524 1310 3589 scribens,
1346 3524 1478 3578 dicit
1511 3542 1526 3578 :
1560 3524 1732 3580 Nemo
1761 3527 1940 3597 itaque
1961 3543 2047 3581 vos
2076 3527 2174 3596 ju-

585 3614 726 3667 dicet
746 3617 800 3667 in
822 3631 963 3677 esca,
986 3623 1079 3667 aut
1105 3616 1159 3669 in
1182 3626 1330 3684 potu,
1363 3627 1455 3670 aut
1487 3619 1543 3671 in
1583 3629 1732 3686 parte
1757 3619 1863 3673 diei
1893 3619 2038 3688 festi,
2079 3628 2173 3673 aut

586 3706 895 3769 neomeniis,
931 3717 1021 3760 aut
1045 3708 1302 3771 Sabbnto,
1332 3725 1453 3773 qua,
1477 3718 1601 3764 sunt
1631 3710 1816 3763 umbra
1843 3711 2168 3779 futurorum,

586 3815 778 3866 corpus
817 3812 992 3855 autem
1038 3802 1259 3857 Christi.
1310 3803 1482 3857 Nemo
1513 3822 1599 3859 vos
1634 3808 1852 3860 seducat
1899 3808 2074 3862 volens
2114 3811 2170 3864 in

587 3891 887 3944 humilitate
915 3893 1087 3948 cordis
1131 3904 1178 3947 et
1205 3895 1458 3964 religione
1501 3896 1809 3965 angelorum
1851 3914 2009 3964 quam
2064 3915 2169 3954 non

586 3982 716 4033 vidit
758 3987 1011 4036 extollens
1056 4001 1131 4049 se,
1175 3984 1377 4051 frustra
1422 3986 1639 4056 inﬂatus
1683 4004 1715 4040 a
1766 4000 1937 4042 mente
1991 3991 2169 4043 carnis

587 4088 699 4127 sua:
730 4074 860 4147 (25).
899 4087 947 4130 et
989 4094 1093 4131 non
1144 4089 1322 4132 tenens
1369 4090 1525 4146 caput
1577 4080 1656 4145 ¹⁴¹;
1708 4089 1765 4134 et
1794 4090 1915 4150 post
1946 4097 2116 4149 pauca
2153 4097 2169 4135 :

589 4164 653 4219 Si
681 4183 802 4234 ergo
831 4170 1025 4221 mortui
1065 4169 1189 4221 estis
1225 4186 1343 4222 cum
1375 4168 1585 4223 Christo
1617 4171 1683 4223 ab
1725 4172 1991 4226 elementis
2028 4190 2175 4227 mun-

586 4258 664 4321 di,
685 4260 814 4327 quid
844 4258 980 4312 velut
1025 4261 1247 4314 viventes
1275 4262 1327 4313 in
1351 4260 1448 4314 hoc
1489 4263 1684 4315 mundo
1731 4264 2053 4318 decernitis?
2090 4262 2174 4319 Ne

586 4350 847 4419 tetigeris,
877 4367 941 4403 ne
973 4352 1289 4421 gustaveris,
1336 4368 1399 4405 ne
1443 4355 1841 4409 attaminaeeris
1865 4356 1977 4426 (‘26)
2005 4370 2021 4409 :
2053 4372 2174 4426 qua:

660 4486 705 4517 “
729 4485 943 4542 Coloss.
975 4504 1035 4553 ll,
1085 4490 1271 4544 16-18.
1349 4491 1391 4521 "
1425 4492 1555 4547 ibid.
1584 4493 1656 4547 20
1689 4509 1806 4565 seq.

1884 4496 1929 4528 ⁸⁸
1964 4495 2173 4552 Coloss.
2204 4511 2268 4564 ιι,
2302 4495 2398 4553 21.

2279 1966 2376 2030 ris,
2405 1983 2468 2019 ne
2492 1967 2784 2037 gustaveris
2812 1963 2927 2035 (28)
2958 1964 3023 2017 ⁸⁸.
3065 1963 3188 2017 Haec
3219 1964 3365 2017 enim
3411 1965 3619 2026 omnia,
3648 1962 3750 2015 hoc
3782 1970 3869 2015 est

2278 2059 2542 2125 carnalia,
2576 2059 2645 2114 ad
2692 2074 2851 2113 usum
2896 2064 3041 2112 hunc
3082 2055 3496 2127 corruptibilem
3544 2056 3669 2108 data
3702 2064 3865 2117 sunt;

2276 2160 2333 2206 et
2357 2166 2476 2218 quae
2510 2160 2688 2220 potest
2710 2165 2835 2205 esse
2859 2151 2913 2204 in
2940 2150 3292 2219 corruptione
3331 2148 3682 2203 observantia
3718 2146 3868 2213 puri-

2280 2242 2443 2296 tatis?
2470 2241 2577 2296 Sed
2609 2257 2732 2295 cum
2766 2242 2854 2295 les
2891 2243 3005 2294 hinc
3038 2242 3107 2294 de
3141 2239 3559 2294 rationabilibus
3596 2236 3864 2305 ρτωεψίι,

2276 2349 2419 2403 quae,
2471 2333 2518 2387 si
2566 2333 2842 2388 immunda
2891 2341 3039 2397 sunt,
3091 2346 3219 2386 vere
3254 2330 3520 2399 tangenda
3551 2342 3663 2384 non
3716 2341 3866 2391 sunt,

2274 2439 2454 2492 neque
2495 2424 2784 2493 gustanda,
2830 2438 2901 2478 ne
2938 2423 3233 2493 participes
3277 2436 3376 2477 nos
3423 2420 3631 2476 faciant
3658 2421 3864 2490 peccati

2274 2523 2333 2567 et
2356 2515 2713 2569 inununditite
2741 2530 2875 2580 suae,
2908 2526 3179 2583 praecepta
3205 2514 3485 2568 hominum
3507 2518 3563 2567 et
3587 2512 3868 2567 doctrinas

2277 2605 2674 2676 relinquentes,
2707 2607 2852 2660 hunc
2890 2605 3198 2675 spiritalem
3235 2605 3347 2675 (29)
3383 2620 3606 2659 sensum
3635 2605 3700 2657 ad
3731 2618 3864 2658 car-

2277 2698 2418 2751 nalia
2448 2699 2563 2752 haec
2584 2708 2641 2753 et
2663 2698 2971 2769 corporalia
3006 2697 3421 2760 transtulerunt,
3448 2714 3572 2765 quie
3599 2696 3863 2750 rationem

2275 2791 2559 2860 sapientia:
2600 2791 2803 2846 habent
2842 2790 2896 2845 in
2931 2790 3315 2845 observatione
3361 2790 3641 2859 religionis
3686 2798 3744 2843 et
3771 2790 3865 2842 hu-

2276 2882 2507 2937 militate
2550 2883 2818 2952 corporis,
2857 2897 2965 2936 non
3004 2893 3188 2936 tamen
3230 2891 3289 2935 ut
3337 2881 3630 2935 occasione
3668 2879 3861 2949 hujus—

2276 2974 2421 3027 modi
2457 2975 2826 3028 observantiae
2856 2974 3030 3027 honor
3061 2972 3176 3042 (30)
3220 2971 3414 3041 aliquis
3447 2973 3587 3040 apud
3613 2970 3867 3025 homines

2275 3080 2331 3119 et
2361 3067 2544 3120 carnis
2576 3065 2789 3121 deliciae
2819 3065 3193 3134 requirantur,
3240 3066 3367 3119 dum
3408 3077 3510 3131 pro
3560 3077 3859 3131 paucorum

2276 3158 2605 3213 abstinentia
2654 3157 2808 3211 multi
2855 3157 2961 3213 cibi
3002 3157 3353 3227 requiruntur
3396 3166 3452 3211 et
3500 3154 3682 3210 electi.
3725 3152 3862 3208 Vera

2277 3260 2459 3302 autem
2498 3249 2852 3319 observantia
2885 3257 2969 3303 est
3003 3248 3093 3302 ubi
3121 3248 3194 3302 ita
3241 3248 3478 3305 sumitur
3500 3248 3677 3307 cibus.
3704 3256 3759 3302 et
3787 3247 3860 3298 ita

2274 3352 2509 3412 aguntur
2532 3341 2737 3408 omnia,
2765 3351 2823 3394 ut
2857 3356 2965 3396 non
3001 3341 3069 3396 de
3097 3340 3297 3394 talibus
3329 3340 3549 3395 dicatur
3577 3355 3591 3392 :
3620 3336 3861 3402 Quorum

2276 3433 2419 3488 Deus
2447 3443 2625 3487 venter
2650 3443 2727 3488 est
2758 3434 2826 3489 η.
2858 3431 3152 3487 Abstinere
3184 3431 3329 3487 enim
3371 3430 3486 3501 (51)
3512 3429 3768 3485 convenit
3792 3431 3861 3481 ab

2275 3526 2425 3580 omni
2456 3526 2582 3581 cibo
2610 3540 2772 3595 quem
2804 3524 3252 3594 concupiscentia
3280 3533 3336 3578 et
3362 3522 3531 3578 libido
3552 3520 3859 3591 praesumit,

2274 3631 2437 3687 quem
2484 3617 2696 3672 deliciae
2741 3626 2957 3687 parant,
3013 3632 3176 3684 quem
3235 3616 3398 3671 lusus
3430 3615 3725 3683 excogitat.
3763 3610 3861 3665 Vi-

2276 3711 2511 3765 dendum
2556 3725 2789 3779 namque
2821 3721 2906 3765 est
2944 3710 3056 3780 (52)
3089 3724 3195 3765 non
3246 3708 3422 3763 solum
3470 3707 3648 3777 quali,
3676 3706 3775 3761 sed
3805 3714 3864 3761 et

2278 3816 2482 3876 quanto
2529 3805 2678 3870 cibo,
2724 3815 2780 3858 et
2828 3818 2939 3872 quo
2990 3803 3042 3856 in
3087 3809 3359 3871 tempore,
3408 3810 3464 3856 et
3495 3814 3657 3869 quam
3692 3813 3863 3868 parco

2276 3888 2513 3952 utamur.
2547 3896 2638 3951 Sic
2684 3897 2830 3951 enim
2863 3898 3043 3949 omnia
3085 3895 3283 3948 munda
3336 3893 3549 3947 mundis
3586 3891 3862 3946 mentibus

2270 3990 2441 4051 ﬁunt;
2501 3986 2878 4041 contaminatis
2915 3997 3118 4046 autem,
3167 3994 3220 4039 ut
3268 3985 3402 4039 dicit
3444 3981 3757 4052 Apostolus,
3810 3992 3861 4035 et

2278 4079 2581 4149 infidelibus
2614 4080 2744 4134 nihil
2795 4080 3050 4132 mundum
3075 4080 3142 4131 υ.
3175 4080 3234 4131 In
3269 4094 3377 4147 quo
3420 4077 3679 4141 ostendit,
3723 4075 3854 4144 quia

2270 4174 2437 4228 etiam
2465 4187 2526 4226 ea
2553 4185 2678 4241 qua:
2713 4172 2855 4240 apud
2891 4168 3109 4225 Iudaeos
3153 4172 3353 4224 muuda
3408 4168 3765 4222 nominantur
3803 4169 3859 4221 iu

2271 4265 2430 4331 cibis,
2471 4264 2517 4319 si
2555 4266 2679 4334 quis
2718 4264 3121 4320 contaminatus
3155 4263 3226 4317 sit
3265 4270 3324 4315 et
3365 4260 3623 4325 inﬁdelis,
3657 4260 3860 4314 munda

2272 4359 2322 4412 ei
2354 4372 2478 4412 esse
2506 4374 2612 4413 non
2648 4366 2895 4428 possunt.
2936 4357 3294 4425 Consequens
3330 4355 3496 4425 igitur
3543 4354 3669 4421 erit,
3719 4362 3779 4407 ut
3810 4355 3858 4408 si

2475 4498 2518 4529 ¹⁹
2546 4497 2742 4568 Philip.
2788 4513 2873 4562 ιιι,
2927 4495 3013 4550 19.
3092 4495 3139 4526 ὀ
3165 4493 3276 4548 Tit.
3308 4510 3347 4557 ι,
3380 4492 3465 4548 15.

666 4621 903 4696 (Ὧὶβῖρ
940 4637 1039 4676 ms.
1078 4622 1282 4689 Regius
1316 4643 1464 4682 num.
1502 4628 1640 4684 1659
1659 4639 1713 4684 et
1738 4630 2015 4685 “altanus.
2042 4630 2170 4685 Mss.
2204 4638 2252 4696 ι)
2278 4631 2483 4685 omisso
2515 4632 2677 4684 enim.
2711 4629 2852 4683 Editi
2872 4628 3136 4682 ‘omittunt
3170 4643 3330 4691 nunc,
3368 4635 3422 4681 et
3460 4625 3660 4680 habent
3686 4623 3858 4679 etiam

585 4692 719 4750 vero
751 4692 1014 4768 plerique,
1056 4702 1105 4768 et
1153 4697 1300 4748 nulla
1329 4701 1643 4768 cogitatione
1674 4703 2056 4763 scrupulositas
2084 4705 2170 4755 in-

580 4768 746 4837 jecta.
791 4763 954 4829 Editi,
987 4773 1037 4817 et
1065 4767 1118 4817 in
1142 4763 1459 4835 cogitatione
1482 4772 1628 4822 nulla
1660 4773 2041 4839 scrupulositas
2089 4776 2171 4824 in-

613 4852 747 4890 θεῖα.

581 4855 772 4977 μῗὲέ)
804 4902 971 4977 Editi,
991 4904 1161 4972 frater
1181 4917 1303 4961 tuus
1336 4909 1736 4962 scandalizatur
1766 4909 1844 4963 uel
1883 4910 2167 4964 con‘trista-

588 4975 697 5039 tur,
731 4984 837 5048 etc.
884 4975 1105 5037 Deinde,
1148 4993 1267 5030 cum
1315 4982 1452 5031 enim
1506 4980 1839 5048 deﬁnisset...
1885 4996 1978 5047 per
2008 4980 2169 5034 Chri-

589 5056 726 5100 stum
760 5045 969 5111 lesum,
1003 5056 1111 5100 etc.
1140 5049 1246 5101 Sed
1279 5063 1471 5104 omnes
1496 5045 1629 5104 mss.
1659 5060 1714 5103 et
1745 5045 2003 5105 Rabanus
2026 5061 2085 5105 ut
2116 5054 2168 5105 in

591 5126 760 5172 textu.

662 5185 778 5256 (2t)
812 5183 938 5238 Mss.
971 5184 1239 5256 plerique,
1274 5186 1534 5242 Rabanus
1564 5196 1619 5242 et
1653 5188 1808 5247 editi.
1835 5193 2169 5243 contamina-

589 5257 708 5311 bilis
736 5272 863 5309 usus
890 5266 964 5307 est
995 5271 1015 5308 :
1044 5261 1137 5310 sed
1171 5260 1369 5313 rectior
1399 5260 1613 5312 videtur
1637 5259 1799 5313 lectio
1829 5262 2034 5316 codicis
2062 5261 2169 5317 lle-

587 5327 660 5397 gii
695 5342 840 5397 ιιιιιιι.
872 5324 1031 5389 11159,
1058 5328 1474 5381 condemnabilis
1506 5345 1632 5382 usus
1657 5339 1757 5387 est.

661 5396 773 5465 (25)
806 5396 898 5448 Sic
942 5413 1045 5450 ms.
1080 5397 1279 5465 Regius
1311 5413 1458 5450 num.
1489 5399 1645 5453 1659.
1679 5399 1754 5452 Ita
1787 5399 1950 5454 etiam
1982 5401 2162 5455 caeteri

590 5481 748 5528 Inss.,
778 5468 980 5520 omisso
1022 5484 1074 5521 a.
1109 5468 1275 5530 Editi,
1302 5468 1517 5534 iit/latus
1543 5486 1699 5523 sensu
1726 5471 1899 5523 carnis
1923 5487 2054 5523 saw.

661 5536 1049 5609 (26)_I_t_a‘ms_s.
1096 5538 1362 5606 plerique.
1404 5539 1541 5592 liditi
1581 5555 1709 5593 vero
1734 5551 1790 5594 et
1831 5556 1932 5593 ms.
1969 5541 2171 5609 Regius

591 5620 744 5685 nutu.
774 5605 933 5687 11159,
967 5605 1049 5660 Ne
1093 5605 1391 5678 tetigeritis,
1430 5625 1493 5663 ne
1531 5611 1890 5679 gustareritis,
1941 5626 2005 5664 ne
2029 5605 2173 5665 atta-

590 5688 933 5739 nttnaverttts,
966 5688 1075 5731 etc.

664 5742 943 5821 (‘27)_Ms._
968 5746 1175 5816 Regius
1224 5763 1375 5803 num.
1420 5749 1579 5814 1659,
1627 5767 1733 5806 non
1780 5762 1858 5805 est
1898 5752 2173 5821 prwsmtis

592 5814 860 5880 temporis.
904 5816 981 5872 De
1021 5814 1102 5873 his
1149 5834 1357 5879 nunc...

1403 5836 1652 5877 conemur
1703 5837 1959 5891 exponere
1977 5864 1992 5885 .
2041 5828 2191 5888 etc.,'

2278 4719 2401 4755 cum
2434 4702 2708 4770 plerisque
2747 4714 2882 4770 mss.
2925 4714 3176 4770 conemur
3211 4713 3489 4770 exponere.
3521 4696 3628 4750 Sed
3661 4696 3861 4748 rectior

2279 4767 2497 4825 videtur
2531 4771 2693 4824 lectio
2717 4785 2821 4823 ms.
2853 4768 3002 4837 Regii
3044 4784 3191 4822 num.
3221 4767 3382 4831 1640,
3423 4781 3679 4819 conamur
3699 4780 3861 4833 expo-

2280 4858 2421 4894 nere.
2453 4841 2655 4894 Deinde
2688 4841 2844 4903 editi,
2875 4837 2991 4892 lloc
3015 4847 3092 4892 est
3122 4849 3350 4903 tantum,
3375 4848 3483 4891 etc.

2351 4911 2464 4981 (‘28)
2495 4910 2571 4963 Ita
2603 4924 2795 4981 omnes
2836 4925 2963 4963 mss.
2998 4909 3195 4962 nostri.
3238 4908 3380 4961 Editi
3417 4920 3568 4981 vero,
3621 4921 3685 4959 ne
3730 4908 3857 4959 teti-

2276 4976 2579 5049 geritistne
2601 4979 3064 5039 attaminaveritis,
3092 4996 3155 5031 ne
3178 4976 3537 5049 gustaveritis.

2349 5052 2463 5121 (29)
2487 5048 2650 5115 Editi,
2678 5060 2724 5121 et
2756 5052 3010 5103 doctrinm
3032 5045 3194 5119 (mss:
3208 5048 3474 5121 plerique,
3492 5056 3540 5098 et
3563 5045 3856 5115 doctrinas)

2279 5117 2651 5189 relinquentes,
2688 5120 2826 5171 hunc
2851 5117 3175 5185 spiritalem,
3216 5130 3322 5171 etc.
3365 5117 3463 5171 Ms.
3501 5128 3678 5169 tamen
3714 5132 3857 5189 unus

2276 5186 2481 5259 Regius
2518 5206 2669 5244 num.
2717 5189 2855 5244 1640
2895 5192 3060 5245 habet
3110 5191 3477 5253 observantes,
3536 5202 3635 5255 pro
3685 5186 3854 5239 relin-

2314 5272 2510 5314 nentes.

2314 5277 2461 5313 neme
2494 5298 2510 5313 ο

2275 5277 2306 5330 q
2346 5279 2653 5401 (5U)8Editi.
2681 5346 2785 5383 non
2808 5343 3013 5383 tantum
3039 5345 3159 5383 vero
3189 5329 3464 5389 occasione
3495 5327 3654 5401 hujus
3683 5325 3856 5380 obser-

2272 5398 2461 5454 vantia:
2484 5402 2827 5467 honorabilis,
2853 5412 2959 5456 etc.
2986 5402 3092 5455 Sed
3115 5415 3305 5455 omnes
3335 5415 3471 5453 mss.
3498 5408 3557 5451 ut
3582 5398 3636 5452 iu
3664 5407 3855 5451 uestro

2274 5482 2444 5525 textu.

2343 5541 2456 5613 (51)
2483 5541 2661 5595 Enim.
2688 5541 2857 5613 peest
2883 5544 2947 5613 in
2990 5540 3143 5594 libris
3180 5553 3339 5613 antea
3364 5539 3544 5613 editis.

2342 5605 2456 5684 (52)
2485 5613 2646 5674 Editt,
2688 5610 2997 5684 Videndum.
3026 5620 3279 5684 saneest.
3328 5611 3552 5684 Deinde,
3583 5605 3672 5684 Sic
3710 5608 3849 5684 enim

2273 5679 2450 5735 omnia
2476 5684 2689 5735 mundis
2719 5684 2915 5733 munda
2940 5681 3096 5750 ﬁunt.
3132 5680 3261 5734 Mss.
3292 5681 3558 5750 plerique,
3591 5679 3682 5733 Sic
3709 5679 3851 5732 enim

2276 5753 2451 5804 omnia
2478 5754 2676 5804 munda
2728 5748 3124 5818 mundis'ﬁunt.
3157 5753 3261 5807 Sed
3296 5748 3415 5808 ut...
3460 5748 3663 5821 Regius
3696 5764 3851 5804 nutu.

2278 5822 2417 5877 1659
2450 5832 2506 5877 ιιι
2538 5822 2589 5875 iu
2618 5832 2805 5877 nostro
2833 5830 3002 5878 textu.
