4150 6414
320 304 455 359 1219

1265 284 1621 356 COMMENT.
1664 296 1732 351 IN
1765 295 1988 355 EPtST.
2025 297 2123 353 an
2158 297 2327 354 non.
2363 298 2491 353 LIB.
2532 297 2599 355 x.
2664 318 2665 321 ~

3439 302 3579 358 1250

317 436 379 472 ea
424 432 547 489 quae
594 416 794 469 munda
838 423 985 475 sunt,
1035 416 1422 470 contaminatis
1473 417 1748 470 immunda
1782 415 1895 468 eﬂi-
1924 425 1966 480 Α
2001 416 2267 484 ruptionis
2292 416 2553 484 explebit.
2582 418 2645 471 Et
2681 418 2812 473 nihil
2841 418 3037 473 mirum
3072 417 3116 473 si
3145 427 3369 473 sanctus
3396 420 3579 474 cibum

316 510 553 571 ciantur,
603 505 767 558 etiam
804 517 866 557 ea
896 517 1017 571 qua:
1057 503 1311 556 dicuntur
1342 505 1645 568 immunda,
1693 506 1898 559 sanctis

317 610 370 652 et
408 596 667 657 tidelibus
713 594 910 648 munda
961 593 1113 647 ﬁant.
1169 594 1591 659 Sanctiﬁcantur
1633 596 1770 648 enim
1807 611 1899 661 per

318 688 524 742 uerbum
553 686 647 740 Dei
681 685 794 757 (55)
829 694 876 738 et
907 685 1221 749 orationem,
1266 688 1394 755 quia
1438 687 1607 740 omnis
1653 698 1898 740 creatura

319 780 410 833 Dei
436 780 592 842 bona,
646 791 694 832 et
714 779 858 832 nihil
884 777 1239 845 abjicienduin
1271 780 1409 847 quod
1449 795 1566 833 cum
1601 781 1899 848 gratiarum

319 875 518 926 actione
547 872 835 938 percipitur
864 872 934 923 ιι.
966 871 1076 926 Per
1101 874 1406 926 orationem
1439 883 1618 926 autem
1656 887 1763 926 non
1799 887 1897 926 cu-

318 963 618 1031 iuscunque
649 963 1085 1027 sanctiﬁcantur,
1124 965 1219 1018 sed
1241 979 1431 1017 eorum
1472 965 1563 1029 qui
1593 963 1776 1017 levant
1796 981 1898 1032 pu-

319 1074 409 1110 ras
457 1073 647 1110 manus
684 1057 798 1109 sine
843 1055 925 1110 ira
961 1068 1009 1111 et
1060 1056 1440 1121 disceptatione
1467 1058 1535 1108 ²².
1579 1056 1669 1109 Vis
1714 1065 1899 1109 autem

319 1148 759 1219 magniﬁcentius
782 1147 961 1203 adhuc
988 1150 1055 1202 de
1084 1147 1300 1202 mundis
1327 1155 1383 1201 et
1413 1146 1729 1210 immundis,
1751 1146 1898 1214 quod

320 1258 426 1296 non
458 1243 525 1297 de
551 1244 897 1311 corporibus,
930 1247 1025 1297 sed
1052 1242 1118 1295 de
1147 1240 1344 1293 animis
1379 1239 1633 1292 dicantur
1660 1246 1717 1291 et
1748 1252 1902 1291 men-

320 1337 488 1399 tibus,
518 1337 735 1390 edoceri
769 1335 923 1405 (34)?
951 1334 1092 1387 Audi
1124 1334 1292 1403 ipsius
1321 1332 1531 1386 Domini
1560 1341 1614 1385 et
1649 1329 1897 1385 Salvato-

322 1428 398 1480 ris
429 1428 478 1480 in
516 1426 805 1494 Evangelio
835 1427 1161 1481 sententiam
1185 1424 1417 1478 dicentis
1452 1441 1464 1476 :
1501 1422 1623 1476 Non
1660 1438 1779 1492 qum
1818 1426 1900 1474 in-

319 1526 459 1569 trant
484 1518 538 1569 in
564 1535 641 1579 os,
670 1518 1058 1570 communicant
1099 1515 1529 1585 (55).!tominem,
1557 1514 1647 1567 sed
1689 1529 1809 1583 quia
1834 1529 1900 1566 ea:

322 1624 412 1661 ore
451 1609 773 1676 procedunt;
812 1608 1063 1677 quoniam
1107 1609 1172 1661 ab
1212 1610 1354 1660 intus
1392 1607 1455 1659 de
1509 1606 1664 1659 corde
1707 1616 1899 1660 exeunt

322 1698 667 1768 cogitationes
700 1699 878 1764 malle,
902 1700 1211 1765 homicidia,
1241 1699 1511 1752 adulteria
1545 1697 1612 1761 ⁸³,
1639 1705 1745 1752 etc.
1795 1698 1899 1753 Co-

2001 524 2160 578 quem
2207 510 2411 574 sumit,
2463 510 2631 564 verbo
2682 512 2810 575 Dei,
2861 520 2917 563 et
2953 511 3199 564 oratione
3236 511 3578 577 sanctiﬁcat,

2002 614 2124 652 cum
2159 599 2322 653 etiam
2368 598 2484 667 ipsa
2533 601 2731 669 quibus
2770 601 3013 655 induitur
3058 611 3241 655 sancta
3268 603 3380 655 sint
3411 602 3572 657 vesti-

2000 700 2206 743 menta.
2259 690 2491 743 Sudaria
2537 692 2773 759 denique
2820 692 2970 746 Pauli
3024 691 3070 723 “
3132 700 3185 746 et
3236 694 3578 749 semicinctia

2005 790 2215 835 tantum
2247 797 2314 835 ex
2364 783 2532 851 ipsius
2587 784 2825 851 puritate
2864 784 3314 838 sanctiﬁcationis
3350 799 3581 853 accepe-

2004 881 2148 935 rant,
2188 883 2246 927 ut
2294 875 2457 942 aegris
2505 876 2747 929 adhibita
2804 877 3125 945 corporibus
3166 875 3278 946 (56)
3330 875 3585 944 fugarent

2002 966 2243 1031 morbos,
2285 975 2341 1019 et
2387 967 2677 1021 redderent
2726 968 3037 1021 sanitatem.
3103 966 3238 1021 Nam
3300 967 3368 1022 de
3413 967 3582 1023 Petro

2002 1059 2132 1127 quid
2176 1059 2375 1122 dicam,
2430 1059 2585 1127 cujus
2627 1059 2793 1112 etiam
2844 1062 3033 1113 umbra
3082 1060 3328 1128 corporis
3372 1070 3583 1114 tantum

2003 1150 2450 1205 sanctiﬁcationis
2492 1155 2719 1221 gerebat
2752 1151 2824 1215 ’⁸,
2875 1160 2935 1204 ut
2964 1166 3318 1222 quoscunque
3353 1162 3582 1221 praeter-

2005 1239 2121 1292 iens
2152 1254 2259 1292 non
2304 1242 2435 1307 ipse,
2471 1241 2564 1294 sed
2591 1239 2704 1295 sola
2753 1241 2869 1309 ejus
2900 1242 3087 1294 umbra
3131 1242 3416 1310 tetigisset,
3450 1256 3587 1295 con-

2007 1328 2155 1381 tinuo
2203 1331 2272 1382 ab
2317 1330 2461 1383 omni
2509 1331 2830 1398 aegritudine
2872 1329 3223 1383 levarentur?
3266 1327 3375 1385 Sed
3423 1330 3585 1399 paulo

2005 1414 2166 1469 latius
2195 1418 2529 1471 excessimus
2572 1420 2638 1471 de
2685 1419 2898 1473 mundis
2931 1419 3070 1472 cibis
3114 1430 3174 1472 et
3203 1420 3586 1475 communibus

2005 1509 2361 1573 disserentes,
2392 1521 2449 1565 ut
2472 1510 2717 1580 Apostoli
2752 1528 2994 1576 sensum,
3031 1523 3295 1579 quantum
3323 1514 3584 1582 possibile

2005 1607 2109 1662 est,
2156 1600 2629 1655 consideraremus
2671 1602 2962 1656 excelsius.
3009 1603 3114 1657 Sed
3160 1618 3428 1658 memores
3458 1620 3585 1673 pro-

2005 1688 2194 1757 positae
2243 1691 2551 1756 brevitatis,
2605 1693 2658 1746 in
2706 1693 2789 1748 his
2839 1694 2966 1748 noni
3022 1693 3313 1750 voluminis
3360 1697 3587 1750 conclu-

320 1792 515 1865 gitatio
557 1806 688 1861 ergo
726 1801 812 1847 est
854 1801 909 1846 et
949 1808 1104 1847 mens
1144 1806 1251 1845 non
1298 1801 1446 1845 recte
1490 1790 1729 1843 sentiens
1781 1804 1901 1858 quae
1932 1768 1976 1826 Β
2005 1784 2157 1838 sione
2188 1785 2351 1848 facta,
2383 1786 2581 1841 decimi
2605 1786 2956 1857 ejusdemque
2986 1789 3161 1844 ultimi
3196 1792 3587 1860 aggrediamur

320 1880 513 1948 polluit
543 1881 840 1947 hominem,
869 1896 975 1936 non
997 1883 1242 1936 ciborum
1269 1881 1503 1951 qualitas
1522 1895 1686 1965 ,‘qua:
1714 1879 1901 1948 cujus-

319 1986 539 2040 cunque
571 1972 716 2027 modi
747 1971 927 2038 fuerit,
954 1971 1072 2041 pari
1099 1971 1401 2040 eodemque
1424 1970 1572 2024 exitu
1599 1985 1754 2024 usum
1779 1983 1903 2025 cor-

2008 1878 2292 1933 exordium
2321 1876 2453 1949 (57),

1454 2289 1807 2377 LIBER
1879 2287 2447 2381 DECIMUS.

387 2619 550 2691 667
619 2620 668 2672 1.
732 2615 857 2670 Non
906 2614 1289 2685 blasphemetur
1352 2630 1476 2684 ergo
1529 2616 1725 2669 bonum
1781 2632 1881 2669 no-

317 2722 487 2765 strum
504 2711 637 2780 (58).
668 2708 793 2761 Non
808 2708 945 2760 enim
960 2723 1176 2776 regnum
1196 2706 1292 2758 Dei
1310 2718 1382 2759 est
1397 2722 1515 2760 esca
1539 2718 1586 2760 et
1602 2719 1778 2773 potus,
1801 2709 1892 2761 sed

313 2803 556 2873 jnstitia,
571 2812 619 2856 et
635 2817 763 2871 pax,
781 2812 830 2854 et
843 2802 1092 2870 gaudium
1113 2800 1168 2853 in
1186 2800 1396 2869 Spiritu
1410 2813 1615 2856 sancto.
1642 2802 1786 2858 Nam
1802 2804 1893 2873 qui

317 2895 375 2946 in
392 2893 489 2947 hoc
508 2894 661 2946 servit
682 2890 916 2956 Christo,
940 2890 1108 2959 placet
1140 2888 1270 2953 Deo,
1296 2898 1345 2945 et
1360 2897 1610 2958 probatus
1623 2904 1701 2947 est
1722 2895 1898 2949 homi-

319 2986 472 3038 nibus
499 2985 544 3016 ³⁸
585 2982 716 3055 (59).
751 2982 991 3051 Requiro
1022 2981 1296 3052 quomodo
1324 2981 1690 3049 blasphemari
1728 2987 1900 3054 possit

2000 2620 2092 2689 qui
2136 2619 2308 2674 suillis
2338 2629 2591 2674 vescatur
2631 2618 2921 2688 carnibus,
2959 2622 3042 2678 vel
3097 2621 3219 2680 aliis
3263 2625 3574 2696 hujusmodi

2001 2712 2380 2767 communibus
2423 2722 2480 2767 et
2522 2712 2956 2770 inditl‘erentibus
2998 2718 3157 2772 cibis.
3204 2719 3367 2773 Addit
3398 2731 3578 2777 autem

2002 2803 2126 2859 bis:
2163 2802 2287 2857 Non
2320 2805 2455 2858 enim
2480 2821 2695 2873 regnum
2728 2805 2823 2860 Dei
2847 2824 2962 2860 esca
2993 2818 3041 2861 et
3070 2816 3226 2876 potus
3249 2820 3346 2876 est,
3375 2817 3465 2865 sed
3482 2816 3580 2882 ju-

2002 2895 2171 2958 stitia,
2202 2904 2249 2947 et
2284 2911 2410 2962 pax,
2441 2905 2486 2947 et
2509 2897 2764 2964 gaudium
2801 2898 2855 2949 in
2898 2896 3101 2966 Spiritu
3138 2913 3342 2956 sancto.
3382 2902 3438 2956 In
3470 2919 3581 2974 quo

2004 2985 2201 3039 iterum
2235 2985 2584 3040 vehementer
2622 2987 2864 3041 admiror
2897 2991 3221 3057 sapientiam
3264 2994 3453 3060 Pauli,
3485 2997 3579 3066 qui

319 3078 520 3131 bonum
548 3086 792 3130 nostrum
810 3075 946 3144 (40).
971 3074 1181 3127 Bonum
1210 3084 1296 3129 est
1330 3074 1502 3142 legem
1529 3078 1894 3145 spiritualiter
1922 3067 1965 3123 C
1998 3077 2280 3145 praesentis
2309 3079 2574 3146 temporis
2601 3079 2793 3147 culpas
2820 3078 2986 3135 futuri
3021 3087 3349 3139 sacramenti
3392 3099 3579 3143 aucto-

321 3168 647 3236 intelligere,
671 3176 727 3220 et
751 3166 912 3234 impia
942 3175 1105 3234 atque
1137 3167 1320 3236 inepta
1345 3168 1726 3224 luereticorum
1749 3211 1764 3235 ,
1805 3172 1893 3227 vel

317 3259 467 3314 falsa:
485 3257 835 3327 philosophiae
868 3256 1196 3310 studentium
1226 3257 1479 3327 dogmata
1507 3268 1761 3327 tanquam
1796 3260 1899 3313 im—

322 3352 554 3405 mundos
568 3351 721 3404 cibos
750 3349 1088 3419 pollutosque
1111 3350 1302 3404 vitare.
1334 3349 1449 3404 Hoc
1475 3350 1621 3404 enim
1650 3360 1735 3406 est
1756 3352 1899 3419 quod

321 3444 590 3510 spirituali
618 3443 736 3512 lege
762 3443 1025 3497 sancitur.
1052 3441 1256 3496 Tamen
1307 3442 1351 3496 si
1386 3442 1508 3509 quis
1538 3458 1603 3497 ex
1661 3441 1858 3496 Judaais
1878 3479 1896 3508 ,

322 3534 471 3590 verbi
495 3550 683 3601 causa,
706 3544 874 3588 autex
894 3534 978 3588 his
990 3535 1081 3602 qui
1097 3534 1385 3588 Encratitae
1400 3533 1743 3603 appellantur
1761 3533 1895 3604 (Η),

319 3629 452 3683 velit
478 3628 697 3683 Christo
718 3627 961 3692 credere,
986 3634 1135 3694 putet
1168 3634 1346 3680 tamen
1376 3640 1482 3680 non
1503 3640 1697 3694 parum
1716 3625 1897 3680 inesse

321 3725 584 3776 momenti
611 3720 663 3774 in
685 3720 1030 3774 observantia
1049 3719 1418 3783 continentia',
1434 3718 1519 3772 vel
1541 3733 1728 3772 eorum
1746 3718 1896 3773 cibo-

320 3829 435 3867 rum
451 3812 544 3882 qui
570 3813 687 3883 lege
711 3814 1086 3883 prohibentur,
1115 3812 1350 3881 velquos
1372 3811 1524 3879 quasi
1542 3810 1777 3865 castitati
1801 3810 1897 3864 ad-

321 3907 889 3960 versantesaastimant
921 3904 1345 3961 nonnullietiam
1376 3902 1895 3971 Scripturarumau-

318 3996 568 4053 ctoritate
588 3997 971 4052 declinandos:
1008 3996 1311 4066 hujusmodi
1338 3996 1608 4049 hominem
1636 3996 1679 4049 si
1705 4010 1896 4063 perur-

270 4155 279 4163 .
319 4104 446 4157 geas
460 4089 523 4143 ad
536 4104 857 4144 communes
874 4090 1112 4145 omnium
1132 4088 1301 4153 cibos,
1322 4103 1419 4142 nec
1437 4088 1585 4143 dicas
1597 4102 1720 4141 eum
1737 4088 1894 4141 aliter

320 4166 479 4251 posse
506 4181 738 4247 salvari,
767 4181 849 4234 vel
877 4181 943 4233 ad
971 4182 1127 4234 fidem
1158 4180 1362 4235 Christi
1404 4190 1460 4234 et
1497 4180 1729 4251 gratiam
1773 4196 1895 4249 per-

318 4273 530 4336 venire,
569 4272 671 4327 nisi
719 4273 951 4341 sumpt’is
993 4273 1078 4325 his
1118 4286 1257 4339 quos
1307 4272 1503 4340 refugit
1550 4272 1718 4335 cibis,
1767 4279 1893 4325 tunc

315 4379 447 4418 vere
488 4365 690 4418 bouum
738 4363 999 4434 spiritalis
1045 4361 1330 4416 sententiae
1386 4362 1502 4430 (42)
1550 4361 1891 4431 blasphema-

317 4464 425 4520 tur,
458 4465 683 4524 putaule
719 4469 786 4509 eo
809 4470 971 4525 quem
1004 4469 1263 4523 perurges
1288 4453 1432 4506 hanc
1469 4453 1615 4521 apud
1657 4466 1757 4507 nos
1793 4453 1888 4506 ha-

2003 3166 2163 3220 ritate
2189 3169 2505 3235 compescit,
2553 3178 2608 3222 et
2656 3179 2717 3222 ut
2768 3171 3026 3227 Ecclesiae
3062 3174 3290 3229 formam
3338 3187 3578 3245 Statuat,

2006 3258 2154 3328 regni
2198 3258 2463 3313 caelorum
2513 3261 2831 3329 mysterium
2879 3266 3082 3331 prodit.
3113 3266 3199 3320 Ait
3228 3283 3358 3336 ergo
3389 3288 3403 3323 :
3437 3269 3578 3336 Quid

2000 3362 2137 3416 opus
2161 3358 2240 3402 est
2271 3358 2555 3417 tantopere
2586 3366 2683 3419 pro
2709 3353 2848 3407 cibis
2876 3361 2929 3406 et
2961 3368 3206 3407 escarum
3227 3356 3580 3422 qualitatibus

2000 3439 2297 3494 fraternam
2313 3456 2498 3510 pacem
2516 3443 2945 3512 cltaritatemque
2962 3452 3015 3498 tu
3026 3445 3332 3509 rbare,cum
3350 3463 3575 3517 regnum

2000 3532 2094 3586 Dei
2119 3542 2341 3602 propter
2369 3536 2514 3602 quod
2545 3535 2854 3589 laboramus
2881 3545 2936 3590 et
2963 3539 3253 3603 currimus,
3280 3555 3452 3609 neque
3482 3556 3579 3608 per

1998 3640 2151 3680 escas
2172 3635 2404 3688 constet,
2436 3640 2614 3693 neque
2637 3642 2731 3695 per
2753 3637 2937 3695 potum
2970 3646 2983 3680 :
3007 3629 3098 3682 sed
3123 3629 3301 3683 aliena
3329 3630 3444 3684 hinc
3466 3633 3578 3686 sint

1998 3730 2029 3767 a
2057 3729 2224 3783 regno
2262 3714 2354 3769 Dei
2383 3715 2493 3787 (45)
2516 3755 2531 3777 ,
2567 3724 2622 3770 et
2655 3717 2724 3770 ab
2767 3716 2854 3769 illa
2895 3719 3313 3773 conversatione
3346 3718 3525 3774 futura
3551 3720 3578 3774 ἲ

1996 3806 2071 3861 lbi
2104 3809 2248 3862 enim
2292 3808 2435 3862 sicut
2466 3825 2630 3876 neque
2675 3808 2902 3872 nubunt,
2932 3825 3097 3877 neque
3140 3811 3438 3876 nubuntur,
3482 3813 3574 3865 sed

1995 3908 2120 3952 sunt
2141 3901 2277 3952 sicut
2306 3900 2480 3969 angeli
2512 3900 2606 3954 Dei
2638 3902 2703 3964 ’7;
2737 3902 2815 3955 sic
2850 3918 3025 3970 neque
3062 3920 3243 3958 escam
3276 3920 3452 3974 neque
3484 3921 3577 3973 po-

1998 4000 2109 4042 tum
2151 4000 2394 4054 sumunt,
2428 3991 2521 4045 sed
2550 4002 2675 4047 sunt
2703 3994 2847 4048 sicut
2875 3995 3049 4065 angeli
3081 3995 3197 4049 Dei.
3224 3995 3394 4064 Igitur
3417 3996 3577 4050 abso-

1996 4082 2274 4137 lutissimo
2306 4083 2558 4152 dogmate
2592 4094 2646 4139 et
2678 4087 2914 4141 evidenti
2958 4087 3029 4140 ab
3058 4087 3319 4154 Apostolo
3349 4100 3573 4143 senten-

1996 4176 2069 4229 tia
2105 4174 2217 4246 (41)
2263 4178 2609 4230 terminatum
2642 4186 2726 4231 est
2768 4179 2819 4231 in
2861 4193 3027 4248 regno
3064 4178 3158 4233 Dei
3198 4194 3373 4247 neque
3414 4194 3572 4236 escas

1994 4267 2306 4336 corporales
2332 4283 2507 4337 neque
2525 4279 2709 4336 potum
2729 4270 2936 4325 habere
2956 4270 3157 4334 locum,
3185 4272 3277 4324 sed
3300 4272 3569 4338 justitiam

1991 4369 2047 4413 et
2076 4375 2264 4429 pacem
2294 4361 2346 4413 in
2378 4358 2586 4429 Spiritu
2620 4372 2845 4424 sancto;
2892 4373 2945 4416 et
2984 4362 3107 4416 ideo
3147 4362 3398 4416 hortatur
3424 4374 3482 4417 ut
3513 4362 3569 4417 in

1993 4454 2099 4509 illis
2146 4470 2244 4509 nos
2271 4468 2664 4519 exerceamus,
2707 4463 2763 4508 et
2790 4454 2879 4507 illa
2922 4453 3061 4508 bona
3084 4452 3210 4522 jam
3244 4454 3333 4506 hic
3368 4451 3570 4506 habere

314 4549 431 4601 beri
456 4548 637 4615 ﬁdem,
675 4558 735 4601 ut
772 4547 980 4601 salvum
1028 4546 1143 4600 ﬁeri
1190 4546 1395 4600 nullout
1436 4546 1748 4610 credamus,
1780 4535 1968 4624 nisiD
1993 4542 2336 4608 meditemur,
2371 4555 2530 4613 atque
2552 4544 2699 4598 illam
2729 4544 3090 4598 substantiam
3126 4544 3424 4612 possidere,
3450 4556 3599 4611 quire

353 4642 400 4674 ’ί
428 4642 449 4696 ἰ
478 4642 619 4697 Tim.
655 4659 731 4706 tv,
769 4643 823 4703 5,
854 4643 910 4696 4.

313 4714 499 4769 ili-18.
592 4714 636 4746 ³⁷
672 4714 864 4768 Matth.
911 4715 1152 4777 xxu,’50.

384 4806 497 4876 (55)
531 4806 647 4860 Dei.
682 4806 1032 4859 Desideratur
1056 4807 1106 4858 iu
1140 4815 1296 4858 antea
1320 4804 1500 4857 editis.

385 4873 499 4947 (54)
532 4876 774 4947 Edoceri.
809 4876 1093 4930 Omittitur
1118 4878 1169 4930 in
1196 4875 1397 4947 _editis,
1426 4884 1479 4927 et
1514 4873 1877 4947 inplerisque

315 4943 599 5007 mss.,'sed
630 4947 941 4999 restituitur
973 4961 1039 4998 ex
1076 4943 1364 5013 ms.Regio
1399 4960 1547 4999 nunt.
1575 4944 1733 4999 1659.

383 5017 497 5085 (55)
532 5017 694 5077 Editi,
734 5016 1099 5084 coinquinant.
1136 5018 1293 5069 male.

347 5146 351 5151 ,
382 5084 495 5157 (56)
525 5086 862 5154 Corporibus.
888 5086 946 5139 In
978 5098 1134 5157 antea
1165 5085 1325 5137 editis
1352 5084 1808 5157 prietermittitur.

381 5155 494 5228 (57)
520 5158 684 5220 Editi,
721 5155 1170 5228 decimiejusdem
1200 5155 1881 5223 aggrediamurexordium.

312 5225 419 5283 Sed
449 5225 639 5280 Omnes
671 5240 800 5280 mss.
833 5235 891 5279 ut
922 5226 973 5278 in
1010 5236 1197 5278 nostro
1226 5235 1395 5279 textu.

383 5296 496 5367 (38)
528 5296 695 5367 Editi,
729 5296 923 5348 bonum
958 5311 1165 5367 nomen.

384 5361 496 5440 (59)
535 5365 676 5420 Nam
708 5367 797 5440 qui
825 5369 893 5440 in
907 5366 1010 5440 _Itoc
1036 5366 1189 5440 servit
1214 5361 1448 5440 Christo,
1473 5363 1643 5432 placet
1669 5362 1800 5426 Deo,
1828 5371 1876 5417 et

312 5433 562 5505 probatus
595 5448 668 5490 est
696 5433 1014 5493 nominibus.
1051 5434 1177 5489 Haec
1222 5436 1275 5489 in
1320 5433 1484 5505 editis
1523 5449 1630 5488 non
1655 5448 1874 5503 compat

312 5503 465 5572 rent;
500 5518 555 5562 et
578 5509 939 5561 restituuntur
966 5524 1032 5562 ex
1060 5522 1190 5561 mss.
1223 5503 1450 5560 nostris.

382 5579 493 5650 (40)
525 5578 687 5650 Editi,
726 5578 917 5650 bonum
949 5587 1189 5631 nostrum
1204 5592 1415 5650 nomen.

380 5644 495 5720 (41)
531 5649 670 5702 Editi
704 5648 1000 5720 plerique,‘
1024 5662 1197 5700 tamen
1225 5647 1424 5720 si__qu_is
1452 5645 1708 5720 Iudaeus,
1734 5644 1879 5720 uerbi

310 5714 493 5785 causa,
522 5731 612 5771 aut
643 5714 808 5771 exibis
839 5719 926 5782 qui
963 5716 1234 5772 Seueriani
1269 5714 1581 5784 Tatianique
1606 5715 1880 5779 appellan-

311 5804 417 5860 tur,
447 5804 555 5848 εις.
588 5790 698 5846 Sed
732 5804 924 5845 omnes
960 5806 1094 5845 mss.
1135 5799 1190 5843 et
1224 5788 1482 5843 llabanus
1508 5795 1567 5840 ut
1595 5787 1650 5841 iu
1687 5794 1876 5842 nostro
1969 5854 1977 5863 .

992 4643 1080 4695 ¹⁸1
1114 4642 1254 4696 Tim.
1290 4656 1345 4700 ll.
1377 4639 1430 4695 8.
1505 4639 1554 4673 "
1574 4639 1763 4695 Matth.
1798 4658 1898 4705 xv,

2018 4643 2106 4696 19.
2180 4639 2228 4672 ’⁸
2255 4640 2377 4697 Act.
2416 4640 2648 4707 11x,12.
2722 4639 2771 4672 ⁸⁸
2806 4640 2930 4696 Act.
2962 4654 3014 4705 v,
3040 4638 3130 4696 15.
3195 4638 3242 4669 ³⁸
3264 4637 3419 4693 Rom.
3453 4651 3569 4701 xnv,

1982 4813 2155 4860 textu.

2055 4875 2169 4945 (42)
2205 4874 2282 4928 lta
2329 4889 2463 4929 mss.
2499 4873 2746 4945 plerique
2788 4883 2845 4929 et
2882 4872 3039 4927 editi.
3073 4871 3173 4945 Ms.
3204 4886 3334 4926 vero
3365 4871 3568 4941 Regius

2055 4891 2169 4945 tu)
2205 4891 2282 4928 tta
2329 4891 2463 4929 mss.
2499 4891 2746 4997 piertiﬁte
2788 4891 2845 4929 et
2882 4891 3039 4927 eam.
3073 4891 3173 4928 MS.
3204 4891 3334 4926 vero
3365 4891 3567 4941 negtiis

1987 4960 2144 4999 num.
2173 4946 2331 5010 1659,
2365 4946 2617 4999 scientiae.
2713 4946 2958 5001 ahanus.
3005 4943 3231 5012 gratim;
3274 4944 3365 5012 qui
3405 4945 3567 5012 paulo

1989 5025 2116 5084 post
2145 5017 2330 5078 habet,
2364 5015 2523 5069 suilla
2550 5025 2790 5068 vescatur
2822 5028 2999 5066 carne.

2065 5086 2180 5152 (43)
2210 5087 2375 5151 Editi,
2414 5086 2505 5138 sed
2544 5085 2722 5138 aliena
2771 5085 2882 5138 haec
2906 5091 3027 5135 sunt
3050 5098 3081 5132 a
3107 5096 3265 5151 regno
3296 5082 3416 5150 Dei,
3456 5092 3564 5137 etc.
3592 5115 3596 5120 ε

1993 5153 2375 5212 Deindeiidem
2397 5155 2556 5219 editi,
2587 5153 2842 5208 Rabanus
2869 5161 2926 5207 et
2948 5154 3367 5222 mss.plerique,
3404 5169 3567 5220 neque

1992 5227 2204 5283 nubent.
2252 5241 2418 5295 neque
2471 5227 2825 5295 nubentum...
2873 5237 3055 5295 neque
3083 5238 3267 5295 parum
3315 5234 3593 5284 sument,,

1987 5306 2094 5349 etc.
2123 5297 2231 5352 Sed
2260 5292 2465 5351 rectius
2495 5308 2599 5349 ms.
2622 5293 2828 5364 Regius
2857 5307 3008 5346 num.
3041 5292 3178 5346 1659
3210 5304 3267 5347 ut
3291 5295 3344 5347 in
3377 5307 3565 5346 nostro

1987 5374 2071 5420 lex
2081 5377 2133 5419 tu
2142 5404 2156 5419 ο

2059 5435 2170 5506 (Η)
2212 5435 2306 5491 Sic
2348 5445 2500 5489 recte
2532 5432 2878 5506 ms.illegius
2925 5447 3072 5506 num.
3106 5430 3246 5506 1659
3280 5443 3337 5506 et
3379 5432 3562 5506 Rabaf

1985 5502 2108 5560 nus.
2153 5502 2238 5559 'lta
2278 5506 2443 5560 etiam
2483 5505 2664 5559 caeteri
2711 5502 2844 5557 mss.
2889 5502 2992 5555 nisi
3030 5505 3175 5569 quod
3208 5503 3465 5565 habeant,
3495 5504 3564 5555 ab

1986 5576 2225 5644 Apostoli
2253 5575 2534 5631 sententia.
2569 5575 2712 5629 Editi
2752 5586 2883 5626 vero
2905 5572 3135 5644 ,Aigitur
3167 5573 3561 5644 absolutissima

1983 5642 2285 5700 etevidenti
2326 5647 2572 5706 dogmate
2612 5645 2676 5700 ab
2716 5642 2955 5698 Auestoli
2997 5643 3350 5699 θεωρίαι...
3395 5656 3562 5713 neque

1983 5733 2129 5772 escas
2157 5716 2423 5771 carnales.
