4150 6444
564 299 695 354 1251

2071 294 2393 352 ORIGENIS

3712 302 3852 358 135‘)

567 416 851 470 nobiseum
883 412 1120 468 transire
1164 414 1339 484 possit
1374 414 1489 485 (45)
1534 414 1600 469 ad
1648 428 1815 485 regna
1859 416 2146 472 etnlorum.
2182 422 2227 477 Α
2255 425 2311 469 et
2333 416 2420 469 hic
2444 415 2680 485 qualiter
2719 430 2820 485 pax
2852 418 3112 472 sectanda
3143 417 3217 472 sit
3265 417 3673 488 intelligamus,
3709 422 3841 487 quia

562 506 675 562 Pax
707 522 862 574 ergo,
884 516 939 560 et
959 505 1273 573 justitia,et
1300 508 1345 561 si
1370 521 1477 576 qua
1509 507 1817 577 hujusmodi
1850 518 2000 575 sunt,
2029 524 2151 578 quae

563 616 661 670 per
709 599 978 668 Spiritum
1024 608 1280 654 sanctum
1331 600 1753 669 conquiruntur,
1812 600 1925 669 ipsa
1991 602 2150 656 nobis

562 705 723 751 erunt
766 694 921 748 cibus
964 700 1021 749 et
1073 691 1376 746 substantia
1425 694 1478 747 in
1527 709 1702 764 regno
1746 695 1838 749 Dei
1875 712 1888 748 :
1923 702 1977 750 et
2028 696 2152 751 ideo

566 803 667 856 per
698 788 814 842 hzee
849 787 1003 841 docet
1048 801 1156 839 non
1199 799 1449 839 escarum
1490 787 1855 856 corporalium
1885 788 2146 851 rationes,

563 896 686 950 quae
721 881 878 935 nulla;
904 888 1066 935 erunt
1089 880 1141 932 in
1166 879 1369 943 futuro,
1395 880 1491 934 sed
1531 880 1795 933 virtutum
1828 896 2014 935 curam
2056 897 2151 951 ge-

563 974 813 1037 rendam,
848 989 967 1043 qute
1010 973 1292 1027 nobiscum
1335 982 1392 1027 et
1425 973 1480 1027 in
1513 974 1766 1041 praesenti
1807 973 1916 1027 vita
1941 1015 1956 1038 ,
1995 984 2050 1029 et
2091 974 2147 1029 in

564 1063 748 1117 futuro
774 1070 1130 1131 permaneant
1156 1061 1210 1113 in
1245 1075 1415 1126 regno
1449 1058 1564 1114 Dei.
1590 1059 1658 1114 Et
1688 1059 1809 1113 ideo
1847 1059 2003 1122 dicit,
2021 1060 2148 1129 quia

561 1157 654 1227 qui
702 1158 756 1210 in
803 1158 898 1210 hoc
936 1157 1096 1210 servit
1135 1154 1370 1219 Christo,
1421 1157 1592 1225 placet
1642 1156 1773 1222 Deo,
1815 1170 1867 1211 et
1893 1158 2148 1226 probatus

560 1261 637 1305 est
675 1250 787 1317 (t6)
821 1249 1119 1303 hominibus
1145 1248 1212 1304 ’⁸.
1253 1248 1365 1303 lloe
1400 1259 1483 1304 est
1519 1248 1662 1318 quod
1698 1258 1753 1303 et
1781 1252 1848 1305 de
1883 1250 2062 1318 seipso
2093 1252 2148 1305 in

563 1345 685 1398 aliis
717 1342 851 1397 dicit
886 1359 898 1394 :
936 1339 1088 1396 Sicut
1118 1351 1166 1394 et
1196 1356 1313 1409 ego,
1347 1341 1521 1409 inquit
1546 1384 1561 1405 ,
1590 1343 1831 1396 omnibus
1855 1359 1947 1411 per
1969 1345 2148 1397 omnia

562 1435 767 1502 placeo,
816 1448 921 1485 non
961 1447 1201 1499 qumrens
1241 1431 1380 1497 quod
1422 1431 1549 1484 mihi
1589 1432 1719 1487 utile
1747 1434 1849 1495 sit,
1883 1436 1971 1486 sed
2007 1438 2147 1499 quod

562 1523 745 1577 multis
770 1524 837 1576 ’9.
865 1521 989 1575 Ideo
1019 1521 1162 1575 enim
1198 1530 1252 1574 et
1276 1535 1398 1573 curn
1432 1532 1578 1576 esset
1610 1524 1887 1592 apostolus
1917 1525 2146 1590 Christi,

566 1617 725 1669 liebat
751 1614 956 1669 ludatis
983 1612 1234 1677 Iudaeus,
1266 1614 1383 1669 sine
1416 1615 1580 1669 dubio
1607 1626 1666 1669 ut
1700 1617 1921 1686 placens
1946 1615 2148 1671 Judaris

564 1707 797 1762 salvaret
829 1722 923 1761 eos
955 1723 969 1759 :
998 1717 1053 1759 et
1077 1707 1161 1760 his
1187 1708 1277 1776 qui
1302 1709 1420 1762 sine
1442 1709 1559 1781 lege
1586 1721 1741 1762 erant
1778 1709 1939 1764 ﬁebat
1959 1720 2014 1764 et
2038 1711 2147 1779 ipse

2252 517 2304 562 et
2337 507 2504 562 David
2529 507 2785 562 similiter
2814 509 2947 563 dicit
2972 509 3056 564 “z
3087 510 3305 579 lnquire
3333 527 3538 579 pacem,
3567 520 3617 565 et
3643 522 3850 570 sectare

2252 616 2392 653 eam.
2433 598 2588 654 Licet
2627 600 2681 654 in
2724 599 2934 654 Latinis
2978 601 3257 656 codicibus
3291 602 3580 666 habeatur,
3628 621 3849 674 sequere

2250 706 2388 754 eam,
2413 699 2616 745 sectare
2645 701 2829 745 tamen
2858 691 3025 745 etiam
3071 692 3145 747 ibi
3180 693 3442 762 scriptum
3474 702 3580 748 est.
3626 694 3685 747 In
3733 711 3848 764 quo

2252 782 2357 835 hoc
2381 782 2512 835 mihi
2548 783 2765 838 videtur
2793 785 3006 840 ostendi
3044 802 3056 836 :
3091 786 3351 854 quoniam
3382 786 3601 854 quidem
3636 802 3667 840 a
3699 788 3843 840 mul-

2253 870 2342 931 tis.
2394 869 2590 937 inquit,
2630 873 2872 944 inquiete
2926 885 2982 929 et
3021 875 3323 929 insolenter
3377 877 3665 946 agentibus
3724 888 3844 932 tur-

2250 961 2376 1015 bata
2418 971 2501 1016 est
2555 963 2670 1034 (52)
2720 980 2875 1034 pax,
2929 976 2984 1020 et
3027 965 3262 1036 eﬂ'ugata
3310 968 3456 1021 velut
3512 970 3845 1037 subterfugit

2251 1051 2321 1107 ab
2379 1054 2725 1122 hominibus;
2789 1056 3103 1131 econtrario
3152 1058 3221 1111 ab
3271 1056 3355 1112 his
3414 1058 3505 1127 qui
3562 1060 3841 1113 Christum

2251 1143 2566 1201 didicerunt
2616 1160 2673 1201 et
2717 1147 2817 1216 ipsi
2870 1148 3139 1211 serviunt,
3196 1148 3361 1202 etiam
3422 1149 3662 1220 fugitans
3717 1167 3844 1206 con-

2248 1239 2504 1293 sectanda
2536 1250 2640 1304 est,
2669 1249 2724 1294 et
2753 1240 2927 1293 modis
2949 1240 3204 1294 omnibus
3222 1242 3545 1297 revocanda.
3580 1242 3841 1298 Sectatur

2249 1338 2432 1385 autem
2465 1347 2692 1401 pacem,
2725 1335 2815 1402 qui
2852 1349 2915 1390 ea
2950 1334 3149 1405 quibus
3183 1351 3288 1404 pax
3335 1345 3593 1389 constare
3635 1348 3837 1406 potest.

2248 1422 2414 1477 etiam
2446 1439 2568 1479 cum
2595 1424 2786 1481 labore
2820 1442 2941 1491 suo,
2972 1442 3097 1482 cum
3127 1428 3347 1492 damno,
3384 1443 3506 1483 cum
3541 1431 3837 1500 Opprobrto

2248 1526 2504 1582 quoque,
2539 1523 2596 1568 et
2630 1516 2677 1570 si
2712 1517 2784 1569 ita
2820 1531 3049 1573 necesse
3082 1518 3187 1582 sit,
3222 1520 3388 1574 etiam
3432 1535 3559 1575 cum
3592 1522 3838 1591 periculo

2248 1609 2375 1662 vita:
2402 1608 2669 1678 famaeque
2690 1612 2945 1665 custodit.
2970 1611 3096 1668 ﬂare
3119 1616 3262 1669 enim
3291 1630 3397 1669 non
3422 1614 3597 1668 solum
3623 1630 3837 1681 pacem,

2248 1708 2436 1748 verum
2483 1705 2537 1748 et
2577 1697 2994 1754 aediﬁcationem
3037 1701 3103 1755 ad
3148 1703 3384 1758 invicem
3433 1715 3655 1758 servant
3695 1706 3835 1778 (55).

562 1802 680 1852 sine
711 1799 847 1868 lege,
873 1809 930 1852 ut
963 1798 1185 1868 placens
1215 1798 1385 1870 668
1412 1800 1490 1853 eis
1516 1799 1694 1854 salvos
1725 1800 1932 1855 faceret
1956 1815 2049 1855 eos
2077 1801 2143 1857 ³⁰.

2251 1783 2582 1842 ΛΕόἱῆειιιιιι·
2616 1790 2764 1843 enim
2792 1790 2837 1844 is
2865 1792 2956 1860 qui
2991 1793 3189 1846 viderit
3219 1806 3272 1849 te
3301 1811 3406 1849 non
3437 1811 3556 1863 qua
3588 1797 3682 1851 tibi
3704 1771 3836 1863 soli,

562 1892 788 1948 Placere
818 1903 998 1947 autem
1047 1905 1107 1944 se
1141 1891 1456 1946 hominibus
1507 1892 1581 1946 ita
1625 1892 1789 1953 dicit,
1843 1909 1946 1947 non
1985 1895 2148 1947 obse-

565 1983 852 2039 cundando
880 1984 1049 2048 vitiis,
1087 1985 1182 2040 sed
1211 1984 1322 2056 (47)
1355 1983 1701 2037 inﬁrmitates
1724 1998 1910 2036 eorum
1941 1998 2037 2051 per
2056 1999 2149 2052 pa-

567 2076 807 2129 tientiam
856 2078 1228 2132 sustentando.
1291 2076 1399 2131 Sed
1446 2090 1513 2130 ne
1549 2075 1677 2129 illud
1719 2075 1938 2142 quidem
1971 2075 2148 2129 otiose

559 2174 948 2231 prtetereamus
998 2166 1139 2234 quod
1176 2168 1252 2220 ait
1283 2185 1297 2221 :
1330 2166 1473 2220 Nam
1507 2165 1598 2237 qui
1645 2165 1700 2218 in
1737 2165 1856 2224 hoc,
1897 2165 2000 2217 hoc
2038 2172 2144 2230 est,

559 2253 612 2305 in
642 2253 847 2321 Spiritu
875 2266 1091 2318 sancta,
1128 2259 1286 2311 seruit
1313 2256 1546 2315 Christo,
1579 2255 1747 2322 placet
1782 2254 1912 2316 Deo,
1938 2264 1987 2307 et
2019 2271 2144 2323 pro-

559 2345 713 2398 batus
748 2356 822 2399 est
852 2347 1153 2401 hominibus
1184 2348 1326 2416 (48).
1357 2346 1412 2401 in
1452 2346 1661 2415 Spiritu
1700 2352 1892 2399 sancto
1918 2344 2146 2400 Christo

556 2437 768 2492 servire
810 2437 1108 2491 seemidum
1158 2438 1262 2493 hoc
1307 2438 1442 2493 dicit
1491 2440 1636 2508 quod
1676 2448 1731 2494 et
1776 2438 1902 2492 alibi
1943 2438 2020 2491 ait
2054 2437 2143 2489 ³¹τ

563 2528 734 2585 Nemo
776 2529 905 2583 dicit
950 2530 1236 2585 Dominum
1285 2530 1472 2584 Jesum
1507 2531 1642 2602 (49).
1684 2532 1788 2585 nisi
1831 2533 1887 2584 in
1942 2529 2147 2598 Spiritu

558 2632 761 2675 sancto.
794 2620 976 2675 Servit
1007 2636 1139 2691 ergo
1174 2622 1397 2676 Christo
1428 2623 1480 2674 in
1516 2621 1726 2690 Spiritu
1760 2623 1877 2690 ipse
1903 2621 2142 2686 Paulus,

559 2711 652 2779 qui
677 2722 901 2781 accepta
935 2713 1116 2781 gratia
1142 2713 1321 2767 sancti
1351 2712 1594 2781 Spiritus
1625 2713 1796 2766 servit
1827 2713 1993 2768 verbo
2026 2711 2144 2775 Dei,

558 2805 733 2858 servit
763 2805 1070 2872 sapientia).
1102 2805 1273 2857 servit
1300 2802 1561 2870 iustitiae,
1612 2812 1665 2858 et
1692 2805 1944 2858 omnibus
1983 2801 2145 2857 simul

559 2895 896 2959 virtutibus,
933 2909 1051 2963 qum
1079 2892 1341 2947 Christus
1381 2909 1500 2948 esse
1529 2903 1883 2948 memoratur.
1927 2893 1992 2948 Et
2022 2894 2145 2947 ideo

558 2986 776 3053 placere
813 2986 867 3040 in
918 2986 1002 3039 his
1051 2986 1253 3038 dicitur
1300 2984 1409 3039 Deo
1454 2985 1549 3052 qui
1588 2984 1775 3053 implet
1809 2984 2144 3039 voluntatem

559 3077 677 3142 Dei,
705 3079 1002 3133 secundum
1035 3078 1263 3131 verbum
1301 3079 1446 3146 quod
1483 3078 1598 3147 ipse
1627 3078 2018 3146 pronuntiavit,
2060 3080 2143 3134 di-

559 3184 694 3223 cens
726 3185 742 3225 ;
779 3167 884 3222 Hic
913 3179 986 3222 est
1013 3165 1187 3221 Filius
1217 3184 1364 3222 meus
1389 3167 1614 3221 dilectus
1639 3156 1693 3221 in
1717 3184 1822 3237 quo
1851 3169 1976 3222 bene
2002 3185 2117 3223 com

556 3262 735 3331 placui
768 3261 905 3333 (50),
941 3262 1112 3327 ipsum
1158 3260 1341 3314 audite
1367 3260 1433 3312 ’I.
1468 3259 1569 3326 Qui
1601 3274 1734 3330 ergo
1765 3261 1916 3314 audit
1950 3261 2141 3326 Deum,

556 3366 613 3409 et
651 3356 821 3410 servit
846 3353 1071 3409 Christo
1111 3354 1164 3409 in
1215 3368 1324 3423 quo
1371 3353 1700 3422 complacuit
1749 3353 1924 3421 Deus,
1968 3353 2146 3424 placet

558 3446 691 3513 Deo,
720 3458 774 3502 et
801 3448 1061 3517 probatus
1091 3457 1175 3503 est
1195 3447 1527 3503 hominibus.

575 3584 581 3590 .
629 3541 685 3595 2.
715 3540 907 3609 Itaque
926 3556 1046 3610 qum
1081 3541 1226 3608 pacis
1251 3550 1372 3594 sunt
1400 3548 1682 3601 sectemur,
1703 3546 1751 3591 et
1774 3553 1892 3605 qua)
1912 3537 2143 3606 aediﬁca-

559 3632 717 3686 tionis
757 3641 880 3686 sunt
920 3632 976 3684 in
1016 3630 1261 3684 invicem.
1315 3627 1499 3683 Nolite
1548 3638 1762 3696 propter
1807 3627 1979 3680 cibum
2025 3628 2141 3698 (51)

556 3723 755 3776 soluere
775 3737 906 3791 opus
937 3720 1031 3774 Dei
1060 3720 1127 3774 ³³.
1156 3720 1332 3788 Supra
1372 3719 1449 3751 ³³·
1478 3719 1617 3774 dixit
1654 3737 1666 3771 :
1714 3718 2141 3785 Hospitalitatem

556 3824 853 3878 sectantes;
884 3823 939 3869 et
964 3815 1053 3869 hic
1089 3813 1362 3877 similiter,
1391 3828 1510 3882 qua:
1564 3813 1708 3881 pacis
1765 3821 1910 3875 sunt,
1943 3811 2139 3881 inquit.

557 3918 836 3971 sectemur,
864 3915 913 3959 et
958 3922 1077 3971 autc
1107 3904 1477 3975 wdiﬁcationis
1515 3905 1573 3958 in
1609 3906 1827 3958 invicem
1856 3921 1875 3958 :
1916 3913 1971 3958 et
2002 3904 2143 3957 sicut

559 3998 631 4053 ibi
668 3998 1011 4054 ostendimus
1034 3997 1271 4068 qualiter
1295 3999 1552 4054 sectanda
1584 3996 1657 4052 sit
1688 3996 2046 4066 hospitalitas,
2069 3998 2141 4050 ita

626 4161 676 4194 ’⁸
720 4161 878 4216 Rom.
919 4175 1035 4225 xtv,
1088 4160 1176 4216 18.
1254 4161 1300 4192 ²⁹
1337 4157 1357 4212 1
1400 4156 1525 4212 Cor.
1586 4175 1646 4218 χ,
1691 4157 1782 4214 33.
1859 4156 2109 4211 “1Cor.
2137 4171 2192 4218 χ,
2217 4155 2309 4218 20.
2332 4157 2421 4213 21.

2251 1877 2346 1930 sed
2372 1888 2428 1931 et
2450 1893 2571 1947 qua:
2601 1879 2723 1935 aliis
2748 1882 3044 1949 expediunt
3070 1888 3472 1953 requirentem;
3504 1899 3559 1941 et
3604 1890 3684 1943 sic
3712 1905 3835 1945 cre-
3906 1874 3917 1885 ’

2250 1966 2358 2021 scit
2382 1967 2671 2023 aedilicium
2704 1971 2829 2025 ﬁdei
2873 1972 2984 2043 (54)
3008 2014 3023 2036 ,
3073 1990 3138 2030 ac
3178 1978 3437 2045 templum
3479 1979 3571 2034 Dei
3606 1995 3669 2036 ex
3703 1982 3839 2050 lapi-

2252 2057 2412 2114 dibus
2446 2061 2585 2115 vivis
2612 2077 2710 2131 per
2742 2067 3205 2122 constructionem
3235 2072 3526 2127 charitatis
3560 2076 3832 2145 assurgit;

2249 2161 2306 2204 et
2332 2150 2452 2206 ideo
2477 2152 2629 2205 addit
2660 2169 2673 2205 :
2703 2150 2885 2207 Nolite
2907 2165 3120 2225 propter
3136 2159 3308 2212 cibum
3338 2160 3539 2216 solvere
3563 2180 3693 2230 apus
3715 2164 3832 2218 Dei.

2252 2242 2426 2298 Solvit
2455 2245 2600 2299 enim
2639 2260 2774 2315 opus
2794 2246 2910 2309 Dei.
2941 2260 2994 2303 et
3011 2250 3299 2305 aadilicium
3331 2252 3564 2308 destruit
3592 2256 3838 2312 charita-

2250 2336 2339 2400 tis,
2371 2337 2462 2405 qui
2485 2346 2706 2407 propter
2726 2338 2973 2395 ciborum
3000 2342 3477 2413 intemperantiam
3506 2350 3829 2404 scandalum

2246 2430 2506 2484 fratribus
2531 2436 2702 2501 ponit.

2319 2524 2373 2577 5.
2414 2526 2609 2578 Umnia
2635 2526 2849 2596 quidem
2881 2528 3083 2581 munda
3105 2538 3251 2592 sunt,
3278 2529 3369 2583 sed
3396 2529 3593 2591 malum
3620 2542 3697 2584 est
3732 2530 3832 2586 ho-

2248 2615 2380 2669 mini
2411 2619 2501 2685 qui
2539 2634 2632 2687 per
2660 2619 3006 2687 offensionem
3033 2624 3345 2675 manducat.
3377 2621 3584 2676 Bonum
3613 2637 3689 2678 est
3726 2643 3832 2679 non

2247 2710 2573 2763 manducare
2614 2726 2851 2773 carnem,
2901 2721 2951 2765 et
2985 2729 3091 2766 non
3137 2715 3307 2767 bibere
3348 2716 3555 2778 uinum,
3588 2732 3748 2786 neque
3772 2734 3830 2770 tn

2246 2816 2349 2871 quo
2374 2799 2548 2869 frater
2573 2814 2691 2855 tuus
2725 2805 3016 2871 offenditur
3043 2809 3088 2839 ³³
3126 2807 3261 2879 (55).
3308 2808 3461 2874 Quod
3495 2809 3669 2875 dixit,
3701 2809 3833 2864 0m—

2249 2891 2339 2942 κὶα
2377 2892 2595 2961 quidem
2639 2898 2862 2959 munda,
2904 2899 2997 2951 sed
3040 2899 3238 2953 malum
3269 2911 3345 2953 est
3384 2899 3586 2953 homini
3623 2903 3710 2970 qui
3742 2917 3835 2966 per

2247 2981 2588 3050 o/fensionem
2632 2986 2947 3051 manducat,
2971 2987 3149 3043 simile
3187 2999 3270 3044 est
3303 2990 3379 3043 illi
3406 2991 3548 3059 quod
3576 2993 3833 3061 superius

2249 3076 2387 3130 dixit
2417 3076 2481 3140 ³⁸,
2514 3079 2642 3147 quia
2670 3078 2802 3130 nihil
2835 3095 3110 3134 commune
3138 3098 3230 3150 per
3252 3085 3504 3148 seipsum,
3538 3084 3641 3136 nisi
3674 3085 3722 3137 ei
3739 3084 3828 3153 qui

2246 3171 2513 3225 existimat
2533 3172 2660 3241 quid
2680 3188 2957 3226 commune
2977 3189 3111 3237 esse,
3136 3173 3220 3227 illi
3238 3191 3513 3230 commune
3535 3186 3634 3230 est.
3662 3174 3832 3246 Igitur

2248 3263 2547 3317 secundum
2585 3274 2836 3318 naturam
2890 3266 2973 3318 sui
2997 3274 3053 3318 et
3079 3268 3344 3321 rationem
3379 3277 3677 3333 creaturae,
3727 3283 3831 3337 quia

2250 3364 2445 3409 cuncta
2479 3370 2600 3423 qua:
2632 3366 2781 3421 sunt,
2817 3372 2845 3410 a
2882 3356 2994 3412 Deo
3029 3358 3169 3411 facta
3207 3368 3353 3422 sunt,
3403 3362 3585 3414 omnia
3634 3364 3833 3418 munda

2248 3455 2376 3499 sunt
2410 3444 2558 3515 (56);
2591 3455 2647 3500 et
2675 3447 3044 3513 immundum,
3077 3447 3161 3501 vel
3195 3447 3339 3516 quod
3366 3464 3656 3506 commune
3699 3452 3834 3507 dici-

2253 3542 2363 3597 tur,
2414 3534 2551 3588 nihil
2589 3543 2696 3589 est.
2734 3535 2881 3590 Duas
2924 3546 3104 3590 tamen
3135 3553 3332 3594 causas
3361 3543 3572 3609 posuit,
3625 3542 3826 3607 quibus

2249 3625 2331 3680 vel
2366 3641 2488 3696 qua:
2511 3628 2709 3681 munda
2745 3638 2900 3693 sunt,
2932 3629 3209 3685 immunda
3239 3630 3393 3698 ﬁant,
3433 3631 3519 3685 vel
3546 3646 3670 3701 quae
3694 3633 3833 3687 bona

2247 3729 2394 3784 sunt,
2441 3708 2604 3774 mala.
2653 3720 2746 3775 Ait
2786 3722 2931 3776 enim
2977 3722 3029 3775 in
3081 3723 3335 3791 praesenti
3386 3725 3608 3794 quidem
3666 3725 3830 3781 loco:

2249 3808 2352 3864 Sed
2381 3812 2664 3867 malumest
2691 3816 2891 3868 homini
2911 3817 3003 3885 qui
3024 3832 3115 3883 per
3137 3817 3482 3885 oﬂ'ensionem
3513 3819 3825 3875 manducet.

2249 3902 2403 3969 Quod
2433 3920 2566 3975 ergo
2598 3906 2687 3961 sui
2721 3916 2912 3961 natura
2934 3909 3140 3963 bonum
3171 3916 3277 3972 est,
3305 3923 3372 3963 ex
3395 3907 3695 3964 oﬂ'eusione
3716 3908 3826 3963 eili-

2251 3999 2393 4051 citur
2418 3997 2646 4064 malum,
2699 3998 2751 4054 id
2776 4012 2864 4056 est
2897 4001 2952 4054 in
2978 4016 3045 4055 eo
3069 4002 3220 4058 auod
3245 4000 3543 4057 olfcnditur
3576 4003 3748 4057 frater
3779 4014 3832 4056 te

2500 4159 2542 4191 ³³
2568 4158 2587 4214 1
2610 4157 2735 4213 Cor.
2773 4176 2871 4222 xu,
2897 4161 2952 4215 '5.
3029 4159 3073 4192 ³¹
3101 4160 3289 4214 Matth.
3321 4177 3404 4224 ιιι,
3434 4162 3541 4229 17;
3584 4162 3715 4217 Luc.
3749 4180 3827 4227 Ix,

553 4231 649 4290 ⁸55.
723 4232 769 4264 ³³
793 4232 949 4288 Rom.
984 4247 1094 4296 xiv,
1124 4231 1214 4297 19,
1250 4230 1341 4285 20.
1417 4229 1493 4259 ³⁸⁵
1519 4228 1678 4285 Rom.
1707 4246 1803 4292 χιι,
1832 4229 1919 4283 15.
1993 4228 2039 4259 ³⁸
2076 4227 2143 4281 Ps

2253 4243 2451 4296 χχχιιι,
2476 4230 2566 4284 15.
2643 4230 2687 4261 ³⁸
2716 4232 2872 4285 Rom.
2906 4247 3019 4298 xw,
3048 4231 3139 4297 20,
3170 4232 3263 4287 21.
3342 4235 3387 4265 ³⁸
3415 4227 3544 4287 ibid.
3579 4236 3664 4286 14.

632 4390 745 4463 (45)
779 4390 1239 4474 Editiz‘nobiscum
1262 4390 1546 4474 transferri
1574 4394 1762 4474 possit,
1787 4402 1895 4450 etc.
1930 4391 2141 4449 Deinde
2172 4416 2217 4473 ο
2251 4463 2262 4474 _
2319 4393 2434 4474 (51)
2472 4393 2615 4448 Editi
2643 4402 2704 4474 e_t_
2733 4374 3105 4474 R‘abanu's,l_et
3126 4410 3245 4463 qua:
3280 4393 3657 4474 tediﬁrationis
3703 4407 3827 4474 sunt

557 4460 725 4521 iidem
747 4464 903 4526 editi,
933 4460 1191 4516 Rabanus
1220 4473 1277 4515 et
1312 4460 1444 4516 mss.
1482 4463 1750 4532 plerique,
1785 4480 1967 4531 pacem
1983 4480 2132 4531 ergo.

557 4544 609 4590 et
635 4533 923 4603 justitiam,
954 4542 1062 4588 etc.
1082 4532 1189 4588 Sed
1213 4534 1419 4588 rectius
1448 4549 1550 4587 ms.
1586 4533 1790 4603 Regius
1820 4551 1972 4589 num.
1999 4533 2136 4588 1659

557 4615 621 4660 ut
647 4605 699 4659 in
737 4612 908 4657 textu.

630 4674 745 4746 (46)
776 4673 871 4726 Sic
902 4671 1035 4727 editi
1054 4682 1115 4746 et
1147 4687 1251 4727 ms.
1287 4671 1493 4741 Regius
1523 4688 1676 4729 num.
1722 4674 1896 4738 1639,
1934 4674 1987 4728 in
2023 4674 2135 4746 sin-

557 4744 734 4814 gulari
768 4759 1017 4815 numero.
1050 4744 1176 4797 Mss.
1206 4759 1336 4798 vero
1368 4745 1631 4813 plerique,
1672 4746 1800 4812 quia
1828 4746 1915 4815 qui
1945 4746 2000 4798 in
2040 4744 2137 4799 hoc

557 4817 882 4870 seruiunt....
912 4814 1215 4883 placent....
1246 4815 1451 4880 probati
1472 4824 1616 4871 sunt.
1646 4825 1752 4868 etc.

630 4884 748 4955 (47)
793 4887 884 4938 Sic
923 4901 1026 4939 ms.
1071 4885 1273 4954 Regius
1332 4900 1483 4938 num.
1537 4884 1698 4939 1639.
1749 4883 1949 4955 Castori
2005 4899 2138 4940 vero

558 4954 731 5016 mss,
767 4955 1027 5009 Rabauus
1069 4964 1127 5009 et
1162 4955 1319 5020 editi,
1370 4955 1577 5022 placere
1623 4966 1796 5008 autem
1834 4954 2136 5008 hominibus

560 5028 637 5079 ita
664 5027 816 5086 dicit,
849 5041 952 5078 non
998 5024 1308 5078 obsectando
1356 5025 1483 5078 uitia
1528 5026 1651 5093 (aL.
1683 5041 1788 5078 non
1817 5027 2138 5079 obsectanda

560 5096 729 5161 uitia;
766 5096 864 5156 al.,
900 5112 1006 5149 non
1043 5095 1351 5148 obiectando
1382 5095 1548 5164 vitiis)
1575 5095 1687 5157 sed,
1719 5104 1825 5147 etc.

635 5167 751 5237 (48)
781 5166 950 5228 Editi,
978 5164 1126 5237 Nam
1152 5165 1332 5237 quiin
1369 5166 1465 5217 hoc
1491 5176 1589 5237 est,
1621 5166 1679 5218 in
1703 5164 1914 5233 Spiritu
1949 5175 2136 5219 sancto

559 5234 748 5302 uruit,
772 5238 938 5305 placet
965 5234 1098 5299 Deo,
1139 5234 1392 5305 probatus
1423 5236 1748 5302 hominibus.

639 5308 753 5379 (49)
784 5305 883 5379 his.
918 5305 1122 5379 Regius
1153 5322 1305 5379 num.
1347 5305 1505 5370 1659,
1542 5307 1683 5379 quod
1715 5316 1766 5379 et
1786 5305 1916 5359 alibi
1955 5307 2088 5361 dixit
2118 5322 2137 5360 :

563 5375 735 5433 Nemo
767 5377 917 5441 dicit,
946 5375 1202 5429 Dominus
1231 5377 1410 5439 Jesus,
1444 5387 1551 5429 etc.
1594 5375 1799 5430 Deinde
1835 5378 1988 5442 editi,
2025 5392 2138 5431 ser-

561 5451 631 5503 vit
656 5459 833 5501 autem
863 5445 1077 5517 Christo
1099 5446 1157 5499 in
1185 5444 1387 5512 Spiritu
1414 5447 1546 5517 ipse_
1565 5444 1791 5517 Paulus,
1827 5448 1978 5517 quia,
2024 5456 2133 5501 etc.

636 5518 747 5590 (50)
781 5517 874 5590 illa
914 5532 1016 5570 ms.
1048 5515 1264 5590 Regius
1297 5532 1446 5590 num.
1486 5514 1645 5571 1659.
1686 5514 1941 5571 Rabauus
1990 5518 2141 5590 addit

563 5587 718 5651 mihi,
745 5589 887 5642 sicut
934 5596 986 5639 el
1033 5588 1186 5641 editi.
1226 5587 1422 5641 leeri
1468 5602 1598 5641 vero
1641 5604 1767 5643 mss.
1823 5589 2045 5657 habent,
2084 5589 2140 5641 in

560 5673 667 5725 quo
705 5659 832 5711 mihi
873 5660 999 5711 bene
1047 5658 1384 5726 complacuit.
1433 5671 1531 5710 nec
1574 5659 1735 5711 male.
1775 5657 1978 5711 Deinde
2018 5673 2138 5726 ergo

564 5739 721 5780 deest
780 5730 832 5781 in
881 5729 1063 5784 editis.
1123 5729 1251 5784 Mss.
1300 5728 1522 5797 quidam
1566 5728 1770 5784 habent
1820 5742 1993 5785 autem
2040 5742 2140 5799 pro

562 5811 708 5864 ergo.

2244 4464 2462 4516 inuicem
2496 4465 2879 4517 custodiamus.
2921 4464 3051 4517 Noli
3082 4474 3291 4532 propter
3325 4467 3524 4526 cibum,
3566 4476 3675 4518 etc.
3715 4466 3825 4519 Sed

2243 4548 2433 4587 omnes
2461 4548 2591 4589 mss.
2641 4544 2701 4588 ut
2749 4536 2802 4587 in
2837 4545 3022 4587 nostro
3065 4541 3237 4598 textu,
3276 4535 3379 4589 nisi
3412 4536 3556 4603 quod
3582 4535 3828 4604 plerique

2247 4606 2520 4658 retineant
2558 4604 2942 4666 custodiamus,
2979 4620 3145 4673 quam
3186 4619 3377 4659 vocem
3433 4616 3578 4659 recte
3621 4608 3830 4659 omittit

2244 4690 2351 4729 ms.
2410 4674 2610 4744 Regius
2665 4689 2817 4729 num.
2866 4675 3024 4734 1659,
3080 4682 3267 4742 utpote
3308 4689 3429 4744 quae
3475 4675 3636 4744 paulo
3686 4677 3828 4730 intra

2243 4747 2536 4798 omittatur
2581 4746 2632 4797 in
2675 4744 2934 4799 omnibus
2983 4758 3117 4798 mss.
3165 4753 3222 4799 et
3263 4745 3458 4809 editis,
3510 4761 3722 4800 necnon
3773 4762 3829 4801 et

2245 4816 2388 4884 apud
2418 4813 2730 4884 Rabanum.

2318 4884 2430 4957 (52)
2461 4882 2723 4957 Inquitet
2751 4892 2829 4936 est
2855 4891 2977 4952 post
3005 4882 3240 4951 turbata,
3267 4885 3538 4957 desuntin
3558 4887 3830 4957 plerisque

2244 4969 2380 5008 mss.
2411 4953 2460 5008 et
2495 4956 2546 5006 in
2573 4955 2767 5019 editis,
2813 4968 3022 5023 necnon
3070 4964 3128 5007 et
3179 4956 3321 5023 apud
3372 4953 3680 5018 Rabanutu,
3731 4953 3827 5010 Sed

2246 5025 2615 5094 restituuntur
2643 5039 2841 5094 exutus.
2875 5022 3050 5094 Regio
3085 5022 3234 5076 num.
3271 5023 3428 5077 1659.

2318 5093 2430 5165 (55)
2480 5094 2643 5156 Editi,
2689 5092 2795 5147 Hic
2845 5092 2985 5147 enim
3025 5110 3131 5148 non
3182 5095 3355 5147 solum
3395 5108 3604 5162 pacem,
3648 5111 3827 5148 verum

2245 5164 2748 5233 tediﬁcationem....
2762 5175 2952 5217 servat.

2317 5235 2430 5304 (54)
2464 5235 2632 5304 Editi,
2665 5234 2953 5302 wdiﬁcium
2987 5233 3106 5287 Dei.
3144 5234 3347 5288 Deinde
3394 5233 3558 5304 iidem
3595 5233 3723 5286 editi
3762 5247 3826 5287 ac

2248 5295 2381 5360 mss.
2411 5295 2657 5372 quidam,
2686 5316 2735 5357 et
2771 5295 2865 5371 per
2891 5304 3356 5367 constructionem,
3386 5313 3493 5357 etr.
3528 5303 3634 5357 Sed
3677 5316 3827 5358 recte

2248 5374 2599 5457 tua-Regius.
2619 5391 2769 5457 nun}.
2812 5373 2965 5457 1659,
2987 5384 3043 5428 et
3071 5375 3328 5457 Rab‘attus
3354 5375 3615 5457 omittunt
3644 5385 3711 5457 et2

2317 5446 2431 5517 (55)
2461 5443 2625 5517 Editi,
2681 5444 3151 5517 oﬂ'endiculum....
3176 5445 3348 5513 frater
3367 5456 3501 5517 tuus
3548 5443 3818 5517 scandali-

2247 5514 2422 5569 zatur.
2456 5516 2560 5569 Sed
2594 5530 2783 5570 omnes
2812 5531 2944 5570 mss.
2989 5524 3041 5568 et
3074 5515 3332 5569 Rabattus
3367 5514 3453 5568 hic
3493 5523 3547 5568 et
3591 5514 3731 5568 infra
3764 5521 3824 5565 ut

2247 5587 2301 5640 in
2339 5596 2525 5639 nostro
2555 5595 2724 5639 textu.

2319 5655 2432 5725 (56)
2475 5655 2638 5720 Editi,
2663 5665 2711 5708 et
2736 5656 2990 5709 rationem
3016 5662 3275 5707 creaturte
3302 5664 3489 5706 cuncta
3511 5669 3629 5723 qua:
3658 5669 3688 5705 α
3714 5650 3825 5705 Deo

2248 5724 2585 5795 faddsunt,
2628 5728 2807 5779 omnia
2837 5729 3036 5781 munda
3085 5735 3229 5791 sunt,
3263 5724 3539 5791 liabauus,
3578 5724 3757 5778 ornut'a
3790 5740 3825 5776 α

2251 5798 2357 5851 Deo
2394 5796 2588 5851 munda
2615 5806 2735 5851 sunt
