4150 6468
448 306 590 364 1253

1403 308 1761 365 COMMENT.
1797 307 1863 361 IN
1905 308 2124 364 EPIST.
2156 308 2250 362 AD
2280 308 2450 369 ROM.
2484 310 2613 366 LIB.
2657 306 2725 367 Χ.

3572 321 3713 378 1254

445 440 633 487 utente
657 430 744 485 his
773 428 913 486 cibis
947 428 1061 501 (57)
1088 429 1142 483 in
1175 428 1375 498 quibus
1397 431 1488 485 ille
1517 430 1839 485 scandalum
1872 430 2019 498 pati-
2055 433 2101 488 A
2131 432 2424 499 quentibus
2455 431 2653 499 posuit,
2682 430 2738 482 in
2760 444 2864 497 quo
2895 429 3061 498 frater
3087 431 3395 500 o/fenditur,
3425 449 3532 491 non
3557 451 3717 492 man-

443 531 551 578 tur.
578 523 695 578 Alia
726 539 855 579 vero
888 538 1054 578 causa
1080 531 1164 577 est
1189 537 1296 591 qua
1332 539 1626 578 commune
1656 525 1741 578 vel
1775 526 2016 579 immun-

441 616 566 671 dum
605 613 841 669 edicitur
873 615 1023 684 quod
1057 627 1251 669 natura
1288 615 1375 669 sui
1404 615 1740 669 immundum
1772 631 1877 670 non
1910 624 2020 682 est,

438 708 486 760 si
512 708 786 762 existimet
808 708 964 777 quis,
998 718 1053 761 et
1091 708 1231 776 apud
1269 722 1328 761 se
1358 706 1434 761 ita
1461 708 1661 761 habeat
1686 709 1830 777 quod
1865 723 2018 764 com-

439 814 607 854 mune
641 800 732 854 sit.
779 798 860 852 llli
905 814 1035 867 ergo
1079 799 1181 869 ipsi
1229 800 1605 854 tantummodo
1651 801 1741 871 qui
1796 801 1899 856 hoc
1944 801 2019 855 ita

440 892 744 956 existimat,
783 906 1075 947 commune
1119 889 1351 946 edicitur
1399 890 1483 945 vel
1531 891 1895 946 immundmu.
1938 893 2017 947 Ex

436 985 635 1053 quibus
654 983 934 1037 evidenter
958 982 1069 1052 (58)
1093 981 1383 1049 Apostolus
1411 982 1609 1036 edocet
1628 1000 1733 1039 non
1758 985 1810 1037 in
1855 988 2017 1042 rebus

433 1075 517 1129 vel
547 1075 600 1128 in
636 1073 959 1129 substantiis
980 1115 994 1136 ,
1026 1073 1122 1127 sed
1154 1074 1206 1127 in
1245 1074 1461 1128 actibus
1490 1085 1548 1128 et
1592 1077 2017 1144 cogitationibus

434 1164 615 1218 minus
633 1163 798 1218 rectis
821 1162 1223 1217 immunditiam
1248 1162 1715 1235 pollutionemqne
1738 1170 2013 1224 consiste-

432 1268 528 1317 re;
550 1253 796 1323 quamvis
816 1251 982 1323 Moysi
999 1250 1085 1304 lex
1101 1250 1145 1282 ³⁷
1165 1254 1411 1321 quaedam
1441 1256 1661 1319 munda,
1682 1266 1736 1311 et
1759 1259 2011 1324 quaedam

430 1347 710 1400 immunda
740 1344 1042 1415 signaverit
1074 1362 1086 1397 :
1113 1344 1165 1398 in
1200 1344 1396 1413 quibus
1430 1347 1821 1405 distinctiones
1848 1366 2017 1420 quas-

428 1440 555 1492 dam
587 1452 790 1507 ponere
823 1437 1017 1500 voluit,
1044 1446 1102 1491 ιιι
1131 1437 1366 1507 populus
1394 1440 1487 1507 qui
1512 1441 1614 1496 sub
1670 1442 1785 1512 lege
1819 1458 2014 1500 cense-

430 1532 611 1595 batur,
635 1531 869 1585 discerni
886 1544 982 1598 per
1003 1527 1309 1595 hujusmodi
1327 1530 1713 1587 observantius
1738 1549 1767 1588 a
1797 1537 2013 1590 caeteris

428 1625 682 1695 gentibus
697 1624 996 1677 videretur.
1031 1626 1098 1680 Et
1118 1627 1361 1696 quandiu
1390 1624 1611 1696 quidem
1655 1626 1886 1696 populus
1918 1627 2009 1683 ille

428 1726 654 1771 sanctus
665 1725 720 1770 et
735 1726 1070 1786 segregatus
1086 1732 1115 1771 a
1130 1718 1345 1773 caeteris
1358 1720 1672 1773 nationibus
1688 1719 2008 1782 habebatur,

427 1808 590 1860 etiam
609 1807 871 1862 discretio
885 1810 950 1862 de
971 1809 1189 1863 mundis
1204 1819 1259 1865 et
1277 1811 1575 1867 immundis
1600 1815 1908 1868 necessaria
1935 1815 2009 1868 vi-

426 1899 677 1962 debatur,
705 1898 872 1970 669
894 1914 1013 1967 qua:
1035 1910 1347 1970 segregaret
1367 1913 1422 1955 et
1451 1914 1764 1959 secerneret
1797 1905 2007 1973 specia-

427 1990 533 2046 lem
590 1994 847 2062 populum
916 1993 1008 2048 Dei
1062 2010 1091 2048 a
1144 1994 1452 2049 nationibus
1506 2011 1644 2067 quas
1702 1996 2004 2066 ignorantia

424 2079 518 2135 Dei
551 2090 605 2134 et
632 2082 898 2137 idolorum
931 2083 1109 2137 cultus
1138 2082 1371 2137 faciebat
1395 2083 1701 2140 immundas
1726 2103 1740 2139 :
1767 2088 1856 2141 ubi
1878 2104 2005 2142 vero

415 2169 584 2239 janua
621 2172 745 2229 fidei
790 2174 1043 2240 gentibus
1077 2175 1342 2244 aperitur,
1375 2184 1428 2226 et
1461 2175 1763 2231 invitantur
1810 2192 2003 2232 omnes

419 2263 488 2318 ad
521 2263 712 2332 Deum,
763 2269 1127 2322 ostenduntur
1160 2268 1321 2323 Petro
1370 2270 1552 2323 omnia
1606 2270 1997 2338 quadrupedi'a,

417 2364 474 2409 et
502 2357 768 2427 repentis,
802 2368 857 2413 et
889 2359 1123 2415 volatilia
1155 2361 1399 2431 exposita
1432 2362 1484 2414 in
1516 2361 1687 2415 linteo
1714 2363 1858 2431 quod
1890 2379 2001 2420 ca:-

417 2443 547 2500 litus
591 2445 768 2501 fuerat
797 2448 1108 2513 deductum,
1132 2459 1189 2504 et
1215 2450 1416 2505 dicitur
1447 2450 1498 2505 ei
1531 2465 1544 2500 :
1584 2449 1777 2518 Surge,
1815 2448 1995 2516 Petre,

415 2538 595 2591 occide
642 2548 691 2592 et
737 2541 1001 2595 manduca
1031 2542 1099 2597 ³⁸.
1146 2540 1392 2609 Curaque
1418 2541 1610 2612 legalis
1635 2540 2000 2599 observantiae

417 2645 627 2684 memor
652 2633 1026 2701 respondisset
1058 2636 1126 2688 ad
1158 2634 1445 2689 Dominum
1478 2644 1534 2689 et
1558 2635 1788 2691 dixisset
1817 2652 1831 2688 :
1886 2635 1997 2689 Ab-

412 2722 502 2783 sit,
543 2720 783 2789 Domine,
807 2726 932 2792 quia
954 2742 1223 2794 nunquam
1246 2742 1521 2780 commune
1546 2736 1635 2780 aut
1666 2727 1997 2782 immundum

413 2811 648 2867 introivit
674 2815 729 2867 in
779 2831 837 2868 os
878 2832 1077 2881 meum,
1130 2818 1342 2873 cmlesti
1375 2818 1642 2871 sententia
1672 2818 1994 2887 pronuntia-

413 2914 503 2958 tur
535 2920 549 2956 :
585 2906 737 2972 Quod
766 2907 906 2962 Deus
938 2910 1235 2974 inundauit,
1267 2922 1325 2963 tu
1354 2925 1629 2964 commune
1666 2926 1730 2965 ne
1770 2911 1992 2965 dixeris.

415 2991 518 3049 Ubi
549 3012 679 3066 ergo
700 3013 889 3052 omnes
922 3011 1112 3069 gentes
1144 3017 1238 3069 per
1270 3001 1601 3072 agnitionem
1640 3002 1761 3055 fidei
1796 3015 1826 3054 a
1857 3017 1987 3056 con-

415 3084 774 3139 taminatione
817 3089 1173 3154 mundantur,
1211 3090 1280 3143 ibi
1311 3098 1366 3143 et
1391 3091 1573 3146 omnis
1622 3090 1777 3146 cibus
1825 3093 1993 3146 verbo
2019 3118 2063 3176 α

413 3172 627 3228 Domini
662 3184 717 3229 et
745 3177 991 3232 oratione
1019 3191 1284 3248 purgatur
1313 3199 1326 3234 :
1360 3191 1419 3235 et
1449 3183 1519 3235 ob
1566 3183 1669 3237 hoc
1699 3181 1993 3250 Apostolus

409 3266 543 3320 dicit
576 3268 705 3335 quia
747 3269 922 3321 omnia
958 3270 1156 3323 munda
1183 3281 1330 3336 sunt,
1363 3281 1573 3326 tantum
1604 3282 1662 3327 ιιι
1689 3273 1819 3327 illud
1859 3275 1993 3328 vite-

409 3364 501 3411 tur
536 3359 681 3428 quod
722 3359 773 3412 in
803 3362 1153 3429 sequentibus
1191 3363 1364 3430 ponit,
1410 3379 1478 3417 ne
1511 3380 1610 3434 per
1633 3364 1989 3420 offensionem

406 3446 594 3503 fratris
618 3451 960 3505 manducauti
992 3468 1206 3507 rursum
1229 3456 1360 3509 liant
1384 3455 1659 3511 immunda
1686 3473 1806 3527 quae
1834 3474 1991 3512 mun-

406 3538 474 3593 da
505 3552 649 3595 sunt.
680 3541 801 3596 Jatn
851 3560 981 3599 vero
1023 3546 1163 3615 quod
1205 3546 1502 3618 subiungit,
1534 3548 1743 3603 Bonum
1773 3560 1851 3605 est
1884 3566 1990 3604 non

406 3632 731 3688 manducare
774 3652 1007 3700 carnem,
1039 3648 1087 3690 et
1127 3654 1230 3692 non
1260 3638 1433 3693 bibere
1455 3640 1656 3706 vinum,
1692 3641 1796 3696 nisi
1830 3643 1987 3696 addi-

405 3725 601 3790 disset,
636 3742 798 3797 neque
823 3730 878 3782 in
907 3746 1007 3799 quo
1041 3729 1211 3798 frater
1239 3742 1359 3785 tuus
1401 3733 1714 3802 o/fenditur,
1766 3746 1987 3790 contra-

406 3818 546 3871 rium
579 3818 826 3875 fortassis
869 3824 1142 3891 prioribus
1167 3824 1462 3880 videretur.
1491 3824 1823 3882 Mandncare
1841 3827 1984 3881 enim

405 3922 631 3963 carnem
679 3919 736 3965 et
784 3926 890 3966 non
923 3914 1274 3979 manducare,
1328 3915 1408 3969 vel
1443 3915 1633 3970 bibere
1662 3916 1851 3970 vinum
1889 3923 1988 3970 aut

404 4014 514 4054 non
559 4001 763 4068 bibere,
794 4018 969 4072 neque
994 4004 1217 4070 malum,
1256 4019 1433 4075 neque
1462 4007 1686 4072 bonum,
1735 4009 1827 4061 sed
1873 4024 1987 4060 me-

405 4090 550 4143 dium
578 4091 767 4146 haberi
794 4094 980 4149 docuit
1018 4104 1074 4149 et
1113 4095 1448 4150 iuditi‘erens.
1474 4093 1661 4150 Potest
1697 4098 1841 4151 enim
1874 4112 1980 4151 non

406 4182 734 4238 manducare
771 4200 991 4239 carnem
1014 4195 1069 4240 et
1099 4201 1204 4241 non
1235 4186 1423 4241 bibere
1450 4188 1635 4241 vinum
1668 4187 1834 4241 etiam
1861 4204 1971 4241 ma.

399 4276 485 4330 lus
517 4276 677 4332 homo
702 4286 759 4333 et
792 4294 821 4332 a
852 4278 956 4333 fide
989 4279 1220 4343 alienus,
1250 4287 1310 4334 ut
1334 4294 1478 4349 saepe
1503 4280 1668 4334 etiam
1695 4278 1981 4334 nonnullos

399 4367 670 4424 idolorum
710 4385 876 4426 causa
932 4371 1113 4426 facere
1166 4372 1269 4427 hoc
1304 4381 1515 4427 eertum
1563 4383 1667 4427 est.
1704 4372 1976 4427 Interdum

2126 522 2331 576 ducare
2352 535 2574 575 carnem
2608 529 2665 574 et
2697 533 2804 573 non
2837 519 3027 574 bibere
3056 522 3266 586 vinum,
3297 538 3404 577 non
3446 522 3560 592 jam
3599 542 3716 582 me-

2124 613 2271 668 dium
2307 622 2401 667 aut
2438 610 2777 676 indili‘erens,
2816 612 2913 666 sed
2943 627 3071 666 vere
3100 615 3302 668 bonum
3350 625 3452 671 est.
3502 618 3711 674 Bonum

2123 712 2210 759 est
2245 701 2356 773 (60)
2404 703 2549 757 cnim
2586 717 2695 756 non
2750 717 2955 771 ponere
3001 701 3354 759 offensionem
3415 707 3570 763 fratri
3624 710 3712 765 vel

2122 795 2463 850 scandalum.
2489 794 2724 863 Propter
2759 796 2862 849 hoc
2885 796 3031 849 enim
3060 807 3115 850 et
3145 797 3198 851 in
3240 798 3363 854 aliis
3391 800 3554 856 dicit:
3587 800 3713 857 Sine

2122 889 2413 957 oﬁensione
2452 899 2616 943 estote
2659 898 2711 943 et
2746 888 2953 943 Judtuis
2995 897 3046 942 et
3093 889 3321 957 Graecis,
3363 903 3411 945 et
3459 893 3713 950 Ecclesia

2120 979 2218 1033 Dei
2246 980 2313 1033 ³³.
2354 981 2420 1034 Ει
2447 980 2569 1034 ideo
2597 981 2821 1033 videant
2850 979 2894 1033 si
2924 990 3076 1035 recte
3108 981 3316 1036 faciunt
3353 983 3407 1038 hi
3455 986 3544 1053 qui
3578 1002 3712 1055 qua-

2120 1069 2254 1124 libet
2290 1085 2356 1125 ex
2405 1086 2567 1125 causa
2598 1075 2949 1125 continentes
2981 1085 3010 1122 a
3046 1071 3303 1126 carnibus
3339 1082 3397 1127 et
3429 1075 3579 1140 vino,
3617 1091 3712 1130 eo-

2117 1171 2252 1231 gunt
2272 1163 2605 1217 omnimodis
2628 1163 2943 1232 degustare,
2970 1178 3079 1232 quo
3107 1163 3323 1218 scilicet
3342 1179 3440 1233 per
3469 1167 3574 1221 hoc
3592 1168 3709 1235 (61)

2117 1253 2186 1306 ab
2217 1253 2297 1308 eis
2330 1255 2581 1308 videatur
2607 1254 2811 1309 auferri
2856 1256 3122 1325 suspicio,
3171 1271 3283 1325 qua
3327 1258 3711 1325 superstitiose

2117 1354 2380 1414 putantur
2418 1345 2663 1401 ciborum
2711 1348 3137 1404 discretionibus
3180 1350 3472 1403 inhatrere.
3512 1349 3709 1404 Consi-

2116 1436 2310 1492 derent
2339 1452 2572 1507 namque
2597 1439 2917 1507 Apostolum
2963 1455 3066 1493 non
3101 1440 3307 1495 dixisse
3341 1458 3354 1494 :
3386 1439 3594 1494 Bonum
3628 1452 3708 1495 est

2114 1528 2451 1581 manducare
2497 1536 2552 1581 et
2587 1529 2779 1583 bibere
2807 1531 3032 1595 vinum;
3083 1531 3202 1595 sed,
3233 1547 3338 1584 non
3377 1532 3707 1588 manducare

2114 1636 2346 1684 carnem,
2378 1629 2428 1674 et
2468 1638 2572 1674 non
2596 1620 2771 1676 bibere
2803 1622 3002 1686 uinum,
3036 1622 3080 1678 si
3118 1622 3173 1676 in
3204 1636 3270 1676 eo
3306 1622 3476 1678 frater
3526 1622 3704 1679 oll‘en-

2115 1712 2278 1767 ditur.
2315 1711 2497 1766 Noluit
2529 1727 2663 1781 ergo
2697 1721 2755 1765 ιιι
2785 1729 2880 1781 pro
2911 1714 2996 1767 his
3024 1713 3119 1781 qni
3152 1714 3704 1782 tuanducandutnju-

2043 1776 2085 1835 Β
2114 1802 2318 1864 dicant.
2351 1776 2704 1874 cogaturille
2733 1776 2801 1859 ad
2848 1776 3288 1858 manducandum
3338 1807 3433 1873 qui
3489 1807 3543 1860 in
3596 1776 3703 1861 hoc

2110 1894 2400 1950 odenditnr
2427 1913 2441 1959 ;
2473 1898 2570 1950 sed
2601 1912 2700 1966 pro
2733 1896 2825 1951 illo
2856 1898 2948 1965 qui
3001 1913 3107 1952 non
3144 1907 3300 1965 putat
3351 1901 3696 1954 manducan-

2109 1987 2259 2048 dum,
2282 1988 2559 2040 abstinere
2592 1987 2837 2055 praecipit
2859 1988 3022 2042 etiam
3050 1990 3135 2043 his
3155 1989 3244 2058 qui
3270 1989 3516 2057 jndicant
3543 2005 3700 2042 man-

2107 2074 2433 2128 ducandum.
2463 2072 2772 2128 Verendum
2812 2090 3045 2144 namque
3065 2086 3149 2131 est
3182 2092 3249 2130 ne
3283 2075 3423 2130 forte
3456 2078 3692 2145 abrupto

2105 2168 2272 2219 semel
2305 2180 2458 2219 muro
2482 2165 2852 2231 continentiae,
2883 2174 2937 2220 et
2968 2176 3196 2236 accepta
3226 2167 3471 2232 licentia,
3502 2169 3555 2222 in
3588 2185 3693 2241 gu-

2106 2256 2171 2310 lae
2201 2256 2490 2325 procellam
2526 2271 2592 2310 ac
2631 2256 2960 2325 profundum
3014 2257 3245 2313 luxuriae
3288 2259 3597 2322 decidatur,
3636 2267 3694 2315 et

2103 2349 2310 2417 pariter
2361 2348 2767 2417 subsequantur
2807 2347 3091 2419 naufragia
3145 2349 3435 2404 castitatis.
3491 2348 3688 2406 Omnia

2102 2441 2268 2510 igitur
2302 2439 2419 2495 ﬁeri
2454 2451 2671 2510 oportet
2706 2440 2777 2495 ob
2805 2440 2911 2495 hoc
2933 2457 3001 2495 ne
3033 2442 3349 2494 destruatur
3379 2456 3515 2511 opus
3544 2441 3640 2497 Dei
3676 2464 3688 2497 :

2101 2539 2150 2584 el
2176 2529 2297 2585 ideo
2325 2541 2381 2584 et
2421 2531 2861 2586 manducandum
2901 2529 3015 2601 (69.)
3045 2540 3152 2595 est,
3198 2530 3243 2585 si
3289 2530 3342 2584 in
3377 2530 3483 2585 hoc
3520 2532 3692 2586 frater

2099 2621 2432 2686 aediﬁcatur;
2470 2630 2526 2675 et
2570 2636 2680 2676 non
2727 2629 2812 2677 est
2841 2621 3303 2687 manducandum,
3351 2622 3399 2677 si
3440 2636 3538 2691 per
3588 2624 3691 2678 hoc

2100 2725 2207 2764 non
2236 2714 2436 2765 crescit
2471 2727 2607 2782 opus
2640 2714 2733 2768 Dei
2766 2732 2780 2781 ;
2817 2722 2873 2767 et
2904 2713 3191 2768 bibendum
3224 2722 3327 2778 est,
3374 2714 3423 2769 si
3456 2730 3553 2785 per
3583 2715 3690 2770 hoc

2098 2804 2317 2874 prolicit
2365 2806 2535 2862 frater
2594 2809 2663 2863 ad
2718 2807 2920 2872 ﬁdem;
2970 2817 3025 2862 et
3072 2824 3179 2864 non
3230 2819 3316 2863 est
3372 2810 3684 2875 bibendum,

2097 2898 2144 2951 si
2171 2912 2266 2964 per
2300 2897 2401 2953 hoc
2437 2897 2608 2953 frater
2630 2900 2884 2955 damnum
2910 2899 3060 2966 fidei,
3087 2910 3183 2955 aut
3215 2911 3270 2956 tu
3295 2902 3686 2959 detrimentum

2095 2990 2389 3044 charitatis
2409 2990 2684 3048 incurras.

2165 3080 2220 3135 4.
2253 3079 2381 3136 Post
2416 3082 2529 3136 haec
2553 3084 2726 3138 dicit:
2765 3084 2843 3137 Tu
2872 3085 3030 3152 ﬁdem
3055 3103 3214 3155 quam
3244 3086 3403 3140 habes
3440 3087 3582 3158 apud
3608 3096 3688 3142 te-

2095 3174 2395 3242 metipsum,
2433 3174 2564 3226 habe
2591 3192 2768 3228 coram
2800 3175 2909 3230 Deo
2928 3178 2994 3228 ‘°.
3032 3178 3220 3233 Fidem
3254 3179 3343 3233 bic
3373 3179 3521 3234 illam
3549 3181 3685 3236 dicit

2096 3279 2201 3332 qua
2234 3265 2413 3319 credit
2441 3267 2563 3334 quis
2595 3268 2929 3323 manducare
2958 3270 3167 3331 omnia,
3199 3270 3340 3324 sicut
3374 3286 3543 3342 supra
3594 3273 3682 3328 di—

2095 3358 2175 3411 xit
2200 3375 2214 3412 :
2249 3358 2396 3412 Alius
2426 3360 2590 3412 credit
2617 3361 2937 3415 manducare
2963 3365 3140 3416 omnia
3168 3363 3235 3429 δι,
3261 3364 3349 3419 ille
3371 3366 3489 3420 sine
3515 3367 3684 3423 dubio

2093 3448 2188 3516 qui
2237 3450 2409 3502 credit
2457 3451 2602 3520 quod
2654 3450 2791 3504 nihil
2833 3453 2884 3504 in
2921 3453 3189 3508 creaturis
3238 3454 3333 3509 Dei
3365 3471 3679 3526 commune,

2092 3540 2231 3594 nihil
2281 3540 2626 3595 immundum
2675 3542 2766 3599 sit.
2819 3543 2925 3597 Sed
2963 3544 3075 3615 (65)
3108 3545 3302 3601 sufﬁcit
3330 3547 3448 3613 tibi,
3479 3550 3675 3619 inquit,

2091 3629 2293 3685 habere
2346 3646 2531 3685 coram
2584 3630 2695 3686 Deo
2749 3633 3059 3700 hujusmodi
3103 3636 3305 3701 fidem,
3342 3652 3450 3691 non
3492 3647 3676 3694 tamen

2091 3722 2299 3779 idcirco
2327 3723 2602 3791 cogendus
2627 3733 2788 3780 estet
2809 3725 2924 3795 (64)
2949 3727 3090 3782 alius
3116 3738 3174 3781 ut
3210 3730 3393 3783 omnia
3432 3732 3674 3785 mandu-

2088 3823 2196 3878 cet,
2230 3814 2323 3884 qui
2354 3815 2592 3869 nondum
2622 3815 2787 3870 habet
2812 3817 2972 3871 talem
3005 3818 3164 3873 tidem
3189 3830 3250 3875 ut
3279 3823 3671 3879 credatomuia

2086 3921 2210 3963 esse
2244 3905 2648 3962 manducanda.
2680 3905 2834 3974 Quod
2869 3919 3051 3964 autem
3104 3911 3262 3975 dixit,
3318 3913 3477 3968 habes
3528 3916 3672 3983 apud

2085 4001 2438 4070 temetipsum,
2463 4001 2788 4070 ja’etantiam
2823 4015 3057 4068 resecat,
3094 4019 3163 4060 ne
3196 4005 3368 4074 magis
3405 4006 3458 4061 in
3490 4015 3676 4061 osten-

2086 4091 2291 4146 tatione
2317 4093 2390 4146 sit
2418 4094 2561 4162 quod
2594 4094 2891 4159 credimus,
2915 4109 3079 4163 quam
3114 4096 3168 4149 in
3193 4098 3415 4153 virtute.
3446 4099 3671 4155 Addidit

2084 4195 2268 4238 autem
2297 4184 2413 4256 (65)
2441 4224 2457 4250 ,
2499 4186 2630 4239 habe
2649 4202 2833 4240 coram
2854 4186 2986 4253 Deo,
3022 4198 3083 4241 ut
3112 4189 3336 4245 doceret
3361 4189 3669 4261 satisagen-

2083 4277 2210 4329 dum
2245 4277 2427 4342 nobis,
2460 4292 2566 4331 non
2594 4287 2652 4332 ut
2678 4281 2821 4347 apud
2859 4279 3108 4334 homines
3156 4279 3290 4335 fides
3340 4292 3528 4336 nostra
3556 4282 3665 4337 dif-

2082 4366 2343 4434 fametur,
2374 4369 2468 4424 sed
2503 4379 2563 4423 ut
2591 4371 2732 4439 apud
2768 4371 2936 4426 Deum
2972 4373 3254 4441 probetur.
3310 4373 3533 4428 Multum
3580 4385 3667 4431 est

396 4458 564 4513 etiam
597 4461 866 4516 malarum
892 4464 1094 4518 artium
1122 4464 1298 4518 fertur
1331 4463 1454 4519 talis
1487 4463 1679 4520 haberi
1712 4466 1975 4519 observa-
2007 4467 2052 4522 D
2081 4468 2261 4513 autem
2285 4473 2468 4515 coram
2497 4459 2608 4515 Deo
2635 4462 2839 4517 habere
2888 4463 3225 4531 probabilem
3273 4464 3458 4520 fidem.
3509 4465 3667 4534 Apud

400 4555 503 4611 tio.
543 4555 929 4611 Hiereticorum
975 4567 1124 4610 certe
1174 4571 1278 4611 non
1319 4555 1507 4624 paucis
1540 4556 1833 4611 observare
1860 4555 1975 4609 haec

401 4645 571 4700 moris
609 4654 694 4699 est
739 4646 891 4718 (59);
925 4657 980 4702 et
1016 4657 1196 4701 tamen
1247 4662 1353 4702 non
1400 4646 1657 4700 continuo
1703 4644 1970 4701 dicimus:

394 4733 604 4790 Bonum
639 4734 821 4790 esteis
840 4736 969 4804 quia
999 4750 1110 4790 non
1147 4735 1482 4789 manducant
1513 4746 1762 4795 carnem,
1793 4746 1972 4799 neque

395 4825 593 4880 bibunt
622 4827 827 4879 vinum.
877 4824 986 4881 Sed
1018 4826 1110 4881 illo
1152 4826 1311 4894 plane
1349 4827 1509 4879 modo
1548 4839 1657 4894 quo
1698 4824 1750 4878 in
1781 4838 1972 4878 conse-

2087 4552 2255 4605 Deum
2287 4552 2434 4606 enim
2478 4552 2645 4607 etiam
2675 4553 3049 4622 apostolorum
3082 4554 3213 4610 fides
3240 4571 3409 4625 parva
3439 4556 3549 4628 (66)
3577 4559 3667 4625 ju-

2082 4641 2333 4706 dicatur,
2381 4643 2527 4698 unde
2574 4642 2773 4698 dicitur
2830 4644 2895 4700 ad
2939 4644 3200 4700 Petrum:
3250 4645 3477 4702 Modica:
3512 4648 3662 4716 fidei,

2078 4749 2243 4802 quare
2264 4731 2526 4787 dubitasti
2548 4733 2859 4790 "ildcirco
2887 4748 3019 4803 ergo
3049 4750 3176 4789 vere
3207 4750 3434 4805 magnus
3462 4736 3664 4805 estqui

2080 4839 2265 4879 coram
2298 4824 2409 4901 Deo
2433 4824 2596 4879 habet
2621 4826 2956 4895 probabilem
2983 4826 3162 4881 fidem.

463 4949 509 4981 ³⁷
551 4946 726 5003 Levit.
758 4962 836 5013 χι,
870 4945 1044 5017 Ξεθιι.
1108 4946 1154 4978 ³⁸
1174 4948 1295 5001 Act.
1333 4962 1392 5003 ι.
1418 4944 1613 5001 15-15.
1688 4944 1733 4976 ³⁸
1760 4944 1777 4997 l
1807 4942 1934 4998 Cor.
1964 4960 1994 4998 ι

2098 4943 2148 4997 2.
2223 4943 2269 4975 ‘°
2306 4943 2464 4998 Rom.
2494 4931 2701 5009 XIV,22.
2779 4945 2821 4976 ⁶¹
2857 4945 2984 4999 ibid.
3013 4942 3068 4997 2.
3144 4943 3191 4974 ι’
3213 4942 3400 4999 Matth.
3429 4961 3539 5012 xiv,
3564 4946 3656 5003 51.

467 5061 583 5133 (57)
613 5060 779 5124 Editi,
816 5075 975 5133 super
1003 5068 1052 5112 te
1081 5068 1257 5133 utente
1285 5060 1367 5112 Itis
1401 5059 1556 5124 cibis,
1593 5068 1703 5112 etc.
1736 5055 1962 5122 Deinde,

387 5130 515 5203 qua__
534 5147 808 5203 commune
829 5130 1247 5203 etgimmundum.

465 5201 576 5271 (58)
610 5202 774 5265 Editi,
805 5199 1015 5271 qui/ioc
1046 5198 1315 5271 existimat
1341 5198 1416 5252 ita
1442 5213 1727 5271 commune
1747 5199 1965 5269 eﬁicitur

391 5283 441 5325 et
475 5267 833 5324 immundum.
881 5268 1086 5334 Quibus
1125 5270 1411 5336 evidenter,
1462 5278 1568 5323 etc.
1621 5267 1730 5322 Sed
1774 5267 1967 5324 omnes

389 5357 522 5397 mss.
555 5351 608 5394 et
644 5340 901 5394 Rabanus
933 5350 991 5394 ut
1028 5340 1081 5392 in
1119 5348 1293 5393 textu.

464 5410 573 5482 (59)
606 5410 772 5476 Editi,
798 5412 894 5482 h_oc
930 5421 1127 5482 certum
1158 5417 1236 5461 est
1258 5421 1278 5459 :
1311 5408 1571 5482 interdum
1605 5409 1765 5482 etiam
1792 5405 1965 5482 mala-

388 5477 507 5536 rum
534 5477 752 5534 artium.
805 5477 1002 5534 Fertur
1030 5481 1155 5533 talis
1206 5494 1409 5547 quoque
1449 5478 1630 5530 haberi
1670 5479 1987 5548 observatio.

388 5553 775 5613 htrreticorum,
805 5557 856 5603 et
889 5567 991 5603 non
1017 5551 1198 5617 paucis
1223 5549 1494 5601 observare
1525 5552 1636 5602 [nec
1662 5550 1826 5600 moris
1859 5557 1958 5611 est,

387 5634 493 5676 etc.
534 5619 637 5675 Sed
685 5634 875 5674 omnes
923 5635 1051 5674 mss.
1086 5630 1141 5673 et
1166 5617 1421 5671 liabanus
1445 5618 1584 5671 utin
1632 5626 1778 5670 textu
1812 5634 1824 5669 :
1862 5617 1954 5683 qui

386 5706 579 5745 omnes
620 5688 777 5759 paulo
808 5699 927 5756 post
973 5691 1198 5751 habent,
1236 5699 1283 5741 et
1324 5688 1706 5759 noncontinuo
1733 5688 1957 5759 dicimus

389 5762 507 5828 (aL,
552 5757 805 5816 dicemus)
837 5760 1042 5816 omisso
1071 5771 1263 5821 tamen,
1295 5758 1437 5814 auod
1478 5757 1770 5813 urtcl'crunt
1802 5758 1953 5812 editi.

2144 5054 2257 5125 (60)
2282 5059 2397 5111 Est.
2414 5054 2694 5110 Ontiltitttr
2720 5057 2773 5110 in
2799 5056 2980 5110 editis.

2143 5125 2255 5197 (6f)
2295 5128 2459 5191 Editi,
2504 5128 2804 5181 omnimode
2838 5127 3152 5195 degustare,
3185 5143 3289 5196 quo
3316 5129 3518 5184 scilicet
3561 5148 3656 5202 per

2072 5194 2456 5337 Μ(ἳὲῗῖᾏίιῂ
2494 5267 2653 5319 etiam
2679 5266 3109 5320 manducandum
3151 5278 3249 5333 est,
3283 5278 3391 5323 etc.
3448 5269 3652 5326 Deinde

2070 5333 2173 5389 ms.
2211 5333 2413 5405 Regius
2443 5352 2591 5388 num.
2632 5337 2791 5394 1659,
2823 5347 2913 5388 aut
2952 5340 3331 5391 detrimentum
3374 5340 3649 5394 charitatis

2068 5405 2330 5459 incurrat.
2383 5405 2488 5460 Sed
2516 5406 2701 5460 caeteri
2744 5421 2898 5472 mss.,
2929 5405 3208 5471 Rabanus,
3241 5419 3294 5463 et
3327 5410 3458 5463 editi
3502 5419 3560 5463 ut
3594 5412 3647 5466 in

2073 5487 2261 5529 IIOSII'O
2294 5486 2465 5529 textu.

2140 5545 2252 5618 (65)
2271 5543 2374 5600 Sed
2389 5544 2656 5618 omittitur
2669 5545 2722 5618 in
2737 5543 3174 5618 editis.Rabanus
3188 5548 3410 5603 babetet
3422 5563 3519 5618 pro
3531 5551 3643 5605 sed.

2137 5616 2246 5686 (64)
2280 5617 2436 5670 Deest
2463 5615 2597 5686 etin
2622 5617 2802 5668 editis.

2137 5685 2252 5755 (65)
2278 5688 2482 5755 Autem.
2520 5685 3028 5740 Praetermittiturin
3058 5697 3217 5744 antea
3246 5687 3428 5745 editis.

2142 5754 2255 5827 (66)
2287 5754 2484 5810 Parva.
2514 5755 2864 5835 Omittiturin
2893 5757 3072 5812 editis.
