4150 6454
456 313 596 370 1Ξ55

1902 303 2161 362 ORIGEN
2166 303 2227 360 IS

3577 299 3718 357 1256

525 432 580 485 5.
617 427 814 484 Beatus
841 428 933 497 qui
967 443 1085 481 .non
1110 427 1324 497 judicat
1357 427 1692 497 semetipsum
1717 428 1771 481 in
1802 441 1863 480 eo
1893 427 2034 496 quod
2067 432 2109 486 Α
2141 424 2258 478 sive
2289 421 2503 478 locutus
2537 420 2728 486 fueris,
2769 420 2886 474 sive
2911 418 3077 474 etiam
3111 416 3458 490 cogitaveris,
3499 431 3719 487 peccas.

451 525 662 591 probat.
692 521 798 588 Qui
845 529 1023 574 autem
1057 520 1340 583 discernit,
1387 521 1434 574 si
1475 519 1896 583 manducauerit,
1937 521 2036 575 da-

454 629 664 671 mnatus
697 624 797 682 est,
827 615 952 684 quia
977 629 1080 668 non
1108 629 1174 667 επ
1195 613 1320 678 ﬁde.
1355 611 1522 672 Omne
1548 623 1726 665 autem
1763 616 1902 681 quod
1932 629 2036 666 non

455 720 529 762 est
559 723 624 760 ea:
651 706 778 775 fide,
800 713 1072 774 peccatum
1099 713 1178 758 est
1204 703 1252 735 "
1277 703 1413 772 (67).
1461 701 1659 758 Beatus
1686 703 1808 772 quis
1836 703 2036 756 dicitur

456 816 566 856 non
603 799 775 853 solum
803 798 848 850 si
883 795 1048 850 faciat
1077 810 1140 850 ea
1165 810 1290 864 quae
1317 795 1596 863 competit,
1623 795 1716 848 sed
1765 794 1888 848 etsi
1927 809 2033 847 non

456 891 624 946 faciat
646 905 709 944 ea
746 903 867 956 quae
897 903 1002 942 non
1033 887 1338 955 competit:
1386 894 1444 939 ut
1491 885 1583 938 ille
1624 885 1805 938 beatus
1837 885 2038 940 dicitur

455 985 546 1052 qui
567 998 671 1035 non
695 981 824 1034 abiit
854 981 908 1034 in
935 977 1158 1032 consilio
1189 979 1474 1046 impiorum
1500 977 1569 1042 “,
1601 987 1656 1032 et
1691 978 1780 1030 ille.
1833 977 2034 1031 nihilo-

455 1075 637 1128 minus
662 1073 854 1150 heatns
897 1072 990 1140 qtti
1026 1070 1270 1125 ambulat
1299 1069 1350 1123 in
1378 1069 1497 1136 lege
1529 1069 1739 1122 Domini
1771 1067 1838 1121 ".
1867 1069 2036 1140 67o

452 1167 547 1221 Ille
577 1179 730 1233 ergo,
781 1165 906 1232 quia
963 1177 1070 1216 non
1127 1159 1370 1215 ambulat
1414 1161 1466 1214 in
1519 1160 1606 1212 via
1642 1171 2033 1228 peccatorum;

452 1257 563 1318 hic,
589 1255 717 1322 quia
754 1253 998 1308 ambulat
1031 1254 1084 1306 in
1125 1251 1242 1321 lege
1281 1251 1521 1311 Domini.
1552 1253 1740 1306 beatus
1765 1261 1852 1306 est
1895 1252 2032 1324 (68).

450 1347 526 1404 Ita
550 1358 605 1402 et
627 1348 680 1401 in
715 1345 968 1417 praesenti
1003 1345 1128 1399 loco
1149 1346 1471 1412 Apostolus:
1490 1344 1706 1405 Beatus,
1727 1345 1922 1414 inquit,
1945 1347 2037 1415 qui

452 1457 556 1494 non
585 1441 794 1507 judicat
825 1439 1157 1502 semetipsum
1185 1440 1238 1490 in
1271 1455 1330 1491 eo
1353 1441 1492 1506 quod
1511 1440 1722 1504 probat.
1749 1437 1854 1492 Sed
1879 1439 2036 1505 cujus

451 1533 632 1600 operis
657 1531 728 1586 sit
759 1531 862 1584 ista
892 1529 1169 1584 beatitudo
1207 1530 1488 1585 videmnus
1520 1529 1654 1598 (69).
1691 1529 1842 1584 Multi
1887 1531 2033 1586 enim

451 1634 581 1678 sunt
610 1623 702 1692 qui
735 1627 966 1691 probant
990 1621 1196 1690 aliquid
1241 1621 1362 1674 boni
1396 1621 1573 1674 lacere
1600 1660 1616 1685 ,
1652 1621 1802 1674 verbi
1837 1623 2032 1687 gratia,

451 1716 541 1784 qui
581 1715 866 1768 audientes
906 1714 972 1767 de
1003 1713 1241 1780 prtemiis
1267 1712 1542 1765 castitatis
1577 1711 1805 1780 probant
1837 1724 1892 1766 ct
1923 1723 2034 1766 sta-

455 1815 612 1858 tuunt
641 1814 791 1859 caste
821 1807 1038 1869 vivere;
1072 1804 1166 1858 sed
1191 1817 1449 1871 processu
1487 1803 1768 1869 temporis,
1791 1803 1874 1857 vel
1905 1807 2034 1859 sub-

451 1898 686 1965 ripiente
711 1896 1060 1966 negligentia,
1097 1894 1183 1949 vel
1208 1897 1502 1963 superante
1538 1892 1784 1959 libidine,
1811 1894 1862 1948 id
1889 1896 2032 1964 quod

451 1989 851 2042 observandum
896 1987 1266 2056 probaverant
1301 1987 1608 2042 maculatur
1633 1998 1688 2042 et
1721 1987 2029 2055 corrumpi-

454 2090 542 2133 tur
575 2096 588 2131 :
624 2090 680 2132 et
710 2087 794 2134 est
831 2077 1020 2132 infelix
1049 2079 1176 2142 iste,
1213 2079 1306 2146 qni
1343 2079 1396 2132 in
1432 2093 1499 2132 eo
1541 2079 1683 2147 quod
1734 2081 2034 2133 observare

451 2151 766 2226 decreverat
789 2171 984 2234 victus,
1012 2171 1364 2238 semetipsum
1382 2169 1593 2238 indicat
1616 2180 1670 2222 et
1686 2170 2034 2223 condemnat.

453 2261 656 2316 Beatus
684 2276 814 2314 vero
845 2261 936 2316 ille
965 2271 1068 2318 est.
1098 2263 1188 2330 qui
1231 2261 1283 2314 in
1316 2275 1384 2316 eo
1418 2261 1561 2328 quod
1611 2263 1805 2329 probat
1837 2271 1886 2314 et
1921 2267 2036 2313 sta-

455 2356 576 2416 tuit,
603 2355 676 2409 ita
712 2363 993 2422 permanet
1026 2353 1168 2407 ﬁxus
1197 2364 1254 2407 et
1279 2353 1516 2418 stabilis,
1565 2361 1624 2405 ut
1673 2353 1725 2405 in
1765 2351 1912 2405 nullo
1943 2365 2031 2405 se-

453 2445 744 2512 metipsum
767 2443 1001 2507 judicet,
1033 2445 1088 2498 in
1123 2443 1271 2498 nullo
1296 2443 1681 2511 reprehendat.
1709 2441 1822 2497 lloc
1851 2452 2034 2496 autem

451 2547 506 2591 et
532 2535 647 2604 (70)
673 2537 728 2588 in
759 2535 1106 2590 observantia
1143 2535 1411 2598 ciborum,
1439 2537 1734 2587 secundum
1769 2549 1890 2587 eam
1945 2549 2034 2588 re-

453 2629 633 2698 gulam
664 2643 828 2695 quam
871 2628 1123 2696 superius
1149 2627 1344 2689 texuit,
1373 2628 1684 2680 habendum
1712 2627 1868 2688 dicit,
1902 2636 1964 2681 ut
1990 2629 2034 2681 si

453 2721 578 2790 quis
622 2730 708 2774 est
753 2721 844 2788 qui
877 2735 976 2789 per
1019 2720 1302 2774 scientiam
1349 2719 1613 2788 spiritalis
1658 2719 1794 2789 legis
1840 2721 2037 2790 probat

453 2811 638 2865 omnia
690 2810 1084 2874 manducando,
1131 2819 1188 2863 et
1237 2811 1418 2864 omnia
1473 2824 1596 2864 esse
1641 2811 1837 2865 munda
1866 2851 1883 2877 ,
1928 2826 2034 2866 non

455 2916 670 2954 rursum
699 2900 905 2968 iudicet
939 2899 1314 2968 semetipsum,
1345 2909 1403 2954 et
1433 2901 1834 2954 dubitationem
1859 2901 2038 2971 capiat

455 3001 636 3046 utrum
673 3007 890 3047 sumere
917 2992 1134 3055 debeat,
1169 3006 1341 3046 necne
1379 3007 1393 3042 :
1445 2992 1570 3060 quia
1601 2994 1693 3060 qui
1743 2992 1846 3046 hoc
1877 2993 2038 3046 modo

455 3085 739 3146 discernit,
771 3085 871 3138 hoc
892 3093 974 3137 est
1011 3083 1142 3153 (7t),
1165 3084 1254 3152 qui
1280 3084 1496 3138 dubitat
1529 3097 1708 3136 utrum
1732 3097 1860 3138 vere
1887 3099 2041 3136 mun—

2139 513 2250 569 Hoc
2298 513 2440 567 idem
2486 524 2571 566 est
2598 512 2741 580 quod
2773 521 2829 564 et
2875 512 2930 565 in
2967 497 3090 564 aliis
3137 511 3311 564 dicit:
3349 509 3469 563 Sive
3493 509 3721 562 mandup

2137 604 2298 668 cutis,
2327 605 2433 658 sive
2460 603 2658 664 bibitis,
2687 601 2793 654 sive
2820 599 2968 653 aliud
3009 599 3138 670 quid
3185 597 3385 668 facitis,
3437 599 3615 651 omnia
3647 597 3719 650 ad

2132 698 2358 765 gloriam
2397 693 2491 747 Dei
2525 693 2686 762 facite
2709 691 2778 746 “.
2813 691 2916 745 Sed
2952 691 3198 760 requirat
3232 683 3432 758 aliquis
3458 689 3502 742 si
3529 698 3584 742 et
3606 689 3719 742 bte-

2137 788 2290 844 retici
2322 803 2446 857 quae
2485 785 2718 849 faciunt,
2757 785 2884 852 quia
2919 785 3216 838 secundum
3247 784 3352 838 hoc
3397 784 3546 852 quod
3596 797 3720 838 cre—

2135 881 2272 935 dunt
2304 881 2535 942 faciunt,
2567 893 2634 933 ex
2669 877 2772 932 fide
2798 876 2978 931 facere
3009 877 3347 930 credantur:
3391 891 3461 928 an
3496 875 3622 944 quia
3653 874 3719 928 ﬁ-

2134 975 2230 1029 des
2279 974 2423 1041 apud
2461 971 2585 1026 illos
2619 971 2759 1025 mala
2815 978 2901 1024 est
2943 967 3081 1040 (75),
3124 983 3289 1023 omne
3320 968 3464 1037 quod
3512 967 3720 1022 faciunt

2133 1075 2420 1134 peccatum
2451 1061 2917 1132 pronuntiandum
2953 1061 3048 1125 sit,
3079 1062 3208 1130 quia
3271 1075 3377 1114 non
3409 1062 3470 1114 lit
3493 1077 3560 1114 ex
3587 1059 3716 1115 ﬁde.

2137 1157 2247 1226 Ego
2275 1164 2403 1224 puto
2426 1154 2642 1208 illorum
2668 1152 3046 1206 credulitatem
3068 1150 3328 1221 appellari
3352 1151 3522 1220 magis
3553 1165 3718 1218 quam

2135 1261 2260 1300 esse
2303 1247 2490 1300 ﬁdem.
2541 1244 2695 1299 Sicut
2742 1244 2884 1298 enim
2923 1244 3404 1314 pseudoprophetis:
3437 1241 3570 1297 falso
3613 1258 3718 1297 no-

2137 1337 2282 1391 mine
2315 1337 2587 1392 interdum
2609 1337 2887 1406 propheta:
2908 1335 3288 1404 appellantur;
3313 1345 3366 1389 et
3385 1335 3518 1390 falsa
3541 1335 3720 1390 scien-

2137 1427 2230 1491 tia,
2263 1429 2493 1482 scientia
2541 1429 2786 1494 dicitur;
2829 1439 2884 1482 et
2920 1428 3055 1483 falsa
3106 1427 3394 1498 sapientia,
3451 1428 3716 1498 sapientia

2134 1521 2361 1574 abusive
2412 1523 2766 1576 nominatur:
2801 1521 2876 1574 ita
2912 1531 2967 1574 et
3000 1521 3384 1576 hmreticorum
3429 1519 3721 1574 credulitas

2137 1613 2276 1667 falso
2307 1614 2527 1668 nomine
2563 1614 2700 1668 ﬁdes
2727 1614 3056 1683 appellatur.
3089 1613 3240 1669 Unde
3285 1613 3582 1669 videndum
3633 1621 3718 1666 est

2136 1719 2202 1757 ne
2248 1703 2390 1760 forte
2424 1705 2589 1760 etiam
2637 1707 2685 1761 si
2731 1708 2862 1774 quid
2897 1707 3020 1760 honi
3049 1707 3234 1775 operis
3267 1707 3408 1776 apud
3446 1707 3569 1762 illos
3601 1704 3716 1776 geri

2135 1797 2370 1860 videtur,
2406 1798 2536 1865 quia
2568 1813 2676 1853 non
2717 1802 2780 1854 tit
2811 1814 2880 1854 ex
2916 1800 3038 1862 de,
3091 1809 3447 1854 convertatur
3491 1799 3543 1852 in
3588 1813 3718 1869 pec-

2133 1899 2334 1948 catum.
2373 1891 2518 1944 sicut
2549 1898 2605 1944 et
2638 1890 2706 1943 de
2732 1891 2968 1958 quodam
2997 1891 3199 1945 dictum
3225 1898 3344 1944 est:
3376 1888 3506 1944 Fiat
3544 1891 3718 1944 oratio

2133 1980 2248 2050 ejus
2273 1983 2328 2034 in
2367 1991 2640 2046 peccatum
2663 1980 2732 2036 ".
2771 1981 2867 2034 Est
2911 1981 3184 2035 interdum
3221 1992 3275 2034 et
3327 1983 3553 2036 castitas
3598 1996 3719 2048 qua:

2136 2087 2242 2124 non
2277 2081 2358 2124 est
2391 2085 2456 2124 ex
2487 2071 2616 2133 ﬁde,
2647 2085 2841 2124 eorum
2889 2071 3154 2124 duntaxat
3183 2072 3272 2136 qui
3301 2073 3580 2124 attendunt
3609 2071 3718 2138 spi-

2135 2163 2326 2214 ritibus
2365 2163 2731 2215 seductoribus
2757 2171 2805 2214 et
2842 2163 3102 2220 doctrinis
3128 2164 3512 2215 dwmoniorum
3543 2163 3599 2216 in
3622 2161 3719 2232 hy-

2133 2253 2328 2321 pocrisi
2389 2252 2531 2320 falsa
2582 2251 2954 2322 loquentium,
3009 2254 3358 2306 cauteriotam
3415 2256 3719 2310 habentium

2135 2344 2535 2404 conscientiam,
2578 2345 2971 2410 prohibentium
3013 2346 3224 2408 nubere,
3260 2356 3308 2399 et
3340 2345 3718 2400 abstinentiam

2135 2455 2191 2492 se
2219 2454 2252 2490 a
2285 2437 2414 2490 cibis
2437 2453 2568 2506 quos
2595 2435 2736 2489 Deus
2759 2439 2954 2491 creavit
2979 2438 3045 2490 ⁵⁸.
3077 2437 3170 2492 Est
3193 2452 3324 2507 ergo
3351 2449 3408 2492 et
3430 2439 3562 2492 falsa
3590 2439 3719 2495 ﬁdes

2136 2526 2250 2598 (76)
2294 2542 2484 2582 eorum
2519 2527 2609 2593 qui
2648 2528 2792 2580 circa
2835 2527 2997 2596 ﬁdem
3036 2529 3483 2598 naufragarerunt
3515 2532 3592 2590 "’;
3637 2540 3723 2585 est

2136 2632 2192 2675 et
2225 2621 2359 2674 falsa
2385 2621 2674 2690 sapientia,
2705 2621 2866 2690 hujus
2897 2622 3110 2676 scilicet
3134 2623 3335 2685 mundi,
3355 2631 3410 2676 et
3425 2625 3721 2691 principum

2136 2711 2294 2780 hujus
2321 2713 2506 2764 mundi
2538 2710 2607 2775 ⁵ο,
2637 2725 2760 2779 qua:
2789 2713 3118 2764 destruetur.
3157 2711 3309 2766 Sicut
3342 2712 3487 2766 enim
3536 2714 3724 2780 pirata

2136 2804 2308 2857 solent
2337 2805 2390 2856 in
2422 2805 2555 2856 mari
2584 2805 2636 2857 in
2664 2804 2796 2858 locis
2843 2803 3058 2858 vadosis
3089 2805 3432 2874 occultisque
3459 2807 3720 2874 sc0pulis,

2137 2910 2234 2965 per
2259 2897 2558 2949 obscurum
2591 2896 2768 2950 noctis
2801 2896 2982 2950 lumen
3035 2898 3359 2963 accendere,
3411 2914 3519 2964 quo
3571 2899 3720 2952 navi-

2139 3002 2333 3059 gantes
2363 2993 2463 3047 sub
2516 3007 2610 3061 spe
2643 2989 2990 3060 conl‘ugiendi
3026 2991 3091 3044 ad
3133 3001 3349 3060 portum
3403 2991 3618 3056 salutis,
3655 2993 3722 3045 ad

2141 3084 2422 3148 naufragia
2465 3085 2786 3154 perditionis
2814 3085 3084 3150 invitent;
3124 3086 3200 3138 ita
3256 3093 3312 3138 et
3362 3085 3503 3138 istud
3537 3085 3718 3137 lumen

457 3178 586 3230 dum
621 3177 693 3230 sit
743 3193 810 3230 an
867 3177 1205 3230 immundum
1240 3180 1382 3243 quod
1423 3177 1610 3238 sumit,
1669 3177 1770 3229 iste
1819 3191 1884 3229 ex
1925 3177 2038 3244 ipsa
2065 3154 2109 3213 θ
2147 3177 2298 3230 falsae
2323 3178 2606 3244 sapientia:
2631 3162 2716 3230 vel
2752 3177 2901 3230 falsae
2937 3177 3059 3230 ﬁdei
3096 3192 3123 3230 a
3155 3176 3493 3246 principibus
3535 3175 3721 3229 mundi

456 3270 625 3324 animi
654 3269 736 3323 sui
765 3269 1106 3324 dubitatione
1132 3269 1470 3322 conscientia
1506 3278 1772 3336 arguente
1810 3269 2040 3321 damna-

459 3371 566 3416 tur.
601 3361 830 3417 Causam
863 3376 1080 3430 quoque
1107 3358 1266 3426 hujus
1284 3361 1653 3414 damnationis
1681 3361 1928 3428 exponit,
1958 3359 2040 3412 di-

457 3468 627 3510 cens:
661 3453 800 3520 Quia
833 3469 939 3507 non
973 3469 1039 3506 ex
1075 3453 1179 3506 ﬁde
1209 3453 1446 3506 sumitur
1469 3451 1604 3522 1⁸12),
1635 3454 1728 3506 sed
1761 3453 1947 3520 utique
1973 3467 2038 3506 ex

459 3547 818 3600 dubitatione.
853 3545 920 3599 Et
947 3555 1068 3613 post
1093 3545 1209 3598 hate
1237 3545 1544 3612 generalem
1589 3559 1750 3612 super
1779 3545 2037 3598 omnibus

457 3639 783 3692 sententiam
815 3639 1068 3705 proponit
1088 3637 1224 3705 (75),
1244 3637 1430 3689 dicens
1460 3652 1474 3688 :
1510 3633 1674 3688 Omne
1698 3637 2038 3705 autemquod

457 3744 563 3782 non
593 3736 668 3781 est
697 3744 762 3782 ea:
791 3728 916 3793 ﬁde,
949 3738 1218 3796 peccatum
1246 3737 1342 3779 est.
1380 3727 1433 3778 In
1467 3727 1570 3780 hoc
1605 3743 1861 3781 sermone
1909 3743 2035 3781 cre-

457 3820 702 3875 dentium
743 3835 1088 3889 quorntnqne
1123 3820 1458 3889 negligentes
1491 3829 1546 3874 et
1573 3821 1790 3874 desides
1831 3822 2039 3874 animus

458 3912 678 3966 vinculo
706 3912 942 3966 arctiore
981 3912 1305 3981 constringit
1334 3911 1472 3980 (74),
1511 3921 1570 3965 ut
1599 3912 1736 3966 nihil
1761 3913 1882 3968 sine
1935 3914 2038 3966 tide

459 4013 642 4074 agant,
683 4005 818 4057 nihil
869 4005 1076 4072 absque
1125 4003 1230 4057 ﬁde
1271 4005 1476 4064 dicunt,
1516 3993 1878 4070 nec'absque
1935 4004 2040 4056 title

460 4095 666 4164 aliquid
697 4096 979 4164 cogitent:
1013 4095 1138 4164 quia
1164 4095 1280 4149 sive
1321 4095 1448 4164 quid
1481 4097 1722 4166 gesseris
1751 4095 1868 4150 sine
1910 4094 2038 4158 ﬁde,

2143 3268 2504 3336 etspiritibus
2530 3269 2677 3322 aeris
2705 3267 2864 3336 hujus
2892 3271 3230 3333 accenditur,
3277 3283 3382 3322 non
3430 3285 3526 3338 per
3578 3269 3722 3337 quod

2142 3361 2401 3425 evadant,
2436 3359 2530 3412 sed
2560 3373 2655 3428 per
2682 3361 2828 3428 quod
2859 3370 3083 3426 pereant
3117 3360 3368 3414 homines
3410 3361 3593 3412 mundi
3621 3361 3721 3412 1111-

2134 3449 2224 3518 jus
2248 3449 2446 3505 ﬂuctus
2475 3462 2533 3504 et
2559 3453 2682 3505 vine
2713 3453 2936 3520 pelagus
2963 3453 3308 3520 navigantes.
3360 3453 3432 3504 De
3473 3453 3574 3513 his,
3605 3451 3723 3519 opi-

2146 3557 2266 3604 nor,
2303 3543 2496 3611 piratis
2527 3543 2740 3597 dicebat
2770 3551 2826 3597 et
2857 3545 2996 3597 Job:
3041 3544 3266 3612 Sagittae
3295 3546 3589 3614 piratarum
3611 3545 3726 3616 ejus

2143 3653 2305 3703 super
2358 3652 2438 3688 me
2491 3643 2739 3689 venerunt
2767 3636 2837 3693 ".
2880 3637 2942 3690 Et
2989 3638 3060 3691 ob
3107 3639 3208 3691 hoc
3261 3638 3514 3691 nimirum
3561 3640 3724 3692 etiam

2146 3729 2260 3797 ipse
2309 3727 2508 3781 Paulus
2555 3729 2834 3796 apostolus
2882 3729 3035 3794 dicit,
3090 3729 3218 3797 quia
3252 3739 3306 3781 et
3339 3732 3451 3798 ipse
3489 3731 3726 3784 Satanas

2145 3819 2490 3888 transfigurat
2528 3835 2582 3872 se
2626 3821 2682 3873 in
2722 3819 2966 3888 angelum
2997 3820 3131 3873 lucis
3155 3820 3202 3851 ⁸⁸
3232 3820 3365 3890 (77).
3425 3821 3720 3890 Propterea

2143 3927 2273 3980 ergo
2301 3911 2617 3980 navigantes
2646 3913 2769 3964 vita:
2793 3911 2954 3977 hujus
2984 3913 3179 3978 undas,
3204 3928 3308 3967 non
3337 3913 3486 3966 omni
3509 3913 3720 3977 lumini,

2147 4003 2198 4056 id
2233 4012 2320 4054 est
2375 4018 2480 4054 non
2515 4003 2660 4056 0111111
2695 4005 2979 4070 sapientiae
3013 4007 3240 4060 credere
3267 4005 3570 4071 “debemus;
3629 4007 3724 4061 sed

2147 4096 2289 4148 sicut
2341 4104 2524 4149 monet
2557 4096 2882 4164 Apostolus,
2924 4099 3162 4166 probare
3215 4101 3456 4168 spiritus,
3512 4099 3604 4170 qui
3658 4116 3725 4154 ex

534 4277 763 4352 {'ﬁom.
791 4292 906 4352 ny.
929 4277 1163 4352 22,251
1181 4279 1227 4310 “‘
1255 4278 1400 4333 Psal.
1435 4295 1470 4343 l,
1500 4279 1546 4352 1.
1578 4279 1647 4352 ’⁸δῄ
1668 4279 1810 4332 Psal.
1835 4296 2024 4346 cxrm,
2048 4283 2096 4335 1.
2155 4283 2200 4314 ⁸⁸
2233 4283 2248 4336 I
2277 4284 2403 4340 Cor.
2439 4284 2586 4347 x,5l.
2641 4285 2684 4316 υ
2714 4286 2856 4340 Psal.
2883 4303 3038 4351 cvm,
3073 4287 3123 4341 7.
3178 4287 3225 4319 "
3251 4286 3435 4342 lTim.
3467 4304 3542 4352 tv,
3575 4289 3630 4352 2,
3663 4285 3718 4339 5.

463 4349 508 4382 “
545 4348 733 4404 lTim.
776 4363 814 4414 t,
847 4349 934 4402 i9.
1009 4349 1054 4380 ⁸ο
1085 4349 1249 4404 lCor.
1277 4365 1341 4414 tt,
1363 4353 1420 4404 ti.
1498 4349 1538 4380 ⁸³
1568 4349 1671 4404 Job
1713 4367 1786 4413 γι.
1820 4354 1876 4405 4.

1953 4353 1998 4384 δ’
2023 4353 2062 4406 11
2091 4355 2216 4410 Cor.
2261 4370 2338 4415 1|,
2379 4355 2460 4408 14.

535 4523 652 4601 (67_)_
679 4525 847 4601 Omne
873 4535 1044 4601 autem
1083 4527 1220 4601 quod
1257 4537 1466 4601 nonest
1513 4543 1579 4582 ex
1601 4528 1727 4598 ﬁde,
1767 4541 2038 4597 peccaturi:
2073 4535 2115 4589 D
2146 4546 2248 4585 ms.
2287 4529 2490 4601 Regius
2534 4550 2686 4590 num.
2721 4535 2862 4591 1659
2894 4547 2949 4591 et
2996 4536 3258 4593 Rabanns
3301 4539 3503 4594 rectius
3555 4550 3616 4593 ut
3669 4539 3722 4592 in

466 4609 565 4651 est.
613 4597 738 4651 tlzec
777 4597 1162 4652 desiderantur
1189 4599 1242 4650 in
1269 4598 1450 4662 editis,
1481 4609 1537 4652 et
1579 4603 1942 4654 restituuntur
1970 4616 2038 4654 ex

467 4683 598 4722 IIISS.

537 4735 650 4808 (68)
672 4734 770 4788 Ille
787 4751 935 4808 ergo,
953 4737 1078 4806 quia
1111 4754 1213 4790 non
1238 4739 1470 4808 ambulat
1494 4740 1548 4792 in
1575 4739 1656 4791 via
1679 4748 2043 4804 peccatorum:

467 4807 572 4868 hic,
601 4809 724 4876 quia
759 4807 992 4858 ambulat
1027 4808 1082 4858 in
1124 4809 1232 4876 lege
1272 4807 1509 4876 Domini,
1543 4810 1723 4861 beatus
1769 4822 1865 4862 est.
1919 4809 2043 4864 Haec

469 4875 960 4947 prmtertnittnntnr
989 4877 1039 4929 in
1063 4875 1244 4931 editis.
1271 4875 1524 4931 Rabanns
1549 4894 1832 4947 perperam
1861 4881 2045 4942 habet,

466 4947 653 5000 inutile
677 4945 858 4998 beatus
892 4957 965 4998 est
997 4947 1084 5016 qui
1107 4964 1209 4999 non
1241 4956 1342 5000 stat
1367 4949 1424 5000 in
1449 4949 1534 5000 uia
1552 4945 1922 5015 peccatorum,
1943 4953 2036 5003 sic-

465 5027 524 5068 ut
553 5017 642 5068 ille
675 5017 763 5084 qui
797 5017 1082 5068 meditatur
1107 5017 1336 5083 quotidie
1376 5020 1428 5070 in
1468 5018 1580 5084 lege
1617 5019 1828 5070 Domini
1859 5020 2040 5073 beatus

467 5095 565 5155 est.
609 5084 704 5142 Ms.
732 5083 935 5154 Regius
967 5101 1116 5139 num.
1159 5087 1318 5150 1659,
1346 5088 1434 5141 hic
1459 5083 1588 5155 quia
1612 5089 1851 5140 ambulat
1878 5091 1932 5142 in
1959 5091 2038 5143 uia

467 5154 588 5210 Dei.
625 5155 728 5208 Sed
762 5155 945 5208 caeteri
979 5170 1110 5209 mss.
1140 5169 1287 5212 recte
1321 5167 1379 5207 nt
1419 5154 1480 5209 in
1503 5167 1612 5211 uost
1627 5173 1686 5210 ro
1721 5167 1890 5212 textu.

539 5223 649 5295 (69)
677 5225 780 5295 Ms.
809 5223 1011 5292 Regius
1045 5242 1195 5280 1111111.
1234 5226 1390 5286 1659.
1421 5227 1677 5281 Itahanus
1701 5237 1754 5280 et
1783 5227 1913 5281 editi
1939 5228 2036 5282 lia-

468 5293 618 5368 hent,
663 5294 818 5348 Multi
864 5303 983 5368 sunt
1031 5297 1124 5365 qui
1165 5298 1410 5365 probant,
1450 5298 1651 5351 omisso
1683 5298 1845 5364 enim,
1889 5301 2030 5368 quod

471 5365 648 5417 lerunt
679 5380 808 5418 mss.
844 5363 1042 5433 plures.

541 5433 652 5505 (70)
683 5434 842 5505 Deest
866 5443 914 5487 at
947 5435 998 5488 in
1024 5433 1205 5505 editis.

542 5501 654 5573 (71)
705 5501 820 5556 Hoc
858 5513 956 5557 est.
1011 5502 1293 5558 Omittitnr
1345 5503 1400 5559 in
1450 5504 1606 5560 libris
1643 5516 1802 5559 antea
1857 5506 2044 5565 editis.

472 5570 679 5626 Deinde
710 5575 870 5627 iidem
919 5574 1088 5638 editi,
1133 5574 1234 5628 iste
1271 5589 1335 5628 ea:
1379 5576 1546 5628 animi
1581 5577 1666 5628 sui
1711 5577 2044 5634 dubitatione

473 5643 791 5712 conscientia
842 5657 1056 5710 urgente
1113 5645 1421 5696 damnatur.
1461 5642 1694 5697 Causam
1736 5663 1880 5712 vero,
1931 5659 2038 5703 etc.

473 5709 601 5766 Mss.
632 5713 851 5774 quidam
881 5709 1080 5770 habent
1097 5714 1282 5774 etiam.
1307 5714 1631 5770 conscientia
1655 5709 1893 5786 urgente,
1944 5720 2041 5776 sed

2149 4612 2264 4654 IIOSI
2279 4617 2336 4652 I‘t)
2363 4615 2532 4659 IEXlll.

2360 4673 2497 4746 Editi
2523 4684 2577 4728 et
2604 4689 2736 4746 mss_.
2778 4675 3042 4744 plerique,
3083 4679 3332 4746 quoniam
3378 4694 3482 4730 non
3515 4693 3580 4730 ea:
3618 4677 3725 4743 ﬁde

2147 4740 2362 4794 dicitur.
2389 4741 2488 4798 Ms.
2533 4759 2662 4796 vero
2704 4740 2907 4812 Regius
2939 4740 3106 4800 1111111.⁷
3137 4749 3276 4802 11159
3316 4752 3519 4802 rectius
3563 4740 3627 4799 ut
3669 4750 3720 4801 in

2149 4821 2322 4887 textu.
2359 4812 2562 4887 Deinde
2587 4813 2842 4887 ltabanus
2873 4817 3112 4887 restituit
3141 4820 3342 4885 utique,
3380 4818 3524 4887 quod
3561 4821 3725 4872 omit-

2151 4881 2282 4933 titur
2312 4881 2363 4932 in
2396 4885 2556 4937 editis
2579 4896 2633 4935 et
2659 4883 2712 4935 in
2739 4885 2992 4939 onmibns
3019 4903 3149 4940 mss.

2223 4949 2333 5022 (75)
2366 4952 2504 5004 Editi
2549 4953 2664 5006 alii.
2712 4969 2868 5019 super
2904 4958 3084 5008 omnia
3126 4955 3439 5010 sententiam
3474 4960 3721 5024 exponit;

2151 5021 2240 5074 alii
2260 5061 2274 5082 ,
2301 5037 2457 5089 super
2479 5024 2708 5075 omnium
2735 5025 3007 5078 scientiam
3025 5027 3260 5092 exponit.
3299 5027 3424 5081 Mss.
3455 5021 3583 5080 vero
3607 5029 3722 5090 alii,

2144 5105 2304 5152 super
2339 5107 2514 5143 omnes
2565 5092 2700 5160 (alii,
2727 5110 2883 5160 super
2916 5098 3173 5219 omnium.)
3207 5098 3520 5150 sententiam
3555 5100 3722 5164 ponit.

2144 5161 2253 5214 Sed
2311 5163 2518 5214 rectius
2567 5179 2668 5215 tus.
2724 5161 2925 5219 Regius
2963 5182 3116 5218 1111111.
3179 5165 3284 5219 659
3329 5179 3387 5219 111.
3434 5169 3486 5219 111
3533 5179 3722 5219 nostra

2144 5161 2253 5214 Sed
2311 5163 2518 5214 rectius
2567 5179 2668 5215 ms.
2724 5161 2925 5233 Regius
2963 5161 3284 5220 1111111.1659
3329 5179 3387 5220 111.
3434 5169 3486 5220 in
3533 5161 3725 5222 nostro

2144 5238 2312 5284 textu.

2216 5299 2342 5381 (7i).
2367 5300 2527 5381 Editi,
2571 5303 2990 5370 quorumdam...
3017 5305 3223 5359 animos
3264 5307 3478 5359 vinculo
3515 5307 3723 5360 acriore

2148 5379 2479 5438 constringit.

2197 5438 2332 5516 ΠΒ)
2351 5439 2459 5516 115.
2487 5440 2683 5508 Regius
2706 5441 3028 5516 num._l639
3049 5485 3064 5512 ,
3099 5443 3248 5500 nulla
3269 5457 3368 5501 est.
3395 5445 3566 5502 Paulo
3600 5453 3722 5516 post

2145 5510 2321 5582 editi,‘
2435 5522 2628 5579 puto...
2662 5529 2819 5582 quam
2845 5513 3023 5581 ﬁdem.

2219 5577 2331 5656 (ῖς)
2361 5577 2618 5656 Martinus
2643 5577 2696 5636 et
2717 5577 3120 5656 Genehrardus,
3147 5596 3197 5640 et
3227 5587 3320 5640 illa
3360 5590 3514 5656 ﬁdes,
3559 5585 3722 5640 male.

2147 5649 2529 5788 mgggljditi,
2565 5653 2700 5708 sicut
2732 5655 2980 5724 angelum
3014 5654 3168 5711 lucis.
3207 5649 3372 5712 Paulo
3405 5669 3526 5728 post
3557 5657 3725 5712 omit-
