4150 6408
389 366 524 419 ηδτ

1344 364 1702 424 COMMENT.
1743 363 1811 417 IN
1852 363 2074 419 EPIST.
2112 362 2203 415 AD
2244 362 2412 418 ROM.
2449 362 2579 418 LIB.
2621 364 2691 421 Χ.

3515 368 3654 424 1258

385 484 496 537 Deo
532 492 650 537 sunt
674 483 720 515 ³⁸
745 482 881 553 (78).
923 481 990 536 Et
1022 482 1142 536 ideo
1166 480 1426 537 debemus
1458 484 1827 538 indesinenter
1854 496 1970 553 pre-
1999 487 2045 543 Α
2074 490 2237 535 ventu
2268 479 2498 535 fratrum
2532 490 2587 536 et
2616 480 2872 536 Ecclesia:
2913 482 3178 538 societate
3211 483 3511 553 depellant.
3551 484 3656 551 Qui

385 575 501 629 cari
531 573 793 629 auxilium
830 574 1063 636 Domini,
1096 584 1155 626 et
1183 589 1411 641 sperare
1439 575 1585 642 quod
1623 576 1737 644 ipse
1771 575 1968 643 eripiet

387 681 486 720 nos
517 666 587 720 de
623 666 816 733 laqueo
846 664 1186 730 venantium,
1220 675 1279 719 ut
1310 676 1363 720 et
1394 682 1492 719 nos
1518 666 1801 719 dicamus:
1829 665 1965 732 Quia

386 762 567 812 anima
614 769 791 812 nostra
832 760 968 812 sicut
1011 775 1194 827 passer
1230 767 1406 824 erepta
1439 767 1518 811 est
1551 760 1615 810 tle
1648 758 1835 828 laqueo
1877 775 1965 813 ve-

388 854 630 905 nantium
649 868 668 907 :
698 852 918 920 laqueus
946 853 1209 906 contritus
1231 863 1328 914 est,
1355 860 1404 905 et
1421 868 1514 904 nos
1531 851 1740 904 liberati
1760 867 1963 905 sumus.

387 945 727 1014 Adjutorium
775 956 1016 997 nostrum
1067 947 1122 999 in
1171 945 1381 998 nomine
1423 943 1659 1008 Domini,
1715 944 1805 1013 qui
1843 943 1965 1013 fecit

386 1036 573 1090 caelum
598 1047 645 1089 et
675 1046 871 1090 terram
901 1037 948 1068 ⁸⁸
975 1036 1111 1106 (79).

455 1128 510 1184 6.
585 1129 837 1182 Debemus
894 1139 1069 1183 autem
1134 1144 1229 1182 nos
1289 1127 1553 1195 ﬁrmiores
1623 1126 1968 1181 imbecillita—

385 1235 461 1278 tes
503 1222 664 1294 67!
696 1222 1027 1291 inﬁrmorum
1077 1221 1352 1285 sustinere,
1399 1230 1448 1273 et
1480 1237 1583 1273 non
1633 1221 1780 1273 nobis
1845 1221 1965 1289 pla-

386 1333 517 1370 cere.
562 1315 928 1385 Unusquisque
955 1325 1180 1368 uestrum
1220 1315 1459 1382 proximo
1514 1314 1715 1379 placeat
1763 1314 1817 1366 in
1875 1314 1966 1367 bo-

387 1426 453 1461 no
491 1407 602 1477 (80)
634 1408 701 1459 ad
730 1407 1154 1472 ludiﬁcationem.
1194 1406 1336 1458 Nam
1367 1416 1412 1458 et
1447 1404 1689 1481 Christus
1730 1420 1833 1458 non
1864 1406 1966 1458 sibi

384 1500 583 1568 placuit
612 1515 633 1562 ;
671 1501 763 1551 sed
797 1500 932 1552 sicut
968 1497 1222 1563 scriptum
1267 1508 1379 1548 est:
1407 1495 1738 1563 lmproperia
1768 1496 1967 1564 impro-

382 1591 681 1660 perantium
705 1589 799 1643 tibi
826 1590 1121 1643 ceciderunt
1139 1584 1306 1655 'super
1336 1604 1439 1640 me.
1465 1586 1800 1655 Quwcunque
1826 1589 1966 1640 enim

382 1684 580 1751 scripta
604 1691 746 1744 sunt,
771 1682 840 1734 ad
880 1690 1113 1734 nostram
1151 1680 1449 1732 doctrinam
1483 1679 1682 1742 scripta
1734 1691 1877 1746 sunt,
1907 1688 1964 1732 ut

383 1791 476 1843 per
499 1774 808 1842 patientiam
836 1782 886 1827 et
936 1771 1344 1827 consolationem
1386 1768 1791 1837 ‘Scripturarum
1822 1789 1962 1840 spem

385 1869 670 1922 habeamus
689 1870 752 1924 ⁵⁵,
772 1865 1002 1920 Videtur
1028 1864 1079 1918 in
1130 1864 1218 1919 his
1261 1862 1458 1917 Paulus
1511 1864 1725 1916 ﬁrmum
1758 1874 1960 1918 semet-

382 1959 559 2027 ipsum
596 1958 967 2025 pronuntiare,
1000 1957 1141 2011 sicut
1172 1956 1307 2009 etin
1343 1957 1515 2024 prima
1548 1958 1614 2010 ad
1652 1955 1966 2012 Corinthios

380 2052 534 2115 dicit,
567 2051 692 2118 quia
727 2050 901 2119 factus
932 2066 1046 2103 sum
1078 2049 1306 2117 inﬁrmis
1345 2047 1613 2117 inﬁrmus,
1646 2061 1701 2102 ut
1724 2049 1964 2113 inﬁrmos

381 2141 790 2196 lucrarer“.Et
827 2141 900 2195 ibi
942 2142 1087 2196 enim
1117 2156 1224 2194 non
1260 2156 1320 2195 se
1354 2143 1486 2196 dicit
1516 2141 1790 2195 inﬁrmum
1819 2155 1962 2205 esse,

379 2231 475 2285 sed
505 2232 620 2285 ﬁeri
651 2231 922 2285 inﬁrnmm
954 2247 968 2285 :
1000 2241 1057 2285 et
1090 2246 1193 2285 non
1219 2231 1432 2299 utique.
1466 2231 1510 2285 si
1540 2230 1790 2284 inﬁrmus
1832 2231 1965 2286 fuis-

378 2330 480 2384 set,
514 2322 627 2374 ﬁeri
678 2323 943 2390 potuisset
977 2322 1247 2375 inﬁrmus.
1275 2320 1380 2376 Sed
1432 2337 1629 2375 nones
1676 2323 1779 2377 hoc
1820 2322 1964 2378 acci-

379 2414 497 2481 pias
531 2415 641 2486 (81)
674 2430 798 2469 enm
828 2415 979 2482 quasi
1011 2415 1387 2469 immemorem
1414 2415 1654 2468 mandati
1682 2415 1823 2471 illius
1860 2416 1961 2471 loci

375 2520 487 2575 quo
515 2505 753 2560 dicitur:
790 2505 992 2560 Laudet
1033 2517 1084 2561 te
1125 2509 1398 2575 proximus
1440 2518 1650 2570 tuus,et
1683 2524 1788 2560 non
1813 2518 1962 2562 tuum

377 2612 469 2660 os;
515 2607 792 2650 extraneas
818 2637 834 2663 ,
865 2606 914 2649 et
955 2613 1059 2650 non
1105 2606 1198 2650 tua
1249 2598 1393 2651 labia
1425 2596 1489 2643 ⁸⁷.
1526 2595 1640 2650 Νοιι
1684 2612 1816 2666 ergo
1864 2612 1962 2665 pro

378 2687 539 2742 laude
568 2687 807 2757 propria,
844 2689 935 2742 sed
974 2704 1072 2757 pro
1114 2704 1295 2743 rerum
1332 2691 1717 2759 consequentia
1740 2688 1959 2743 ﬁrmum

377 2781 728 2849 semetipsum
772 2783 1115 2850 pronuntiat.
1163 2782 1219 2836 Si
1265 2783 1412 2836 enim
1471 2783 1586 2849 ipse
1637 2781 1959 2837 humilitatis

375 2874 557 2943 specie
581 2875 725 2928 inter
753 2875 937 2928 ﬁrmos
965 2875 1193 2930 vitasset
1222 2876 1569 2937 enumerari,
1613 2877 1734 2942 quis
1772 2891 1839 2930 ex
1873 2876 1960 2931 his

374 2971 467 3039 qui
500 2970 729 3024 aliorum
765 2970 1112 3025 inﬁrmitates
1150 2979 1373 3039 portare
1404 2971 1691 3035 deberent,
1722 2968 1952 3025 auderet

373 3064 558 3117 subire
591 3065 731 3117 istud
760 3063 946 3124 ofﬁcii,
980 3073 1038 3117 nt
1065 3065 1219 3132 quasi
1264 3062 1454 3118 ﬁrmus
1488 3064 1604 3133 ipse
1632 3064 1957 3135 lragilitates

2072 572 2213 628 enim
2241 573 2344 628 hoc
2371 573 2525 640 facit,
2553 589 2660 629 non
2691 583 2775 629 est
2801 575 3044 629 imitator
3078 576 3220 630 illius
3248 577 3314 630 de
3342 592 3450 645 quo
3488 577 3659 632 Isaias

2065 673 2196 729 dicit
2231 690 2244 725 :
2285 672 2404 741 Ipse
2444 670 2780 739 inﬁrmitates
2818 681 3022 725 nostras
3057 682 3253 742 portat,
3286 683 3334 727 et
3365 689 3462 742 pro
3502 674 3650 726 nobis

2065 764 2201 818 dolet
2229 764 2373 829 (83);
2404 772 2453 816 et
2485 780 2576 816 nos
2597 762 2911 827 putabamus
2939 780 3057 817 eum
3082 765 3138 819 in
3158 764 3334 817 dolore
3364 781 3491 824 esse,
3524 773 3572 817 et
3596 764 3647 814 in

2069 850 2250 918 plaga,
2287 857 2339 902 et
2364 850 2420 902 in
2442 848 2798 920 amictione".
2833 849 2986 915 Quod
3008 848 3052 904 si
3083 848 3334 906 Christus
3371 863 3549 921 portat
3572 853 3655 906 in-

2072 942 2359 995 ﬁrmitates
2405 952 2653 1003 nostras,
2708 950 2762 995 et
2810 940 2953 995 Deus
3000 941 3272 1011 patienter
3317 941 3424 996 fert
3455 942 3651 999 delicta

2070 1042 2280 1096 nostra,
2314 1034 2588 1101 quomodo
2621 1045 2677 1088 et
2711 1050 2809 1089 nos
2836 1048 3025 1089 eorum
3079 1034 3170 1102 qui
3221 1034 3382 1102 paulo
3427 1034 3654 1089 inferio-

2070 1136 2158 1175 res
2185 1123 2298 1192 (84)
2339 1123 2588 1177 videntur
2617 1138 2961 1194 nequaquam
2994 1123 3190 1178 delicta
3216 1135 3270 1179 et
3294 1124 3656 1194 negligenttas

2071 1213 2409 1267 toleramus?
2440 1212 2553 1267 lloc
2581 1225 2668 1269 est
2696 1215 2951 1270 nimirum
2978 1215 3151 1283 ipsmn
3187 1214 3461 1270 Christum
3491 1231 3653 1271 aver-

2071 1314 2185 1359 tere
2212 1304 2280 1358 ab
2334 1306 2438 1359 hoc
2486 1305 2706 1371 allecto,
2746 1323 2814 1361 ne
2866 1318 3082 1377 portare
3126 1308 3257 1361 velit
3307 1308 3655 1363 inﬁrmitates

2070 1406 2307 1452 nostras.
2363 1397 2530 1452 Nemo
2577 1399 2720 1452 enim
2774 1401 2844 1453 ita
2894 1400 3172 1468 perfectus
3220 1412 3327 1465 est,
3361 1403 3452 1471 qui
3511 1403 3653 1471 apud

2070 1489 2237 1544 Deum
2268 1489 2324 1543 in
2352 1489 2538 1559 aliquo
2562 1507 2668 1544 non
2697 1492 3009 1546 inveniatur
3030 1493 3296 1554 inﬁrmus,
3328 1504 3384 1548 et
3406 1504 3656 1562 portetur

2068 1598 2097 1636 a
2132 1584 2382 1648 Christo;
2415 1595 2469 1638 et
2499 1584 2621 1639 ideo
2651 1586 3014 1657 sympathiam
3044 1586 3219 1656 magis
3249 1587 3301 1640 in
3337 1588 3441 1642 hoc
3468 1587 3651 1650 docet,

2069 1676 2120 1728 id
2157 1684 2244 1731 est
2271 1676 2505 1744 compati
2550 1676 2783 1732 invicem
2816 1677 2927 1748 (85)
2968 1687 3023 1733 et
3054 1678 3372 1744 coudolere,
3425 1680 3567 1734 sicut
3597 1693 3654 1734 et

2071 1768 2123 1820 in
2155 1768 2277 1822 aliis
2298 1770 2533 1825 scribit:
2570 1771 2841 1824 Donantes
2884 1771 3028 1824 vobis
3073 1772 3293 1824 invicem
3322 1771 3519 1826 delicta
3563 1789 3652 1828 ue-

2068 1874 2205 1928 stra,
2233 1865 2370 1917 sicut
2394 1873 2442 1918 et
2484 1864 2625 1919 Deus
2672 1866 2727 1918 in
2753 1862 2960 1918 Christo
3002 1864 3215 1918 donavit
3263 1865 3406 1919 vobis
3445 1866 3513 1920 ‘°.
3540 1866 3652 1921 lloc

2069 1963 2246 2010 autem
2276 1971 2383 2010 non
2414 1956 2616 2011 idcirco
2642 1957 2981 2025 principium
3008 1956 3383 2026 delinquentes
3420 1958 3649 2021 nutriat,

2068 2058 2124 2101 et
2170 2047 2510 2102 inﬁrmantes
2563 2047 2897 2118 indulgentia
2946 2047 3151 2102 laxiore
3196 2049 3309 2118 (86)
3350 2048 3647 2111 dissolvat;

2066 2142 2160 2195 sed
2180 2126 2376 2194 'sciens
2400 2143 2663 2210 quoniam
2704 2142 2748 2197 si
2794 2153 3041 2215 portetur
3081 2143 3355 2207 inﬁrmus,
3384 2154 3479 2196 aut
3531 2158 3653 2197 eru-

2068 2232 2245 2286 bescit
2270 2233 2473 2286 diutius
2503 2235 2735 2303 portari,
2760 2244 2816 2288 et
2856 2234 3082 2305 corrigit
3112 2235 3301 2288 vitium
3324 2236 3649 2306 delinquen-

2067 2323 2153 2388 di;
2189 2335 2286 2377 aut
2319 2325 2362 2377 si
2388 2326 2683 2380 ememlare
2718 2341 2777 2381 se
2805 2343 2913 2379 non
2945 2327 3107 2391 valet,
3133 2328 3241 2381 erit
3270 2337 3417 2382 certe
3444 2328 3650 2382 fructus

2068 2416 2168 2469 iste
2202 2418 2470 2483 portantis
2498 2434 2648 2483 eum,
2676 2421 2821 2488 quod
2868 2435 2972 2474 non
3019 2419 3235 2489 proﬁcit
3270 2421 3322 2473 in
3349 2421 3522 2490 pejus.
3551 2434 3651 2475 uec

2066 2507 2359 2575 semetipso
2386 2508 2625 2563 deterior
2663 2510 2921 2572 ellicitnr,
2958 2512 3101 2565 sicut
3130 2511 3203 2565 illi
3249 2514 3315 2566 de
3345 2514 3544 2581 quibus
3568 2514 3653 2567 di-

2065 2597 2141 2651 cit
2163 2599 2453 2665 Apostolus
2477 2601 2521 2632 “
2554 2622 2565 2656 :
2598 2600 2840 2671 Nequam
2866 2616 3042 2656 autem
3062 2604 3300 2658 homines
3326 2616 3373 2657 et
3402 2606 3651 2659 seducto-

2066 2707 2148 2744 res
2172 2691 2446 2760 proﬁcient
2487 2695 2598 2765 (87)
2635 2696 2691 2747 in
2742 2698 2914 2765 pejus,
2963 2696 3267 2750 sedurentes
3314 2707 3362 2750 et
3389 2706 3648 2753 errantes.

2065 2784 2338 2839 Debemus
2365 2796 2547 2840 autem
2597 2789 2664 2841 ad
2718 2790 2767 2841 id
2794 2789 2938 2857 quod
2985 2789 3330 2843 inﬁrmitates
3372 2800 3653 2857 portamus

2065 2877 2430 2945 inﬁrmorum,
2485 2880 2684 2935 addere
2715 2884 2880 2935 etiam
2918 2882 3041 2946 hoc,
3094 2893 3154 2936 ut
3194 2897 3301 2935 non
3334 2882 3488 2936 nobis
3522 2882 3654 2951 ipsis

2063 2968 2401 3038 placeamus,
2428 2970 2523 3024 sed
2552 2971 2815 3036 proximo,
2848 2971 2902 3024 in
2933 2973 3066 3025 bona
3094 2981 3324 3036 tantum,
3352 2981 3407 3026 et
3437 2972 3506 3025 ad
3520 2973 3655 3026 teda.

2060 3056 2364 3124 licationem
2393 3058 2463 3115 “.
2488 3058 2779 3113 Philautim
2814 3061 3024 3123 vitium,
3065 3062 3115 3116 id
3142 3073 3226 3117 eSt
3260 3063 3363 3117 sibi
3398 3062 3499 3132 ipsi
3537 3062 3656 3131 pla-

374 3153 709 3207 inlirmorum
741 3152 881 3207 ferre
923 3155 1229 3208 niteretur?
1261 3155 1366 3209 Sed
1401 3156 1523 3209 ideo
1548 3170 1836 3211 commune
1866 3155 1943 3210 fa-
1981 3190 2025 3246 Ο
2060 3151 2222 3205 cendi
2260 3159 2317 3206 et
2347 3152 2401 3206 in
2451 3151 2572 3205 aliis
2616 3150 2800 3221 culpat
2835 3157 3095 3221 propheta
3152 3171 3278 3208 cum
3333 3155 3469 3210 dicit
3500 3173 3514 3208 :
3563 3155 3654 3209 Vat

371 3247 448 3300 cit
481 3246 623 3301 istud
654 3245 906 3321 alliciunt,
956 3255 1014 3299 ut
1060 3248 1439 3315 unusquisque
1471 3256 1719 3301 nostrum
1759 3249 1812 3302 in
1845 3263 1956 3316 quo

373 3350 568 3408 potest,
603 3322 949 3396 etiamsi‘non
986 3339 1038 3392 in
1070 3338 1345 3402 omnibus,
1373 3349 1553 3393 tamen
1587 3339 1640 3393 in
1667 3353 1776 3408 quo
1805 3339 1956 3394 vide-

378 3434 468 3480 tur
514 3426 719 3479 [irmior
766 3427 1009 3496 proximo
1039 3442 1139 3482 suo
1178 3442 1328 3491 esse,
1372 3434 1552 3496 portet
1583 3426 1954 3483 inﬁrmitatem

379 3517 527 3585 ejus;
558 3516 699 3571 sicut
736 3526 791 3572 et
836 3518 893 3570 in
935 3517 1053 3572 aliis
1089 3517 1219 3572 dicit
1252 3534 1264 3569 :
1307 3518 1535 3572 Invicem
1572 3534 1735 3573 onera
1778 3529 1952 3572 vestra

379 3619 586 3679 portate
607 3608 673 3662 ⁸⁸.
694 3608 801 3664 Sed
823 3609 1037 3664 videtur
1057 3626 1216 3663 onera
1237 3610 1327 3664 hic
1348 3626 1445 3679 pro
1466 3612 1742 3679 corporeis
1763 3625 1958 3667 neces-

372 3701 630 3756 sitatibus
663 3703 991 3769 nominasse,
1019 3712 1079 3757 ut
1104 3703 1149 3759 si
1183 3703 1309 3771 quis
1342 3702 1396 3757 in
1427 3702 1785 3756 facultatibus
1810 3716 1949 3771 opn-

374 3789 571 3847 lentior
608 3803 710 3855 est,
761 3809 899 3850 onus
944 3793 1287 3863 pauperioris
1338 3800 1536 3860 portet,
1577 3802 1633 3846 et
1666 3793 1975 3879 penuriam‘

374 3883 581 3939 soletur
607 3886 961 3942 abundantia.
984 3884 1040 3938 In
1078 3900 1144 3940 eo
1176 3900 1309 3940 vero
1339 3884 1429 3938 ubi
1461 3883 1630 3947 dicit,
1661 3890 1721 3936 ut
1748 3880 1976 3939 ﬁrmioq/

373 3990 463 4032 res
505 3976 839 4032 inﬁrmorum
869 3979 1174 4033 sustineant
1223 3977 1594 4036 inﬁrmitates.
1645 3991 1751 4031 non
1805 3975 1953 4028 aliud

373 4064 600 4138 intelligi
625 4080 822 4136 pmest,
852 4084 1014 4138 quam
1050 4080 1108 4121 ut
1144 4083 1207 4122 ea
1253 4069 1304 4121 in
1332 4067 1531 4136 quibus
1555 4068 1644 4121 alii
1681 4081 1776 4137 per
1808 4068 1956 4120 inﬁr-

373 4160 617 4215 mitatem
654 4162 1011 4232 delinquunt,
1045 4161 1381 4215 robustiores
1431 4162 1634 4229 quique
1679 4162 1951 4228 patienter

374 4251 572 4316 ferant,
608 4265 661 4306 et
689 4270 792 4307 non
823 4255 1078 4306 continuo
1110 4261 1373 4320 Spernant
1399 4267 1517 4317 eos,
1545 4252 1826 4320 abjiciant,
1852 4252 1949 4305 ab-

371 4346 716 4408 borrescant,
741 4347 784 4400 si
823 4344 962 4402 forte
996 4348 1049 4401 in
1079 4348 1261 4415 aliquo
1295 4346 1634 4399 inﬁrmitatis
1667 4345 1800 4400 vitio
1832 4344 1949 4398 vin-

368 4446 585 4504 cuntur,
617 4452 793 4510 neque
812 4439 913 4515 sub
942 4439 1054 4511 (8‘2)
1085 4440 1265 4509 specie
1288 4437 1527 4509 purioris
1563 4438 1708 4501 vitm,
1741 4452 1770 4490 a
1817 4450 1948 4491 con-

435 4575 483 4608 ⁸³
512 4573 705 4631 lJoan.
735 4589 809 4637 tv,
845 4574 896 4629 1.
971 4574 1019 4606 ⁸⁸
1045 4572 1188 4627 Psal.
1219 4588 1412 4633 cxxm,
1443 4572 1497 4626 7.
1527 4572 1579 4627 8.

363 4658 440 4710 vr,
467 4645 520 4699 2.
595 4645 641 4676 ⁸³
674 4646 772 4700 Isa.
799 4660 918 4710 ιιιι,
945 4644 1001 4698 4.

1635 4570 1857 4625 "Rom.
1910 4572 2061 4635 ΜΛ
2100 4585 2215 4638 seq.

1082 4644 1124 4675 ⁶⁰
1146 4641 1339 4712 Ephes.
1366 4658 1439 4708 Iv,
1467 4641 1555 4696 52.
1624 4641 1732 4694 “ll
1775 4640 1916 4695 Tim.
1946 4657 2027 4704 Ill,
2068 4640 2156 4695 15.

2059 3247 2139 3298 his
2163 3243 2255 3311 qui
2294 3242 2438 3311 apud
2464 3246 2772 3311 semetipsos
2790 3245 3059 3313 sapientes
3087 3254 3231 3309 sunt,
3263 3254 3313 3299 et
3341 3246 3398 3298 in
3429 3262 3650 3315 conspe-

2061 3346 2149 3390 ctu
2169 3351 2267 3387 suo
2300 3334 2497 3388 eruditi
2520 3335 2586 3388 ⁸³.
2615 3336 2881 3391 Similiter
2909 3351 3041 3404 ergo
3068 3345 3117 3390 et
3151 3336 3203 3390 in
3229 3336 3333 3391 hoc
3360 3352 3652 3406 possumus

2062 3427 2245 3481 dicere
2274 3443 2289 3479 :
2320 3424 2411 3480 Vae
2439 3425 2524 3480 his
2563 3429 2652 3495 qui
2685 3426 2924 3495 sibiipsis
2968 3428 3209 3496 placent,
3240 3436 3296 3481 et
3328 3428 3382 3482 in
3415 3442 3649 3497 conspe-

2061 3527 2152 3573 ctu
2182 3534 2282 3573 suo
2323 3518 2451 3574 boni
2484 3519 2762 3573 videntur.
2793 3516 3021 3588 Oportet
3067 3520 3210 3573 enim
3251 3521 3302 3574 in
3354 3532 3646 3590 εοιιερθοιιι

2064 3610 2155 3663 Dei
2206 3611 2383 3678 primo
2428 3609 2667 3679 placere,
2709 3612 2948 3665 secundo
2975 3610 3141 3663 etiam
3184 3611 3466 3678 proximis.
3495 3610 3648 3666 Sicut

2061 3703 2204 3755 enim
2251 3703 2484 3772 primum
2525 3714 2611 3758 cst
2659 3703 2885 3772 diligere
2929 3701 3216 3756 Dominum
3247 3702 3439 3766 Deum,
3467 3715 3524 3757 et
3561 3721 3648 3759 se-

2059 3791 2238 3844 cundo
2271 3791 2596 3858 proximum,
2627 3792 2699 3846 ita
2732 3801 2787 3846 et
2837 3791 3072 3859 primum
3104 3791 3216 3864 (88)
3248 3792 3466 3863 placere
3507 3791 3643 3856 Deo.

2059 3880 2299 3937 secundo
2321 3884 2484 3937 etiam
2511 3884 2795 3953 proximis.
2839 3884 2945 3939 Sed
2976 3882 3210 3939 fortasse
3258 3886 3409 3939 dicat
3451 3887 3649 3957 aliquis

2058 3976 2337 4030 contraria
2366 3976 2468 4031 sibi
2505 3975 2731 4031 Paulum
2778 3979 2963 4032 dicere
2996 3977 3048 4031 in
3082 3992 3146 4032 eo
3182 3978 3329 4048 quod
3349 3979 3510 4049 jubet
3547 3995 3647 4035 nos

2059 4065 2275 4136 placere
2303 4067 2588 4136 proximis,
2619 4067 2710 4136 qui
2753 4068 2804 4121 in
2835 4068 2956 4122 aliis
2981 4068 3181 4122 dixerit
3215 4086 3228 4121 :
3258 4067 3372 4139 Ego
3397 4070 3442 4122 si
3474 4070 3646 4124 homi-

2057 4159 2210 4213 nibus
2239 4159 2519 4229 placerent,
2551 4160 2749 4214 Christi
2774 4176 2950 4215 servus
2999 4174 3104 4213 non
3136 4175 3303 4214 essent
3333 4162 3397 4216 “.
3441 4162 3506 4216 Et
3540 4166 3643 4216 utio

2055 4266 2162 4320 que
2188 4252 2314 4307 huic
2339 4252 2623 4307 sententia:
2646 4254 2863 4306 videtur
2883 4266 3005 4307 esse
3028 4254 3391 4316 contrarium,
3414 4265 3471 4309 ut
3487 4270 3645 4309 unus-

2054 4344 2273 4415 quisque
2332 4356 2578 4400 nostrum
2619 4344 2861 4414 proximo
2895 4344 3119 4413 placeat,
3152 4352 3208 4397 et
3242 4345 3387 4414 quod
3428 4349 3480 4398 In
3515 4346 3644 4402 aliis

2058 4437 2189 4490 dicit
2228 4453 2244 4491 :
2276 4434 2424 4491 Sicut
2453 4448 2502 4491 et
2543 4455 2636 4506 ego
2683 4436 2921 4490 erunibus
2955 4451 3046 4504 per
3078 4435 3256 4489 omnia
3296 4434 3478 4502 placeo
3504 4435 3639 4509 (89),

2291 4570 2338 4601 "
2364 4570 2379 4623 l
2407 4571 2532 4626 Cor.
2571 4586 2650 4631 Ix,
2684 4570 2774 4623 22.
2839 4567 3254 4634 "Prov.xxvn,
3281 4569 3337 4622 2.
3382 4570 3428 4602 ⁵⁸
3459 4572 3639 4629 Galat.

2235 4639 2279 4670 “
2309 4642 2463 4695 ltotn.
2496 4657 2586 4706 xv,
2628 4642 2685 4695 2.
2761 4641 2806 4672 ⁵³
2831 4640 3118 4698 Isa.V.2l.
3194 4640 3238 4671 “
3271 4637 3444 4695 Galat.
3479 4656 3518 4707 ι,
3551 4642 3638 4700 10.

437 4762 550 4834 (78)
588 4762 751 4827 Editi,
787 4761 1002 4834 probate
1031 4760 1248 4829 spiritus
1279 4761 1518 4834 quodex
1539 4758 1647 4834 Deo
1665 4769 1804 4811 sunt.
1829 4756 1936 4834 Sed
1969 4764 2014 4817 Ι)
2046 4755 2556 4834 ιιιεβηριλῐὶθιιιιιιιιε
2587 4758 3138 4834 utnin_nnstro_t_e_xt_u.

365 4830 556 4888 omnes
590 4848 721 4886 mss.
756 4841 813 4884 ut
840 4833 892 4884 in
917 4842 1102 4887 nostro
1127 4842 1300 4896 textu,
1338 4830 1440 4885 nisi
1475 4831 1622 4898 quod
1658 4845 1802 4883 unus
1841 4830 1938 4881 ba-

365 4903 511 4961 beat,
549 4904 594 4955 si
619 4919 683 4956 ea:
706 4901 813 4955 Deo
835 4912 977 4955 sunt.

436 4972 548 5044 (79)
577 4971 644 5025 Et
680 4989 773 5044 πρε
814 4970 1018 5044 liberati
1058 4987 1272 5044 sumus.
1315 4968 1655 5044 Adjutorium
1701 4979 1936 5044 nostrum

364 5042 422 5096 in
445 5037 671 5096 'no'mine
719 5040 949 5099 Domini.
978 5042 1069 5110 qui
1109 5040 1233 5109 fecit
1275 5037 1462 5095 caelum
1483 5048 1532 5092 et
1561 5051 1777 5092 terram.
1813 5037 1936 5092 licet:

365 5112 750 5166 desiderantur
780 5113 832 5163 in
855 5111 1020 5165 editis
1037 5121 1093 5166 et
1128 5112 1489 5165 restituuntur
1513 5125 1579 5164 ex
1615 5124 1744 5161 mss.

436 5181 546 5253 (8υ)
591 5179 956 5251 Unusquisque
988 5192 1215 5234 veslrttm
1247 5182 1342 5248 (al.
1390 5178 1650 5253 nostrum)
1698 5178 1938 5253 proximo

363 5247 565 5319 placeat
596 5253 651 5304 in
690 5247 842 5317 bono,
868 5247 996 5313 etc.,
1024 5265 1195 5313 usque
1229 5247 1293 5303 ad
1324 5267 1466 5317 spem
1499 5247 1804 5313 habeamus,
1843 5247 1929 5300 de-

362 5334 488 5376 sunt
517 5323 568 5375 in
597 5333 753 5375 antea
772 5322 951 5384 editis,
983 5323 1081 5376 sed
1112 5322 1469 5375 restituuntur
1498 5334 1564 5373 ex
1597 5334 1726 5373 mss.

431 5392 544 5457 (81)
588 5391 1012 5460 Editi,aspicias.
1037 5390 1242 5445 Deinde
1261 5389 1579 5458 tns.Regius
1608 5404 1754 5460 nutu.
1774 5386 1934 5452 1659,

361 5462 599 5514 mandati
648 5462 792 5532 illius
826 5457 876 5515 et
907 5463 1101 5532 eloquii
1134 5479 1236 5532 quo
1271 5457 1497 5519 dicitur}
1529 5470 1633 5514 etc.
1680 5457 1786 5512 Sed
1831 5472 1937 5512 ca:-

364 5534 461 5585 teri
491 5548 650 5593 mss.,
683 5531 938 5585 ltabmms
967 5531 1018 5586 et
1049 5531 1198 5596 editi,
1235 5532 1367 5586 utin
1400 5537 1570 5586 textu.

431 5602 543 5673 (82)
583 5600 723 5673 Sub.
754 5604 912 5673 Deest
941 5605 992 5656 in
1033 5603 1213 5657 editis.

431 5671 545 5741 (83)
587 5672 751 5735 Editi,
779 5672 983 5728 dolens.

433 5738 545 5818 (84)
567 5742 751 5818 Δᾑίιιῇιὶ,
772 5742 1109 5809 inﬁrmiores.
1138 5743 1357 5818 Deinde,
1379 5739 1490 5796 lloc
1514 5742 1651 5818 enim
1684 5738 1930 5818 nimirum

361 5813 529 5882 ipsum
556 5813 822 5866 Christum
851 5824 1080 5866 avertere
1109 5823 1184 5866 est
1217 5816 1279 5867 ab
1313 5814 1427 5879 hoc,
1460 5823 1568 5870 ctc.
1607 5813 1713 5868 Sed
1744 5828 1933 5869 onnies

556 5908 828 5970 Ρηιιοι..
872 5909 986 5970 Gn.
1036 5907 1206 5973 XlV.

2118 4826 2230 4897 (85)
2276 4824 2369 4880 Sic
2399 4843 2528 4880 mss.
2556 4839 2609 4881 et
2640 4827 2917 4881 Rabanus.
2947 4827 3086 4879 Edtti
3117 4838 3263 4888 vero,
3294 4834 3341 4878 et
3367 4826 3485 4878 ideo
3517 4842 3636 4879 ma-

2044 4898 2123 4966 gis
2149 4898 2204 4947 in
2229 4897 2324 4966 hoc
2357 4899 2498 4951 decet
2532 4899 2714 4950 itidem
2749 4897 3248 4966 compatiinvlcent,
3275 4908 3382 4966 etc.

2117 4966 2227 5038 (86)
2266 4964 2511 5038 Laxiore.
2536 4967 2630 5021 Sic
2657 4982 2788 5020 mss.
2818 4982 2871 5020 et
2898 4965 3171 5038 Rabanns.
3190 4964 3357 5038 lflditi,
3377 4964 3630 5038 largiore.

2048 5033 2250 5090 Deinde
2296 5037 2458 5090 iidem
2493 5038 2645 5102 editi,
2691 5038 2737 5089 si
2778 5052 2882 5088 non
2922 5036 3078 5105 (mss.
3126 5033 3369 5105 quidam,
3399 5037 3538 5104 quod
3584 5038 3636 5091 si

2044 5106 2170 5177 non)
2200 5106 2408 5177 proﬁcit
2436 5108 2490 5159 in
2528 5107 2698 5177 pejus.
2735 5106 2839 5159 Sed
2876 5104 3078 5158 rectius
3113 5118 3216 5177 ins.
3244 5104 3445 5175 Regtus
3477 5122 3631 5164 num.

2048 5176 2185 5230 1659
2214 5188 2268 5230 et
2300 5176 2553 5229 [tabanus
2586 5176 2725 5229 utin
2760 5187 2928 5229 testu.
3113 5176 3116 5180 ’

2116 5246 2228 5319 (87)
2269 5245 2434 5307 Editi,
2473 5244 2821 5319 Nequaquam
2859 5255 3034 5298 autem
3067 5243 3300 5319 homines
3331 5247 3631 5319 seductores
3704 5242 3707 5245 ’

2116 5263 2228 5319 (δι)
2269 5263 2434 5307 nutu,
2473 5263 2654 5315 nequa
2699 5263 2821 5298 nam
2859 5263 3034 5298 autem
3067 5263 3300 5297 ηοιιιιηεδ
3331 5263 3630 5300 seauctores

2043 5318 2342 5385 proﬁcient,
2392 5326 2499 5371 etc.
2539 5318 2635 5371 Ms.
2661 5263 2869 5386 l(iratius
2913 5332 3063 5369 num.
3100 5315 3236 5369 1659
3265 5313 3630 5382 etRabanus,

2041 5388 2346 5456 proﬁciunt.

2117 5454 2229 5531 (88)
2264 5456 2434 5522 Editi,
2464 5454 2611 5511 Sicut
2642 5458 2811 5527 primo
2845 5463 2923 5511 est
2952 5454 3266 5525 diligere....
3298 5456 3373 5509 ita
3423 5465 3471 5510 et
3512 5458 3630 5525 pri-

2044 5544 2149 5588 mo.
2177 5539 2284 5583 81C.

2117 5599 2230 5671 (89)
2272 5598 2436 5662 Editi,
2464 5600 2818 5671 unusquisque
2835 5597 3076 5664 proximo
3105 5612 3200 5671 suo
3225 5597 3460 5671 placeat,
3486 5595 3628 5662 quod

2042 5670 2099 5722 in
2122 5668 2244 5723 aliis
2268 5671 2395 5726 dicit
2429 5684 2448 5722 :
2475 5668 2621 5723 Sicut
2662 5679 2711 5723 et
2746 5686 2839 5739 ego
2861 5685 2954 5738 per
2977 5670 3156 5722 omnia
3180 5668 3479 5723 hominibus
3507 5673 3629 5736 μίαν

2042 5758 2150 5808 ceo,
2181 5754 2286 5796 etc.

3233 5901 3311 5961 1ιο
