4150 6470
465 389 484 439 1
497 385 604 440 259

1925 387 2251 443 ORIGENIS

3599 392 3742 448 1260

461 525 563 560 non
594 523 836 576 quazrens
862 508 1003 577 quod
1023 508 1153 561 mihi
1184 508 1311 562 utile
1332 518 1430 574 est,
1461 509 1556 563 sed
1587 512 1728 580 quod
1763 509 1962 577 multis,
1984 520 2039 563 ut
2068 517 2115 570 Α
2145 511 2449 564 ceciderunt
2494 527 2653 577 super
2699 527 2778 566 me
2807 512 2876 565 ⁷⁸.
2910 510 3062 577 Quod
3102 512 3408 567 evidentius
3457 512 3545 567 ﬁet
3583 515 3626 568 si
3671 529 3734 568 ea

457 597 593 652 salvi
621 598 840 666 ﬁant“.
861 597 1154 653 Dicendum
1181 613 1311 669 ergo
1349 601 1415 653 ad
1451 599 1588 666 haec,
1613 603 1739 668 quia
1779 599 1923 656 aliud
1961 611 2047 656 est

460 690 696 744 studium
734 690 938 746 habere
987 692 1234 761 placendi
1285 693 1595 748 hominibus
1631 703 1689 747 ut
1731 693 1943 749 laudem
1975 695 2044 749 ab

458 781 539 836 eis
563 795 792 852 quaerat,
815 792 867 838 et
891 783 1035 838 aliud
1057 793 1142 838 est
1161 786 1398 838 studium
1431 785 1634 840 habere
1671 786 1913 855 placendi
1950 788 2045 840 ho-

458 873 696 928 minibus
719 875 774 928 in
798 889 866 929 eo
897 885 953 929 ut
983 876 1094 929 vita
1135 892 1231 930 sua
1265 877 1759 946 irreprehensibilis
1799 879 1869 932 sit
1899 883 2041 946 apud

461 967 732 1030 homines,
765 975 819 1022 et
857 969 1152 1037 proﬁciant
1186 985 1251 1023 ex
1288 983 1354 1023 eo
1389 984 1582 1024 omnes
1619 971 1707 1038 qui
1741 971 1824 1025 vel
1860 971 2044 1026 vident

462 1060 620 1112 talem
651 1060 736 1113 vel
777 1061 1024 1115 audiunt.
1059 1061 1134 1114 lbi
1183 1077 1312 1133 ergo
1337 1063 1657 1132 placendum
1692 1080 1796 1118 non
1832 1077 1916 1120 est
1944 1067 2042 1120 ho-

457 1151 716 1214 minibus,
752 1151 841 1205 ubi
870 1162 1056 1206 contra
1082 1151 1242 1207 ﬁdem
1265 1153 1416 1224 (90),
1452 1163 1639 1208 contra
1675 1155 2035 1222 honestatem,

456 1251 646 1297 contra
672 1242 990 1311 religionem
1021 1253 1105 1298 est
1133 1244 1183 1298 in
1216 1259 1328 1314 quo
1361 1245 1679 1315 placeatur;
1712 1257 1766 1302 et
1798 1247 1920 1302 ideo
1958 1249 2038 1302 di-

454 1335 549 1397 cit,
577 1335 712 1398 Quia
742 1336 787 1386 si
816 1335 1116 1389 hominibus
1146 1335 1424 1403 placerem,
1446 1338 1547 1392 hoc
1561 1348 1644 1393 est
1667 1340 1961 1395 incredulis
1981 1352 2036 1395 et

452 1426 762 1481 infidelibus
785 1427 948 1498 672
977 1426 1198 1493 ludatis,
1223 1428 1422 1482 Christi
1447 1447 1622 1484 servus
1656 1447 1759 1484 non
1785 1448 1948 1485 essem
1970 1433 2033 1486 “.

455 1517 511 1573 Si
545 1519 688 1572 enim
711 1519 971 1574 voluisset
1007 1517 1205 1573 Paulus
1230 1521 1676 1589 placereJudacis,
1714 1523 2034 1578 Damascum

452 1627 577 1665 cum
619 1611 869 1680 epistolis
902 1613 1099 1666 missus
1144 1614 1394 1667 traxisset
1427 1615 1611 1683 utique
1643 1616 1788 1670 viros
1818 1629 1873 1670 et
1917 1634 2036 1670 mll-

452 1703 612 1756 lieres
652 1703 864 1758 vinctos
912 1701 1322 1775 Jerosolymam,
1355 1714 1410 1760 et
1454 1707 1650 1760 visioni
1705 1707 1896 1762 delata:
1930 1710 2033 1764 sibi

452 1795 505 1848 in
541 1796 624 1849 via
659 1794 737 1859 ⁸⁷,
761 1795 1080 1864 caelestique
1120 1796 1237 1850 voci
1275 1797 1387 1868 (9|)
1423 1799 1642 1852 minime
1690 1801 2032 1854 credidisset.

451 1885 557 1940 Sed
587 1897 641 1941 et
671 1887 713 1940 si
741 1888 862 1954 quis
897 1903 995 1942 nos
1030 1887 1234 1957 aliquid
1267 1903 1426 1957 agere
1453 1891 1623 1958 exigit
1663 1901 1848 1945 contra
1872 1892 2034 1961 justi-
2064 1881 2108 1938 Β
2139 1892 2250 1944 rint
2309 1906 2471 1960 super
2498 1891 2810 1952 .Christum
2852 1908 2868 1955 ;

452 1979 604 2044 tiam,
645 1986 833 2032 contra
859 1980 1227 2044 sanctitatem,
1263 1989 1450 2034 contra
1485 1981 1725 2051 regulam
1771 1981 2031 2036 Christia-

450 2087 594 2136 nam,
617 2081 674 2124 et
697 2071 806 2125 nisi
836 2073 938 2126 hoc
965 2087 1190 2142 agamus
1220 2073 1341 2126 odia
1383 2082 1438 2127 et
1468 2072 1783 2127 inimicitias
1811 2075 2030 2128 minita-

451 2173 557 2227 tur,
584 2173 714 2218 tuuc
741 2174 958 2233 oportet
984 2179 1082 2218 nos
1112 2165 1424 2219 meminisse
1445 2165 1606 2234 hujus
1636 2168 1907 2220 sermonis
1937 2167 2029 2236 qui

447 2254 576 2308 dicit
600 2272 612 2308 :
635 2255 694 2310 Si
720 2256 1019 2310 hominibus
1039 2255 1242 2323 placere
1276 2256 1476 2320 uellem,
1505 2255 1703 2311 Christi
1726 2276 1903 2312 seri-us
1929 2276 2030 2312 non

445 2365 612 2404 essem
634 2349 701 2401 ⁸⁸.
739 2347 874 2403 Cttm
904 2357 1088 2402 autem
1116 2349 1315 2402 dicitur
1346 2369 1358 2403 :
1395 2349 1763 2422 Unusquisque
1805 2363 2031 2407 uestrum

445 2444 689 2512 proximo
738 2443 946 2512 placeat
975 2441 1039 2504 θ’,
1091 2443 1402 2497 necessaria
1437 2445 1711 2499 distinctio
1759 2448 2023 2510 sociatur,

444 2549 567 2602 quae
601 2533 653 2586 in
697 2548 803 2601 quo
831 2531 942 2603 (92)
996 2531 1319 2601 placendum
1358 2535 1429 2587 sit
1474 2536 1721 2602 proximo
1749 2537 2035 2592 evidenter

447 2625 687 2680 ostendit
722 2640 844 2680 cum
872 2623 1007 2678 dicit
1035 2641 1049 2676 :
1077 2623 1144 2678 In
1181 2625 1316 2679 bono
1343 2625 1412 2678 ad
1439 2628 1866 2696 cedi/irationem.
1898 2631 2032 2686 Cum

443 2734 575 2787 ergo
609 2719 746 2772 bene
781 2718 1014 2785 agimus,
1043 2726 1098 2770 et
1127 2717 1263 2771 bene
1287 2717 1564 2780 docemus,
1599 2720 1874 2789 placemus
1909 2739 2034 2792 pro-

447 2813 618 2876 ximo,
658 2820 713 2866 et
741 2810 1078 2864 aediﬁcamus
1106 2824 1252 2866 eum.
1286 2810 1402 2865 Non
1426 2813 1568 2867 enim
1597 2813 1824 2884 gloriam
1853 2817 1920 2870 ab
1947 2818 2038 2872 ho-

449 2906 687 2960 minibus
719 2906 1066 2974 quaerendam
1114 2914 1330 2970 monet,
1360 2905 1454 2958 sed
1505 2905 1918 2963 aediﬁcationem
1971 2912 2038 2966 de

446 3004 572 3048 actu
612 3009 668 3050 et
701 3010 950 3050 sermone
985 3007 1172 3050 nostro
1207 2995 1472 3064 proximis
1501 2997 1771 3064 dandam;
1801 2999 1942 3054 sicut
1977 3013 2032 3056 et

443 3089 498 3140 in
519 3101 584 3142 eo
611 3087 752 3156 quod
781 3087 912 3141 dicit
944 3086 1348 3154 Salvator"°,ttt
1366 3090 1534 3144 luceat
1555 3091 1648 3144 lux
1668 3103 1835 3145 vestra
1858 3110 2037 3147 coram

443 3181 766 3244 hominibus,
792 3192 838 3234 et
857 3181 1086 3234 videntes
1120 3180 1230 3251 (95)
1246 3197 1404 3250 opera
1442 3191 1614 3236 vestra
1649 3183 1801 3249 bona,
1827 3184 2035 3252 glori/i-

2151 618 2273 674 quaz
2310 604 2361 658 in
2393 603 2684 674 Evangelio
2715 605 2915 675 scripta
2942 616 3068 660 sunt
3099 605 3426 670 recolamus,
3459 609 3734 677 quomodo

2153 704 2210 746 ut
2238 694 2521 762 prodesset
2572 695 2901 758 hominibus,
2927 706 2982 750 et
3011 696 3190 750 salvos
3224 695 3430 750 laceret
3472 713 3586 760 eos,
3609 714 3731 752 cum

2152 785 2534 854 peccatoribus
2573 794 2628 838 et
2659 785 2966 854 publicanis
3004 787 3369 841 manducabat
3407 798 3459 841 et
3492 787 3733 853 bibebat,

2150 887 2206 932 et
2239 879 2306 931 ad
2363 877 2476 932 haec
2516 877 2947 946 improperantes
2982 876 3152 934 Judaei
3197 881 3454 936 dicebant
3500 898 3514 934 :
3555 881 3737 946 Quare

2151 973 2399 1041 magister
2439 983 2602 1025 vester
2632 989 2750 1025 cum
2805 971 3103 1041 publicanis
3130 984 3176 1026 et
3199 977 3558 1043 peccatoribus
3581 993 3734 1030 man-

2148 1071 2306 1118 ducat
2330 1066 2375 1096 ⁷³
2409 1065 2432 1117 ?
2467 1064 2550 1117 vel
2605 1065 2800 1118 iterum
2851 1080 2973 1118 cum
3035 1069 3391 1135 peccatricem
3449 1067 3730 1122 mulierem

2148 1173 2254 1212 non
2315 1158 2637 1226 prohibebat
2691 1164 3004 1229 contingere
3058 1163 3220 1229 pedes
3265 1175 3425 1225 suos,
3464 1171 3518 1214 et
3557 1159 3735 1230 lacry-

2149 1251 2250 1304 mis
2296 1251 2407 1304 suis
2459 1250 2590 1321 (91))
2638 1252 2852 1320 rigare,
2897 1254 2981 1306 vel
3038 1253 3245 1322 capillis
3299 1255 3611 1322 detergere,
3667 1269 3733 1307 ac

2148 1342 2364 1411 myrrha
2422 1354 2770 1409 perungere;
2805 1351 2858 1394 et
2906 1356 3002 1408 pro
3057 1341 3159 1395 hoc
3201 1341 3631 1411 improperantes
3678 1349 3735 1392 et

2145 1433 2546 1501 exprobrantes
2579 1431 2748 1487 Judrei
2800 1435 3073 1496 dicebant,
3114 1435 3240 1503 quia
3267 1435 3312 1486 si
3364 1435 3448 1486 hic
3478 1433 3732 1501 propheta

2145 1534 2299 1585 esset,
2324 1524 2478 1576 sciret
2510 1525 2687 1592 utique
2709 1541 2826 1592 qua:
2853 1535 2900 1578 et
2926 1526 3098 1594 qualis
3126 1533 3204 1576 est
3237 1524 3424 1576 mulier
3452 1537 3568 1592 qua:
3606 1531 3730 1575 tan-

2143 1618 2216 1686 git
2246 1632 2384 1678 eum,
2415 1618 2539 1685 quia
2584 1619 2853 1683 peccatrix
2876 1627 2951 1670 est
2981 1617 3046 1670 ⁷⁸.
3074 1615 3227 1683 Quod
3263 1616 3304 1668 si
3354 1616 3601 1684 requiras
3629 1630 3730 1667 cur

2143 1709 2447 1776 exemplum
2481 1708 2621 1778 quod
2653 1709 2718 1762 de
2747 1707 2962 1765 Psalmo
2999 1708 3220 1776 protulit
3254 1706 3390 1778 (97),
3427 1708 3499 1759 ita
3533 1707 3730 1762 habeat

2143 1801 2297 1868 quasi
2333 1800 2662 1868 improperia
2713 1815 2834 1868 qua:
2865 1801 3306 1870 improperentur
3354 1801 3484 1861 Deo,
3514 1800 3730 1855 cecide-

2915 1893 2988 1945 ita
3054 1908 3340 1963 possumus
3389 1893 3726 1960 explanare;

2133 1985 2256 2051 quia
2305 1984 2445 2036 sicut
2491 1983 2624 2036 dixit
2665 1983 2815 2048 :Qui
2861 2000 2944 2038 me
2990 1986 3213 2053 recipit,
3257 1985 3583 2053 recipiteum
3635 1986 3729 2053 qui

2131 2091 2213 2127 me
2257 2075 2396 2126 misit
2416 2073 2481 2139 ⁷³,
2511 2075 2582 2126 ita
2612 2083 2667 2128 et
2696 2075 2797 2129 hoc
2828 2076 2998 2144 accipi
3037 2085 3216 2146 potest
3254 2094 3267 2129 :
3299 2077 3432 2142 Quia
3470 2076 3560 2144 qui
3593 2075 3726 2131 mihi

2134 2169 2486 2237 improperat,
2512 2167 2846 2235 itnprOperat
2873 2169 2920 2220 ei
2946 2167 3038 2238 qui
3067 2167 3218 2221 misit
3258 2183 3343 2221 me
3371 2168 3504 2237 (98).
3541 2167 3731 2221 Exem-

2132 2259 2279 2330 plum
2322 2273 2450 2327 ergo
2482 2257 2626 2326 quod
2674 2258 2995 2327 assumpsit,
3044 2259 3096 2312 in
3141 2259 3480 2328 sexagesimo
3532 2269 3728 2313 octavo

2136 2351 2341 2419 psalmo
2378 2350 2482 2404 hoc
2522 2349 2684 2404 modo
2723 2349 2986 2418 scriptum
3011 2360 3097 2404 est
3131 2350 3387 2404 :Alienus
3415 2350 3588 2419 factus
3609 2367 3726 2403 sum

2135 2442 2392 2512 fratribus
2421 2441 2584 2501 meis,
2610 2449 2658 2492 et
2693 2441 2875 2506 hospes
2907 2441 3035 2508 ﬁliis
3072 2442 3259 2495 matris
3293 2457 3442 2495 mete.
3479 2440 3617 2505 Quia
3645 2457 3732 2493 ze-

2135 2537 2217 2588 lus
2253 2537 2441 2589 domus
2483 2543 2590 2586 tua:
2625 2534 2844 2585 comedit
2873 2550 2975 2598 me,
3019 2545 3066 2588 et
3107 2534 3426 2603 impr-aperio
3462 2534 3729 2603 imprope-

2137 2628 2368 2680 rantium
2391 2627 2481 2678 tibi
2516 2625 2813 2678 ceciderunt
2851 2641 3007 2694 super
3027 2642 3128 2680 me.

2208 2719 2545 2786 Quwcunque
2570 2725 2708 2784 enim
2750 2724 2950 2786 scripta
2981 2729 3121 2776 sunt.
3154 2719 3223 2770 ad
3247 2727 3480 2770 nostram
3524 2718 3727 2770 doctri-

2138 2828 2260 2864 nam
2307 2814 2503 2878 scripta
2530 2825 2648 2866 sum
2672 2813 2739 2868 ⁷⁸.
2767 2811 2958 2866 Simile
2980 2820 3064 2864 est
3108 2811 3211 2863 hoc
3239 2808 3312 2861 illi
3353 2809 3498 2876 quod
3527 2809 3642 2878 ipse
3671 2808 3726 2862 in

2138 2903 2265 2956 aliis
2297 2904 2427 2958 dicit
2461 2923 2473 2957 :
2507 2904 2718 2972 Scripta
2750 2917 2872 2958 sunt
2904 2912 3078 2955 autem
3101 2913 3312 2970 propter
3351 2917 3466 2965 nos,
3500 2902 3554 2953 in
3595 2917 3728 2970 quos

2137 2995 2266 3062 ﬂues
2293 2999 2604 3049 sa'culorum
2621 2995 3016 3050 devenerunt".
3037 2994 3189 3059 Quod
3211 2995 3255 3048 si
3273 2994 3570 3062 requiritur
3592 3010 3731 3062 quo-

2141 3088 2301 3143 modo
2341 3105 2561 3159 prepter
2604 3106 2703 3144 nos
2757 3091 2961 3158 scripta
3003 3089 3112 3143 siut
3172 3087 3283 3157 (99)
3342 3102 3462 3156 qua:
3523 3089 3723 3156 scripta

2141 3189 2288 3246 sunt,
2320 3183 2441 3235 vide
2465 3184 2590 3252 quia
2622 3191 2844 3252 propter
2877 3197 2976 3236 nos
2991 3183 3264 3250 'scriptum
3297 3189 3383 3234 est
3413 3194 3429 3234 :
3464 3182 3586 3250 Non
3637 3182 3728 3233 ob-

444 3276 560 3326 cett!
595 3272 810 3326 Patrem
846 3282 1073 3327 vestrum
1097 3275 1186 3344 qui
1225 3274 1281 3328 in
1311 3274 1453 3329 cazlis
1484 3285 1578 3328 est.
1617 3274 1720 3329 Per
1751 3278 1892 3346 quod
1927 3294 2030 3330 non
2061 3245 2106 3304 α
2140 3272 2343 3324 turabis
2366 3289 2422 3325 os
2455 3275 2569 3326 bovi
2591 3273 2864 3326 trituranti
2890 3290 2908 3336 ;
2933 3289 3034 3325 non
3058 3272 3196 3324 enim
3217 3272 3281 3324 de
3305 3271 3463 3323 bobus
3495 3247 3620 3322 cura
3649 3278 3728 3322 est

445 3365 632 3434 utique
656 3365 721 3418 ad
745 3365 1092 3434 quaerendam
1117 3365 1186 3420 ab
1208 3365 1524 3421 hominibus
1551 3367 1776 3445 gloriam
1803 3369 2036 3436 discipu-

446 3457 526 3511 los
571 3459 919 3523 adhortatur,
949 3458 1045 3512 sed
1098 3468 1158 3512 ut
1201 3468 1350 3514 recte
1399 3458 1734 3529 honesteque
1787 3461 2033 3518 viventes

443 3550 856 3605 :edilicationem
885 3551 1197 3605 videntibus
1220 3551 1495 3619 przebeant
1524 3551 1729 3622 (94),et
1756 3553 2030 3624 glorifice-

443 3651 531 3693 tur
565 3639 706 3694 Deus
732 3640 822 3709 qui
857 3639 1166 3695 hominibus
1190 3641 1332 3695 viam
1358 3643 1762 3698 emendationis
1794 3645 2026 3698 etsalu-

443 3733 512 3787 tis
544 3733 774 3802 aperuit.
809 3732 952 3786 Nam
975 3743 1023 3787 et
1048 3731 1288 3790 Christus
1312 3751 1416 3789 non
1446 3736 1546 3790 sibi
1566 3736 1788 3804 placuit,
1807 3741 1896 3791 sett
1919 3739 2026 3792 sic-

442 3835 496 3878 ut
524 3825 776 3891 scriptunt
816 3836 887 3878 est
911 3839 930 3877 :
957 3823 1290 3895 Improneria
1318 3828 1791 3898 improperantium
1823 3830 1923 3901 tibi
1941 3847 2026 3883 ce-

441 3920 682 3972 ciderunt
728 3935 885 3987 super
923 3933 1024 3972 me.
1057 3916 1112 3971 In
1145 3919 1247 3974 hoc
1281 3920 1497 3974 videtur
1545 3921 1855 3984 ostendere,
1895 3923 2021 3991 quia

440 4022 495 4065 et
524 4010 772 4065 Christus
801 4025 907 4065 non
944 4013 1046 4066 sibi
1080 4011 1316 4081 placens,
1342 4027 1442 4067 nec
1475 4013 1719 4082 rapinam
1749 4012 2024 4069 arbitrans

439 4119 563 4160 esse
616 4119 676 4160 se
707 4105 968 4172 aequalem
1018 4105 1149 4170 Deo,
1200 4107 1552 4175 semetipsum
1597 4107 1896 4160 exinanivit
1924 4109 2018 4170 τις

443 4198 536 4251 sed
574 4197 758 4250 volens
788 4198 1100 4252 hominibus
1123 4197 1369 4267 placere,
1398 4199 1499 4251 hoc
1525 4207 1609 4252 est
1642 4198 1888 4253 homines
1917 4200 2023 4253 sal-

444 4303 610 4351 vare,
653 4288 980 4356 improperia
1039 4287 1527 4357 improperantium
1583 4289 1822 4358 pertulit,
1882 4294 2024 4344 sicut

443 4377 705 4447 scriptum
731 4387 814 4431 est
858 4393 872 4428 :
915 4375 1238 4447 lmproperia
1267 4382 1752 4446 improperantium
1788 4383 1883 4435 tibi
1912 4382 2024 4452 (95)

511 4512 772 4588 '_'_I__Cor.
819 4512 1019 4588 1553.“
1053 4514 1099 4588 °_'
1127 4514 1306 4588 Galat.
1337 4534 1374 4576 ι.
1402 4519 1487 4573 10.
1566 4520 1608 4552 ⁸⁷
1641 4519 1760 4573 Act.
1806 4537 1882 4584 Ix,
1929 4520 1966 4574 2
2005 4534 2123 4588 seq.

1659 4591 1704 4622 ⁷³
1739 4591 1905 4644 Marc.
1945 4607 2008 4653 tt,
2055 4585 2144 4645 16.
2216 4592 2263 4622 ⁷⁸
2304 4591 2433 4644 Luc.
2479 4607 2573 4652 vn,
2620 4591 2706 4644 59.
2785 4590 2830 4619 ⁷⁸
2860 4587 2992 4641 Luc.
3037 4602 3111 4639 Ix.
3142 4585 3234 4637 48.

439 4583 483 4617 ’ί
526 4585 723 4651 Philip.
755 4601 817 4647 ll,
848 4584 902 4638 6.
979 4585 1024 4618 ἠ
1057 4583 1202 4638 Psal.
1249 4603 1441 4650 vam,
1494 4591 1580 4646 10.

2137 3363 2272 3428 Deo,
2307 3370 2396 3416 sed
2424 3363 2487 3416 de
2513 3363 2662 3414 nobis
2686 3361 2815 3414 dicit
2847 3360 2929 3426 ἐς
2965 3369 3021 3414 et
3063 3369 3285 3429 propter
3313 3374 3413 3413 nos
3462 3359 3726 3427 scriptum

2135 3451 2248 3519 est,’
2269 3457 2395 3526 quia
2438 3457 2708 3509 Abraham
2745 3456 2879 3508 duos
2921 3453 3064 3522 ﬁlios
3089 3452 3295 3514 habuit,
3339 3467 3505 3504 unum
3532 3453 3597 3503 de
3627 3465 3728 3508 at:-

2133 3546 2280 3614 cilla,
2313 3558 2360 3599 et
2387 3562 2548 3600 unum
2590 3549 2654 3600 de
2697 3546 2884 3609 libera,
2911 3555 2970 3598 ut
3012 3559 3113 3598 nos
3147 3543 3387 3598 sciamus
3432 3541 3560 3612 quia
3608 3540 3726 3595 haec

2132 3651 2259 3693 sunt
2289 3639 2605 3710 allegorica,
2643 3648 2694 3692 et
2728 3639 2839 3692 hwc
2872 3647 2992 3690 sunt
3019 3637 3124 3689 duo
3147 3643 3459 3688 testamenta
3477 3635 3545 3687 ".
3587 3632 3725 3686 Pro-

2135 3741 2256 3800 pter
2286 3745 2384 3783 uos
2409 3741 2466 3784 et
2499 3730 2634 3782 illud
2661 3729 2922 3796 scriptum
2947 3739 3033 3781 est
3059 3727 3131 3790 3°,
3156 3725 3280 3794 quia
3315 3729 3542 3794 populus
3573 3741 3696 3778 tuan

2135 3825 2355 3880 ducavit
2387 3837 2583 3877 manna
2620 3824 2672 3877 in
2696 3824 2936 3888 deserto,
2975 3834 3032 3876 et
3069 3821 3203 3874 bibit
3235 3836 3431 3888 aquam
3463 3822 3527 3874 de
3570 3831 3723 3889 petra

2133 3927 2192 3970 ut
2231 3931 2330 3971 nos
2359 3915 2784 3985 intelligeremus
2816 3916 2942 3979 quia
2983 3913 3275 3981 spiritalem
3299 3929 3472 3966 escam
3498 3915 3727 3965 maudu~

2131 4023 2401 4078 cauerunt,
2445 4024 2493 4066 et
2525 4011 2816 4080 spiritalem
2865 4022 3042 4078 potum
3081 4009 3344 4069 biberunt,
3391 4009 3618 4061 bibentes
3657 4012 3724 4060 de

2125 4106 2362 4174 sequenti
2391 4113 2703 4180 petra,'quaa
2736 4110 2885 4170 petra
2912 4113 3024 4154 erat
3049 4098 3292 4153 Christus
3319 4097 3470 4169 “.(i)
3499 4098 3563 4151 Et
3585 4099 3720 4164 haec,

2129 4207 2292 4268 atque
2333 4197 2436 4250 alia
2470 4194 2780 4263 bojusmodi
2815 4203 2972 4247 erant
3004 4191 3286 4262 mysteria,
3328 4207 3451 4260 qua:
3479 4191 3725 4244 occulta-

2133 4301 2183 4343 ta
2216 4300 2344 4344 sunt
2386 4289 2726 4356 temporibus
2779 4287 3001 4340 aeternis
3031 4287 3110 4348 ⁸³,
3146 4284 3492 4337 manifestata
3541 4293 3722 4336 autem

2133 4397 2279 4436 nunc
2314 4395 2409 4449 per
2444 4379 2756 4448 Scripturas
2792 4376 3159 4447 propheticas,
3193 4385 3248 4430 et
3287 4376 3576 4429 adventum
3613 4375 3722 4428 Do—

2750 4519 2793 4550 "
2821 4516 3078 4578 Rom.xv,
3104 4514 3160 4568 2.
3238 4514 3283 4544 "°
3315 4513 3503 4566 Matth.
3532 4530 3581 4576 v,
3628 4511 3720 4567 16.

3331 4586 3379 4615 ⁷⁸
3418 4585 3572 4636 llom.
3613 4598 3719 4648 XV,

2205 4521 2250 4552 ⁸⁸
2281 4519 2462 4574 Galat.
2495 4537 2538 4581 ι.
2578 4519 2667 4574 10.

437 4655 494 4710 4.
540 4657 610 4728 7"
638 4655 813 4728 lhcor.
850 4672 903 4718 ιι,
929 4656 1016 4709 11.
1048 4656 1134 4728 ’.1⁸
1160 4657 1312 4728 Deut.
1366 4677 1492 4725 xxv,
1525 4662 1600 4728 4;
1638 4660 1656 4714 1
1687 4661 1813 4716 Cor.
1848 4677 1923 4726 tx,
1957 4661 2011 4717 9.

2126 4661 2334 4716 ’Galat.
2363 4677 2436 4726 tv,
2477 4663 2568 4716 22.
2641 4661 2687 4692 ⁸ο
2713 4660 2884 4714 Exod.
2917 4671 3026 4720 xvr,
3057 4655 3161 4721 55;
3193 4671 3326 4720 xm,
3357 4656 3410 4710 6.
3481 4654 3523 4684 ⁸⁸
3554 4653 3724 4708 lCor.

441 4741 496 4794 χ,
524 4727 580 4781 4.
647 4726 694 4756 ⁸⁸
725 4725 882 4780 ltom.
909 4741 1022 4792 χιιι,
1041 4725 1134 4789 25,
1153 4725 1246 4779 26.

511 4869 622 4940 (90)
664 4868 824 4940 Editi,
880 4869 1046 4940 Deum
1092 4885 1190 4939 pro
1233 4869 1413 4936 ﬁdem.
1454 4869 1657 4940 Deinde
1685 4867 2021 4940 ms.iltegios
2056 4873 2099 4925 Ι)
2129 4866 2392 4940 placeant;

441 4938 609 4995 nuin.’
631 4939 766 4994 1659
800 4951 854 4992 et
885 4938 1160 5003 Rabanus,
1194 4940 1249 4994 in
1283 4957 1385 5010 quo
1415 4939 1672 5009 placetur.
1703 4938 1809 4993 Sed
1836 4939 2022 4992 caeteri

439 5024 570 5064 mss.
595 5020 650 5064 et
679 5011 808 5063 editi
837 5021 894 5062 ut
916 5012 969 5062 in
1005 5020 1173 5064 textu.

512 5079 624 5150 (91)
666 5079 830 5144 Editi,
868 5080 1161 5150 ctelestique
1201 5080 1338 5134 vita.
1384 5079 1606 5143 Deinde,
1636 5077 1743 5134 Sed
1765 5077 1875 5150 etsi
1899 5078 2019 5150 quis

441 5148 534 5204 nos
555 5148 704 5202 aliud
731 5165 905 5218 agere.
926 5149 990 5203 Et
1020 5148 1178 5218 paulo
1199 5160 1322 5218 post
1346 5165 1447 5202 ms.
1470 5151 1668 5218 Regius
1690 5164 1840 5202 num.
1857 5148 2020 5211 1659,

440 5234 564 5272 tunc
589 5229 792 5300 oportet
829 5236 923 5300 nos
959 5221 1258 5300 meminisse
1290 5220 1730 5300 serntonishujus
1751 5235 1856 5300 quo
1889 5220 2022 5271 dici-

440 5236 564 5272 tunc
589 5236 792 5346 εἶξαι-ιρι
829 5236 923 5273 nos
959 5236 1258 5273 meminisse
1290 5237 1545 5274 sermonis
1569 5236 1730 5288 nuJus
1751 5236 1856 5300 quo
1889 5236 2016 5271 am-

440 5301 529 5342 tur
552 5305 571 5342 :
632 5293 686 5350 'i,
711 5303 814 5345 etc.
869 5290 976 5344 Sed
1008 5291 1189 5344 caeteri
1225 5305 1354 5344 mss.
1387 5301 1441 5343 et
1477 5291 1608 5343 editi
1646 5300 1705 5343 ut
1755 5305 1808 5344 tn
1845 5297 2016 5355 textu,

441 5361 541 5414 nisi
568 5362 710 5428 quod
739 5361 866 5414 editi
901 5361 1156 5423 habeant,
1185 5359 1322 5425 Quia
1347 5362 1413 5423 si,
1442 5371 1552 5415 etc.

511 5430 622 5502 (92)
666 5429 792 5502 Ms._
815 5430 1018 5500 Regios
1069 5447 1218 5502 nutn.
1271 5431 1428 5495 1659,
1458 5441 1612 5500 atque
1627 5431 1717 5502 77in,
1752 5445 1877 5502 quo,
1906 5437 2014 5502 etc.

441 5498 613 5554 Paulo
626 5512 743 5570 post
761 5498 1039 5566 Rabanus,
1058 5501 1321 5556 euidenter
1345 5498 1606 5555 ostendat.
1626 5500 1830 5554 Deinde
1859 5501 2014 5565 editi,

441 5573 494 5623 in
524 5574 734 5636 bonum,
767 5583 872 5625 etc.

515 5641 624 5713 (95)
666 5643 738 5693 Ita
769 5657 957 5696 omnes
987 5657 1141 5705 mss,
1173 5641 1449 5705 Rabanus,
1494 5650 1551 5695 et
1583 5642 1748 5696 editio
1783 5641 2012 5697 Veneta.

443 5711 638 5765 Caneri
677 5714 830 5773 editi,
866 5723 919 5765 ut
948 5715 1196 5776 videntes,
1231 5721 1335 5764 etc.

515 5781 625 5850 (91)
669 5783 758 5834 Sic
793 5797 894 5834 ms.
926 5782 1125 5847 Regius
1153 5798 1300 5834 ntttn.
1336 5781 1474 5835 1659
1505 5792 1559 5836 et
1588 5783 1861 5836 Rabanus.
1893 5782 2014 5837 Cte-

443 5852 544 5906 teri
576 5866 703 5906 vero
729 5867 859 5907 tttss.
890 5865 944 5907 et
972 5854 1121 5917 editi,
1157 5853 1225 5906 ad
1271 5852 1672 5919 wtltﬁcatianem
1720 5853 2016 5908 uidentibus

2202 4937 2314 5004 (95)
2359 4935 2496 4990 Tibi.
2530 4933 2583 4987 lu
2613 4943 2772 4988 antea
2803 4934 2968 4990 editis
3004 4937 3514 5005 praetermittuntur.

2199 5007 2316 5074 (96)
2359 5007 2508 5059 Suis.
2541 5005 2602 5074 rln
2629 5005 2792 5060 editis
2821 5007 3115 5060 omittitur.

2200 5073 2316 5142 (97)
2363 5073 2612 5129 Protulit.
2648 5075 2997 5130 Desideratur
3021 5079 3073 5130 in
3107 5076 3262 5132 libris
3289 5087 3450 5132 antea
3477 5077 3644 5132 editis

2200 5145 2311 5216 (98)
2354 5145 2457 5216 Sic,
2485 5161 2676 5201 omnes
2709 5161 2840 5200 mss.
2871 5157 2925 5201 et
2957 5147 3236 5202 Rabaous.
3282 5149 3424 5202 Editi
3453 5165 3601 5212 vero,
3624 5163 3724 5203 es-

2126 5215 2353 5296 emplum
2375 5215 2538 5282 enim,
2556 5225 2688 5278 etc.,
2711 5217 2905 5272 deinde
2933 5220 3192 5273 omittunt
3212 5233 3423 5285 octavo,
3461 5223 3604 5288 quod
3632 5236 3722 5274 re-

2130 5297 2359 5340 SlllUUlll
2387 5301 2576 5342 omnes
2603 5302 2732 5342 MSS.

2200 5357 2312 5426 (99)
2356 5357 2620 5428 Sichrecte
2653 5373 2754 5412 ms.
2788 5357 2990 5428 Regius
3023 5374 3172 5414 num.
3204 5357 3364 5414 1659.
3396 5359 3590 5415 Caneri
3625 5374 3723 5412 ve-

2131 5442 2192 5480 ro
2243 5442 2410 5492 mss.,
2448 5426 2709 5482 Rabanus
2752 5439 2808 5484 et
2849 5426 2976 5484 editi
3027 5430 3322 5497 omittunt,
3359 5446 3476 5500 qua:
3516 5431 3720 5497 scripta

2122 5509 2265 5551 sunt.

2195 5569 2273 5637 (1)
2316 5566 2479 5631 Edili,
2523 5566 2655 5622 Haec
2689 5578 2844 5638 atque
2896 5569 3003 5622 alia
3068 5569 3377 5638 hujasmodi
3429 5581 3577 5624 erant
3605 5586 3722 5639 my-

2127 5642 2312 5702 steria,
2368 5655 2486 5708 qua:
2525 5641 2732 5692 occulta
2777 5648 2898 5692 sunt
2955 5641 3270 5708 temporibus
3327 5644 3538 5694 trternis
3567 5657 3586 5696 .'
3621 5643 3719 5694 sed

2123 5724 2256 5763 mss.
2289 5719 2346 5763 et
2376 5709 2632 5762 Rabauus
2664 5719 2722 5762 ut
2756 5711 2810 5762 ιιι
2857 5721 3042 5764 nostro
3075 5720 3246 5774 textu,
3279 5712 3378 5764 uisi
3405 5713 3546 5780 quod
3575 5711 3718 5764 alius

2126 5781 2291 5833 habet
2324 5779 2527 5831 occulta
2577 5794 2738 5841 sunt;
2766 5780 2923 5847 alius,
2963 5789 3169 5835 occulta
3197 5779 3450 5848 {uerunt}
3491 5792 3550 5836 et.
3596 5781 3716 5846 alii,

2123 5851 2443 5918 temporibus
2469 5850 2774 5917 pra'teritis.
