4150 6446
448 360 581 417 1³161

1405 352 1761 412 COMMENT.
1804 350 1868 404 ΙΝ
1913 346 2130 403 EPIST.
2171 348 2263 401 AD
2302 346 2469 403 ROM.
2511 348 2637 401 LIB.
2674 347 2742 403 Χ.

3522 368 3541 387 κ
3563 347 3704 403 1269.

446 482 576 536 miui
609 488 665 535 et
693 479 1000 533 Salvatoris
1027 476 1195 532 nostri
1225 474 1350 531 Jesu
1379 475 1578 529 Christi
1602 473 1671 526 ⁸⁸.
1705 472 1812 527 Sed
1842 481 1901 526 ut
1926 471 2023 524 ad-
2049 473 2099 530 Α
2126 475 2230 529 est,
2265 482 2430 519 unum
2477 476 2640 536 atque
2684 467 2826 519 idem
2876 466 3176 521 sentientes
3218 467 3273 520 in
3308 467 3528 522 nomine
3571 467 3702 522 Jesu

445 563 552 616 huc
581 562 922 619 manifestius
950 565 1043 619 fiat
1062 572 1333 634 quomodo
1355 580 1477 637 quae
1499 570 1699 639 scripta
1722 578 1870 631 sunt.
1892 586 2024 642 pro-

443 664 566 725 pter
592 670 695 710 nos
723 656 925 726 scripta
954 665 1100 722 sunt,
1131 658 1201 713 de
1220 660 1386 727 priori
1415 662 1615 731 populo
1639 662 1770 717 dicit
1796 663 2024 733 prophe-

445 756 518 811 ta,
546 748 672 817 quia
701 764 831 801 aure
852 749 1095 813 audietis,
1122 760 1169 801 et
1201 765 1305 829 non
1335 752 1598 818 audietis;
1626 765 1675 807 et
1698 755 1927 809 videntes
1955 756 2025 809 vi-

444 841 648 905 debitis,
678 852 725 896 et
756 859 858 896 non
884 843 1183 914 intelligetis
1207 844 1272 897 ⁸⁸.
1301 845 1379 899 De
1401 845 1558 901 nobis
1582 857 1763 901 autem
1786 848 2012 909 dicitur.

443 933 569 1002 quia
601 935 786 1005 quibus
828 952 930 988 non
973 946 1047 988 est
1086 937 1387 996 nuntiatum
1427 939 1491 992 de
1537 956 1628 1003 eo,
1662 940 1934 1005 videbunt;
1973 948 2022 994 et

445 1028 541 1096 qui
566 1044 670 1083 non
698 1030 1000 1094 audierunt,
1047 1029 1339 1100 intelligent
1367 1031 1433 1084 ⁸³.
1480 1030 1773 1087 Considera
1799 1049 1928 1104 ergo
1958 1051 2025 1089 ex

446 1120 551 1173 hoc
584 1130 807 1191 propter
834 1122 981 1192 quod
1014 1138 1134 1192 quae
1176 1123 1376 1192 scripta
1409 1137 1538 1178 sunt
1575 1125 1772 1195 scripta
1804 1125 2024 1180 videan-

447 1221 533 1265 tur
566 1212 663 1281 (2).
704 1212 835 1278 Quae
882 1214 1029 1268 enim
1062 1213 1402 1278 scribuntur,
1444 1216 1564 1269 sine
1602 1216 1766 1269 dubio
1804 1226 2024 1285 propter

444 1318 540 1357 eos
578 1304 892 1359 scribuntur
931 1306 1024 1374 qui
1073 1306 1240 1361 visuri
1276 1316 1331 1361 et
1363 1307 1690 1362 intellecturi
1728 1316 1876 1371 sunt,
1912 1324 2019 1361 non

444 1404 669 1463 propter
698 1412 794 1450 eos
821 1397 911 1465 qui
951 1412 1131 1465 neque
1161 1398 1335 1453 visuri
1370 1413 1550 1469 neque
1585 1399 1908 1452 intellecturi
1938 1398 2019 1452 di-

445 1497 665 1545 cuntur.
693 1489 797 1554 Qui
823 1500 1005 1545 autem
1028 1490 1333 1563 intelligunt
1357 1478 1483 1561 quae
1502 1492 1698 1562 scripta
1721 1500 1865 1555 sunt,
1891 1491 2023 1545 illud

444 1584 564 1637 sine
593 1583 758 1637 dubio
784 1584 1066 1638 invenient
1096 1584 1240 1653 quod
1261 1594 1659 1653 consequenter
1678 1582 2017 1653 adjungitur:

444 1674 491 1706 ⁸⁸
520 1676 580 1730 Ut
605 1692 698 1743 per
726 1676 1058 1743 patientiam,
1095 1686 1141 1728 et
1171 1676 1575 1729 consolationem
1603 1675 2017 1745 Scripturarum,

443 1781 586 1833 spem
624 1766 908 1819 habeamus
955 1767 1026 1819 ad
1055 1764 1221 1818 Deum
1252 1766 1349 1835 (3).
1382 1764 1543 1835 673
1584 1766 2019 1820 Consolationem

445 1872 678 1925 namque
706 1873 772 1911 ex
803 1858 1097 1928 Scripturis
1125 1875 1237 1911 non
1262 1858 1349 1912 ille
1377 1859 1469 1927 qui
1502 1873 1679 1927 neque
1703 1859 1894 1920 credit,
1923 1872 2023 1913 ne-

441 1963 550 2016 que
571 1950 818 2019 intelligit
838 1988 850 2009 ,
876 1949 968 2002 sed
995 1948 1082 2001 ille
1102 1948 1191 2016 qui
1215 1957 1269 2002 et
1289 1951 1463 2004 credit
1481 1962 1535 2006 et
1558 1950 1824 2020 intelligit,
1854 1951 2015 2020 capit.

513 2029 562 2085 7.
601 2031 740 2084 Deus
772 2040 947 2085 autem
973 2033 1241 2099 patientia:
1286 2045 1333 2087 et
1362 2034 1736 2090 consolationis
1767 2037 1851 2090 det
1877 2039 2018 2091 vobis

436 2123 492 2174 id
520 2123 687 2188 ipsum
711 2140 891 2192 sapere
913 2127 964 2177 in
989 2125 1302 2177 alterutrum
1331 2125 1618 2179 secundum
1646 2125 1832 2182 Iesum
1859 2129 2017 2183 Chri-

435 2225 577 2268 stum
606 2232 624 2268 :
684 2229 736 2268 ut
779 2217 1050 2270 unanimes
1084 2218 1158 2287 (4)
1192 2234 1296 2270 uno
1327 2234 1415 2269 ore
1444 2218 1793 2287 honoriﬁcetis
1824 2222 2014 2288 Deum,

434 2319 481 2363 et
509 2306 720 2362 Patrem
753 2307 965 2361 Domini
1015 2311 1179 2363 nostri
1204 2308 1333 2363 Jesu
1366 2307 1587 2364 Christi.
1626 2311 1848 2381 Propter
1873 2317 2014 2384 quod

433 2401 682 2466 suscipite
722 2400 969 2464 invicem,
1025 2402 1161 2454 sicut
1200 2412 1248 2455 et
1299 2399 1545 2456 Christus
1580 2407 1805 2473 suscepit
1838 2423 1924 2459 vos
1961 2407 2014 2461 in

433 2492 685 2547 honorem
704 2492 798 2546 Dei
824 2493 889 2547 ⁸⁷.
925 2493 983 2549 Si
1014 2495 1273 2562 patientia
1298 2495 1472 2548 virtus
1499 2504 1602 2559 est,
1627 2498 1805 2551 omnis
1832 2507 2014 2552 autem

436 2581 605 2634 virtus
637 2597 665 2634 a
696 2582 808 2635 Deo
834 2594 915 2637 est
946 2602 961 2651 ;
996 2594 1053 2637 et
1081 2583 1340 2653 patientia
1373 2600 1403 2637 a
1434 2586 1545 2640 Deo
1577 2595 1683 2641 est.
1715 2587 1853 2642 Cum
1880 2604 2009 2657 ergo

434 2677 634 2730 dicitur
669 2678 805 2731 Deus
839 2680 1138 2745 patientia,
1176 2680 1279 2734 hoc
1306 2692 1389 2735 est
1417 2682 1561 2749 quod
1588 2682 1803 2737 videtur
1827 2692 2015 2739 osten-

433 2768 512 2833 di,
534 2769 657 2837 quia
692 2769 830 2824 Deus
853 2787 973 2825 cum
1003 2772 1086 2825 his
1108 2781 1197 2827 est
1225 2774 1314 2840 qui
1343 2773 1548 2827 ltabent
1578 2775 1632 2827 in
1657 2790 1718 2829 se
1751 2777 2010 2830 virtutem

431 2859 748 2929 patientins:
786 2860 931 2913 sicut
979 2876 1102 2913 cum
1135 2862 1334 2918 dicitur
1362 2862 1502 2917 Deus
1537 2863 1789 2930 justitizn,
1823 2875 2011 2919 osten-

432 2953 579 3006 ditur
608 2955 659 3005 in
694 2953 777 3005 his
803 2967 923 3006 esse
954 2952 1094 3008 Deus
1121 2955 1211 3023 qui
1262 2965 1483 3010 servant
1510 2956 1803 3025 justitiam.
1839 2956 2008 3011 Simi-

432 3041 555 3096 liter
583 3054 638 3096 et
666 3044 806 3097 Deus
830 3044 1097 3107 veritatis,
1122 3055 1176 3098 et
1206 3046 1346 3100 Deus
1372 3046 1657 3116 sapientia:
1691 3047 1770 3119 (5)
1804 3049 2005 3104 intelli-

429 3133 595 3200 gitur.
641 3133 747 3187 Sed
776 3141 831 3187 et
874 3132 1015 3187 Deus
1043 3136 1418 3193 consolationis
1458 3154 1580 3193 cum
1628 3140 1847 3202 dicitur,
1883 3157 2003 3195 cum
2034 3159 2077 3219 ο

431 3227 538 3281 illis
575 3242 697 3281 esse
725 3228 1028 3281 ostenditur
1060 3229 1203 3282 Deus
1233 3229 1327 3298 qui
1377 3245 1443 3283 ex
1473 3230 1670 3286 divinis
1706 3231 2007 3300 Scripturis

430 3330 527 3385 per
556 3315 966 3383 intelligentiam
996 3316 1296 3384 spiritalem
1319 3319 1747 3373 consolationem
1771 3320 2007 3388 Spiritus

428 3404 669 3473 capiunt.
700 3404 843 3459 Deus
870 3421 1000 3474 ergo
1029 3406 1296 3474 patientiae
1327 3405 1401 3477 (6)
1430 3416 1479 3460 et
1507 3408 1889 3462 consolationis
1921 3411 2003 3463 det

428 3497 590 3562 vobis,
611 3497 807 3565 inquit,
838 3498 1063 3566 idipsum
1086 3516 1267 3565 sapere
1293 3501 1345 3552 in
1374 3499 1685 3554 alterutrum
1712 3506 2003 3556 secundum

427 3588 611 3643 Jesum
635 3587 921 3646 Christum.
953 3588 1010 3642 In
1040 3590 1143 3644 hoc
1170 3588 1370 3644 Paulus
1394 3592 1827 3659 patriarcharum
1856 3610 2005 3647 more

428 3692 484 3736 et
509 3682 916 3751 prophetarum,
947 3697 1179 3749 quorum
1215 3681 1620 3736 benedictiones
1664 3683 1882 3751 scriptae
1917 3700 2000 3737 re-

429 3772 695 3837 feruntur,
734 3773 1142 3830 benedictiones
1190 3776 1377 3830 tribuit
1429 3776 1729 3839 Romanis,
1767 3793 2001 3833 exorans

426 3867 505 3921 eis
538 3867 651 3920 dari
681 3882 711 3920 a
740 3866 849 3922 Deo
881 3877 934 3920 ut
973 3868 1025 3921 id
1072 3868 1244 3935 ipsum
1300 3868 1518 3938 sapiant
1564 3869 1617 3922 in
1653 3868 2000 3923 alterutrum.

425 3959 661 4014 Grandis
701 3969 786 4014 est
830 3960 934 4013 ista
968 3960 1274 4015 benedictio
1307 3961 1422 4029 (7),
1477 3971 1537 4013 ut
1566 3977 1735 4015 unum
1785 3963 2003 4030 sapiant

425 4066 615 4106 omnes
644 4060 806 4119 atque
830 4053 1070 4106 sentiant
1094 4096 1108 4117 ,
1141 4062 1195 4106 et
1227 4054 1372 4107 sicut
1409 4053 1514 4109 sibi
1542 4096 1558 4120 ,
1594 4055 1668 4108 ita
1705 4053 1784 4125 (8)
1832 4072 2002 4108 "IIIIS-

423 4145 656 4214 quisque
682 4145 808 4200 velit
833 4154 886 4199 et
915 4147 1163 4213 proximo
1180 4161 1299 4200 suo.
1329 4145 1423 4200 Vis
1445 4157 1627 4201 autem
1655 4149 1799 4203 scire
1832 4164 2001 4215 quiau-

426 4248 539 4291 tutn
571 4237 747 4291 valeat
797 4239 1173 4292 unanimitatis
1200 4237 1421 4307 gratia?
1459 4238 1716 4294 Salvator
1747 4240 1799 4293 in
1831 4240 2001 4293 Evan-

423 4330 580 4400 geliis
602 4329 649 4361 ⁸⁸
679 4331 1016 4399 pronuntiat,
1036 4330 1159 4397 quia
1186 4330 1232 4383 si
1256 4332 1361 4383 duo
1389 4330 1465 4384 vel
1495 4340 1598 4384 tres
1619 4332 1675 4385 ia
1693 4348 1856 4384 unum
1874 4348 2001 4385 con-

388 4482 391 4483 ν
422 4418 775 4481 senserint,de
798 4420 937 4472 omni
962 4435 1015 4474 re
1037 4436 1397 4490 quamcunque
1438 4421 1678 4489 petierint
1710 4439 1741 4474 a
1764 4421 1875 4477 Deo
1896 4420 1995 4492 (9),

2129 555 2358 624 Christi,
2390 557 2486 621 ibi,
2516 559 2692 625 inquit
2725 556 2862 627 (10),
2890 573 2978 611 ero
3010 560 3065 612 in
3095 559 3267 612 medio
3289 576 3495 614 eorum.
3525 558 3623 614 Vis
3650 570 3706 613 et

2128 647 2275 704 aliud
2304 650 2550 718 accipere
2577 650 2886 715 exemplum
2911 691 2925 710 ,
2954 652 3225 718 quomodo
3266 667 3432 705 unum
3461 652 3708 706 sentien—

2130 740 2274 796 tibus
2300 741 2551 795 Christus
2584 741 2790 795 medius
2820 741 2957 795 fiat?
2989 742 3122 796 Vide
3154 741 3207 795 in
3233 742 3457 796 Actibus
3483 752 3705 811 aposto-

2129 833 2305 890 lorum
2340 835 2615 905 quomodo
2645 843 2768 902 post
2794 835 3165 888 ascensionem
3193 833 3427 895 Domini,
3451 849 3574 888 cum
3597 835 3708 889 ele-

2129 935 2372 989 vassent,
2408 926 2605 994 inquit,
2638 926 2886 980 undecim
2925 924 3038 995 (11)
3075 925 3457 994 apostolicum
3489 926 3708 980 caeteris

2132 1035 2342 1081 vocem,
2378 1029 2431 1073 et
2461 1018 2789 1072 unanimiter
2817 1029 3067 1072 orassent
3095 1058 3109 1082 ,
3142 1028 3320 1071 motus
3350 1026 3436 1071 est
3470 1017 3620 1072 locus
3653 1021 3708 1072 in

2135 1128 2241 1182 quo
2269 1112 2512 1179 stabant,
2546 1122 2600 1167 et
2634 1113 2978 1182 praesentiam
3011 1112 3187 1166 sancti
3215 1110 3454 1181 Spiritus
3490 1127 3710 1183 merue-

2132 1212 2259 1257 ruut
2285 1203 2353 1258 °°.
2387 1202 2449 1258 Ut
2489 1214 2669 1257 autem
2717 1205 2899 1258 adhuc
2947 1212 3151 1271 quanta
3203 1202 3275 1256 sit
3330 1202 3711 1256 unauimitatis

2132 1296 2306 1349 virtus
2332 1336 2348 1360 ,
2375 1305 2430 1348 et
2461 1306 2660 1363 quanta
2690 1295 2867 1365 gratia
2909 1294 3109 1348 clarius
3139 1294 3229 1346 fiat
3254 1335 3270 1360 ,
3313 1309 3421 1347 non
3458 1303 3588 1363 puto
3614 1295 3711 1347 ab-

2134 1384 2359 1436 surdum
2388 1385 2582 1447 videri,
2613 1385 2656 1437 si
2687 1400 2747 1437 ea
2782 1400 2902 1454 quae
2935 1383 3089 1438 nobis
3116 1383 3182 1437 de
3215 1383 3298 1436 his
3323 1383 3487 1436 etiam
3520 1383 3571 1436 in
3603 1382 3711 1439 Ve-

2136 1477 2234 1529 teri
2284 1474 2632 1531 Testameuto
2678 1493 2706 1529 a
2749 1476 2996 1544 patribus
3050 1475 3453 1530 rationabiliter
3509 1476 3709 1529 tradita

2134 1579 2279 1633 sunt,
2311 1569 2395 1623 his
2443 1569 2657 1626 scilicet
2689 1569 2779 1638 qui
2808 1583 2874 1622 ex
2910 1567 3151 1621 Hebraeis
3177 1568 3245 1620 ad
3297 1567 3504 1621 Christi
3548 1565 3710 1620 fidem

2136 1669 2441 1725 venerunt,
2494 1661 2547 1715 in
2599 1660 2834 1714 medium
2880 1658 3240 1728 proferamus.
3298 1658 3532 1712 Aiebant
3578 1674 3712 1728 ergo

2139 1764 2247 1808 tres
2271 1752 2380 1824 (12)
2412 1753 2533 1806 illos
2559 1752 2699 1806 filios
2726 1751 2866 1806 Core
2885 1766 3116 1821 quorum
3149 1752 3368 1806 nomina
3403 1751 3712 1806 invenimus

2124 1846 2178 1901 in
2215 1846 2398 1899 Exodo
2432 1845 2504 1911 “,
2535 1845 2586 1899 id
2611 1855 2715 1909 est,
2743 1845 2880 1899 Aser
2907 1847 2998 1915 qui
3032 1846 3424 1914 interpretatur
3451 1843 3706 1909 eruditio,

2120 1951 2177 1995 et
2231 1940 2475 1993 Elchaua
2511 1941 2601 2009 qui
2647 1939 2700 1992 in
2752 1949 2937 1992 nostra
2973 1937 3152 2006 lingua
3195 1939 3396 1993 dicitur
3445 1938 3707 2005 possessio

2122 2031 2241 2091 Dei.
2260 2041 2316 2085 et
2343 2030 2616 2098 Abiasaph
2652 2031 2741 2099 qui
2773 2031 2826 2083 in
2853 2029 3047 2084 Latino
3074 2043 3326 2084 sermone
3357 2030 3560 2083 indicat
3586 2045 3708 2083 con-

2121 2126 2475 2194 gregationem
2502 2126 2672 2193 patris
2693 2164 2709 2190 ,
2740 2138 2860 2176 cum
2893 2132 3047 2192 pater
3074 2138 3262 2176 eorttm
3311 2122 3450 2177 Core
3481 2137 3674 2191 peccas
3693 2153 3705 2163 -

2118 2228 2204 2272 set
2237 2233 2342 2270 una
2377 2232 2502 2271 cuin
2536 2215 2744 2270 Dathan
2792 2226 2847 2268 et
2878 2216 3087 2269 Abiron
3122 2215 3200 2278 “,
3228 2226 3284 2268 et
3319 2215 3573 2269 omnibus
3607 2213 3703 2283 qui

2117 2317 2517 2364 consenserunt
2542 2307 2646 2372 eis,
2673 2317 2729 2362 et
2752 2307 2947 2362 divinat
2974 2307 3195 2361 ultionis
3217 2307 3269 2360 iu
3293 2320 3388 2360 eos
3411 2316 3702 2376 pararetur

2117 2401 2387 2457 excidium
2413 2441 2428 2465 ,
2461 2401 2595 2456 istos
2630 2414 2950 2471 segregasse
2978 2417 3037 2455 se
3066 2418 3093 2453 a
3124 2410 3267 2455 conn
3313 2399 3524 2453 nefario
3555 2396 3697 2470 (l3),

2117 2503 2173 2547 et
2202 2492 2270 2547 ab
2301 2492 2463 2562 impia
2500 2491 2905 2562 conspiratione
2945 2501 3317 2559 sequestratos
3365 2491 3702 2546 unanimiter

2117 2585 2184 2640 ad
2240 2585 2408 2639 Deum
2453 2599 2671 2653 precem
2719 2583 3052 2653 paenitentia:
3116 2583 3424 2651 profudisse
3468 2602 3482 2638 :
3536 2591 3701 2653 atque

2115 2675 2397 2730 exauditos
2442 2690 2471 2728 a
2508 2674 2617 2729 Deo
2666 2689 2773 2728 non
2806 2674 2977 2728 solum
3010 2675 3224 2727 veniam
3277 2688 3474 2744 ptume,
3523 2675 3617 2729 sed
3646 2683 3703 2730 et

2116 2768 2415 2834 pr0pheti.'e
2444 2768 2678 2835 gratiam
2726 2765 3030 2833 meruisse;
3060 2777 3115 2820 et
3160 2766 3264 2820 hoc
3307 2780 3522 2834 quoque
3548 2765 3628 2819 eis
3665 2784 3695 2819 a

2117 2856 2226 2911 Deo
2260 2858 2612 2926 poscentibus
2643 2873 2765 2915 esse
2791 2860 3121 2929 prmstitum,
3159 2876 3227 2914 ne
3256 2860 3385 2927 quid
3417 2858 3575 2913 triste
3604 2869 3699 2912 aut

2113 2949 2397 3005 exitiabile
2428 2951 2758 3020 prophetare
2792 2950 3119 3019 iuberentur
3144 2965 3159 3003 :
3187 2960 3240 3005 et
3272 2951 3340 3005 ob
3368 2951 3472 3005 hoc
3504 2964 3698 3006 omnes

2111 3038 2358 3094 Psalmos
2385 3039 2698 3109 quicunque
2732 3039 3044 3095 nominibus
3077 3056 3263 3094 eorum
3321 3040 3579 3096 attitulati
3612 3058 3697 3097 re-

2113 3130 2388 3197 feruntur,
2423 3132 2557 3187 nihil
2590 3133 2741 3186 triste
2764 3134 3049 3187 adversum
3078 3142 3398 3200 peccatores
3420 3143 3513 3188 aut
3536 3150 3696 3204 aspe-

2113 3237 2232 3276 rmn
2259 3223 2561 3278 continere.
2607 3224 2719 3278 lloc
2757 3234 2936 3278 autem
2987 3224 3349 3293 protulimus,
3385 3235 3441 3279 ut
3480 3237 3685 3295 quanta

2109 3316 2180 3369 sit
2209 3316 2583 3368 unanimitatis
2613 3317 2806 3378 virtus,
2828 3326 2882 3370 et
2909 3331 3074 3369 unum
3096 3316 3320 3381 sentire,
3339 3327 3501 3387 atque
3524 3333 3689 3371 unum

2110 3408 2345 3462 invicem
2400 3422 2634 3475 sapere,
2688 3406 3125 3476 magnificentius
3190 3421 3529 3463 nosceretur.
3575 3406 3690 3479 Ego

2108 3500 2277 3555 etiam
2330 3496 2501 3562 illud,
2543 3500 2687 3567 quod
2730 3499 2929 3554 Paulus
2970 3498 3021 3552 in
3069 3499 3395 3567 quibusdam
3424 3496 3689 3568 Epistolis

2111 3590 2342 3645 aliorum
2375 3590 2632 3644 vocabula
2665 3606 2848 3645 Secum
2878 3591 3090 3662 jungit,
3117 3601 3173 3646 et
3201 3590 3352 3655 dicit,
3386 3588 3612 3656 Paulus,
3636 3601 3688 3645 et

2109 3684 2393 3739 Sostheues
2427 3683 2595 3750 frater
2622 3684 2702 3749 ’3;
2728 3695 2782 3740 et
2810 3684 2965 3747 alibi,
3000 3681 3222 3748 Paulus,
3250 3690 3301 3734 et
3324 3681 3613 3752 Sylvanus,
3636 3690 3687 3736 et

2110 3773 2411 3829 Timotheus
2433 3773 2481 3806 “
2516 3789 2532 3841 ;
2581 3783 2713 3843 puto
2759 3788 2865 3829 non
2902 3773 3137 3828 inaniter
3178 3774 3430 3836 factum;
3470 3774 3564 3828 sed
3590 3790 3688 3843 per

2107 3866 2211 3922 hoc
2239 3869 2450 3923 ostendi
2478 3909 2494 3933 ,
2522 3869 2650 3938 quia
2683 3869 2891 3924 duobus
2919 3868 3003 3924 vel
3052 3868 3230 3925 tribus
3261 3868 3312 3923 in
3357 3884 3464 3923 uno
3495 3869 3688 3939 positis

2106 3958 2347 4027 Spiritus
2374 3973 2597 4015 sanctus
2644 3975 2809 4015 unum
2841 3959 2908 4013 de
2955 3963 3034 4014 eis
3067 3976 3288 4017 sensium
3324 3961 3488 4030 atqu.
3516 3977 3683 4016 unum

2103 4051 2742 4106 elicuerit'sermonem:
2795 4060 2853 4104 ut
2882 4051 2971 4120 qui
3022 4040 3431 4123 Ecclesias(l4)
3486 4051 3683 4106 docere

2104 4143 2398 4212 cupiebant
2441 4158 2608 4196 unum
2644 4142 2829 4197 dicere
2857 4158 3045 4197 omnes
3081 4151 3243 4213 atque
3273 4158 3436 4196 unum
3469 4158 3682 4211 sapere,

2106 4235 2208 4303 ipsi
2263 4236 2413 4303 prius
2442 4251 2607 4290 unum
2643 4249 2701 4290 se
2739 4235 2924 4290 dicere
2953 4245 3114 4304 atque
3145 4252 3309 4290 unum
3362 4250 3555 4304 sapere
3588 4236 3674 4289 de-

2103 4335 2504 4390 monstrarent,
2531 4339 2586 4381 et
2635 4343 2738 4380 uno
2785 4343 2874 4381 ore
2918 4327 3349 4383 honoriﬁcarent
3392 4328 3603 4395 Deum,
3632 4339 3683 4383 et

2105 4415 2319 4473 Patrem
2352 4417 2563 4473 Domini
2596 4421 2764 4474 nostri
2803 4419 2932 4474 Jesu
2965 4418 3187 4476 Christi.
3227 4420 3405 4476 Unum
3448 4437 3681 4492 namque

421 4513 509 4582 ﬁet
550 4514 660 4566 illis
689 4531 708 4579 ;
739 4525 796 4569 et
820 4515 1017 4568 iterum
1060 4516 1126 4567 de
1156 4516 1449 4583 semetipso
1477 4514 1606 4567 dicit
1637 4514 1715 4578 θ’,
1751 4514 1877 4582 quia
1905 4516 1994 4568 ubi
2027 4518 2072 4573 D
2102 4528 2163 4566 os
2191 4513 2414 4576 dicitur,
2442 4513 2530 4567 ubi
2569 4528 2707 4567 unus
2734 4523 2895 4583 atque
2925 4514 3065 4569 idem
3094 4529 3191 4583 per
3214 4513 3554 4569 diversorum
3581 4530 3677 4569 ora

420 4602 615 4674 fuerint
647 4606 752 4659 duo
799 4606 874 4661 vel
905 4616 1007 4660 tres
1040 4608 1339 4677 congregati
1385 4607 1438 4659 in
1480 4606 1690 4659 nomine
1719 4621 1858 4670 meo,
1890 4605 1996 4662 hoc

2101 4620 2298 4660 sensus
2335 4613 2389 4658 et
2438 4619 2620 4659 sermo
2667 4605 2928 4674 procedit.
2967 4605 3110 4660 Bene
3152 4614 3332 4661 autem
3386 4605 3679 4675 Apostolus

491 4737 895 4811 “llTim._t,lO.
940 4741 987 4774 ⁸⁸
1012 4742 1113 4799 lsa.
1147 4758 1220 4808 vt,
1250 4742 1302 4797 9.
1378 4742 1424 4773 ⁸⁸
1443 4740 1827 4806 Rom.xv,2|;
1866 4741 2012 4798 lsa.t.

2126 4743 2208 4798 15.
2284 4744 2332 4775 ⁸⁸
2365 4743 2523 4799 Rom.
2560 4761 2649 4806 xv,
2678 4744 2734 4798 4.
2786 4745 2830 4776 ⁸⁷
2862 4744 3018 4799 Rout.
3070 4760 3159 4810 XV,
3189 4744 3222 4796 5
3273 4758 3355 4811 sq.
3414 4744 3462 4776 ⁸⁸
3489 4744 3671 4797 Matth.

420 4811 686 4876 “111,19.
743 4809 789 4842 ⁸³
818 4811 949 4865 ibid.
974 4812 1065 4867 ΞΟ.
1138 4814 1185 4846 ’⁸
1213 4818 1334 4868 Act.
1356 4828 1398 4876 ι,
1419 4830 1476 4866 u.
1544 4813 1588 4844 ’ί
1617 4812 1787 4866 Exod.
1820 4827 1894 4877 vr,
1944 4811 2012 4866 24

2116 4815 2153 4846 ’⁸
2198 4813 2358 4870 Νυιη.
2392 4830 2504 4879 xvr,
2542 4817 2567 4869 1
2607 4831 2694 4885 sq.
2762 4815 2809 4847 ”
2835 4815 2993 4870 lCor.
3032 4831 3070 4879 I,
3103 4816 3153 4868 1.

492 4930 566 5001 (2)
612 4931 705 4986 Sic
746 4946 876 4986 mss.
908 4942 964 4985 et
991 4932 1271 4988 llabanus.
1312 4934 1451 4989 Editi
1484 4948 1614 4988 vero
1636 4973 1651 4998 ,
1710 4932 1997 4987 Considera

418 5018 540 5074 ergo
563 5018 631 5055 ea:
654 5004 752 5074 hoc
772 5014 986 5069 promer
1029 5005 1169 5072 quod
1209 5007 1404 5074 scripta
1446 5015 1567 5057 sunt
1591 5042 1609 5068 ,
1664 5003 1897 5056 videlicet
1939 5014 1995 5057 ut

418 5072 619 5136 scripta
653 5073 953 5126 videantur.
1050 5092 1057 5098 ’

488 5142 564 5209 (5)
595 5141 677 5193 Ad
704 5142 891 5196 Deum.
914 5142 1303 5197 Desiderantur
1337 5145 1454 5198 haec
1472 5145 1523 5197 in
1548 5154 1712 5196 antea
1738 5143 1916 5196 editis.

489 5210 565 5282 (4)
597 5209 668 5264 Ut
697 5214 995 5272 unanimes.
1028 5223 1162 5277 ete.,
1190 5229 1360 5282 usque
1387 5214 1475 5278 ad,
1511 5215 1565 5267 in
1595 5214 1844 5266 honorent
1874 5213 1991 5276 Dei,

415 5280 793 5404 gesiderantur
827 5282 880 5336 iu
916 5282 1114 5348 editis;
1162 5280 1663 5338 sed—restituuntur
1707 5298 1773 5337 ex
1807 5286 1990 5338 omni-

454 5365 516 5402 us
556 5365 685 5403 mss.

454 5365 516 5402 US
556 5365 685 5403 lliSS.

488 5418 565 5488 (5)
600 5420 763 5483 Editi,
793 5430 843 5473 et
881 5420 1020 5475 Deus
1044 5424 1333 5487 patientiae,
1367 5423 1535 5478 male.

512 5487 565 5629 ti)
599 5488 762 5555 Editi,
797 5491 936 5544 Deus
972 5503 1144 5545 autem
1172 5495 1465 5557 patientia,
1491 5506 1597 5548 etc.

512 5559 539 5612 7
598 5557 691 5629 Sic
719 5577 849 5613 mss.
878 5572 933 5615 et
968 5561 1244 5617 Rabanus.
1283 5562 1423 5617 Editi
1475 5579 1597 5618 vero

512 5494 542 5540 ti
599 5493 762 5555 Editi,
797 5493 936 5544 Deus
972 5503 1144 5545 autem
1172 5495 1465 5557 patientia,
1491 5506 1597 5548 etc.

486 5493 565 5629 i7l
598 5557 693 5630 Sic
719 5577 849 5613 mss.
878 5572 933 5615 et
968 5561 1244 5617 Rabanus.
1283 5562 1423 5617 Editi
1475 5579 1622 5630 vero,
1667 5562 1855 5618 Gratia
1895 5566 1991 5627 Dei

415 5628 803 5682 est'b’enedictio
834 5632 960 5685 ista.

508 5698 563 5768 8)
599 5699 706 5753 ltu.
744 5694 905 5754 Deest
932 5703 982 5755 in
1014 5704 1194 5757 editis.

507 5775 562 5835 9)
597 5771 637 5820 Α
676 5769 806 5824 Deo.
836 5772 1117 5827 Omittitur
1145 5774 1198 5827 in
1226 5773 1379 5827 libris
1404 5785 1559 5829 antea
1592 5776 1772 5829 editis.

489 5837 601 5910 (l0)
632 5837 748 5912 Ibi,
778 5843 968 5903 inquit.
1019 5841 1145 5899 Haec
1183 5844 1484 5911 duo_verba
1519 5845 1900 5903 desiderantur
1929 5847 1986 5901 in

3231 4814 3277 4846 “
3303 4813 3323 4867 Ι
3349 4815 3514 4872 Tbes.
3551 4832 3591 4878 I,
3620 4815 3673 4868 1.

2101 4937 2265 4990 editis
2291 4978 2308 5002 ,
2337 4945 2392 4992 et
2444 4939 2498 4991 in
2546 4935 2788 5006 pluribus
2835 4949 2964 5006 niss.
2995 4970 3012 4996 ,
3056 4932 3149 4987 sed
3202 4933 3565 5006 restituuntur
3604 4948 3673 5006 ex

2101 5022 2203 5077 nis.
2235 5007 2405 5077 Regio
2437 5003 2585 5061 noni.
2617 5007 2756 5061 1659
2780 5015 2832 5060 et
2864 5003 3121 5065 Rabauo,
3160 5005 3252 5073 qui
3293 5013 3474 5056 tamen
3505 5003 3672 5056 omit-

2100 5076 2164 5130 tit
2192 5077 2288 5130 ibi.

2169 5146 2281 5218 (lt)
2308 5146 2457 5200 Libri
2489 5156 2646 5201 antea
2671 5146 2799 5200 editi
2835 5144 3035 5218 habent
3057 5144 3383 5218 duodecim;
3412 5140 3668 5198 Rabanus

2099 5214 2228 5273 vero
2253 5214 2309 5271 et
2339 5232 2529 5271 omnes
2564 5232 2692 5271 mss.
2727 5230 2843 5270 nos;
2859 5216 2923 5279 ri,
2958 5214 3220 5267 undecim.

2168 5286 2478 5359 (H)Editi,
2504 5287 2579 5359 hi.
2599 5286 2743 5359 Mss.
2772 5299 2921 5359 vero.
2951 5294 3075 5359 tres,
3101 5284 3189 5359 qui
3220 5283 3379 5359 paulo
3412 5290 3544 5359 post
3567 5282 3667 5336 ha-

2094 5352 2245 5421 bent,
2263 5352 2473 5428 'Asyr...
2491 5355 2780 5428 ‘Helchana
2803 5354 2986 5426 (uitus,
3012 5352 3342 5422 llelchan)...
3375 5365 3424 5407 et
3449 5353 3664 5415 Abiasa,

2093 5429 2191 5488 aL,
2226 5425 2420 5497 Abyaa,
2455 5425 2551 5486 aL,
2584 5425 2810 5494 Abyssa.

2164 5498 2278 5568 (15)
2308 5494 2473 5557 Editi,
2501 5497 2720 5568 ab_actu
2735 5494 2977 5568 (nefario.

2162 5562 2275 5636 (14)
2310 5569 2486 5628 Editi,
2543 5565 2832 5618 Ecclesium
2859 5604 2874 5625 ,
2929 5563 3090 5620 male.
3142 5562 3342 5619 Deinde
3383 5567 3664 5636 omittunt,

2089 5632 2267 5691 omnes
2289 5654 2308 5691 :
2334 5647 2390 5692 et
2423 5636 2579 5706 paulo
2613 5646 2731 5703 post
2776 5637 2976 5688 habent
2998 5675 3013 5697 ,
3045 5643 3093 5687 et
3137 5651 3240 5687 uno
3279 5652 3369 5688 ore
3395 5632 3667 5701 honoriﬁa

2088 5710 2209 5761 cetis
2266 5708 2471 5774 Deum,
2522 5718 2628 5761 etc.
2685 5707 2791 5760 Sed
2843 5720 3033 5760 omnes
3081 5720 3210 5759 mss.
3263 5716 3320 5759 ut
3367 5707 3420 5761 in
3478 5714 3670 5761 nostro

2090 5788 2259 5833 testu.
