4150 6430
442 347 582 416 1265

1914 356 2235 413 ORIGENIS

3556 358 3697 411 12ὑῶ

439 482 530 536 ubi
561 480 674 545 ait,
704 477 930 545 idipsum
960 492 1142 540 sapere
1184 477 1240 529 in
1277 476 1595 531 alterutrum
1619 517 1633 542 ,
1665 475 1910 542 addidit,
1938 493 2021 530 se-
2046 482 2095 537 Α
2122 491 2231 547 quo
2276 491 2420 531 nunc
2458 490 2552 531 eos
2598 477 2690 546 qui
2740 491 2806 531 ex
2860 474 3276 531 circumcisione
3321 474 3697 539 credideram,

439 570 668 624 cundum
694 567 877 623 Jesum
905 566 1193 621 Christum.
1223 565 1414 622 Posset
1445 568 1587 622 enim
1626 568 1743 623 lieri
1791 576 1849 621 ut
1876 580 1928 621 et
1962 569 2016 622 in

442 660 644 715 malitia
680 658 848 728 aliqui
890 658 1226 714 unanimiter
1279 660 1695 724 consentirent,
1741 669 1798 714 et
1845 675 2017 713 unum

439 763 693 825 saperent
722 755 775 808 in
809 754 981 824 pejus.
1018 754 1098 810 Ob
1123 754 1226 809 hoc
1265 771 1397 825 ergo
1429 756 1676 822 addidit,
1726 756 2016 810 secundum

434 846 621 903 Iesum
656 848 942 903 Christum.
978 846 1082 914 Qui
1113 857 1290 902 autem
1322 850 1620 904 secundum
1648 847 1831 905 Jesum
1855 848 2016 904 Chri-

437 948 582 996 stum
612 940 774 1009 sapit,
808 938 925 992 sine
954 938 1120 992 dubio
1150 952 1312 991 omne
1338 938 1479 1006 quod
1511 942 1708 993 bonum
1733 948 1816 993 est
1846 939 2011 1008 sapit.

437 1028 568 1085 Post
599 1031 710 1084 hac
742 1030 819 1083 ait
856 1049 871 1083 :
904 1026 1128 1097 Propter
1165 1030 1306 1097 quod
1330 1031 1574 1099 suscipite
1606 1029 1847 1095 invicem,
1879 1031 2017 1085 sicut

437 1134 486 1179 et
511 1125 751 1179 Christus
781 1123 1007 1185 suscepit
1039 1137 1127 1176 vos
1160 1121 1218 1174 in
1239 1121 1492 1175 honorem
1519 1120 1635 1175 Dei.
1671 1120 1828 1187 Quod
1861 1120 2013 1187 dicit,

437 1218 684 1285 suscipite
707 1217 945 1280 invicem,
980 1215 1048 1269 ad
1091 1214 1220 1269 illud
1248 1212 1592 1269 referendum
1620 1224 1704 1269 est
1728 1215 1875 1284 quod
1901 1215 2014 1285 pri-

438 1323 529 1364 mo
556 1315 912 1378 proposuerat
938 1306 1049 1379 (15)
1076 1348 1092 1374 ,
1123 1307 1212 1362 ubi
1244 1307 1533 1361 occasione
1574 1307 1893 1362 mundorum
1927 1307 2014 1363 vel

438 1397 838 1453 immundorum
866 1399 1108 1453 ciborum
1141 1397 1309 1470 674
1349 1399 1566 1453 diversa
1602 1399 1901 1454 sentientes
1943 1400 2011 1455 ab

437 1488 668 1544 invicem
714 1489 1133 1557 discrepabant;
1177 1499 1232 1545 et
1282 1491 1360 1544 ait
1394 1489 1716 1558 :_Suscipite
1765 1491 2010 1557 invicem,

439 1582 574 1636 sicut
597 1590 644 1635 et
667 1579 907 1635 Christus
931 1580 1150 1648 suscepit
1175 1597 1287 1646 uos,
1315 1580 1405 1647 qui
1435 1580 1635 1634 nullius
1668 1581 1878 1636 horruit
1910 1582 2013 1635 im-

440 1673 735 1729 munditias
758 1712 773 1737 ,
825 1687 924 1726 nec
956 1673 1224 1741 reputavit
1260 1672 1419 1726 alicui
1474 1673 1669 1727 delicta
1700 1688 1819 1728 sua.
1869 1673 2011 1728 Nihil

436 1776 568 1833 ergo
587 1762 655 1818 de
680 1761 1016 1816 immunditia
1042 1760 1155 1831 (16)
1184 1761 1496 1816 animalium
1549 1763 1821 1831 iudicetis,
1867 1765 2011 1819 sicut

441 1868 544 1908 nec
575 1853 664 1907 ille
704 1852 1075 1907 immunditias
1099 1853 1435 1908 credentium
1463 1856 1746 1924 reputavit.
1770 1855 1936 1925 thui
1956 1856 2009 1909 in

438 1946 811 2015 superioribus
856 1946 1069 2000 dixerat
1106 1964 1119 2000 :
1177 1945 1280 2011 Qui
1318 1956 1495 2001 autem
1534 1949 1820 2001 manducat
1847 1989 1863 2011 ,
1902 1964 2007 2001 non

439 2037 841 2091 manducantem
880 2054 984 2090 non
1016 2038 1268 2105 judicet;
1300 2038 1439 2093 Deus
1466 2039 1604 2093 enim
1635 2038 1782 2091 illum
1808 2056 2011 2093 assum-

437 2127 536 2194 psit
560 2126 605 2158 ⁸⁸
632 2166 650 2192 ,
677 2126 766 2180 hic
803 2126 975 2181 dixit:
1010 2125 1159 2180 Sicut
1207 2126 1446 2182 Christus
1475 2128 1588 2200 (17)
1632 2132 1856 2198 suscepit
1886 2136 2010 2185 vos:

439 2226 497 2271 ut
527 2218 838 2272 ostenderet
866 2232 1035 2271 unum
1066 2228 1229 2288 atque
1257 2220 1396 2274 idem
1437 2235 1558 2276 esse
1589 2237 1618 2273 a
1652 2222 1760 2275 Deo
1784 2223 2008 2291 suscipi,

435 2317 490 2362 et
515 2322 545 2361 a
577 2306 819 2362 Christo.
856 2306 1021 2361 Addit
1048 2316 1231 2361 autem
1263 2317 1317 2362 et
1360 2310 1465 2363 hoc
1490 2350 1504 2375 ,
1536 2313 1680 2380 quod
1715 2312 1888 2365 honor
1920 2313 2009 2366 Dei

435 2398 509 2452 sit
544 2397 745 2467 suscipi
791 2411 819 2450 a
846 2396 1085 2453 Christo.
1113 2398 1262 2466 Quos
1283 2400 1427 2454 enim
1470 2402 1704 2470 suscipit
1735 2401 2008 2467 Christus,

434 2489 595 2545 docet
627 2504 722 2545 eos
748 2490 820 2544 ita
846 2503 1007 2560 agere
1035 2490 1255 2558 debere,
1279 2501 1339 2546 ut
1364 2494 1597 2549 uidentes
1626 2495 1862 2549 homines
1887 2512 2011 2564 ope-

435 2598 499 2636 ra
526 2596 713 2637 eorum
738 2582 894 2649 bona,
917 2584 1208 2655 gloriﬁcent
1237 2584 1452 2640 Patrem
1474 2602 1655 2641 eorum
1672 2589 1764 2656 qui
1784 2589 1841 2642 in
1871 2589 2012 2643 caelis

435 2670 511 2730 est
539 2676 606 2730 °°.

504 2766 561 2822 8.
594 2767 721 2821 Dico
748 2769 883 2821 enim
915 2766 1182 2822 Christum
1213 2770 1512 2823 ministrum
1537 2770 1702 2839 fuisse
1731 2772 2009 2827 circumci-

430 2859 594 2915 sionis
625 2871 837 2929 propter
864 2863 1129 2916 veritatem
1154 2862 1271 2926 Dei,
1300 2862 1369 2915 ad
1404 2862 1753 2917 stabiliendas
1778 2865 2008 2934 promis-

432 2950 608 3006 siones
632 2949 879 3007 Patrum.
927 2950 1113 3008 Gentes
1136 2964 1309 3008 autem
1337 2970 1431 3024 pro
1461 2956 1821 3010 misericordia
1844 2958 2011 3011 hono-

432 3059 555 3097 rare
577 3044 689 3114 (18)
721 3044 906 3110 Deum,
929 3046 1063 3099 sicut
1095 3047 1343 3113 scriptum
1374 3058 1448 3100 est
1475 3064 1495 3101 :
1532 3045 1817 3110 Propterea
1843 3050 2009 3118 conﬁ-

434 3135 578 3189 tebor
607 3136 701 3189 tibi
744 3135 797 3190 in
826 3137 1064 3207 gentibus
1085 3178 1101 3199 ,
1128 3147 1175 3191 et
1218 3139 1272 3191 in
1306 3142 1512 3192 nomine
1544 3151 1636 3194 tuo
1664 3142 1911 3195 cantabo.
1938 3141 2007 3195 Et
2037 3178 2080 3237 ϐ

431 3224 622 3279 iterum
650 3228 818 3280 dicit:
854 3228 1150 3291 Ltetamini,
1179 3237 1378 3298 gentes,
1405 3247 1521 3283 cum
1552 3232 1745 3300 populo
1773 3234 1908 3302 ejus.
1940 3232 2008 3286 Et

432 3316 621 3369 iterum
644 3330 664 3368 :
690 3315 932 3373 Laudate
956 3318 1262 3385 Dominum,
1300 3337 1475 3373 omnes
1507 3332 1700 3391 gentes,
1733 3334 1781 3377 et
1804 3326 2010 3393 magni-

429 3404 584 3476 ﬁcate
611 3424 728 3463 eum
752 3450 768 3476 ,
805 3427 981 3465 omnes
1016 3412 1214 3481 populi.
1259 3410 1327 3465 Et
1358 3412 1531 3468 Isaias
1582 3431 1789 3469 rursum
1833 3418 2007 3470 dicit:

435 3498 549 3553 Erit
582 3502 738 3555 radix
761 3502 929 3571 Jesse,
972 3513 1019 3558 et
1044 3507 1134 3573 qui
1156 3516 1398 3574 exsurget
1426 3522 1601 3576 regere
1630 3517 1830 3577 gentes,
1861 3510 1916 3562 in
1946 3526 2007 3563 eo

429 3602 603 3661 gentes
633 3597 914 3662 sperabunt
933 3597 1000 3654 ’⁷.
1032 3597 1315 3664 Quomodo
1339 3596 1594 3653 Christus
1616 3580 1867 3653 minister
1889 3599 2005 3655 fue-

431 3681 504 3735 rit
529 3682 960 3739 circumcisionis
990 3688 1055 3739 ad
1089 3686 1439 3741 stabiliendas
1472 3686 1860 3756 promissiones
1901 3683 2004 3738 Pa-

431 3780 594 3839 trum,
618 3774 816 3844 duplici
840 3775 998 3830 modo
1025 3775 1248 3845 intelligi
1267 3784 1464 3846 potest.
1493 3774 1623 3831 Sive
1650 3792 1748 3845 pro
1772 3791 1836 3832 eo
1858 3776 2001 3845 quod

429 3866 896 3921 circumcisionem
929 3870 982 3921 in
1009 3883 1175 3924 carne
1197 3884 1295 3924 sua
1322 3871 1436 3939 ipse
1461 3870 1722 3939 suscepit,
1741 3879 1799 3925 ut
1828 3870 2003 3925 mani-

426 3944 720 4014 festissime
751 3969 1066 4015 nosceretur
1098 3962 1244 4030 quod
1270 3977 1339 4017 ex
1369 3963 1574 4018 semine
1594 3962 1869 4018 Abraham
1904 3977 2001 4018 ve-

429 4051 606 4119 niens,
631 4052 717 4106 cui
752 4053 1074 4121 promiserat
1104 4054 1246 4109 Dens
1269 4056 1412 4124 quod
1444 4055 1500 4108 in
1538 4055 1748 4109 semine
1777 4069 1875 4109 suo
1903 4053 2000 4110 be-

427 4142 805 4197 nedicerentur
837 4144 947 4214 (l9)
979 4160 1171 4202 omnes
1203 4156 1394 4215 gentes
1420 4147 1487 4210 ⁸³⁸,
1509 4146 1811 4215 compleret
1832 4148 1883 4201 in
1911 4162 2002 4203 se-

426 4236 655 4304 metipso
678 4251 797 4305 quae
820 4236 1071 4293 Patribus
1098 4239 1313 4295 fuerant
1345 4239 1668 4308 repromissa
1695 4257 1708 4292 :
1746 4248 1875 4294 etut
1905 4254 2001 4308 per

426 4326 549 4393 hoc,
574 4329 870 4385 secundum
898 4332 1237 4401 propositum
1265 4332 1430 4419 totius
1456 4331 1707 4401 Epistolas
1728 4333 1999 4400 ordinem,

493 4438 728 4511 "pom,
754 4444 874 4511 Emi,
913 4441 966 4496 5.
1046 4442 1093 4474 “
1131 4442 1318 4498 Matth.
1350 4457 1418 4504 ν.
1470 4441 1556 4495 16.
1632 4441 1683 4511 ’τί
1710 4439 1998 4511 Bonum,
2045 4437 2080 4497 8
2111 4460 2193 4511 sq.

700 4512 722 4541 '
751 4510 895 4566 Psal.
929 4527 1063 4578 xm,
1084 4511 1171 4567 50.
1239 4512 1261 4543 ³
1285 4513 1440 4567 Deut.
1467 4510 1751 4574 xxxtt,45.
1822 4510 1843 4541 ⁸
1875 4510 1978 4566 lsa.
2010 4530 2085 4578 xl,
2116 4510 2204 4568 10.

422 4522 501 4576 tt,
536 4509 624 4563 11.

2121 585 2268 624 nunc
2298 570 2462 625 etiam
2492 584 2587 625 eos
2609 571 2701 639 qui
2732 582 2797 624 ex
2830 569 3084 638 gentibus
3112 568 3400 624 adversum
3450 584 3509 624 se
3560 568 3698 623 invi-

2119 676 2238 717 cem
2271 662 2651 732 superbientes
2675 672 2835 717 erant
2868 662 3107 716 refrenat
3143 676 3209 717 ac
3236 661 3505 730 reprimit,
3537 661 3699 716 doce-

2120 764 2204 809 ret
2231 770 2337 809 non
2366 769 2487 809 esse
2515 755 2733 825 penitus
2757 754 3079 825 iudicandos
3101 769 3197 810 eos
3225 756 3315 822 qui
3349 755 3402 809 in
3430 753 3565 822 legis
3592 755 3694 807 ob-

2118 845 2517 901 servationibus
2569 847 2975 913 demorantur;
3029 846 3467 916 quandoquidem
3532 847 3695 900 etiam

2118 937 2368 992 Christus
2393 936 2446 991 in
2478 951 2641 992 carne
2669 952 2765 991 sua
2787 935 3223 991 circumcisionis
3255 936 3504 990 minister
3528 935 3697 990 exsti-

2120 1028 2247 1082 terit
2273 1046 2286 1081 :
2319 1028 2435 1082 sive
2459 1027 2563 1081 alio
2600 1026 2782 1087 modo,
2812 1036 2873 1080 ut
2903 1024 3050 1079 illius
3079 1025 3511 1081 circumcisionis
3544 1025 3700 1079 Chri-

2116 1129 2233 1174 stus
2264 1118 2512 1173 minister
2545 1117 2657 1190 (20)
2693 1116 2861 1172 fuisse
2891 1116 3123 1182 dicatur,
3154 1119 3220 1172 de
3243 1133 3347 1187 qua
3378 1118 3518 1172 idem
3546 1118 3693 1187 Apo-

2115 1210 2287 1267 stolus
2319 1211 2452 1266 dicit
2472 1213 2559 1265 θος
2597 1210 2721 1265 Non
2755 1211 2891 1263 enim
2927 1211 3016 1280 qui
3054 1210 3111 1263 in
3152 1210 3435 1278 manifesto
3473 1208 3697 1264 Judteus

2115 1312 2213 1368 est,
2236 1319 2399 1374 neque
2425 1318 2543 1373 qua,
2572 1301 2850 1370 manifesta
2872 1302 2925 1354 in
2945 1314 3101 1354 carne
3127 1308 3206 1354 est
3231 1300 3583 1366 circumcisio,
3603 1300 3697 1354 sed

2113 1396 2202 1465 qui
2228 1396 2280 1448 in
2297 1394 2501 1449 occulto
2521 1393 2553 1446 J
2564 1395 2743 1449 udwus
2760 1402 2857 1457 est,
2890 1391 3003 1462 (21)
3027 1401 3077 1446 et
3098 1393 3426 1447 circumcisio
3448 1391 3619 1446 cordis
3639 1394 3698 1445 in

2114 1489 2324 1557 spiritu,
2374 1504 2476 1541 non
2513 1486 2724 1551 littera,
2776 1485 2930 1555 cujus
2977 1485 3098 1539 laus
3142 1500 3245 1537 non
3287 1499 3351 1536 ex
3375 1483 3694 1545 hominibus,

2113 1579 2203 1632 sed
2229 1595 2295 1632 ex
2312 1577 2419 1632 Deo
2434 1586 2544 1641 est;
2573 1588 2625 1632 et
2648 1577 2945 1632 secundum
2964 1575 3110 1644 quod
3144 1574 3285 1629 idem
3317 1573 3610 1643 Apostolus
3635 1573 3694 1628 in

2113 1666 2236 1721 aliis
2254 1667 2382 1720 dicit
2405 1667 2421 1697 ί
2452 1666 2591 1737 ;(2;).)
2613 1666 2678 1719 In
2702 1680 2803 1735 quo
2828 1666 2990 1718 etiam
3012 1664 3307 1717 circumcisi
3329 1664 3450 1717 estis
3471 1664 3700 1716 circum-

2115 1760 2308 1813 cisione
2334 1774 2441 1812 non
2471 1756 2782 1825 manufacta
2812 1747 2866 1810 in
2894 1756 3278 1825 exspoliatione
3311 1756 3544 1825 corporis
3576 1771 3697 1808 car—

2115 1855 2227 1918 nis,
2260 1852 2351 1906 sed
2392 1853 2447 1905 in
2494 1849 2890 1904 circumcisione
2935 1850 3174 1916 Christi,
3217 1849 3507 1918 consepulti
3556 1849 3604 1903 ei
3634 1850 3693 1905 in

2117 1945 2397 2013 baptismo.
2483 1942 2589 1997 Per
2650 1941 2966 2012 hujusmodi
3035 1957 3164 2013 ergo
3223 1939 3696 1997 circumcisionem

2113 2046 2321 2088 certum
2369 2043 2455 2087 est
2508 2031 2729 2086 Patrum
2776 2032 3163 2104 promissiones
3214 2046 3335 2087 esse
3373 2031 3690 2100 completas.

2115 2128 2246 2194 Quae
2287 2136 2468 2180 autem
2513 2125 2708 2180 iuerint
2737 2126 3145 2194 promissiones,
3189 2124 3420 2178 subditis
3448 2122 3693 2177 declarat

2115 2218 2375 2287 exemplis
2392 2217 2586 2287 quibus
2604 2217 2762 2272 dicit:
2790 2216 2906 2284 (25)
2932 2214 3211 2287 Propterea
3228 2214 3513 2284 conﬁtebor
3533 2214 3623 2268 tibi
3640 2214 3699 2267 in

2112 2308 2375 2378 gentibus,
2434 2316 2484 2363 et
2534 2309 2735 2361 nomini
2786 2318 2877 2361 tuo
2926 2308 3170 2362 cantabo.
3224 2306 3377 2372 Quod
3423 2320 3489 2360 ex
3524 2306 3696 2374 septi-

2114 2416 2203 2455 mo
2232 2399 2344 2471 (24)
2385 2400 2599 2455 decimo
2626 2399 2838 2470 psalmo
2882 2400 3093 2453 videtur
3141 2407 3503 2467 assumptum,
3530 2410 3697 2464 parva

2114 2493 2494 2547 immutatione
2513 2492 2725 2555 habita,
2749 2507 2854 2546 non
2880 2505 3094 2557 sensus,
3125 2491 3220 2545 sed
3248 2503 3583 2543 sermonum.
3620 2487 3693 2541 lbi

2112 2584 2257 2639 enim
2280 2585 2410 2639 dicit
2431 2584 2699 2653 Propheta
2726 2604 2738 2638 :
2763 2581 3051 2652 Propterea
3077 2582 3362 2644 conﬁtebor
3384 2581 3476 2634 tibi
3499 2582 3552 2633 in
3572 2596 3700 2650 gen—

2113 2678 2273 2736 tibus.
2305 2676 2548 2741 Domine,
2579 2685 2627 2730 et
2652 2675 2880 2743 psallam
2917 2676 3116 2730 nomini
3145 2686 3235 2728 tuo
3259 2676 3302 2729 ².
3335 2675 3487 2740 Quod
3512 2684 3696 2727 autem

2113 2768 2188 2823 ait
2213 2786 2227 2822 :
2260 2767 2564 2831 Laztamini,
2585 2780 2786 2836 gentes,
2808 2783 2927 2820 cum
2953 2765 3146 2836 populo
3171 2765 3310 2832 ejus,
3335 2764 3543 2819 eisdem
3568 2777 3694 2818 ver-

2112 2862 2197 2915 bis
2223 2862 2274 2914 in
2306 2861 2713 2916 Deuteronomii
2742 2861 2961 2915 cantico
2981 2858 3245 2928 scriptum
3269 2858 3389 2912 est’
3414 2875 3427 2910 :
3455 2855 3695 2909 Laudato

2113 2969 2243 3008 vero
2297 2953 2576 3007 Dominum
2596 2995 2612 3021 ,
2643 2969 2821 3007 omnes
2860 2961 3063 3021 gentes,
3095 2961 3142 3004 et
3192 2951 3522 3020 magni/icate
3549 2965 3695 3017 eum,

2114 3059 2290 3097 omnes
2317 3043 2519 3113 populi,
2540 3045 2593 3097 in
2626 3044 2927 3099 centesimo
2957 3053 3113 3098 sexto
3140 3045 3351 3097 decimo
3380 3040 3591 3110 psalmo
3613 3040 3692 3092 le-

2113 3138 2296 3207 gitur;
2330 3146 2540 3190 tantum
2565 3146 2648 3191 est
2682 3137 2824 3205 quod
2858 3136 2929 3189 ibi
2968 3151 3065 3204 pro
3101 3135 3456 3204 magniﬁcate,
3482 3134 3689 3188 collau-

2115 3231 2239 3284 date
2286 3229 2521 3300 positum
2566 3239 2669 3285 est.
2721 3228 2980 3283 Ultimum
3036 3243 3168 3283 vero
3222 3227 3527 3298 exemplum
3577 3228 3695 3296 ipse

2114 3324 2313 3381 Paulus
2341 3327 2404 3380 de
2436 3325 2573 3380 Isaia
2608 3325 2743 3379 dicit
2765 3339 2888 3379 esse
2916 3333 3275 3392 assumptum,
3310 3321 3362 3375 in
3388 3321 3546 3391 cujus
3572 3336 3694 3378 cor-

2113 3432 2244 3489 pore
2275 3418 2349 3471 ita
2380 3418 2641 3486 scriptum
2670 3425 2753 3471 est
2786 3415 2898 3487 (25)
2925 3434 2937 3470 :
2972 3413 3039 3467 Et
3074 3414 3176 3467 erit
3214 3414 3269 3467 in
3297 3414 3383 3466 die
3409 3413 3503 3466 illa
3537 3413 3699 3467 radix

2115 3509 2300 3574 Jesse;
2322 3519 2367 3563 et
2393 3510 2484 3580 qui
2513 3519 2754 3579 exsurget
2783 3524 2960 3578 regere
2985 3519 3181 3575 gentes,
3212 3507 3267 3558 in
3296 3522 3355 3559 eo
3381 3516 3557 3586 gentes
3579 3521 3695 3572 spe-

2112 3603 2325 3655 rabunt.
2356 3597 2426 3653 Et
2453 3600 2550 3654 erit
2586 3601 2786 3668 requies
2822 3599 2936 3668 ejus
2968 3598 3138 3651 Itonor
3162 3598 3203 3652 ⁵.
3245 3596 3477 3651 Omissis
3508 3605 3691 3649 autem

2111 3692 2163 3746 in
2193 3693 2366 3760 primo
2394 3692 2609 3760 quidem
2639 3692 2850 3745 duobus
2878 3691 3249 3753 sermonibus,
3292 3691 3344 3744 id
3373 3700 3489 3755 est,
3524 3691 3580 3743 in
3607 3690 3694 3743 die

2107 3783 2242 3849 illa;
2269 3790 2325 3836 et
2351 3786 2405 3837 in
2434 3782 2656 3850 ultimis,
2684 3793 2731 3836 et
2761 3783 2862 3836 erit
2885 3783 3087 3853 requies
3118 3783 3234 3851 ejus
3264 3782 3454 3845 honor,
3493 3790 3691 3836 czctera

2107 3874 2310 3929 eisdem
2333 3875 2518 3930 verbis
2547 3874 2729 3943 posuit
2753 3876 2950 3944 quibus
2973 3874 3325 3943 Septuaginta
3362 3874 3690 3943 lnterpretes

2108 3966 2412 4022 ediderunt.
2466 3967 2623 4021 llnde
2670 3966 2949 4022 sciendum
3002 3976 3086 4021 est
3132 3967 3276 4036 quod
3338 3967 3389 4021 in
3432 3966 3691 4020 omnith

2107 4073 2245 4128 pene
2274 4058 2561 4129 Apostolus
2587 4059 2873 4113 editionem
2925 4058 3282 4127 Septuaginta
3326 4057 3685 4122 lnterpretum

2108 4160 2275 4218 tenet,
2295 4153 2395 4206 nisi
2423 4152 2466 4206 si
2494 4166 2597 4220 qua
2623 4150 2764 4205 forte
2782 4151 2830 4206 ei
2857 4166 3018 4221 quam
3054 4150 3376 4219 exsequitur
3398 4148 3683 4204 assertioni

2108 4245 2285 4298 minus
2315 4245 2620 4298 necessaria
2652 4243 2909 4298 videntur
2934 4241 3072 4312 (26),
3120 4251 3216 4295 aut
3255 4243 3298 4295 si
3335 4240 3549 4310 quando
3577 4255 3683 4293 non

2110 4344 2218 4388 tam
2252 4335 2434 4389 verbis
2469 4334 2851 4403 lnterpretum,
2893 4349 3055 4401 quam
3100 4331 3356 4387 sensibus
3386 4330 3684 4400 Scriptura:

2270 4446 2317 4476 ”
2350 4446 2650 4511 Gen.xxu,
2705 4445 2792 4501 18.
2862 4444 2908 4478 θ’
2937 4444 3096 4499 Rom.
3127 4459 3203 4505 tt,
3253 4443 3348 4500 23.
3427 4440 3677 4496 ‘Coloss.

491 4618 606 4691 (15)
635 4619 933 4693 Ms.unus,
966 4632 1234 4691 posuerat.
1271 4620 1378 4677 Sed
1406 4620 1591 4677 caeteri
1623 4633 1779 4684 mss.,
1816 4617 1989 4673 Raba-
2024 4625 2069 4679 Ι)
2095 4622 2199 4693 teri
2235 4637 2362 4676 vero
2391 4638 2524 4679 mss.
2559 4633 2615 4680 et
2642 4623 2799 4690 editi,
2829 4632 2881 4679 et
2911 4623 3316 4677 circumcisione
3354 4623 3526 4677 cordis
3562 4638 3682 4693 quae

421 4703 523 4743 nus
547 4700 603 4743 et
629 4692 759 4745 editi
786 4698 1150 4757 proposuerat.

522 4760 609 4825 16)
644 4761 806 4825 Editi,
843 4756 995 4816 Nihil
1020 4762 1156 4815 enim
1182 4761 1248 4815 de
1274 4760 1633 4821 immunditia.
1664 4768 1772 4817 etc.

517 4831 604 4899 17}
629 4831 754 4886 Mss.
779 4832 1043 4902 plerique,
1068 4830 1323 4888 Rabanus
1344 4843 1399 4886 et
1427 4831 1577 4893 editi,
1595 4831 1680 4883 hic
1704 4828 1842 4902 dixit
1866 4827 1987 4901 (aL,

420 4898 591 4971 dicit)
617 4905 739 4969 quia
779 4898 1021 4957 Christus
1047 4941 1063 4966 ,
1103 4910 1210 4956 etc.
1264 4902 1369 4955 Sed
1405 4902 1604 4971 rectius
1651 4915 1753 4953 ms.
1791 4898 1991 4967 Regius

421 4970 568 5025 num.
604 4971 742 5028 1639
771 4980 828 5025 ut
856 4974 906 5027 in
938 4982 1123 5028 nostro
1149 4981 1319 5027 textu.
1351 4970 1552 5026 Deinde
1586 4985 1714 5023 mss.
1745 4971 1987 5034 quidam,

420 5042 583 5094 Addit
609 5052 656 5095 et
690 5041 808 5109 hoc,
837 5051 889 5095 ut
922 5043 1090 5096 honor
1125 5043 1190 5095 sit
1225 5042 1343 5105 Dei,
1376 5051 1482 5097 etc.
1520 5040 1626 5094 Sed
1664 5040 1863 5109 melius
1886 5054 1987 5109 ms.

418 5109 618 5180 Regius
648 5108 799 5167 num.
849 5111 986 5166 1659
1029 5120 1086 5167 et
1139 5112 1399 5168 Rabanus
1449 5121 1508 5164 ut
1553 5111 1605 5164 in
1641 5119 1812 5163 textu.
1841 5108 1989 5163 Editi

420 5184 679 5251 omittunt
710 5192 905 5244 autem,
937 5183 1033 5238 sed
1061 5182 1260 5238 habent
1282 5181 1420 5251 quod
1447 5195 1545 5248 pro
1574 5189 1653 5234 ut.

490 5250 602 5323 (18)
624 5250 813 5306 Gentes
841 5261 1017 5306 autem
1038 5269 1130 5321 pro
1155 5250 1519 5306 misericordia
1538 5251 1826 5323 honorare,
1850 5258 1983 5313 etc.,

416 5319 591 5389 usque
627 5323 693 5375 ad
719 5361 735 5383 .
765 5323 822 5376 in
858 5337 917 5375 eo
961 5319 1134 5391 gentes
1176 5323 1451 5391 sperabunt
1476 5361 1491 5385 ,
1521 5319 1902 5374 desiderantur
1934 5323 1985 5374 iu

415 5401 573 5460 antea
605 5392 786 5457 editis,
822 5401 875 5446 et
907 5392 1266 5447 restituuntur
1294 5407 1359 5447 ex
1396 5407 1549 5454 mss.,
1580 5405 1811 5460 quorum
1848 5405 1988 5444 unus

415 5459 599 5531 habet,
627 5462 683 5514 in
705 5478 822 5515 eum
850 5476 947 5531 pro
978 5464 1033 5515 in
1060 5478 1141 5515 eo.

511 5530 601 5596 19)
634 5531 799 5594 Editi,
823 5530 945 5601 quia
975 5533 1028 5585 in
1056 5530 1246 5586 semine
1281 5542 1368 5584 tuo
1400 5530 1790 5595 benedicentur,
1824 5540 1928 5582 etc.

509 5601 600 5671 20)
630 5601 907 5655 Exstiterit
933 5617 952 5655 :
988 5604 1093 5655 sive
1119 5602 1226 5654 alio
1255 5602 1429 5665 modo,
1454 5610 1509 5653 ut
1533 5602 1676 5654 illius
1708 5602 1986 5653 circumci-

415 5668 587 5741 siqnis
603 5672 845 5724 Christus
879 5672 1291 5727 minister.,lla:c
1315 5673 1801 5741 prmtermittuntur
1834 5671 1885 5722 in
1922 5670 1986 5723 li-

413 5736 529 5794 bris
556 5749 713 5794 antea
746 5742 926 5795 editis.

483 5809 600 5883 (21)
633 5810 723 5866 Sic
756 5826 858 5869 ms.
888 5810 1087 5883 Regius
1117 5828 1264 5869 num.
1295 5811 1433 5869 1639
1467 5821 1522 5867 et
1554 5809 1829 5867 Rabanus.
1868 5812 1984 5867 Cu:-

2102 4691 2219 4763 (al_.,
2251 4694 2364 4763 qui)
2387 4695 2597 4761 spiritu,
2630 4707 2734 4749 etc.

2170 4760 2284 4835 (22)
2317 4760 2487 4835 Editi,
2524 4766 2615 4818 sed
2649 4766 2706 4817 in
2751 4763 3149 4818 circumcisione
3186 4764 3420 4831 corporis
3454 4760 3678 4828 Christi,

2098 4833 2387 4901 consepulti
2409 4836 2457 4888 ei
2488 4836 2542 4887 in
2570 4836 2910 4900 baptismum.

2170 4904 2282 4975 (25)
2324 4905 2414 4958 Sic
2444 4919 2573 4958 mss.
2605 4907 2824 4959 codices
2858 4904 3029 4958 nostri
3056 4920 3071 4969 ;
3105 4904 3233 4956 editi
3275 4919 3439 4975 vero,
3485 4902 3677 4969 quibus

2097 4973 2286 5045 dicit;
2317 4982 2493 5043 gentes
2551 4982 2730 5027 autent
2776 4991 2932 5045 super
2987 4973 3346 5027 misericordia
3416 4975 3678 5026 honorare

2094 5040 2286 5109 Deum,
2314 5040 2450 5097 sicut
2476 5045 2734 5112 scriptum
2763 5040 2857 5098 est.
2888 5040 3201 5109 Propterea,
3232 5053 3340 5098 etc.

2091 5184 2124 5239 ὁ
2166 5113 2280 5188 (24)
2312 5114 2454 5169 Editi
2476 5153 2492 5179 ,
2540 5124 2723 5170 octauo
2757 5129 2778 5179 ;
2808 5130 2962 5182 mss.,
2990 5115 3211 5183 septimo
3232 5153 3247 5180 ,
3293 5123 3350 5167 et
3381 5123 3528 5169 recte
3554 5114 3679 5182 qui-

2129 5200 2237 5239 em.

2129 5200 2237 5239 θῐη.

2163 5256 2278 5327 (25)
2313 5254 2569 5311 Ultimum
2596 5271 2714 5309 vero
2744 5254 3037 5327 exemplum
3063 5253 3172 5320 ipse
3202 5250 3404 5327 Paulus
3429 5257 3495 5307 de
3511 5251 3673 5327 _Isaia

2090 5324 2356 5394 dicitesse
2389 5338 2716 5394 assumptum
2737 5365 2754 5390 ,
2791 5328 2843 5378 in
2869 5326 3023 5393 cujus
3066 5340 3285 5390 corpore
3311 5325 3388 5375 ita
3415 5324 3674 5394 scriptum

2095 5406 2193 5450 est.
2226 5393 2282 5450 1n
2318 5399 2476 5451 editis
2507 5392 2621 5449 haec
2663 5397 3027 5465 praetermissa
3067 5404 3234 5458 sunt,
3268 5409 3500 5461 quorum
3556 5392 3675 5465 loco

2096 5467 2331 5538 legitur,
2367 5467 2439 5521 Et
2482 5462 2676 5521 rursus
2710 5465 2887 5519 Isaias
2921 5468 2994 5517 ait
3022 5479 3040 5516 .'
3075 5466 3144 5517 Et
3192 5465 3291 5517 erit
3328 5465 3382 5516 in
3435 5465 3520 5516 die
3551 5462 3673 5528 illa,

2093 5548 2199 5591 etc.

2164 5606 2277 5678 (26)
2327 5606 2422 5682 Sic
2459 5622 2579 5682 ms.
2616 5605 3024 5682 _Regins_num.
3081 5604 3239 5682 16.39.
3295 5603 3511 5682 (ἐξωθῇ.
3546 5615 3675 5682 νειςο

2095 5673 2227 5747 mss.
2258 5673 2314 5733 et
2342 5680 2493 5747 editi,
2526 5679 2626 5732 nisi
2671 5673 2800 5746 quia
2835 5677 2970 5746 forte
2991 5716 3003 5730 .
3028 5714 3076 5731 ..
3113 5676 3350 5742 videtur,
3384 5673 3514 5729 editi
3539 5710 3558 5740 ,
3588 5673 3673 5727 vi-

2092 5745 2302 5802 tten'tttr.
