4150 6432
424 409 565 466 ηδε
602 392 605 397 ’

1376 408 1735 468 COMMENT.
1774 411 1843 466 IN
1881 409 2106 466 EPIST.
2147 410 2237 465 Al)
2276 409 2445 470 ROM.
2483 410 2615 465 LIB.
2660 409 2728 466 Χ.

3535 409 3559 462 1
3580 403 3684 457 260

423 536 498 581 uti
530 525 643 580 vult
672 540 767 580 sua
802 524 1176 580 enuntiatione
1202 525 1453 595 prolatis.
1489 526 1643 581 l'lunc
1675 536 1855 582 autem
1880 542 1999 581 ser-
2028 531 2076 587 Α
2104 528 2384 581 sociamur
2413 540 2534 579 cum
2570 539 2629 578 se
2675 523 3083 577 emendaveriut
3125 521 3192 577 ab
3221 522 3368 576 omni
3416 520 3671 590 inquina-

422 633 635 672 mouem
669 617 734 671 de
760 618 946 671 radice
975 615 1126 672 .lesse
1156 617 1352 673 melius
1382 617 1603 687 quidem
1646 618 1699 673 in
1737 618 1994 689 explana-

420 712 571 764 tione
603 710 773 777 ipsius
806 710 1084 780 propheta:
1108 708 1261 764 Isaiae
1289 710 1463 764 visum
1495 720 1578 764 est
1600 710 1815 767 disseri.
1848 712 1913 766 Et
1938 713 1992 766 in

420 799 672 869 praesenti
705 807 883 853 tamen
907 800 1026 852 loco
1051 799 1257 852 dicetur
1284 797 1427 870 (27),
1450 801 1703 869 quoniam
1721 798 1875 854 Iesse
1907 802 1992 856 in-

424 903 756 962 terpretatur
786 893 838 947 in
878 901 1063 946 nostra
1098 891 1279 961 lingua
1304 933 1320 958 ,
1366 903 1442 947 est
1486 893 1637 947 mihi.
1668 891 1723 947 In
1760 895 1993 949 adventu

419 983 761 1052 ergotlhristi
791 982 1071 1051 omnisqui
1099 983 1988 1048 crediditei,convenienterdixit:

420 1071 517 1125 Est
555 1076 702 1125 mihi.
730 1071 826 1127 Ille
854 1076 999 1126 enim
1021 1114 1036 1139 ,
1071 1073 1136 1127 de
1166 1088 1274 1142 quo
1316 1073 1525 1145 Moyses
1554 1075 1694 1128 dixit
1721 1074 1767 1139 ⁸,
1794 1075 1885 1145 qui
1914 1084 1994 1130 est

420 1164 562 1216 misit
578 1162 741 1233 675
762 1179 841 1217 me
860 1164 928 1217 ad
947 1180 1057 1229 vos,
1085 1165 1200 1233 ipse
1222 1173 1303 1219 est
1326 1165 1480 1231 mihi,
1500 1165 1602 1220 hoc
1620 1175 1724 1230 est,
1743 1166 1797 1220 in
1818 1167 1993 1236 ipsum

419 1255 584 1308 credo
613 1255 706 1322 qui
738 1264 843 1319 est,
874 1270 979 1308 non
1011 1255 1102 1323 qui
1147 1270 1215 1310 ex
1247 1254 1416 1311 nihilo
1447 1256 1627 1312 factus
1652 1267 1759 1319 est,
1804 1266 1864 1310 ut
1894 1257 1995 1311 im-

420 1344 524 1411 piis
554 1344 729 1415 placet
758 1343 894 1416 (28),
931 1345 1025 1398 sed
1056 1345 1150 1414 qui
1196 1354 1305 1411 est,
1352 1357 1407 1401 et
1437 1363 1651 1418 semper
1679 1357 1784 1416 est,
1811 1357 1867 1403 et
1892 1349 1996 1404 hoc

418 1436 466 1489 ei
502 1451 695 1490 nomen
743 1446 828 1491 est
856 1453 869 1489 :
894 1444 949 1489 et
985 1435 1101 1505 ipse
1132 1446 1218 1492 est
1270 1437 1363 1507 qui
1412 1439 1654 1492 surrexit
1694 1454 1763 1494 ex
1808 1440 1997 1496 radice

416 1523 590 1588 Jesse,
617 1536 674 1581 et
702 1527 753 1579 in
786 1525 904 1595 ipso
937 1535 1121 1594 gentes
1150 1528 1462 1597 sperabunt.
1499 1526 1606 1582 Pro
1645 1543 1752 1597 qua
1785 1529 1993 1583 miscri-

418 1618 622 1682 cordia,
648 1633 809 1685 quam
833 1620 902 1673 ab
931 1633 996 1673 eo
1021 1619 1297 1673 consecuti
1325 1627 1469 1685 sunt,
1503 1629 1559 1674 ut
1584 1621 1628 1675 is
1655 1621 1747 1690 qui
1783 1636 1997 1691 semper

418 1716 539 1763 erat
572 1720 888 1764 nasceretur
917 1726 981 1764 ex
1017 1710 1197 1765 radice
1227 1708 1385 1765 Jesse
1427 1711 1492 1764 ad
1541 1711 1773 1766 salutem
1824 1714 1997 1782 genti-

416 1798 521 1854 bus
541 1798 800 1864 dandam,
827 1815 924 1869 pro
952 1801 1081 1868 hac,
1122 1801 1366 1870 inquam,
1398 1802 1505 1857 sibi
1536 1804 1733 1859 collata
1767 1805 1995 1861 miseri-

416 1890 602 1944 cordia
637 1900 820 1960 gentes
855 1892 1126 1947 honorant
1155 1901 1211 1947 et
1244 1894 1596 1964 magnificam
1628 1896 1816 1951 Deum.

2101 626 2306 682 mento,
2346 625 2405 672 et
2426 616 2604 673 effecti
2635 615 2840 671 fuerint
2868 630 2996 670 vasa
3031 625 3239 677 sancta,
3270 626 3329 669 ut
3354 616 3427 670 ita
3454 616 3669 670 demum

2101 713 2224 781 quis
2250 710 2490 780 repletus
2517 709 2765 764 videatur
2790 710 2936 764 omni
2964 724 3120 779 pace,
3157 709 3204 763 si
3238 709 3290 762 in
3333 708 3670 778 plenitudine

2101 802 2397 858 crediderit
2424 800 2729 855 Trinitatis.
2763 800 2994 871 Propter
3036 802 3143 855 hoc
3190 799 3419 868 denique
3449 796 3669 867 subjan

2102 894 2178 962 git
2211 893 2498 958 Apostolus
2528 898 2584 944 et
2609 889 2743 944 dicit
2776 908 2790 943 :
2821 888 3040 959 Repleat
3078 904 3167 943 vos
3212 888 3353 941 omni
3402 887 3595 956 gaudio
3623 895 3671 937 et

2100 1001 2226 1053 pace
2254 986 2309 1037 in
2339 983 2617 1046 credendo,
2648 993 2707 1035 ut
2733 982 3009 1036 abundetis
3036 981 3091 1034 in
3117 997 3205 1049 spe
3236 989 3286 1034 et
3332 981 3524 1033 uirtute
3552 976 3670 1046 Spi-

2104 1077 2234 1129 ritus
2261 1075 2452 1129 sancti.
2485 1073 2541 1129 Si
2575 1074 2723 1129 enim
2761 1074 2853 1143 qui
2887 1073 3084 1137 credit,
3111 1074 3312 1126 virtute
3348 1071 3522 1125 sancti
3554 1067 3672 1139 Spio

2104 1168 2244 1221 ritus
2270 1166 2512 1220 munitur
2538 1164 2674 1237 (52),
2721 1175 2932 1220 certum
2980 1174 3064 1220 est
3108 1164 3250 1232 quod
3282 1162 3673 1233 plenitudinem

2103 1258 2282 1327 gaudii
2323 1272 2539 1328 semper
2571 1260 2791 1321 habeat,
2822 1265 2879 1311 et
2908 1255 3295 1327 plenitudinem
3324 1253 3494 1322 pacis.

2175 1349 2264 1403 10.
2301 1347 2486 1403 Certus
2525 1366 2643 1403 sum
2686 1359 2880 1410 autem,
2927 1347 3145 1416 fratres,
3190 1356 3238 1398 et
3284 1359 3376 1413 ego
3419 1344 3482 1395 de
3510 1344 3675 1407 vobis,

2102 1440 2352 1510 quoniam
2398 1452 2445 1493 et
2492 1440 2593 1507 ipsi
2639 1439 2779 1509 pleni
2833 1439 2956 1491 estis
3001 1437 3261 1501 bonitate,
3302 1434 3482 1499 repleti
3532 1433 3675 1487 omni

2103 1531 2344 1597 scientia,
2368 1532 2442 1584 ita
2475 1540 2531 1585 ut
2573 1530 2782 1600 possitis
2805 1540 2852 1583 et
2876 1528 3010 1581 alios
3033 1544 3242 1581 monere
3261 1527 3303 1558 “
3319 1524 3455 1599 (55).
3476 1526 3674 1580 Eadem

2106 1606 2325 1678 ratione
2358 1638 2462 1691 qua
2494 1636 2655 1690 supra
2685 1621 2922 1674 diximus
2957 1618 3159 1688 repleri
3203 1619 3351 1673 omni
3391 1617 3588 1687 gaudio
3621 1625 3679 1673 et

2105 1712 2252 1767 omni
2283 1726 2417 1780 pace
2445 1708 2815 1774 credentes",
2836 1707 3008 1762 etiam
3039 1709 3127 1762 hic
3153 1708 3342 1777 plenos
3373 1720 3495 1762 esse
3524 1706 3681 1761 boni-.

2107 1813 2217 1858 tate
2246 1812 2303 1857 et
2334 1804 2481 1858 omni
2514 1803 2741 1859 scientia
2776 1817 2871 1858 eos
2908 1802 2973 1855 ad
3010 1816 3146 1870 quos
3179 1800 3239 1855 fit
3266 1813 3446 1854 sermo
3470 1797 3676 1853 confir-

2026 1893 2071 1950 B
2102 1903 2234 1950 mat.
2270 1894 2536 1951 Similiter
2566 1904 2745 1950 autem
2791 1906 2845 1950 et
2890 1893 3192 1949 Corinthiis
3222 1892 3466 1946 scribens
3501 1891 3674 1945 dicit:

485 1980 541 2036 9.
567 1981 708 2037 Deus
737 1994 910 2038 autent
937 1985 1044 2054 spei
1076 1983 1273 2052 repleat
1295 2002 1381 2039 vos
1404 1988 1548 2041 omni
1575 1989 1770 2056 gaudio
1793 1998 1842 2044 et
1866 2006 2001 2059 pace
2100 1986 2170 2040 In
2197 1987 2436 2040 omnibus
2468 1987 2652 2040 divites
2682 1986 2809 2057 facti
2852 1988 2974 2040 estis
3001 1986 3055 2039 in
3104 1985 3217 2049 illo,
3255 1985 3309 2036 in
3344 1984 3485 2037 omni
3521 1980 3675 2036 uerbo

414 2071 472 2124 in
501 2072 780 2137 credendo,
823 2083 883 2127 ut
924 2074 1201 2128 abundetis
1236 2076 1291 2129 in
1326 2093 1420 2145 spe
1449 2087 1502 2131 et
1533 2078 1727 2133 virtute
1765 2078 1998 2150 Spiritus

410 2165 616 2217 sancti"3
648 2164 748 2232 Qui
784 2167 1034 2236 superius
1063 2169 1275 2222 dixerat
1305 2171 1448 2238 quod
1480 2170 1533 2224 in
1562 2168 1704 2225 Isaia
1734 2172 1990 2241 scriptum

414 2265 538 2308 est:
571 2253 639 2307 Et
669 2256 725 2308 in
770 2272 829 2309 eo
872 2266 1049 2326 gentes
1097 2258 1411 2326 sperabunt"
1457 2270 1742 2330 gratanter
1771 2262 1992 2332 adjecit,

414 2343 560 2398 Deus
610 2357 784 2400 autem
827 2348 972 2416 spei;
1022 2359 1081 2404 ut
1124 2352 1168 2405 si
1227 2352 1492 2421 scriptum
1538 2353 1748 2424 fuisset,
1789 2357 1847 2411 in
1884 2358 1996 2426 ipso

413 2445 591 2505 gentes
635 2439 881 2506 credent,
934 2440 1228 2511 adjecisset
1263 2443 1382 2497 sine
1412 2442 1597 2511 dubio,
1637 2445 1778 2502 Deus
1819 2457 1996 2503 autem

413 2528 564 2593 tidei,
593 2538 653 2583 ut
681 2545 823 2584 nunc
857 2546 887 2585 a
915 2536 1183 2602 sperando
1214 2546 1405 2603 gentes
1431 2537 1601 2592 Deum
1631 2540 1746 2608 spei
1778 2540 1998 2596 invocat

415 2635 581 2688 super
611 2636 705 2676 eos
737 2623 828 2693 qui
872 2638 1094 2693 sperant
1139 2627 1191 2680 in
1233 2644 1384 2694 eum,
1417 2644 1447 2682 a
1492 2644 1599 2699 quo
1640 2632 1723 2686 eis
1773 2633 1998 2688 benedi-

412 2710 609 2765 ctionis
637 2728 835 2768 munus
854 2726 1109 2783 precatur
1131 2719 1340 2787 augeri.
1359 2718 1454 2775 Est
1478 2730 1663 2776 autem
1691 2723 1996 2779 benedictio

414 2799 721 2868 huiusmodi
758 2821 771 2858 :
805 2806 870 2861 Et
921 2808 1234 2878 repleantur
1281 2812 1423 2866 omni
1477 2814 1695 2879 gaudio,
1738 2825 1794 2868 et
1842 2815 1992 2868 omni

414 2910 569 2964 pace.
608 2897 871 2954 Similiter
902 2912 1086 2957 autem
1119 2912 1173 2957 et
1213 2903 1480 2974 Propheta
1520 2906 1571 2959 in
1608 2906 1841 2974 quodam
1874 2907 1993 2960 loco

413 2989 589 3044 dicit:
625 2991 689 3043 Et
727 2994 827 3045 erit
872 2996 927 3047 in
974 2995 1157 3048 diebus
1203 2997 1317 3064 ejus
1357 2996 1572 3066 justitia
1617 3010 1663 3050 et
1706 2997 1991 3050 multitudo

410 3082 577 3148 pacis,
618 3098 884 3153 usquequo
926 3086 1206 3154 auferatur
1234 3088 1361 3143 luna
1381 3088 1425 3147 ⁸.
1471 3088 1578 3144 Sed
1614 3091 1740 3160 quia
1784 3092 1900 3146 haec
1926 3093 1993 3145 de

408 3171 632 3235 Christo
661 3174 936 3240 dicuntur,
974 3177 1025 3231 in
1059 3177 1149 3233 illo
1173 3191 1319 3233 recte
1362 3196 1652 3249 possumus
1687 3183 1991 3241 multitudi-

406 3277 535 3318 nem
572 3266 719 3333 pacis
755 3264 1066 3333 advertere,
1097 3286 1195 3339 pro
1234 3286 1302 3326 eo
1350 3276 1494 3343 quod
1546 3260 1877 3344 pacificavit‘
1892 3292 1990 3349 per

407 3355 729 3424 sanguinem
759 3360 940 3414 crucis
961 3376 1070 3415 sua
1096 3376 1202 3416 non
1234 3363 1408 3418 solum
1435 3382 1554 3436 quae
1581 3369 1630 3422 in
1662 3380 1808 3423 terra
1842 3380 1989 3436 sunt,

408 3442 505 3498 sed
538 3442 699 3497 etiam
731 3461 851 3514 qute
896 3448 949 3501 in
986 3448 1141 3505 caelis
1173 3444 1356 3508 sunt’.
1390 3452 1452 3507 in
1499 3458 1754 3513 omnibus
1805 3467 1990 3514 autem

407 3536 681 3602 quomodo
761 3538 932 3604 possit
1011 3539 1219 3609 impleri
1277 3541 1389 3615 (29)
1434 3544 1539 3600 hoc
1592 3548 1736 3616 quod
1797 3563 1990 3619 preca-

408 3635 498 3679 tur
525 3626 838 3696 Apostolus,
884 3639 943 3685 ut
979 3632 1287 3701 repleantur
1321 3637 1469 3691 omni
1506 3641 1705 3708 gaudio
1738 3652 1792 3696 et
1838 3643 1989 3698 omni

405 3732 563 3787 pace,
605 3719 823 3775 dillicile
866 3722 997 3777 mihi
1049 3724 1266 3780 videtur
1308 3730 1528 3797 exponi,
1576 3731 1813 3788 maxime
1861 3749 1983 3789 cum

405 3809 569 3863 etiam
598 3809 712 3879 ipse
735 3813 1030 3881 Apostolus
1062 3815 1114 3869 in
1150 3816 1237 3873 his
1279 3833 1401 3888 quae
1449 3835 1547 3889 per
1596 3824 1828 3894 gratiam
1864 3823 1987 3895 Spi-

404 3898 545 3953 ritus
578 3913 905 3957 consecutus
935 3914 1040 3967 est,
1073 3920 1139 3960 ex
1172 3918 1327 3976 parte
1362 3926 1421 3966 se
1446 3913 1594 3968 dicat
1617 3915 1780 3981 scire,
1810 3926 1865 3971 et
1914 3931 1985 3971 ex

400 4003 558 4063 parte
589 3994 995 4066 prophetare“.
1034 3998 1140 4055 Sed
1173 4018 1278 4074 ego
1308 4015 1439 4073 puto
1490 4006 1542 4059 in
1589 4021 1652 4061 eo
1681 4023 1840 4076 posse
1885 4008 1985 4063 ha—

400 4084 532 4141 bere
557 4087 841 4143 credentes
867 4088 1257 4159 plenitudinem
1287 4096 1440 4164 pacis
1468 4095 1605 4168 (50),
1632 4111 1756 4152 cum
1786 4113 1981 4155 recom-

400 4176 659 4231 ciliantur
691 4177 801 4234 Deo
842 4178 991 4237 Patri
1025 4199 1123 4253 per
1169 4186 1350 4249 fidem,
1402 4191 1703 4245 secundum
1752 4190 1982 4259 verbum

400 4265 553 4321 Pauli
585 4269 817 4326 dicentis
846 4289 861 4325 :
893 4272 1156 4344 Rogamus
1187 4294 1282 4347 pro
1306 4277 1539 4341 Christo.
1562 4280 1982 4336 reconciliamini

399 4358 513 4413 Deo
539 4359 603 4427 “;
639 4370 695 4415 et
725 4375 847 4417 cum
878 4364 931 4418 in
962 4380 1151 4435 pacem
1184 4369 1541 4441 redeunt('5l)
1562 4387 1685 4426 cum
1712 4371 1854 4427 Filio
1882 4372 1980 4427 Dei

396 4465 503 4519 per
541 4453 859 4523 sanguinem
889 4458 1067 4512 crucis
1094 4456 1231 4527 ejus,
1274 4471 1330 4514 et
1360 4476 1484 4516 cum
1520 4474 1712 4518 sancto
1750 4463 1981 4535 Spiritui

470 4543 492 4574 ⁸
522 4542 807 4621 Exedunt,
838 4545 928 4603 14.
963 4549 1382 4621 °_Rom.xv,l'>.
1458 4554 1478 4585 "
1514 4554 1645 4609 ibid.
1675 4555 1773 4620 ης
1807 4556 1909 4610 lsa.
1933 4572 1988 4610 xl

2091 4555 2125 4608 l.
2203 4554 2225 4587 ⁸
2251 4553 2394 4609 Psal.
2419 4569 2573 4619 Lnl,
2626 4554 2678 4611 7.

395 4611 452 4667 9.
525 4612 571 4644 ¹¹
621 4613 659 4666 ll
689 4613 817 4670 Cor.
865 4634 918 4683 v,
969 4619 1059 4674 20.

401 4683 444 4715 ³⁷
469 4683 600 4737 ibid.
640 4683 732 4739 15.

467 4772 581 4854 (27)
608 4771 687 4827 lta
723 4789 828 4830 ms.
865 4775 1070 4854 Regius
1098 4794 1247 4854 num.
1281 4780 1422 4837 1659
1447 4791 1501 4837 et
1533 4781 1818 4839 Rabanus.
1860 4785 1975 4840 Cte-
2005 4790 2053 4845 D

394 4847 496 4896 teri
518 4859 652 4920 _vero
683 4859 814 4920 mss.
833 4847 1065 4920 etediti,
1090 4851 1255 4903 uisum
1284 4860 1361 4906 est
1390 4854 1721 4908 disseruisse.
1744 4854 1811 4909 In
1839 4872 1976 4920 pra:-

391 4914 530 4979 δεηιὶ
554 4922 731 4967 tamen
752 4914 930 5038 Sediti,
948 4920 1176 4989 tantum)
1207 4922 1324 4976 loco
1344 4924 1559 4986 dicitur,
1578 4935 1687 4985 etc,
1711 4914 1975 4994 Origenes
2052 4980 2055 4981 ν

396 4982 582 5037 11011111.
613 4984 648 5037 5
673 4987 727 5037 in
794 4985 987 5038 saiam.
1014 4996 1146 5038 tom.
1179 4991 1264 5038 ΙΙΙ-
1291 5008 1342 5038 n-
1369 4993 1490 5038 1H1
1514 4995 1581 5038 tle
1610 4996 1791 5038 mdina
1817 4997 1973 5038 legata.

396 4982 582 5060 pontu.
613 4984 648 5037 δ
673 4987 731 5060 in
760 4982 987 5060 Isaiam,
1014 4982 1264 5060 tomflll,
1291 5008 1342 5060 p.
1369 4993 1493 5057 tto,
1514 4982 1582 5048 de
1610 4982 1791 5049 radice
1808 4982 1974 5050 "tesse

393 5052 569 5107 fusius
602 5053 820 5122 quidem
852 5055 1114 5123 disserit;
1146 5052 1372 5117 sednon
1405 5064 1460 5117 in
1484 5052 1635 5118 hunc
1666 5065 1815 5119 Isaiae
1849 5082 1975 5121 con-

398 5133 625 5189 textum,
653 5139 814 5192 quem
854 5126 1073 5180 videtur
1103 5128 1522 5188 Commentariis
1569 5136 1683 5189 suis
1724 5136 1780 5190 in
1825 5138 1970 5192 hunc

395 5193 712 5261 pmphetatn
765 5195 1107 5265 explanasse.
1162 5198 1269 5255 Sed
1322 5201 1439 5257 haec
1501 5206 1661 5259 modo
1712 5221 1823 5261 non
1870 5223 1967 5261 ex-

391 5273 577 5404 SL'é'g)
604 5332 697 5415 sic
722 5349 824 5389 πιε-
853 5333 1064 5415 Regius
1086 5354 1235 5395 num.
1258 5340 1405 5415 1659
1429 5351 1483 5399 et
1506 5342 1788 5402 Rabanus.
1820 5347 1964 5403 Editi

388 5416 540 5481 vero,
573 5409 665 5472 qui
705 5421 806 5481 n_on
837 5423 902 5460 ex
931 5409 1118 5475 nihilo,
1156 5422 1213 5464 ut
1250 5411 1427 5480 impiis
1463 5415 1656 5481 placet,
1691 5426 1796 5471 etc.
1834 5418 1961 5472 Mss.

387 5474 749 5596 qpidqtnnqui
783 5487 882 5543 est,
916 5494 1021 5533 non
1049 5496 1116 5534 ea:
1162 5474 1336 5535 niltilo'
1355 5474 1531 5551 factus
1561 5474 1662 5553 est,
1691 5498 1747 5540 ut
1786 5488 1963 5558 impiis

387 5558 419 5598 υ
445 5558 533 5595 ace
562 5581 577 5598 .
607 5557 638 5595 e
665 5561 716 5598 c.

385 5558 578 5691 iulg):
600 5558 851 5671 letiici'ecte
885 5632 986 5672 ms.
1012 5618 1216 5691 Regius
1250 5638 1401 5678 num.
1434 5623 1573 5680 1659
1599 5634 1656 5679 et
1683 5626 1957 5683 Rabanns.

380 5680 581 5758 (Ζωιυῇ
619 5698 758 5758 vero
781 5702 911 5742 mss.
959 5699 1012 5743 et
1053 5680 1210 5758 editi,
1240 5694 1333 5747 sed
1371 5695 1527 5747 etiam
1552 5712 1671 5758 qute
1721 5680 1786 5751 in,
1817 5680 1958 5754 caelis

384 5753 879 5837 suntinpmnibus.
910 5753 1362 5833 Quomodopossit
1390 5764 1506 5837 (aL,
1538 5753 1814 5832 Quomodo
1839 5753 1960 5833 vero

383 5826 569 5891 υυςιιὲε)
597 5826 826 5894 impleri,
857 5837 964 5893 etc.
1200 5826 1210 5833 ’
1391 5826 1406 5837 ’
1492 5826 1502 5832 ’
1543 5826 1579 5832 ⁷
1614 5826 1619 5828 ⁷
1685 5826 1703 5829 ”
1797 5876 1803 5885 ,

1147 4623 1190 4653 ¹¹
1211 4621 1371 4678 Rom.
1428 4638 1519 4689 xv,
1549 4624 1637 4678 M.
1718 4626 1761 4657 "
1782 4627 1914 4682 ibid.
1944 4628 1988 4681 ‘li

2111 4625 2156 4657 "
2182 4626 2196 4679 Ι
2222 4626 2396 4689 Com,
2433 4625 2487 4680 5.
2568 4625 2660 4679 ²⁵Ι
2694 4624 2819 4681 Cor.
2858 4628 3058 4695 xm,9.

2099 2087 2149 2131 et
2197 2079 2253 2131 in
2291 2077 2436 2130 omni
2480 2078 2701 2132 scientia
2722 2077 2792 2142 u;
2841 2077 2953 2147 qui,
3005 2086 3063 2129 ut
3120 2075 3368 2145 superius
3416 2073 3674 2138 diximus,

2097 2170 2261 2224 etiam
2307 2170 2375 2224 de
2410 2170 2701 2240 semetipso
2744 2169 3061 2238 pronuntiat
3105 2166 3246 2236 quod
3296 2181 3403 2222 non
3455 2179 3675 2220 omnem

2098 2261 2406 2324 scientiam,
2430 2275 2607 2330 neque
2633 2275 2849 2315 omnem
2878 2261 3217 2329 prophetiam
3241 2257 3459 2323 habeat,
3485 2257 3580 2311 sed
3606 2270 3676 2310 ex

2098 2362 2253 2423 parte
2273 2354 2347 2419 ‘5;
2384 2354 2450 2408 de
2475 2368 2584 2423 quo
2609 2362 2665 2408 et
2692 2353 2744 2407 in
2780 2352 2906 2408 aliis
2933 2352 3151 2421 quidem
3187 2367 3328 2421 saepe
3352 2366 3451 2406 nos
3473 2351 3676 2406 dixisse

2098 2447 2341 2501 memini.
2368 2446 2435 2500 Et
2454 2461 2601 2501 nunc
2627 2445 2986 2500 nihilominus
3011 2446 3260 2501 dicemus
3284 2445 3425 2515 quod
3450 2438 3675 2511 Paulus,

2095 2549 2151 2593 et
2183 2540 2229 2593 si
2265 2539 2356 2608 qui
2390 2547 2518 2593 sunt
2545 2539 2702 2603 tales,
2732 2538 2797 2591 ad
2831 2538 3298 2607 comparationem
3341 2531 3667 2593 creterorutn

2096 2630 2324 2701 perfecti
2355 2630 2645 2694 dicuntur;
2677 2631 2745 2684 ad
2776 2628 2923 2684 illam
2960 2637 3140 2684 autem
3181 2644 3452 2685 summam
3489 2629 3675 2683 scien-

2098 2724 2250 2788 tiam,
2285 2722 2368 2776 vel
2400 2722 2466 2776 ad
2494 2721 2643 2776 illam
2683 2724 3071 2792 perfectionem
3098 2737 3220 2793 quae
3261 2725 3315 2777 in
3362 2721 3676 2776 cmlestibns

2095 2823 2181 2868 est
2211 2814 2515 2878 ordinibus,
2548 2814 2728 2869 nullus
2754 2824 2936 2883 potest
2967 2816 3109 2869 inter
3150 2815 3396 2869 homines
3436 2812 3521 2868 vel
3564 2812 3675 2866 dici

2096 2906 2179 2960 vel
2224 2921 2345 2961 esse
2390 2906 2686 2973 perfectus.
2738 2905 2810 2961 Ut
2853 2907 2897 2960 si
2949 2906 3195 2960 dicamus
3223 2919 3239 2958 :
3267 2904 3325 2958 ln
3374 2902 3675 2973 puerilibus

2094 2996 2313 3063 studiis,
2346 2998 2413 3051 ad
2446 2999 2912 3066 comparationem
2952 2996 3100 3051 illius
3127 2996 3220 3066 qui
3254 3011 3431 3066 nuper
3476 2993 3677 3049 imbui-

2094 3095 2197 3153 tur,
2232 3096 2286 3142 et
2309 3089 2480 3157 prima
2506 3088 2813 3143 litterarum
2839 3089 3067 3156 suscipit
3097 3088 3390 3154 elementa,
3418 3088 3675 3158 magister

2094 3180 2209 3248 ipse
2237 3180 2495 3235 librarius
2523 3180 2794 3251 perfectus
2819 3180 3155 3252 appellatur;
3208 3182 3302 3236 sed
3333 3197 3441 3236 non
3473 3189 3557 3236 est
3592 3180 3670 3234 ita

2091 3273 2386 3342 perfectus,
2423 3283 2485 3328 ut
2519 3284 2603 3328 est
2630 3273 2722 3329 ille
2758 3276 2851 3345 qui
2885 3274 3297 3343 grammaticam
3339 3274 3520 3329 docet.
3550 3271 3673 3343 Ipse

2092 3378 2220 3417 vero
2251 3363 2644 3433 grammaticus
2691 3364 2942 3434 quamvis
2971 3364 3043 3417 sit
3072 3365 3369 3433 perfectus,
3422 3366 3672 3434 superior

2089 3464 2175 3509 est
2220 3465 2401 3510 tamen
2443 3455 2710 3525 perfectio
2740 3456 2979 3512 rhetoris
3000 3456 3145 3527 (δικ
3177 3466 3234 3511 et
3283 3456 3368 3511 his
3414 3457 3671 3512 omnibus

2089 3544 2251 3614 longe
2285 3544 2614 3600 eminentior
2650 3545 3043 3616 philosophicas
3087 3546 3348 3601 doctrina:
3376 3544 3665 3616 perfectio.

2089 3636 2335 3705 Cumque
2376 3637 2433 3692 in
2478 3637 2565 3692 his
2617 3638 2871 3692 omnibus
2923 3636 3241 3692 litteraturae
3274 3640 3523 3695 doctrina
3552 3638 3666 3711 (35‘,

2090 3728 2181 3791 sit,
2224 3729 2473 3785 diversus
2508 3739 2683 3783 tamen
2720 3730 2918 3800 gradus
2946 3730 3301 3799 perfectionis
3327 3741 3382 3786 et
3407 3732 3668 3802 magiste-

2090 3821 2160 3875 rii
2197 3821 2251 3875 in
2283 3834 2610 3890 unoquoque
2656 3822 2905 3876 habetur.
2954 3820 3031 3876 Ita
3066 3838 3199 3893 ergo
3232 3831 3410 3893 potest
3443 3823 3564 3878 fieri
3607 3834 3668 3877 ut

2088 3921 2143 3967 et
2172 3910 2373 3967 Paulus
2400 3927 2521 3968 cum
2553 3913 2684 3967 dicit
2718 3930 2732 3967 :
2762 3912 2887 3968 Non
2923 3916 3062 3985 quod
3085 3915 3200 3987 jam
3225 3925 3494 3970 assecutus
3539 3916 3662 3977 sint,

2083 4012 2176 4057 aut
2206 4002 2471 4073 perfectus
2507 4005 2608 4058 sim
2632 4004 2698 4068 “,
2735 4004 2802 4058 ad
2835 4005 2987 4060 illum
3022 4007 3228 4077 apicem
3263 4007 3502 4062 caelestis
3541 4021 3667 4075 per-

2083 4093 2334 4149 fectionis
2359 4094 2634 4164 aspiciens
2660 4094 2912 4150 videatur
2937 4095 3053 4149 haec
3081 4097 3347 4152 scribere.
3371 4096 3505 4151 Cum
3533 4113 3664 4152 vero

2080 4184 2214 4238 dicit
2251 4201 2265 4238 :
2302 4183 2613 4255 Quicunque
2655 4201 2777 4256 ergo
2806 4187 3026 4255 perfecti
3075 4204 3277 4257 sumus,
3324 4187 3422 4242 hoc
3458 4189 3661 4242 sentiae

2078 4293 2197 4329 mus
2215 4277 2257 4308 ¹¹¹
2283 4274 2418 4348 (56),
2443 4279 2510 4332 ad
2540 4278 2789 4332 humana:
2813 4287 3022 4334 tantum
3047 4279 3400 4351 perfectionis
3439 4280 3664 4350 respicit

2080 4369 2331 4437 gradum.
2380 4369 2474 4424 Sic
2504 4384 2636 4440 ergo
2673 4380 2730 4424 et
2761 4372 2816 4426 in
2849 4372 3102 4442 praesenti
3146 4371 3269 4427 loco
3322 4372 3656 4443 intelligendi

2080 4472 2208 4516 sunt
2245 4461 2327 4516 vel
2359 4475 2509 4529 pace,
2543 4462 2623 4517 vel
2658 4464 2880 4533 gaudio,
2916 4466 3001 4521 vel
3046 4465 3214 4520 etiam
3271 4466 3536 4531 bonitate,
3571 4465 3657 4531 vel

2751 4556 2773 4587 ’
2793 4556 2976 4613 Colos.
3006 4572 3046 4621 ι,
3092 4557 3183 4611 20‘.
3262 4557 3306 4588 ³⁸
3332 4556 3353 4612 l
3379 4556 3507 4614 Cor.
3534 4571 3658 4624 xm,

3141 4630 3185 4709 ‘f
3215 4627 3409 4699 Philip.
3440 4643 3526 4693 ut,
3562 4627 3649 4681 12.
3698 4638 3703 4643 '

2152 4786 2264 4856 (50)
2293 4787 2392 4860 Ms.
2442 4787 2643 4860 Regius
2690 4808 2843 4848 num.
2889 4793 3049 4857 1659,
3095 4791 3355 4848 Rabanus
3397 4802 3454 4847 et
3496 4793 3649 4857 editi.

2077 4857 2457 4933 plenitudinem
2498 4857 2668 4930 pacis.
2714 4862 2841 4918 Mss.
2891 4866 3020 4926 duo,
3062 4863 3448 4916 multitudinem
3483 4866 3649 4933 pacis.

2175 4928 2264 5001 51)
2294 4929 2460 5001 βόὶιί,
2495 4928 2551 4984 in
2580 4948 2708 5001 pace
2736 4936 2974 4998 redeunt,
3009 4941 3119 4986 etc.

2171 4998 2387 5075 52)_Sic
2417 5015 2550 5075 mss.
2580 4998 2913 5075 pleriqueet
2941 5003 3092 5075 editi.
3123 5000 3233 5075 Ms.
3275 5016 3404 5057 vero
3434 5004 3651 5075 Regius

2075 5069 2438 5143 ιιιιίιιη1659η
2460 5069 2521 5124 Si
2551 5069 2690 5126 enim
2719 5069 2887 5127 credit
2912 5074 3051 5143 quis,
3094 5081 3144 5126 et
3183 5073 3375 5127 uirtute
3416 5069 3650 5142 Spiritus

2071 5139 2243 5214 sancti
2286 5139 2584 5214 muniatur.
2632 5139 3011 5209 Rabanus,'Si
3053 5145 3190 5197 enim
3219 5144 3310 5214 qui
3349 5139 3538 5211 credit,
3583 5163 3652 5201 ea:

2070 5211 2358 5277 uirtute...,
2403 5212 2695 5268 muniatur.

2145 5279 2257 5349 (55)
2293 5280 2433 5352 Editi
2478 5289 2533 5335 et
2578 5281 2860 5352 Babanus,
2912 5283 3282 5341 dilectione....
3331 5284 3647 5342 alterutrum

2073 5366 2305 5405 monere.
2344 5350 2472 5405 Mss.
2504 5366 2636 5406 vero
2664 5361 2724 5407 ut
2748 5355 2800 5406 in
2834 5350 3007 5409 textu.

2141 5420 2256 5490 (54)
2298 5420 2389 5476 Sic
2421 5436 2555 5476 mss.
2585 5431 2640 5475 et
2668 5425 2834 5479 editio
2869 5423 3067 5481 Veneta
3110 5427 3386 5483 Salodiani
3422 5446 3436 5482 :
3465 5427 3651 5485 Merli-

2068 5505 2335 5567 nus‘vero
2364 5501 2426 5567 et_
2467 5491 2870 5564 Genebrardus,
2904 5499 3146 5561 superior
3176 5507 3289 5567 est,
3353 5508 3405 5552 et
3469 5511 3647 5557 tamen

2063 5560 2348 5630 perfectior
2376 5563 2574 5616 rhetor.

2138 5631 2252 5699 (55)
2282 5632 2447 5699 Editi,
2478 5634 2781 5690 litteratura
2812 5635 3075 5696 doctrina.

2383 5719 2515 5761 mss.
2553 5705 2694 5763 Editi
2729 5721 2877 5779 vero,
2905 5709 3214 5795 Quicunque
3256 5726 3380 5795 ergo,
3421 5715 3652 5786 perfecti,

2067 5788 2374 5831 sentiamus.
3133 5788 3142 5795 ”
