4150 6432
398 363 537 416 1269

1367 361 1725 422 COMMENT.
1763 359 1830 414 IN
1869 356 2088 413 EPIST.
2123 356 2216 411 AD
2254 356 2420 412 ROM.
2453 357 2582 412 LIB.
2624 356 2691 410 Χ.

3517 355 3654 409 1270

395 493 500 529 non
533 475 678 544 eﬂicit
706 473 950 529 Christus
977 476 1030 528 in
1060 475 1405 530 obedientiam
1446 476 1698 544 gentium,
1748 473 1899 526 verbo
1929 478 1975 522 et
2004 473 2056 530 Α
2085 472 2260 524 ricum
2287 473 2514 540 replevit
2550 470 2899 540 Evangelium
2933 469 3160 524 Christi.
3192 467 3359 538 Moysi
3388 468 3453 522 et'
3472 468 3656 522 Aaron

398 565 573 630 factis,
606 581 698 632 per
734 574 1040 632 potestatem
1089 567 1363 632 signoruni
1397 575 1444 619 et
1477 565 1836 631 prodigiorum
1858 561 1974 636 (49)

395 658 450 708 in
477 657 662 710 virtute
695 656 926 723 Spiritus
955 656 1091 721 Dei;
1134 657 1212 710 ita
1252 668 1307 710 ut
1337 659 1401 710 ab
1439 657 1737 711 Jerusalem
1780 657 1836 708 in
1874 657 1978 708 cir—

395 749 543 802 cuitu
597 765 759 818 usque
810 751 880 802 ad
944 748 1219 820 Illyricum
1278 751 1582 819 repleverim
1634 749 1976 819 Erangelium

396 841 617 895 Christi.
663 843 755 896 Sic
795 853 969 897 autem
1020 845 1116 896 hoc
1147 843 1434 911 prwdicavi
1476 842 1828 910 Evangelium
1871 859 1977 897 non

396 935 486 986 ubi
519 937 819 988 nominatus
845 946 920 989 est
944 935 1212 1000 Christus,
1243 952 1306 988 ne
1334 953 1492 1000 super
1519 935 1748 988 alienum
1783 934 1978 1001 [unda-

397 1039 632 1080 mentum
657 1029 979 1096 wdificarem
1007 1044 1026 1082 :
1058 1030 1148 1080 sed
1183 1029 1314 1081 sicut
1349 1028 1603 1092 scriptum
1631 1037 1705 1080 est
1733 1044 1751 1080 :
1777 1027 1977 1092 Quibus

398 1135 502 1170 non
528 1129 601 1172 est
629 1119 1003 1172 annuntiatunt
1033 1119 1096 1171 de
1127 1135 1212 1182 eo,
1239 1119 1508 1184 uidebunt,
1545 1129 1591 1172 et
1622 1120 1712 1182 qui
1739 1135 1841 1170 non
1874 1135 1977 1171 au-

396 1207 628 1270 dierunt,
651 1207 941 1276 intelligent
956 1209 1021 1261 ".
1039 1208 1178 1262 Vera
1201 1208 1418 1276 quidem
1443 1207 1696 1278 gloriatio
1719 1209 1786 1261 ad
1811 1209 1976 1262 Deum

398 1309 630 1366 nonest,
653 1302 754 1356 nisi
788 1302 873 1355 illa
908 1316 1029 1370 qua:
1053 1312 1138 1357 est
1167 1303 1218 1355 in
1244 1301 1465 1356 Christo
1485 1299 1632 1356 Jesu.
1668 1301 1801 1356 Siue
1821 1301 1978 1357 Chri-

395 1405 482 1445 sto
516 1404 693 1448 autem
730 1395 950 1464 gloriari
988 1395 1042 1448 in
1091 1395 1202 1450 Deo
1249 1397 1357 1449 tale
1399 1405 1501 1459 est,
1547 1395 1709 1464 quale
1757 1397 1800 1451 si
1855 1397 1980 1466 quis

392 1489 563 1559 677
590 1489 736 1545 dicat
765 1504 925 1558 posse
946 1505 1004 1544 se
1024 1489 1227 1546 habere
1252 1490 1480 1558 gloriam
1503 1490 1642 1559 apud
1673 1490 1842 1544 Deum
1860 1491 1979 1545 sine

391 1581 634 1649 justitia,
685 1581 804 1636 sine
845 1581 1112 1650 sapientia
1139 1621 1154 1648 ,
1198 1583 1323 1638 sine
1364 1583 1619 1640 veritate.
1671 1583 1796 1638 llaec
1834 1584 1976 1638 enim

398 1675 580 1728 omnia
621 1675 870 1730 Christus
918 1688 1044 1740 est;
1086 1685 1141 1731 et
1175 1677 1298 1732 ideo
1344 1676 1398 1730 in
1443 1677 1558 1733 solo
1592 1679 1810 1734 Christo
1850 1695 1977 1734 vera

399 1766 652 1833 gloriatio
679 1776 762 1821 est
804 1771 870 1824 ad
918 1769 1107 1824 Deum.
1155 1768 1348 1824 Simile
1381 1779 1463 1824 est
1495 1770 1597 1825 hoc
1633 1771 1706 1824 illi
1748 1773 1890 1842 quod
1926 1774 1977 1826 in

401 1858 527 1912 aliis
554 1859 670 1928 ipse
696 1859 826 1913 dicit
860 1873 875 1912 :
907 1859 1013 1925 Qui
1042 1870 1215 1915 autem
1239 1862 1519 1932 gloriatur,
1545 1862 1600 1916 in
1623 1861 1850 1916 Domino
1867 1863 1976 1932 glo.

404 1951 665 2005 rietur".
716 1952 1000 2018 Quomodo
1045 1963 1232 2008 autem
1277 1953 1561 2023 culpabilis
1609 1960 1682 2009 stt
1729 1955 1981 2022 gloriatio

400 2043 578 2098 omnis
606 2057 728 2112 quae
755 2055 909 2099 extra
943 2045 1224 2100 Christum
1257 2053 1372 2111 est,
1407 2045 1558 2100 verbi
1592 2060 1775 2108 causa,
1819 2046 1871 2098 in
1900 2047 1982 2100 di-

402 2133 587 2198 vitiis,
644 2136 732 2189 vel
789 2137 1092 2192 honoribus
1145 2138 1329 2192 saeculi
1385 2137 1539 2210 (50),
1583 2138 1667 2192 vel
1718 2139 1981 2207 sapientia

400 2228 626 2293 mundi,
669 2228 753 2282 vel
809 2230 1029 2284 caeteris
1071 2231 1280 2285 artibus
1335 2247 1458 2302 quae
1503 2239 1658 2285 extra
1704 2231 1981 2286 Christum

403 2327 552 2385 sunt,
581 2333 745 2386 supra
787 2319 900 2389 jam
936 2321 1097 2376 latius
1128 2323 1487 2378 disseruimus
1523 2323 1660 2394 (5i).
1689 2323 1983 2379 Sciendum

403 2424 536 2464 sane
574 2420 661 2466 est
696 2413 842 2481 quod
886 2414 975 2469 hic
1016 2413 1197 2469 Latini
1241 2415 1470 2486 gloriam
1511 2415 1626 2487 (52)
1660 2431 1757 2486 pro
1785 2417 1988 2484 gloria-

406 2502 556 2556 tione
597 2516 932 2571 posuerunt.
978 2505 1106 2561 Non
1144 2508 1306 2576 enim,
1335 2507 1533 2578 inquit,
1575 2509 1745 2564 audeo
1782 2509 1986 2581 aliquid

404 2595 558 2665 loqui
589 2613 772 2650 eorum
804 2615 921 2668 qua:
956 2617 1048 2670 per
1083 2617 1164 2654 me
1199 2617 1302 2654 non
1329 2601 1476 2670 eﬂicit
1511 2599 1751 2657 Christus
1782 2603 1838 2656 in
1866 2603 1988 2658 obe-

403 2687 666 2741 dientiam
696 2693 953 2758 gentium,
989 2692 1144 2746 verba
1176 2701 1222 2745 et
1257 2694 1434 2761 factis,
1466 2709 1559 2760 per
1588 2702 1895 2762 potestatem
1923 2695 1990 2748 si-

402 2795 626 2846 gnorum
662 2791 710 2834 et
735 2785 1097 2851 prodigiorum
1127 2784 1180 2836 in
1219 2784 1410 2836 virtute
1449 2782 1678 2847 Spiritus
1705 2784 1820 2838 Dei.
1858 2784 1990 2851 Qua:

402 2866 619 2936 loquor,
652 2869 862 2938 inquit,
909 2887 1019 2925 non
1061 2881 1188 2925 sunt
1220 2871 1383 2925 alieni
1433 2875 1614 2940 operis
1643 2874 1842 2938 verba,
1887 2889 1989 2928 nec

401 2960 705 3016 alienorum
739 2974 1019 3032 gestorum
1051 2965 1302 3019 laudator
1324 2965 1560 3031 ellicior;
1595 2967 1690 3021 sed
1719 2982 1838 3037 qua:
1874 2967 1990 3022 scio

402 3047 687 3105 Christum
722 3067 818 3121 per
852 3068 938 3108 me
973 3052 1248 3122 eﬂ‘ecisse,
1289 3056 1405 3110 haec
1435 3058 1590 3111 vobis
1617 3059 1835 3124 scribo,
1870 3074 1990 3130 qua:

2079 563 2303 617 dederat
2331 565 2470 617 Deus
2502 570 2829 632 potestatem
2858 560 3134 631 signorum
3171 567 3226 613 et
3258 558 3658 628 prodigiorum,

2080 655 2222 710 sicut
2258 656 2521 726 scriptum
2553 663 2637 711 est
2657 653 2704 687 "
2734 670 2749 708 :
2784 652 2970 708 Posuit
2994 653 3050 705 in
3093 653 3167 704 eis
3193 654 3346 704 verba
3383 653 3658 719 signorum

2078 759 2127 804 et
2166 749 2528 819 prodigiorum
2559 750 2614 803 in
2653 756 2794 801 terra
2819 745 3003 806 Cham,
3035 755 3094 798 ut
3131 745 3270 799 ﬁlios
3297 743 3467 796 Israel
3491 741 3657 796 casti-

2080 850 2207 913 gata
2245 840 2481 911 Egypto
2510 841 2848 895 liberarent:
2884 839 2978 894 sed
3017 837 3092 892 illi
3118 838 3208 891 vix
3239 851 3542 906 rarumque
3563 852 3661 904 po-

2082 943 2301 989 tuerunt
2325 934 2436 1004 (55)
2461 950 2528 988 ex
2555 933 2932 1005 Egyptiorum
2965 940 3124 1002 gente
3147 939 3494 986 convertere.
3518 928 3660 981 Pau-

2081 1027 2197 1091 lus,
2244 1037 2469 1095 aceepta
2521 1037 2790 1095 pmestate
2848 1024 3127 1095 signorum
3179 1032 3233 1076 et
3283 1021 3656 1092 prodigiorum

2081 1136 2188 1173 non
2225 1136 2386 1173 unam
2414 1127 2652 1189 gentem,
2685 1131 2857 1187 neque
2883 1117 3021 1171 duos
3037 1125 3130 1168 aut
3154 1127 3261 1169 tres
3278 1113 3501 1184 populos
3520 1111 3659 1183 (56),

2081 1216 2176 1270 sed
2219 1230 2411 1269 omnes
2444 1214 2513 1268 ab
2536 1212 2844 1268 Jerusalem
2879 1223 3053 1280 usque
3083 1208 3149 1262 ad
3178 1208 3453 1278 Illyricum
3481 1206 3660 1260 natio-

2082 1323 2179 1360 nes
2220 1321 2285 1361 ac
2316 1305 2543 1375 populos
2580 1305 2965 1374 praedicatione
2997 1301 3150 1355 verbi
3197 1311 3253 1353 et
3290 1313 3517 1367 operum
3546 1297 3662 1357 vir-_

2084 1409 2370 1470 tutumque
2402 1399 2648 1468 potentia
2694 1397 2762 1452 ad
2795 1397 3003 1452 Christi
3037 1404 3384 1450 sacramenta
3428 1406 3664 1447 conver-

2085 1492 2151 1547 tit
2178 1491 2314 1563 (57).
2364 1491 2455 1546 Sic
2497 1499 2682 1544 autem
2711 1489 3029 1557 prtedicavit
3064 1488 3170 1542 hoc
3197 1484 3571 1556 Evangelium,
3601 1492 3663 1538 ut

2083 1599 2190 1639 non
2244 1583 2437 1638 alienis
2485 1583 2794 1646 laboribus,
2831 1596 3011 1649 neque
3051 1581 3245 1634 aliena:
3287 1577 3662 1649 pradicationi

2084 1678 2509 1734 additamentum
2540 1676 2653 1731 suis
2680 1675 3022 1730 sermonibus
3045 1674 3333 1738 insereret,
3363 1685 3431 1725 ne
3463 1671 3530 1725 ab
3559 1668 3668 1722 alio

2084 1769 2277 1839 positis
2325 1768 2448 1823 lidei
2489 1767 2857 1823 fundamentis
2914 1766 3033 1836 ipse
3065 1763 3374 1820 aedilicium
3426 1761 3661 1833 propria:

2085 1861 2493 1932 praedicationis
2531 1859 2860 1930 imponeret,
2888 1867 2945 1913 et
2983 1855 3145 1911 alieni
3176 1855 3358 1927 operis
3382 1855 3664 1922 subripere

2086 1953 2313 2022 gloriam
2342 1953 2641 2007 videretur.
2683 1948 3036 2006 Observanda
3068 1948 3185 2002 haec
3233 1956 3361 2000 sunt
3393 1943 3665 2000 Ecclesia-

2086 2061 2204 2099 rum
2229 2044 2534 2099 rectoribus
2552 2043 2688 2114 (58),
2709 2040 3022 2112 etdiligenti
3050 2039 3352 2093 intentione
3371 2036 3662 2100 servanda,

2089 2147 2149 2192 ut
2183 2151 2362 2208 neque
2407 2136 2553 2206 loqui
2605 2136 2808 2206 aliquid
2855 2136 3142 2190 videantur
3172 2148 3364 2190 eorum
3406 2145 3527 2202 qua:
3570 2145 3668 2199 per

2087 2231 2235 2298 ipsos
2265 2245 2372 2283 non
2403 2227 2648 2283 effecerit
2675 2227 2947 2293 Christus,
2978 2240 3156 2298 neque
3199 2225 3423 2280 alienos
3443 2222 3663 2276 labores

2087 2333 2142 2376 et
2171 2321 2349 2377 studia
2381 2320 2717 2376 decolorent.
2758 2319 3032 2388 Loquitur
3076 2327 3257 2372 autem
3293 2316 3413 2386 quis
3447 2330 3510 2371 ea
3541 2329 3663 2384 quae

2089 2430 2187 2485 per
2214 2429 2274 2469 se
2308 2425 2414 2468 non
2448 2413 2617 2468 ellicit
2659 2410 2910 2468 Christus
2942 2412 3046 2466 hoc
3082 2409 3280 2476 modo;
3317 2409 3362 2464 si
3415 2407 3668 2477 loquatur

2089 2507 2156 2559 de
2186 2505 2522 2561 continentia
2552 2512 2608 2558 et
2641 2503 2876 2566 doceat,
2912 2516 3034 2556 cum
3085 2501 3198 2571 ipse
3237 2499 3528 2554 continens
3560 2513 3665 2551 non

2090 2598 2196 2663 sit;
2227 2596 2313 2652 vel
2359 2596 2406 2652 si
2442 2596 2700 2665 loquatur
2730 2595 2796 2648 de
2827 2593 3126 2649 sobrietate
3147 2631 3162 2656 .
3193 2591 3278 2647 vel
3313 2592 3382 2646 de
3407 2591 3620 2658 iustitia
3650 2629 3668 2655 ,

2093 2692 2178 2746 vel
2210 2689 2280 2745 de
2310 2688 2611 2761 largiendis
2642 2689 2836 2758 opibus
2858 2728 2874 2754 ,
2915 2699 2972 2742 et
3000 2685 3408 2742 contemnendis
3439 2683 3670 2739 faculta-

2094 2785 2238 2837 tibus
2264 2796 2364 2852 pro
2395 2795 2565 2851 regno
2589 2780 2706 2846 Dei,
2737 2789 2792 2834 et
2819 2779 2873 2833 in
2909 2779 3028 2847 ipso
3067 2779 3156 2847 qui
3185 2779 3302 2833 haec
3325 2776 3506 2841 docet,
3532 2775 3666 2830 nihil

2093 2879 2286 2932 horum
2317 2873 2560 2930 eﬂ'ecerit
2590 2874 2704 2944 (59)
2738 2873 3008 2927 Christus.
3042 2872 3108 2926 Et
3142 2873 3264 2926 ideo
3311 2872 3539 2926 formam
3584 2871 3670 2925 sui

2091 2966 2385 3036 Apostolus
2411 2967 2588 3035 ponit,
2623 2974 2678 3018 et
2714 2964 2847 3018 dicit
2871 2978 2934 3016 ea
2970 2977 3028 3017 se
3061 2963 3246 3032 loqui,
3278 2972 3332 3017 et
3363 2977 3424 3016 ea
3461 2961 3672 3016 eteteris

2092 3060 2413 3132 praidicare.
2453 3073 2573 3127 quae
2601 3072 2697 3126 per
2723 3057 2899 3124 ipsum
2926 3053 3181 3110 Christus
3216 3055 3370 3125 prius
3414 3055 3674 3125 impleve-

405 3159 508 3212 per
536 3145 900 3200 obedientiam
931 3149 1171 3217 gentium
1208 3152 1377 3204 verbo
1419 3151 1473 3205 in
1508 3167 1594 3206 me
1619 3162 1673 3206 et
1703 3169 1865 3222 opere
1891 3172 1985 3210 ex-
2013 3163 2060 3226 ο
2092 3155 2180 3208 rit.
2219 3151 2323 3207 Sed
2361 3151 2494 3203 sicut
2536 3150 2792 3217 scriptum
2821 3156 2932 3213 est,
2967 3147 3182 3217 inquit,
3225 3147 3430 3213 Quibus
3458 3163 3563 3200 non
3594 3157 3674 3200 est

404 3235 593 3303 plevit,
619 3238 788 3291 verbo
817 3239 1243 3307 praedicationis,
1273 3256 1436 3308 opere
1459 3243 1742 3312 signorum
1775 3256 1830 3300 et
1857 3262 1986 3316 pro-

403 3329 695 3396 digiorum.
738 3329 871 3396 Quae
904 3341 1082 3386 autem
1121 3335 1192 3386 sit
1225 3333 1532 3390 diﬂ‘ereutia
1581 3338 1726 3392 inter
1749 3339 1900 3408 signa
1931 3352 1989 3396 et

403 3423 691 3492 prodigia,
730 3434 785 3478 et
819 3425 872 3477 in
898 3424 1150 3495 aliisjam
1185 3426 1347 3483 latius
1382 3429 1619 3484 diximus
1651 3430 1803 3501 (55),
1844 3442 1898 3486 et
1935 3433 1985 3486 in

413 3517 668 3584 praesenti
717 3517 840 3570 loco
871 3519 1314 3586 compendiosius
1357 3521 1778 3588 explicabimus.
1823 3523 1984 3594 Signa

406 3607 781 3678 appellantur,
813 3610 864 3662 in
901 3612 1098 3677 quibus
1122 3627 1242 3664 cum
1273 3612 1346 3666 sit
1368 3613 1572 3682 aliquid
1616 3613 1887 3681 mirabile,
1913 3617 1990 3669 in-

403 3702 618 3754 dicatur
654 3715 868 3768 quoque
907 3702 1110 3770 aliquid
1160 3701 1434 3768 futurum;
1477 3705 1722 3775 prodigia
1753 3721 1899 3773 vero,
1933 3709 1986 3761 iu

401 3792 602 3858 quibus
661 3795 1070 3861 tantummodo
1100 3794 1352 3850 mirabile
1400 3796 1608 3866 aliquid
1658 3800 1982 3854 ostenditur.

406 3881 571 3951 Signa
615 3897 746 3937 vero
789 3882 903 3952 (54)
948 3892 1003 3938 et
1054 3882 1297 3952 prodigia
1347 3886 1502 3953 quasi
1537 3899 1659 3953 quae
1699 3896 1988 3954 utrumque

403 3974 726 4030 contineant
763 3975 924 4029 dixit.
967 3975 1250 4045 Scriptura
1283 3985 1464 4030 tamen
1499 3977 1687 4032 divina
1717 3979 1986 4032 interdum

401 4074 551 4122 tenet
593 4068 728 4123 istas
763 4069 1168 4138 proprietates,
1212 4069 1486 4123 interdum
1533 4080 1713 4124 autem
1763 4071 1990 4126 abusive

399 4170 455 4211 et
483 4159 727 4229 prodigia
764 4175 861 4229 pro
893 4161 1082 4229 signis,
1119 4169 1175 4214 et
1202 4159 1356 4228 signa
1391 4174 1488 4230 pro
1517 4161 1782 4233 prodigiis
1808 4163 1988 4231 ponit.

403 4250 606 4306 Paulus
645 4267 774 4321 ergo
817 4267 911 4321 per
941 4261 1267 4320 potestatem
1311 4254 1590 4323 signorum
1629 4261 1685 4307 et
1717 4255 1989 4324 prodigio-

403 4361 548 4412 rum,
581 4361 701 4416 quaz
741 4355 918 4399 tamen
951 4346 1102 4410 signa
1134 4356 1186 4399 et
1235 4347 1487 4415 prodigia
1536 4346 1590 4400 in
1626 4347 1828 4402 virtute
1867 4349 1992 4417 Spi-

401 4439 539 4492 ritus
581 4439 755 4493 sancti
805 4437 1076 4506 faciebat,
1117 4439 1186 4493 ab
1219 4439 1519 4495 Jerusalem
1561 4456 1734 4511 usque
1761 4443 1826 4496 ad
1858 4443 1987 4514 Illy-

477 4561 524 4594 “
553 4562 710 4617 Rom.
739 4579 832 4629 xv,
861 4563 928 4617 ΓΙ
956 4579 1072 4632 seq.
1145 4565 1192 4594 ”
1227 4563 1242 4617 1
1274 4563 1400 4619 Cor.
1434 4581 1476 4626 ι,
1499 4563 1590 4621 51.

1664 4563 1710 4596 ³⁸
1738 4564 1882 4619 Psal.
1923 4582 2032 4633 etv,
2074 4567 2162 4621 27.

2089 3243 2467 3298 aununtiatum
2494 3241 2558 3294 de
2591 3257 2680 3307 eo,
2713 3240 2989 3306 videbunt,
3021 3249 3071 3292 et
3102 3239 3193 3307 qui
3223 3256 3329 3292 non
3355 3239 3668 3304 a‘utt'ierunt,

2087 3335 2400 3404 intelligent.
2439 3331 2770 3387 Observavit
2799 3344 2930 3401 ergo
2955 3331 3246 3401 diligenter
3270 3329 3588 3400 Apostolus,
3616 3338 3679 3382 ut

2088 3425 2384 3480 secundum
2442 3421 2820 3493 propheticum
2886 3420 3167 3490 eloquium
3223 3420 3331 3474 illis
3387 3421 3671 3474 nuntiaret

2088 3517 2404 3580 Christum,
2435 3516 2633 3584 quibus
2676 3531 2706 3568 a
2743 3513 2888 3568 nullo
2930 3511 3115 3566 fuerat
3161 3513 3440 3567 nuntiatus
3466 3553 3480 3576 ,
3525 3522 3580 3566 et
3617 3521 3674 3567 ut

2091 3611 2167 3664 illi
2200 3610 2266 3664 de
2293 3624 2358 3664 eo
2389 3608 2776 3678 intelligerent,
2807 3608 2900 3676 qui
2933 3623 2962 3661 a
2992 3607 3140 3661 nullo
3176 3617 3304 3659 ante
3330 3606 3669 3660 didicissent.

2090 3703 2158 3757 Et
2201 3704 2325 3767 ista,
2356 3713 2415 3756 ut
2447 3701 2662 3771 opinor,
2691 3713 2861 3754 causa
2899 3699 3023 3767 fuit,
3049 3713 3170 3769 qua:
3201 3712 3324 3752 eum
3355 3699 3704 3767 frequenter-

2092 3805 2496 3866 proponentem
2539 3793 2767 3847 Romam
2804 3807 3029 3862 pergere
3060 3791 3400 3863 prohibebat,
3424 3793 3565 3846 sicut
3595 3791 3678 3845 di-

2091 3891 2160 3943 cit
2191 3906 2206 3944 :
2244 3886 2474 3956 Propter
2513 3887 2651 3957 quod
2687 3885 3012 3955 impediebar
3056 3885 3344 3955 plurimum
3395 3886 3568 3940 venire
3606 3886 3677 3938 ad

2091 3998 2178 4035 vos
2212 3980 2360 4052 (60);
2393 3995 2500 4034 non
2526 4019 2542 4044 ,
2572 3989 2631 4032 ut
2660 3978 2712 4030 in
2743 3977 2863 4031 aliis
2912 3977 3044 4033 dicit
3066 3978 3132 4041 ³³,
3170 3978 3461 4046 impeditus
3507 3993 3534 4031 a
3571 3978 3676 4032 Sam

2096 4083 2241 4139 tana,
2264 4073 2358 4128 sed
2402 4071 2664 4126 l‘undaudi
2700 4069 2977 4126 Ecclesias
3010 4071 3372 4140 occupatione
3400 4072 3678 4134 detentus,

2090 4177 2144 4221 et
2183 4167 2234 4222 in
2263 4166 2348 4220 his
2378 4165 2512 4221 locis
2547 4164 2833 4234 l‘uudandi,
2866 4165 2956 4218 ubi
2986 4163 3190 4217 nullum
3221 4163 3347 4217 ﬁdei
3376 4177 3677 4230 praecesse—

2091 4268 2178 4313 rat
2210 4257 2639 4312 fundamentum.
2691 4257 3010 4326 Exemplum
3046 4265 3230 4312 autem
3265 4257 3332 4310 de
3358 4254 3499 4310 Isaia
3527 4269 3681 4308 sum-

2091 4363 2241 4423 ptum
2285 4364 2369 4407 est
2417 4353 2486 4417 ²⁸,
2530 4363 2585 4407 et
2643 4353 2836 4408 iisdem
2880 4367 2948 4407 ex
2997 4353 3213 4422 integro
3255 4349 3443 4405 verbis
3481 4348 3682 4420 quibus

2093 4447 2232 4516 apud
2263 4445 2584 4517 prophetam
2617 4445 2836 4517 legitur,
2869 4446 3126 4515 positum.

2242 4569 2288 4600 "
2317 4568 2337 4622 Ι
2376 4567 2568 4623 Thess.
2593 4567 2745 4630 u,l8.
2823 4565 2867 4596 ’°
2896 4566 2999 4620 lsa.
3034 4581 3130 4632 LII,
3163 4563 3251 4617 15.

481 4701 595 4774 (49)
639 4703 704 4756 1η
749 4705 1101 4757 obedientiam
1145 4706 1376 4775 gentium
1415 4705 1570 4757 verbo
1601 4713 1649 4758 et
1704 4704 1862 4772 {actis
1903 4723 1995 4774 per
2029 4715 2070 4769 ι)
2102 4710 2190 4762 ubi
2232 4709 2532 4762 nominatus
2563 4718 2636 4759 est
2678 4704 2922 4758 Christus
2946 4746 2959 4770 ,
2998 4724 3062 4760 ne
3087 4721 3245 4772 super
3289 4705 3520 4758 alienum
3555 4703 3679 4774 fun-

407 4784 722 4840 potestatem
751 4776 1024 4843 signarunt
1053 4785 1101 4828 et
1133 4777 1518 4844 prodigiorum,
1542 4785 1676 4837 etc.,
1702 4789 1873 4842 usque
1901 4777 1992 4839 ad,

405 4854 456 4897 et
479 4846 569 4914 qui
596 4859 698 4896 non
740 4846 1040 4905 audierunt,
1071 4845 1386 4914 intelligent,
1415 4860 1679 4914 nusquam
1710 4847 1994 4915 reperiun-

413 4926 498 4967 tur
531 4915 582 4966 in
615 4915 796 4981 editis,
831 4917 925 4968 sed
958 4916 1319 4969 restituuntur
1342 4931 1408 4968 ex
1439 4931 1570 4969 mss.

481 4984 594 5056 (50)
629 4985 799 5056 Editi,
829 4995 877 5038 et
909 4986 1198 5056 honoribus
1227 4986 1389 5054 hujus
1418 4987 1620 5041 swculi.

478 5055 593 5126 (51)
623 5055 760 5126 Yide
787 5070 975 5120 supra,
1005 5055 1097 5109 lib.
1136 5071 1212 5121 tv,
1243 5072 1392 5109 num.
1422 5057 1476 5110 9.

481 5125 594 5190 (52)
624 5125 791 5189 Editi,
819 5127 1010 5194 gloria.

505 5197 594 5264 55)
616 5194 750 5248 Vide
781 5193 911 5249 tom.
956 5211 1074 5259 xm,
1120 5196 1174 5249 in
1203 5193 1386 5258 Joan.,
1419 5213 1568 5251 num.
1602 5197 1692 5252 60.

505 5197 594 5264 55)
616 5197 750 5248 Vide
781 5206 911 5249 tom.
956 5211 1074 5259 xm,
1120 5197 1174 5249 in
1203 5197 1386 5258 Joan.,
1419 5213 1568 5251 num.
1602 5197 1692 5252 60.

478 5197 595 5338 (54)
632 5265 894 5338 Rabanus
916 5307 930 5333 ,
963 5273 1113 5337 signa
1155 5282 1278 5332 ergo
1299 5307 1311 5326 .
1346 5277 1453 5319 etc.
1487 5267 1655 5322 Paulo
1687 5279 1808 5338 post
1853 5285 1987 5324 mss.

407 5335 652 5405 quidam,
681 5335 886 5390 Paulus
913 5335 1090 5390 autem
1121 5353 1214 5404 per
1241 5346 1572 5403 potestatem,
1606 5335 1714 5393 etc.

480 5407 594 5477 (55)
627 5406 808 5469 Editi,
843 5409 941 5478 sed
975 5409 1052 5459 illi
1097 5410 1183 5461 vix
1214 5423 1496 5478 rarumque
1541 5409 1770 5478 aliquem
1813 5423 1993 5478 potue-

408 5475 581 5541 runt,
625 5488 730 5530 etc.
778 5478 876 5531 Ms.
926 5475 1130 5547 Regius
1157 5493 1305 5531 nutu.
1337 5477 1473 5532 1659
1501 5519 1515 5538 ,
1547 5475 1639 5533 sed
1668 5481 1749 5533 illi
1780 5475 1866 5534 vix
1902 5499 1993 5534 ra—

408 5564 527 5600 rum
569 5564 826 5629 quemque
866 5558 1174 5616 potuerunt,
1198 5557 1305 5602 etc.
1333 5547 1529 5604 (Σαειωῆ
1563 5566 1694 5606 mss.
1732 5562 1786 5605 et
1817 5553 1996 5607 Raba-

407 5633 510 5671 nus
538 5628 597 5671 ut
627 5628 677 5671 lll
716 5630 888 5672 textu.

479 5687 600 5759 (56)
632 5688 798 5759 Editi,
829 5698 924 5741 aut
950 5689 1084 5742 duos
1113 5698 1204 5743 aut
1239 5698 1342 5743 tres
1365 5689 1607 5759 papulas.

487 5757 601 5830 (57)
632 5757 770 5830 Editi
800 5769 920 5829 post
958 5761 1073 5813 haec
1102 5763 1263 5814 verba
1290 5801 1304 5825 ,
1338 5757 1668 5830 sacramenta
1694 5764 1946 5818 convertit
1975 5804 1992 5828 ,

408 5828 617 5884 addunt
649 5848 663 5886 :
701 5828 1000 5885 Sic’autem
1047 5831 1330 5901 pra'dicavi
1371 5829 1717 5904 Evangelium
1749 5835 1846 5889 hoc
1890 5852 1997 5889 nou

2101 4781 2404 4832 damentunt
2443 4777 2765 4845 ardiﬁcarem
2791 4815 2806 4841 ,
2841 4778 2974 4828 sicut
3017 4781 3270 4844 scriptum
3303 4785 3374 4827 est
3397 4791 3432 4845 ;7
3463 4775 3554 4828 sed
3592 4776 3680 4829 hic

2098 4849 2344 4917 Apostoli
2395 4844 2684 4902 contextus
2720 4849 2774 4901 itt
2824 4862 2954 4900 mss.
2999 4849 3199 4900 nostris
3244 4844 3522 4898 codicibtts
3569 4863 3676 4899 nou

2100 4931 2393 4973 l'ellﬂl'lllll'.

2163 4937 2427 5060 l(§§)lugic
2466 5001 2657 5060 omnes
2703 5002 2844 5060 mss.
2895 4996 2949 5042 et
3000 4988 3280 5060 Rabanns.
3313 4983 3456 5041 Editi
3503 4999 3635 5040 vero
3662 5026 3679 5052 ,

2098 5059 2462 5132 Ecclesidrum
2483 5059 2813 5132 principibus
2836 5068 2880 5132 et
2915 5059 3232 5132 rectoribus,
3246 5067 3354 5132 etc.

2169 5131 2282 5200 (59)
2318 5127 2493 5195 Editi,
2516 5143 2563 5186 et
2589 5132 2698 5196 ipse
2725 5129 2814 5196 qui
2837 5130 2983 5181 docet
3016 5133 3150 5194 haec,
3179 5127 3309 5180 nihil
3336 5131 3526 5200 horum
3554 5127 3682 5194 effe--

2096 5198 2484 5256 cerit.‘Deinde
2515 5218 2617 5256 tus.
2652 5213 2816 5261 ttuus,
2843 5210 2888 5251 et
2927 5200 3044 5251 ideo
3078 5201 3306 5266 formam
3337 5198 3420 5250 sui
3463 5208 3680 5262 aposto-

2096 5273 2238 5324 latus
2273 5275 2460 5340 ponit,
2487 5283 2594 5327 etc.
2626 5267 2734 5322 Sed
2767 5269 2947 5323 caeteri
2980 5285 3134 5335 mss.,
3167 5267 3423 5322 Rabanus
3457 5277 3513 5321 et
3545 5269 3674 5321 editi

2099 5352 2157 5396 υι
2184 5343 2236 5395 itt
2275 5353 2442 5396 textu.

2173 5411 2288 5482 (60)
2329 5413 2470 5467 Editi
2497 5421 2617 5481 post
2651 5411 2769 5465 haec
2792 5409 2998 5482 verba,
3016 5406 3239 5478 Propter
3262 5407 3682 5482 quodimpedie-

2101 5479 2198 5535 bar
2213 5479 2508 5551 plurimum
2522 5484 2694 5537 venire
2725 5481 2793 5534 ad
2812 5497 2918 5543 vos,
2937 5481 3159 5543 addunt,
3178 5492 3224 5532 et
3253 5479 3548 5546 prohibitus
3563 5495 3681 5532 sum

2100 5550 2263 5619 usque
2305 5553 2498 5611 adhuc.
2550 5551 2655 5606 Sed
2706 5553 2822 5605 hch
2876 5551 3178 5620 posteriora
3230 5550 3474 5619 Apostoli
3516 5551 3678 5603 verba

2099 5639 2279 5693 neque
2311 5625 2362 5678 in
2393 5639 2522 5679 mss.
2567 5623 2792 5693 nostris,
2831 5637 3006 5691 neque
3039 5622 3180 5693 apud
3216 5620 3499 5693 Rabauum
3528 5635 3682 5673 com-

2100 5689 2330 5764 parent,
2379 5705 2434 5751 et
2479 5692 2886 5764 desuntetiam
2916 5689 2994 5748 fin
3023 5690 3330 5764 _plerisque
3379 5689 3681 5762 Scriptura:

2099 5763 2504 5838 exeniplaribus
2538 5763 2766 5821 Grmcis.
