4150 6456
452 356 584 411 1271

1917 364 2235 424 ORIGENIS

3558 373 3703 429 1272

520 480 608 535 13.
651 480 810 535 Nunc
833 481 971 536 'uero
1008 482 1230 538 ulterius
1281 485 1453 540 locum
1492 504 1597 542 non
1634 490 1828 543 habens
1853 492 1908 544 in
1939 491 2021 544 his
2051 494 2097 550 Α
2128 500 2332 544 tantum
2358 500 2536 545 autem
2567 506 2691 564 erga
2721 507 2778 547 se
2814 492 3182 548 Romanorum
3216 494 3384 549 nutrit
3418 495 3697 563 allectum,

455 574 773 642 regionibus,
803 574 1124 630 desiderium
1165 584 1340 629 autem
1377 578 1571 633 habens
1606 581 1780 635 venire
1823 582 1892 634 ad
1934 599 2022 637 vos

450 665 560 734 iam
579 682 644 719 ea:
668 666 846 718 multis
868 667 1278 733 prwcedentibus
1298 672 1474 736 annis,
1488 687 1605 725 cum
1630 673 1687 727 in
1711 672 2023 743 Hispaniam

449 758 783 826 proﬁciscar,
826 775 976 827 spero
1015 761 1155 829 quod
1188 764 1619 831 praetergrediens
1652 766 1853 820 videam
1898 785 2022 834 vos,

452 860 503 904 et
533 867 565 903 a
586 851 726 904 vobis
768 851 1003 903 deducor
1041 851 1192 915 illuc,
1221 868 1340 906 cum
1372 855 1541 922 primo
1557 872 1622 910 ex
1641 866 1789 925 parte
1828 857 2024 927 fruitus

451 941 606 1009 fuero
629 940 770 993 vobis
798 941 862 992 ³⁷.
900 939 1131 995 Videtur
1156 942 1272 997 huic
1302 944 1354 997 in
1384 945 1589 999 Achaia
1608 948 1816 1011 positus
1844 949 2025 1005 dicere

452 1030 594 1097 apml
624 1029 975 1093 Corinthum,
1003 1031 1149 1084 sicut
1176 1041 1230 1084 et
1256 1031 1309 1084 in
1341 1034 1529 1100 primis
1559 1034 1811 1105 Epistola.-
1851 1039 2023 1108 parti-

450 1121 553 1175 bus
597 1121 709 1189 jam
757 1137 858 1191 pro
908 1123 1116 1178 viribus
1160 1124 1652 1184 demonstravimus
1697 1130 1859 1199 (6!):
1904 1147 2025 1199 qua:

450 1212 641 1284 utique
670 1215 876 1269 Achaia
911 1215 1088 1270 vicina
1131 1226 1186 1271 et
1225 1219 1509 1276 cohaarens
1556 1233 1639 1276 est
1668 1223 2019 1280 Macedoniae.

449 1305 510 1362 In
537 1309 735 1378 quibus
761 1308 899 1364 locis
930 1312 1168 1380 degens,
1196 1327 1319 1367 cum
1366 1314 1574 1383 singula
1625 1331 1855 1385 quaeque
1899 1333 2026 1387 per-

445 1410 696 1470 agrasset
719 1401 1070 1475 Evangelium
1099 1406 1403 1474 praedicans
1429 1408 1485 1462 in
1513 1408 1597 1463 his
1624 1410 1882 1465 duntaxat
1906 1411 2026 1466 lini-

449 1494 553 1548 bus
594 1494 648 1547 in
694 1496 893 1564 quibus
932 1495 1185 1552 Christus
1219 1508 1345 1553 ante
1381 1514 1487 1554 non
1531 1499 1711 1554 fuerat
1755 1503 2023 1571 praedica-

451 1593 540 1639 tus
570 1584 710 1657 (62),
735 1597 790 1641 et
825 1589 1102 1659 agnitione
1133 1589 1230 1645 Dei
1280 1591 1542 1659 replesset
1586 1592 1861 1657 universa,
1897 1594 2026 1649 dicit

453 1677 677 1732 ulterius
720 1692 781 1734 se
827 1678 1004 1735 locum
1051 1696 1155 1735 non
1208 1681 1410 1737 habere
1457 1683 1510 1737 in
1552 1683 1640 1738 his
1688 1685 2019 1754 regionibus,

452 1769 556 1825 hoc
585 1780 690 1835 est,
713 1771 888 1825 locum
931 1773 1140 1829 nullum
1176 1775 1346 1846 678
1367 1775 1471 1829 sibi
1503 1790 1787 1844 superesse
1819 1777 2022 1832 Christi

2125 591 2180 635 ct
2209 584 2627 638 remorationem
2655 599 2809 639 suam
2842 586 2894 638 in
2922 586 3162 655 ipsorum
3195 587 3418 641 arbitrio
3443 588 3696 652 collocat,

2122 682 2183 727 ut
2214 673 2360 727 dicat
2383 688 2441 728 se
2480 675 2551 729 ab
2580 676 2711 743 ipsis
2740 675 3110 732 deducendum
3154 679 3218 733 ad
3251 678 3572 749 Hispaniam
3600 721 3616 744 ,
3641 688 3698 733 et

2126 774 2253 820 tunc
2284 766 2655 821 deducendum
2682 806 2698 833 ,
2724 781 2848 821 cum
2880 768 3015 838 ipsis
3035 770 3185 837 prius
3214 770 3268 823 in
3309 784 3495 825 amore
3536 772 3691 824 satis-

2125 856 2316 910 fecerit
2356 873 2372 910 :
2420 855 2476 910 in
2523 872 2628 926 quo
2688 859 2872 926 utique
2922 860 2967 913 si
3016 862 3398 929 propensiores
3469 863 3695 917 exstiteo

2127 949 2271 1014 rint,
2319 949 2637 1003 demorandi
2681 950 2881 1005 diutius
2925 966 3121 1007 causas
3164 953 3267 1022 ipsi
3308 953 3562 1021 Apostolo
3594 952 3696 1007 da-

2122 1040 2277 1094 bunL
3076 1086 3081 1091 .

2195 1132 2284 1186 M.
2318 1129 2475 1186 Nunc
2496 1148 2616 1187 vero
2644 1133 2954 1202 proﬁciscar
2980 1133 3036 1187 in
3058 1132 3356 1187 Jerusalem
3393 1136 3698 1188 ministrare

2125 1223 2344 1277 sanctis.
2373 1220 2587 1277 Placuit
2621 1224 2760 1277 enim
2790 1222 3117 1278 Macedonia:
3143 1236 3189 1277 et
3213 1224 3424 1277 Achaia:
3452 1225 3562 1295 (68)
3593 1226 3699 1278 col-

2124 1313 2373 1369 lationem
2412 1316 2652 1383 aliquam
2688 1314 2862 1384 facere
2892 1316 2946 1368 in
2989 1330 3243 1382 pauperes
3274 1327 3572 1369 sanctorum
3606 1317 3699 1386 qui

2124 1415 2249 1456 sunt
2284 1405 2341 1456 in
2387 1402 2708 1456 Jerusalem.
2752 1402 3085 1474 Complacuit
3131 1404 3307 1468 enim,
3347 1413 3399 1457 et
3439 1406 3699 1460 debitores

2125 1502 2245 1548 sunt
2288 1508 2470 1546 eorum
2518 1492 2632 1566 (69)
2679 1507 2697 1546 :
2736 1494 2992 1560 quoniam
3030 1494 3073 1545 si
3107 1494 3468 1562 spiritualium
3517 1511 3696 1548 eorum

2124 1586 2406 1654 participes
2434 1587 2592 1653 factis
2618 1592 2746 1637 sunt
2779 1595 2975 1653 gentes,
3004 1584 3189 1636 debent
3225 1591 3276 1636 et
3302 1587 3358 1635 in
3394 1584 3697 1637 carnalibus

2126 1678 2432 1731 ministrare
2466 1676 2562 1728 eis.
2591 1674 2708 1727 Hoc
2743 1691 2866 1743 ergo
2903 1691 3019 1727 cum
3052 1682 3506 1739 consummavero,
3534 1685 3582 1727 et
3614 1691 3698 1727 ns-

2126 1769 2403 1838 signauero
2445 1768 2519 1821 eis
2555 1767 2791 1835 fructum
2825 1751 2966 1820 hunc
2990 1806 3007 1831 ,
3044 1767 3355 1835 proﬁciscar
3397 1783 3491 1836 per
3519 1784 3604 1821 vos
3640 1768 3701 1820 in

449 1863 853 1932 praedicationis
877 1880 1130 1931 vacuum,
1161 1877 1217 1920 et
1247 1878 1462 1936 tempus
1503 1866 1616 1935 jam
1649 1869 1841 1925 adesse
1875 1870 2018 1926 desi-

2125 1859 2465 1929 Hispaniam.
2512 1857 2638 1913 Scio
2681 1858 2821 1912 enim
2855 1862 3108 1928 quoniam
3143 1859 3351 1911 veniens
3380 1859 3449 1910 ad
3477 1874 3595 1922 vos,
3638 1859 3695 1910 in

451 1959 584 2018 gnat
625 1967 736 2019 quo
767 1953 1096 2008 desiderium
1134 1970 1291 2010 suum
1326 1958 1540 2013 videndi
1583 1974 1678 2015 eos
1708 1960 1799 2029 qui
1834 1959 2022 2016 Romae

452 2049 579 2101 sunt
606 2042 799 2097 debeat
823 2044 1123 2114 adimplere
1155 2064 1170 2100 :
1203 2048 1345 2116 quod
1380 2060 1703 2120 conceptum
1736 2068 1805 2107 ex
1839 2053 2023 2107 multis

451 2131 608 2186 anuis
636 2134 878 2203 gerebat,
916 2137 1142 2191 dilatum
1191 2146 1374 2193 autem
1420 2140 1678 2197 fueratet
1706 2144 2021 2199 dissimula-

453 2232 590 2291 tum,
622 2226 797 2283 donec
822 2244 1038 2285 omnem
1071 2231 1250 2287 locum
1275 2233 1330 2288 in
1355 2250 1463 2305 quo
1483 2234 1735 2290 Christus
1763 2252 1871 2290 non
1905 2238 2023 2290 fne-

453 2327 539 2372 rat
571 2321 896 2387 praedicatus
922 2362 938 2389 ,
970 2323 1247 2393 agnitione
1292 2326 1574 2395 Evangelii
1619 2326 1736 2395 ejus
1764 2329 2018 2398 repleret.

453 2410 611 2477 Quod
641 2421 821 2467 autem
857 2415 1031 2480 dixit,
1068 2414 1199 2470 Cum
1236 2418 1295 2471 in
1336 2417 1650 2485 Hispaniam
1686 2416 2019 2488 prbﬁciscar,

448 2517 602 2565 spero
634 2504 774 2571 quod
805 2507 1234 2575 prwtcrgrediens
1264 2507 1470 2561 videam
1501 2525 1613 2576 vos,
1643 2525 1747 2564 non
1776 2511 1847 2565 ita
1875 2512 2021 2566 acci-

452 2595 709 2659 piendum
758 2605 840 2650 est
889 2598 1045 2665 quasi
1080 2608 1187 2652 tam
1231 2614 1402 2668 parvo
1441 2615 1627 2655 amore
1664 2600 1862 2657 Paulus
1891 2619 2019 2673 erga

449 2684 727 2740 Romanos
760 2694 1054 2753 teneretur,
1092 2698 1151 2742 ut
1178 2703 1273 2744 eos
1299 2691 1353 2743 in
1390 2692 1622 2745 transitu
1649 2696 2021 2749 tantummodo

447 2787 504 2831 et
544 2776 803 2832 aliorsum
839 2792 1069 2846 pergens
1102 2778 1376 2847 iudicaret
1403 2782 1677 2841 visendos.
1711 2783 1846 2837 Vide
1874 2787 2017 2839 enim

450 2868 503 2921 in
552 2869 1012 2940 subsequentibus
1053 2874 1181 2943 quid
1226 2873 1492 2943 adjungit.
1523 2874 1653 2929 Cum
1706 2878 1896 2944 primo,
1932 2880 2017 2933 in-

450 2959 591 3027 quit,
623 2977 687 3015 ea:
718 2974 868 3027 parte
893 2964 1093 3032 fruitus
1131 2964 1282 3032 [uero
1316 2968 1477 3021 vobis.
1513 2967 1571 3021 ltt
1611 2984 1716 3036 quo
1749 2971 1933 3038 utique
1964 2973 2017 3025 in

454 3050 694 3118 ipsorum
735 3055 953 3109 videtur
991 3070 1193 3124 ponere
1239 3069 1541 3127 potestate,
1575 3063 1792 3130 quando
1831 3064 1899 3117 ab
1939 3065 2019 3119 eis

454 3147 559 3202 iter
589 3148 924 3218 propositum
965 3149 1160 3205 debeat
1207 3153 1484 3208 relaxari:
1513 3163 1570 3208 et
1615 3169 1711 3223 per
1748 3157 1849 3211 hoc
1882 3173 2018 3226 quo-

451 3241 575 3294 dam
609 3242 767 3295 modo
809 3257 1046 3297 amorem
1077 3243 1312 3311 ipsorqu
1350 3261 1477 3316 erga
1510 3263 1570 3302 se
1606 3250 1799 3304 invitat
1824 3260 1880 3305 et
1912 3268 2014 3304 nu-

451 3334 547 3387 trit
572 3373 586 3396 ,
614 3342 674 3386 ut
700 3334 744 3386 si
782 3334 886 3401 ipsi
928 3335 1310 3391 insatiabiliter
1342 3353 1468 3408 erga
1496 3338 1748 3394 allectum
1794 3351 2016 3396 tenean-

449 3431 541 3477 tur
583 3423 827 3494 Apostoli
857 3466 871 3489 ,
921 3426 1095 3480 sciant
1136 3427 1251 3495 (65)
1299 3428 1465 3481 etiam
1503 3430 1676 3498 ipsum
1721 3432 1772 3484 id
1816 3434 2017 3488 habere

448 3515 705 3583 propositi
758 3530 860 3568 non
903 3516 1053 3581 prius
1099 3516 1168 3569 ab
1201 3518 1281 3572 eis
1327 3518 1644 3586 discedere,
1687 3536 1863 3589 neque
1908 3522 2016 3575 alio

447 3606 717 3675 proﬁcisci
744 3607 881 3679 (64),
918 3624 1080 3673 quam
1110 3610 1393 3665 charitatis
1420 3612 1659 3679 ipsorum
1695 3613 1871 3679 gratia
1893 3630 2016 3682 per-

447 3698 688 3753 fruatur.
720 3698 894 3766 Qnam
928 3708 1111 3755 tamen
1146 3701 1470 3757 charitalem
1510 3712 1711 3757 tantam
1737 3706 2017 3774 praesentit

447 3789 687 3843 futuram
710 3831 725 3856 ,
763 3792 848 3845 cui
892 3806 993 3846 nec
1025 3793 1196 3859 possit
1231 3807 1297 3847 ex
1345 3794 1562 3864 integro.
1599 3794 1849 3850 satisﬁeri
1874 3836 1891 3861 ,
1920 3797 2012 3851 sed

444 3897 511 3942 ea;
538 3891 709 3951 parte,
746 3883 941 3951 inquit.
976 3882 1278 3938 Praemonet
1308 3884 1424 3954 (65)
1454 3886 1599 3940 enim
1632 3887 1771 3954 quod
1815 3888 1866 3940 in
1893 3903 2014 3942 om-

445 3973 608 4032 nibus
635 3973 1041 4043 evangelizandi
1071 3976 1369 4029 necessitas
1394 3975 1729 4044 pralerenda
1761 3977 1850 4032 sit.
1871 3977 2016 4033 Bene

447 4074 628 4129 autem
668 4064 753 4119 bis
782 4079 920 4134 quos
957 4065 1195 4120 uoiidum
1245 4068 1547 4123 secundum
1594 4084 1813 4125 carnem
1862 4071 2015 4125 vide-

459 4166 565 4222 rat,
592 4165 646 4210 et
675 4156 742 4210 ad
770 4171 906 4225 quos
937 4159 1173 4213 nondum
1209 4160 1264 4213 in
1293 4174 1524 4229 corpore
1552 4161 1850 4217 advenerat
1874 4161 2012 4230 (66),

443 4248 790 4318 praesentiam
829 4249 913 4303 sui
941 4261 998 4305 et
1028 4251 1450 4305 remorationem
1483 4253 1812 4309 moderatius
1858 4253 2017 4323 polli-

446 4349 624 4405 cetur.
675 4339 1098 4399 Desiderabilins
1140 4345 1282 4399 enim
1329 4344 1655 4413 suscipimus
1700 4345 1840 4401 bona
1896 4362 2016 4415 qua!

443 4429 556 4484 cito
594 4430 885 4485 metuimus
935 4430 1230 4487 auferenda
1275 4449 1291 4487 :
1338 4434 1582 4489 securius
1614 4450 1742 4489 vero
1780 4435 2013 4505 negligi-

2123 1952 2454 2006 abundantia
2482 1950 2856 2004 benedictionis
2897 1948 3090 2002 Christi
3110 1949 3313 2003 ueniam
3336 1951 3403 2004 ".
3431 1951 3699 2017 Quoniam

2121 2040 2387 2111 placuerit
2414 2040 2740 2095 Macedonia:
2765 2048 2821 2093 et
2842 2039 3062 2094 Achaia:
3084 2038 3426 2095 collationem
3455 2041 3693 2109 aliquam

2123 2132 2304 2187 facere
2336 2132 2390 2185 in
2420 2144 2686 2201 pauperes
2728 2138 3042 2185 sanctorum
3086 2130 3180 2199 qui
3229 2140 3359 2186 sunt
3386 2133 3439 2186 in
3476 2131 3697 2187 Jerusa-

2120 2225 2228 2279 lem
2255 2264 2271 2289 ,
2313 2237 2601 2293 possumus
2631 2231 2687 2277 et
2728 2222 2795 2277 tle
2843 2221 3079 2275 secunda
3123 2221 3364 2291 Epistola
3403 2222 3469 2276 ad
3502 2221 3705 2278 Corin-.

2123 2318 2267 2372 thios
2293 2316 2505 2386 plenius
2535 2315 2764 2378 discere,
2794 2314 2848 2368 in
2875 2328 2980 2382 qua
3009 2314 3114 2367 hoc
3136 2316 3295 2368 modo
3323 2315 3513 2369 scribit
3540 2316 3650 2385 (70)
3674 2332 3697 2369 :-

2126 2408 2323 2462 Notam
2357 2418 2532 2463 autem
2562 2407 2704 2474 facio
2734 2407 2899 2470 vobis,
2931 2407 3150 2472 fratres,
3178 2407 3409 2475 gratiam
3447 2407 3542 2460 Dei
3577 2424 3695 2478 qua:

2121 2505 2248 2555 data
2275 2511 2349 2554 est
2376 2500 2504 2554 mihi
2534 2501 2588 2553 in
2625 2497 2876 2552 Ecclesiis
2904 2497 3265 2564 Macedonica,
3293 2501 3419 2565 quia
3448 2501 3503 2553 in
3527 2500 3692 2553 multa

2122 2594 2429 2663 probatione
2457 2591 2819 2646 tribulationis
2841 2592 3172 2645 abundantia
3201 2594 3383 2661 gaudii
3408 2610 3609 2656 eorum,
3639 2602 3690 2645 ct

2120 2685 2384 2752 profunda
2411 2694 2690 2751 paupertas
2716 2700 2894 2738 eorum
2917 2685 3203 2738 abundauit
3231 2683 3301 2736 ad
3332 2686 3545 2739 divitias
3567 2687 3691 2737 sim-

2120 2776 2373 2844 plicitatis
2395 2791 2575 2828 eorum
2609 2791 2628 2829 :
2652 2776 2902 2844 quoniam
2930 2777 3218 2829 secundum
3250 2777 3490 2829 virtutem
3522 2778 3690 2845 (testi-

2121 2867 2357 2919 monium
2392 2868 2635 2935 perhibeo
2660 2867 2757 2937 eis)
2796 2876 2844 2920 et
2875 2883 3035 2935 supra
3074 2868 3313 2921 virtutem
3349 2884 3448 2921 sua
3473 2879 3689 2936 sponte,

2119 2958 2300 3011 multis
2323 2958 2565 3025 precibus
2595 2957 2711 3028 (Ἠ)
2740 2957 3072 3011 obsecrantes
3104 2976 3195 3012 nos
3216 2961 3446 3027 gratiam
3477 2970 3523 3012 et
3555 2977 3693 3013 com-

2119 3052 2416 3106 munionem
2438 3068 2558 3121 quis
2595 3052 2657 3120 ﬁt
2692 3051 2749 3105 in
2779 3060 2992 3115 sanctos
3023 3052 3092 3115 ’³,
3121 3061 3176 3106 et
3207 3053 3431 3121 reliqua.
3464 3052 3531 3106 Et
3554 3053 3691 3107 sicut

2045 3175 2086 3230 ο
2122 3144 2174 3196 in
2208 3144 2293 3198 his
2321 3145 2685 3199 testimonium
2716 3143 2896 3198 reddit
2920 3143 3330 3208 Macedonibus,
3368 3144 3440 3196 ita
3473 3160 3684 3198 rursum

2121 3237 2446 3289 cohortatur
2473 3246 2530 3290 et
2551 3235 2900 3299 Corinthios,
2929 3235 3114 3289 dicens
3145 3254 3157 3289 :
3194 3235 3300 3290 Sed
3324 3236 3460 3289 sicut
3501 3237 3556 3288 in
3586 3253 3692 3289 om-

2122 3329 2272 3381 nibus
2302 3327 2592 3382 abundatis
2624 3330 2750 3399 ﬁde,
2777 3342 2826 3384 et
2855 3333 3031 3396 verbo,
3065 3340 3113 3384 et
3138 3331 3380 3394 scientia,
3415 3341 3465 3383 et
3508 3339 3690 3383 nostra

2117 3425 2175 3476 in
2220 3440 2307 3478 vos
2346 3425 2606 3480 charitate
2632 3464 2647 3485 .
2683 3427 2758 3480 ita
2784 3438 2833 3482 et
2864 3430 2919 3481 in
2957 3433 3056 3481 hac
3098 3427 3271 3497 gratia
3309 3426 3586 3480 abundetis
3615 3426 3687 3489 ,⁸ο,

2116 3526 2173 3570 et
2213 3516 2444 3585 reliqua.
2481 3516 2589 3572 Sed
2634 3527 2692 3571 et
2740 3518 2793 3571 in
2847 3519 2971 3573 aliis
3021 3518 3336 3573 collaudans
3379 3515 3689 3572 Corinthios

2116 3608 2242 3677 quia
2274 3623 2402 3678 erga
2435 3610 2867 3663 communionem
2897 3625 3191 3680 pauperum
3223 3609 3316 3678 qui
3346 3618 3474 3662 sunt
3503 3610 3555 3663 in
3597 3607 3690 3664 Je-

2119 3700 2356 3755 rusalem
2392 3701 2625 3769 prompti
2665 3700 2889 3764 fuerint,
2921 3702 3053 3755 dicit
3080 3722 3091 3756 :
3124 3699 3192 3753 Et
3222 3701 3499 3754 consilium
3520 3698 3701 3753 inhoc

2117 3789 2184 3842 do
2210 3808 2226 3842 :
2254 3789 2351 3843 hoc
2380 3788 2516 3843 enim
2557 3790 2700 3843 uobis
2735 3793 2974 3859 expedit,
3009 3793 3098 3860 qui
3135 3807 3237 3844 non
3266 3791 3439 3845 solum
3474 3790 3684 3857 facere,

2116 3879 2208 3932 sed
2234 3889 2285 3933 et
2306 3880 2435 3936 uelle
2454 3882 2699 3948 capistis
2721 3882 2785 3935 ab
2822 3898 2961 3935 anno
2989 3886 3164 3950 priore
3191 3899 3210 3933 :
3244 3899 3381 3934 nunc
3415 3891 3591 3934 autem
3636 3891 3687 3935 et

2118 3971 2258 4039 {acto
2288 3972 2523 4040 perﬁcite
2550 3973 2617 4026 ³³.
2648 3972 2752 4026 Sed
2788 3983 2844 4027 et
2888 3973 2941 4026 in
2973 3972 3202 4042 reliquis
3237 3973 3304 4026 de
3355 3974 3454 4027 hac
3495 3972 3687 4026 eadem

2117 4071 2426 4117 sanctorum
2472 4061 2588 4134 (72)
2631 4062 3015 4117 communione
3058 4063 3429 4131 prosequitur,
3460 4072 3517 4117 et
3558 4060 3688 4131 post

2118 4157 2395 4228 aliquanta
2442 4158 2594 4212 addit
2628 4174 2643 4211 :
2674 4157 2748 4210 De
2785 4157 3076 4211 ministerio
3114 4169 3288 4212 autem
3332 4160 3473 4229 quod
3513 4160 3586 4212 sit
3631 4159 3688 4211 in

2116 4263 2364 4317 sanctos,
2406 4251 2737 4319 superfluum
2789 4260 2861 4303 est
2910 4250 3052 4304 vobis
3096 4251 3342 4305 scribere.
3381 4248 3503 4304 Scio
3546 4251 3699 4304 enim.

2116 4353 2409 4412 promptam
2436 4342 2755 4396 voluntatem
2785 4349 3011 4394 vestram
3032 4380 3049 4405 ,
3093 4358 3188 4409 pro
3220 4359 3324 4411 qua
3356 4340 3600 4411 gratulor
3623 4343 3699 4394 de.

2117 4434 2258 4489 vobis
2293 4434 2693 4498 Macedonibus,
2728 4435 2853 4502 quia
2892 4434 3095 4486 Achaia
3121 4442 3313 4502 parata
3342 4443 3417 4487 est
3442 4433 3508 4486 ab
3544 4449 3685 4486 anno

444 4534 567 4574 mus
592 4520 733 4590 quod
759 4530 1066 4587 retenturos
1093 4526 1207 4596 (67)
1233 4540 1337 4585 nos.
1361 4525 1564 4580 diutius
1595 4527 1897 4595 credimus.
1922 4526 2011 4580 ln-
2045 4520 2090 4575 D
2119 4528 2297 4596 priore
2322 4568 2338 4591 ,
2389 4537 2437 4580 et
2494 4537 2664 4580 vestra
2717 4525 3004 4581 azmulatio.
3035 4525 3329 4592 provocavit
3379 4525 3573 4578 multos
3614 4523 3686 4575 ³².

518 4633 567 4665 ’⁷
588 4632 747 4690 Rom.
775 4652 866 4703 xv,
893 4600 1119 4704 25.24..
1170 4639 1217 4671 “
1238 4639 1395 4695 Rom.
1429 4657 1519 4708 xv,
1558 4641 1650 4706 25,
1673 4657 1757 4712 sq.
1834 4642 1879 4673 ”
1909 4639 1950 4695 li
1981 4640 2018 4697 C

2140 4658 2202 4706 ιι,
2227 4657 2311 4712 sq.
2390 4641 2435 4673 ³⁰
2472 4642 2602 4696 ibid.
2632 4642 2686 4694 7.
2756 4639 2800 4670 ³¹
2830 4639 2962 4693 ibid.
2998 4637 3089 4692 10.
3145 4636 3189 4668 ’³
3216 4637 3259 4690 il
3286 4636 3414 4717 Cor.
3444 4654 3522 4704 ιχ,
3543 4640 3599 4705 1,
3627 4639 3684 4694 2.

515 4766 633 4907 (6i)
664 4771 801 4828 Vide
821 4772 1037 4827 Praefat.
1066 4774 1118 4828 in
1153 4775 1292 4829 hanc
1319 4773 1490 4841 Epist.

534 4839 629 4907 ,62)
670 4841 770 4896 Ms.
816 4843 1014 4907 Regius
1060 4861 1209 4899 nutu.
1256 4845 1490 4907 1659,51

534 4839 629 4910 L62)
670 4841 770 4915 Ms.
816 4843 1014 4913 Regius
1060 4861 1209 4899 num.
1256 4839 1432 4907 1659,
1464 4849 1519 4898 in
1565 4846 1755 4915 quibus
1807 4848 2010 4901 Christi

446 4915 568 4960 ante
597 4926 701 4966 non
736 4912 917 4977 fuerat
952 4917 1283 4978 praedicatio.
1314 4916 1422 4969 Sed
1464 4912 1644 4970 cancri
1674 4932 1806 4973 mss.
1836 4918 2009 4971 Raba-

447 4992 563 5047 nus
578 4989 633 5034 et
659 4982 788 5036 editi
822 4992 882 5038 ut
912 4984 965 5038 in
993 4993 1163 5040 textu.

516 5045 631 5115 (65)
660 5051 759 5107 Ms.
779 5053 996 5124 Regius
1025 5071 1173 5109 num.
1202 5054 1363 5116 1659.
1390 5065 1445 5109 ut
1476 5055 1582 5108 sint
1606 5056 1704 5124 ipsi
1731 5056 2017 5113 insatiabi-z

445 5113 535 5167 les
561 5113 687 5193 ergo
712 5113 967 5193 affectum
1003 5124 1260 5193 Apostoli,
1288 5113 1459 5180 sciant
1484 5166 1499 5188 ,
1535 5113 1640 5180 etc'.
1680 5125 1787 5180 Sed
1828 5128 2009 5181 caeteri

447 5199 602 5253 mss.,
632 5189 905 5254 liabanus,
936 5204 992 5247 et
1015 5189 1141 5248 editi
1171 5204 1229 5248 ut
1256 5196 1307 5247 iu
1339 5207 1510 5251 textu.

517 5256 766 5335 (64)_lt_a‘
795 5262 923 5315 editi
967 5273 1022 5317 et
1063 5265 1306 5335 plerique
1352 5283 1484 5324 mss.
1518 5265 1617 5320 Ms.
1652 5280 1781 5320 vero
1811 5265 2011 5335 Regius

446 5339 593 5379 nunt.
634 5330 773 5385 i659
795 5372 811 5397 ,
848 5349 1012 5402 neque
1043 5330 1177 5387 alias
1218 5330 1534 5403 (Rabanus,
1562 5352 1724 5405 neque
1750 5339 1817 5389 ad
1851 5330 2010 5406 alios)

446 5396 723 5463 prqﬁcisci.

443 5402 723 5459 ptqﬁcisci.

518 5469 627 5536 (65)
670 5474 761 5526 Sic
788 5472 942 5545 editi,
966 5486 1023 5545 _et
1051 5474 1330 5535 Rabanus.
1358 5475 1485 5531 Mss.
1516 5490 1645 5533 vero
1674 5478 1842 5532 nostri
1872 5475 1963 5530 alii
1991 5519 2007 5545 ,

446 5530 780 5613 Priamunit;
809 5530 1226 5613 alii,'Proponit.

518 5608 629 5680 (66)
658 5611 821 5673 Editi,
854 5613 909 5663 in
948 5608 1104 5667 carne
1139 5616 1444 5669 advenerat.

514 5678 630 5749 (67)
662 5680 801 5735 Editi
822 5685 1114 5757 .-ἕσσω-ξας
1140 5702 1260 5738 vero
1290 5696 1342 5738 et
1374 5686 1717 5757 negligentius
1750 5688 1893 5756 quod
1928 5704 2010 5741 re-

447 5759 698 5825 tenturos,
721 5761 828 5805 etc.
850 5750 979 5808 Mss.
1010 5753 1135 5819 duo,
1162 5750 1533 5821 retentaturos,
1570 5774 1666 5825 pro
1690 5750 2003 5813 retenturos.

445 5818 519 5889 Et
540 5820 699 5887 paulo
727 5833 847 5891 post
879 5825 1113 5905 editiaut
1146 5827 1491 5898 morationem
1519 5818 1737 5899 suout...
1766 5827 2017 5900 collocat.

2117 4777 2271 4833 Male.
3112 4810 3119 4813 τ

2189 4850 2300 4920 (68)
2323 4848 2484 4915 Editi,
2505 4848 2868 4904 Probaverunt
2890 4843 3026 4896 enim
3050 4842 3363 4899 Macedonia
3385 4856 3432 4899 et
3459 4847 3699 4923 Achaia,~

2116 4927 2225 4975 etc.

2191 4990 2304 5061 (69)
2357 4989 2481 5045 Haec
2507 4988 2674 5044 verba
2700 5027 2716 5051 ,
2751 4983 3080 5061 Complacuit
3121 4986 3257 5039 enim
3284 5026 3300 5050 ,
3341 4995 3390 5061 et
3425 4986 3687 5041 debitores

2117 5054 2235 5112 sunt
2267 5054 2467 5119 eorum,
2506 5070 2635 5121 etc.,
2666 5069 2837 5127 usque
2867 5054 2957 5118 ad,
2981 5069 3253 5127 possumus
3278 5066 3326 5109 et
3357 5059 3419 5108 de
3452 5063 3687 5111 secunda

2123 5129 2360 5197 Epistola
2387 5130 2457 5182 ad
2486 5125 2811 5190 Corinthios,
2846 5135 2976 5189 etc.,
3009 5125 3386 5179 desiderantur
3410 5128 3463 5178 in
3504 5130 3681 5190 editis,

2119 5200 2213 5252 sed
2243 5201 2604 5253 restituuntur
2631 5214 2698 5253 ex
2731 5209 2860 5252 mss.

2191 5267 2304 5341 (70)
2351 5269 2441 5341 Sic
2484 5284 2677 5341 omnes
2709 5284 2838 5341 mss.
2871 5262 3258 5341 et__Rab_anus.
3291 5264 3470 5341 Editio
3503 5276 3681 5341 autem

2119 5334 2340 5399 Veneta.
2370 5340 2431 5410 in
2457 5355 2559 5410 qua
2589 5338 2700 5392 haec
2731 5340 2805 5391 ibi
2834 5334 3037 5387 scribit.
3067 5337 3260 5392 Caateri
3307 5335 3462 5403 editi,
3497 5338 3555 5389 in
3579 5354 3679 5406 qua

2120 5411 2228 5463 hch
2253 5409 2475 5465 scribit.
3306 5448 3311 5453 .

2192 5479 2308 5546 (71)
2339 5478 2415 5532 lta
2447 5494 2579 5535 mss.
2598 5478 2858 5548 plerique,
2880 5482 3136 5536 Rabanus
3157 5486 3210 5531 et
3240 5477 3392 5531 editi.
3428 5475 3528 5530 Ms.
3552 5490 3686 5528 vero

2121 5548 2320 5624 Regius
2354 5566 2500 5603 nutu.
2540 5549 2701 5624 1659,
2746 5560 2796 5602 et
2823 5568 2983 5624 supra
3008 5551 3250 5603 virtutem
3285 5564 3436 5624 suam
3466 5555 3683 5624 sponta-

2119 5622 2202 5672 nei
2234 5618 2484 5687 fuerunt,
2530 5621 2711 5673 multis
2741 5621 3001 5688 precibus,
3035 5629 3167 5683 etc.,
3198 5621 3342 5686 quod
3372 5619 3572 5671 rectius
3598 5618 3699 5685 vir.

2116 5691 2302 5753 detur;
2332 5691 2424 5743 sed
2458 5690 2593 5743 nihil
2625 5691 2869 5743 immuto.

2187 5760 2299 5832 (72)
2324 5760 2660 5835 Sanctorum.
2698 5759 3099 5835 Deestinlibris
3124 5767 3281 5814 antea
3312 5756 3508 5845 editis.“
