4150 6394
418 350 559 409 1273

1376 347 1740 404 COMMENT.
1774 347 1845 403 IN
1877 345 2097 404 EPIST.
2136 344 2228 402 AD
2264 344 2433 403 ROM.
2463 347 2595 404 LIB.
2627 347 2701 403 Χ.

3545 348 3686 404 4274

418 470 575 537 Quod
602 476 780 522 autem
814 475 936 538 post
978 466 1288 533 huiusmodi
1338 467 1671 523 Macedonia:
1698 478 1754 524 et
1783 468 2000 524 Achaiae
2027 465 2078 523 Δ
2107 467 2427 539 appellavit;
2484 469 2723 539 reliquos
2764 481 2895 524 vero
2939 464 3030 537 qui
3082 465 3136 521 in
3165 468 3308 521 οηιηί
3345 477 3489 523 terra
3529 478 3687 534 sunt,

423 560 788 614 ministerium
835 558 988 628 (75),
1018 560 1163 628 quod
1197 560 1256 612 lit
1293 560 1346 613 in
1395 573 1616 615 sanctos
1659 561 1750 630 qui
1790 569 1917 615 sunt
1948 561 1999 614 in

419 648 719 704 Jerusalem
748 691 763 713 ,
798 635 1193 720 preposuisset
1236 650 1526 719 Apostolus
1559 649 1725 705 etiam
1771 650 1998 705 Romam

417 740 620 807 videre,
639 740 915 796 indicatur
942 742 994 795 in
1024 742 1250 796 Actibus
1281 742 1652 811 apostolorum
1673 744 1777 797 hoc
1805 744 1999 797 modo:

419 832 553 887 Cum
584 844 760 887 autem
796 837 1001 902 expleta
1037 844 1210 888 essent
1242 834 1387 899 lucc,
1420 836 1595 903 posuit
1632 833 1839 888 Paulus
1889 836 1999 905 (74)

419 927 474 978 in
498 923 704 992 Spiritu
726 936 933 994 sancto,
964 935 1020 979 ut
1047 942 1165 981 cum
1191 926 1608 993 perambulasset
1631 926 1999 981 Macedoniam

417 1029 467 1072 et
513 1022 801 1085 Achaiam,
834 1018 1259 1089 proﬁcisceretur
1303 1017 1727 1088 Jerosolymam,
1768 1021 1947 1071 dicens
1980 1034 2000 1072 :

421 1108 560 1174 Quia
589 1121 863 1181 postquam
911 1110 1059 1173 fuero
1091 1110 1165 1163 ibi
1189 1151 1206 1177 ,
1247 1126 1457 1163 necesse
1477 1121 1551 1164 est
1591 1127 1672 1164 me
1701 1122 1748 1164 et
1781 1109 2002 1164 Romam

418 1202 593 1255 cidere
625 1201 691 1255 ³³.
724 1203 802 1256 Ex
843 1202 928 1256 his
968 1209 1149 1255 autem
1184 1202 1439 1255 omnibus
1477 1201 1661 1256 verbis
1704 1203 1999 1272 colligitur,

419 1294 544 1362 quia
578 1310 686 1348 non
717 1294 888 1349 solum
920 1295 1093 1365 prima
1123 1295 1192 1349 ad
1224 1293 1564 1359 Corinthios,
1600 1297 1694 1352 sed
1722 1305 1776 1350 et
1806 1310 2003 1350 secun-

418 1384 486 1438 da
517 1394 645 1439 ante
673 1386 870 1454 scripta
903 1395 987 1440 est
1010 1426 1027 1451 ,
1069 1399 1231 1455 quam
1263 1385 1486 1463 haecad
1536 1386 1808 1442 Romanos
1840 1405 2000 1458 quam

420 1478 685 1534 habemus
737 1480 791 1534 in
840 1481 1131 1545 manibus;
1179 1481 1458 1551 simulque
1506 1481 1640 1537 illud
1678 1486 1997 1547 advertitur,

420 1574 564 1641 quod
614 1584 817 1641 quanto
867 1574 1135 1644 posterior
1188 1572 1391 1628 Paulus
1442 1575 1495 1629 in
1542 1591 1875 1646 unaquaque
1918 1579 2003 1632 in-

418 1666 639 1720 venitur
668 1666 936 1735 Epistola,
982 1676 1135 1724 tanto
1179 1679 1234 1724 et
1277 1669 1578 1741 perfectior
1611 1688 1629 1727 :
1656 1680 1713 1724 ut
1744 1687 1905 1726 verus
1933 1674 2004 1727 sit

418 1756 511 1811 ille
541 1758 660 1826 ejus
705 1774 885 1813 sermo
934 1776 1092 1829 quem
1124 1762 1285 1827 dixit,
1334 1764 1460 1833 quia
1511 1765 1784 1832 praeterita
1817 1766 1995 1819 oblivio

418 1866 593 1915 scens,
630 1852 699 1903 ad
749 1851 932 1917 futura
973 1870 1056 1907 me
1076 1855 1300 1908 extendo
1323 1895 1338 1919 ,
1370 1857 1439 1909 ad
1460 1850 1750 1925 perfectum
1788 1874 2002 1928 sequens

417 1942 651 2011 palmam
689 1961 931 2014 superna:
976 1949 1265 2003 vocationis
1296 1948 1361 2003 “.
1408 1950 1561 2017 Quod
1605 1962 1785 2007 autem
1834 1954 2000 2019 dicit,

419 2031 634 2090 Placuit
673 2035 1002 2093 Macedonia:
1041 2052 1089 2093 et
1135 2040 1352 2095 Achaia:
1389 2042 1508 2112 (75)
1542 2044 1876 2100 collationem
1909 2046 2007 2101 ali-

420 2125 772 2201 mquam
802 2127 975 2199 facere
1004 2131 1058 2182 in
1084 2147 1338 2200 pauperes
1379 2145 1708 2203 sanctorum,
1736 2137 2006 2192 subtiliter

420 2232 478 2280 et
502 2221 809 2277 verecunde
839 2223 967 2275 dum
1018 2219 1333 2279 Corinthios
1373 2224 1577 2290 laudat,
1617 2228 1864 2282 hortatur
1894 2229 2005 2284 Ro-

419 2329 631 2368 manos.
668 2311 911 2366 Facilius
933 2313 1079 2366 enim
1103 2312 1314 2368 devota:
1340 2328 1553 2371 mentes
1575 2318 1641 2370 ad
1667 2320 2009 2373 benefacien-

419 2406 545 2459 dum
573 2405 862 2472 exemplis,
893 2420 1055 2475 quam
1084 2406 1437 2463 sermonibus
1468 2409 1785 2465 invitantur.
1819 2410 1925 2465 Sed
1954 2421 2007 2466 ct

418 2495 473 2550 in
515 2512 580 2550 eo
631 2499 771 2565 quod
797 2498 991 2551 addit:
1027 2495 1241 2550 Placuit
1277 2500 1436 2561 enim,
1490 2512 1539 2554 et
1592 2504 1846 2556 debitores
1887 2515 2008 2557 sunt

418 2601 625 2647 eorum,
651 2585 780 2651 quid
821 2587 969 2640 aliud
1002 2591 1208 2642 sentire
1238 2591 1354 2642 vult
1390 2590 1684 2654 Romanus,
1723 2594 1825 2647 nisi
1872 2606 1931 2648 ut
1964 2597 2007 2649 si

420 2677 612 2729 Achivi
641 2677 754 2747 (76)
782 2691 838 2733 et
866 2679 1190 2736 Macedones
1222 2682 1499 2737 debitores
1528 2696 1652 2738 sunt
1684 2688 2012 2755 pauperibus

424 2777 740 2822 sanctorum
773 2769 865 2837 qui
921 2770 1137 2823 suntin
1187 2769 1511 2838 Jerusalem,
1564 2776 1750 2828 eadem
1801 2779 2012 2831 ratione

421 2873 527 2925 qua
553 2872 714 2911 unam
745 2858 1131 2929 eamdemque,
1155 2875 1318 2931 quam
1350 2862 1447 2926 illi,
1478 2864 1637 2919 ﬁdem
1666 2867 1778 2935 (77)
1804 2868 2010 2924 Christi

416 2950 584 3004 etiam
615 2948 845 3004 Romani
881 2960 1087 3018 tenent,
1125 2952 1415 3007 advertant
1456 2964 1512 3009 et
1549 2958 1875 3023 semetipsos
1923 2962 2013 3016 his

418 3043 622 3099 eisdem
647 3044 826 3099 factos
857 3059 978 3099 esse
1001 3045 1329 3100 debitores?
1366 3044 1553 3116 Neque
1578 3050 1722 3103 enim
1763 3051 1863 3105 soli
1896 3051 2008 3105 Ma-

2104 568 2293 628 gentes
2318 559 2538 621 dixerit,
2570 560 2658 628 qui
2690 559 3069 613 habitantibus
3090 557 3389 613 Jerusalem
3420 568 3679 627 tanquam

2103 649 2237 705 solis
2265 650 2641 718 spiritualibus
2656 650 2971 704 ministrare
2996 649 3048 702 in
3075 648 3384 703 carnalibus
3405 649 3639 703 debeant
3662 659 3683 702 :

2104 762 2229 800 cum
2258 747 2443 814 utique
2475 744 2635 800 liceat
2665 755 2716 799 et
2745 754 2899 799 extra
2930 743 3229 799 Jerusnlem
3259 745 3571 813 Spiritnales
3597 745 3683 798 in-

2105 838 2300 902 veniri,
2329 852 2465 909 quos
2502 853 2607 890 non
2642 838 2817 901 locus,
2855 837 2947 891 sed
2998 836 3342 890 conversatio
3388 846 3598 900 sancta,
3627 843 3685 890 et-

2108 930 2229 985 lidei
2263 945 2328 985 ac
2358 930 2603 984 scientiae
2652 928 2914 999 perfectio
2954 928 3149 983 fecerit
3181 930 3511 997 spiritualcs,
3542 931 3686 985 sicut

2104 1033 2159 1079 et
2186 1023 2303 1092 ipse
2349 1021 2549 1077 Paulus
2605 1021 2853 1075 scribens
2903 1020 3035 1074 dicit
3066 1019 3177 1091 (80)
3209 1039 3223 1075 :
3254 1019 3499 1086 Fratres,
3542 1031 3591 1075 et
3637 1022 3686 1076 si

2103 1127 2499 1187 praeoccupatus
2550 1115 2712 1184 fuerit
2745 1116 2863 1183 quis
2909 1115 2965 1166 in
3018 1114 3195 1183 aliquo
3236 1113 3450 1179 delicto,
3475 1132 3567 1168 nos
3596 1114 3687 1185 qui

2103 1207 2373 1277 spiritales
2396 1206 2539 1267 estis,
2556 1205 2801 1258 instruite
2821 1203 3125 1272 lmjusmodi
3148 1206 3201 1257 in
3225 1207 3416 1271 spiritu
3440 1221 3689 1260 mansue-

2105 1299 2305 1353 tudinis
2353 1298 2421 1353 ³⁸.
2476 1296 2616 1363 Quid
2655 1311 2788 1365 ergo
2816 1305 2904 1351 est
2938 1298 3082 1366 quod
3135 1296 3190 1350 in
3227 1296 3310 1351 his
3345 1298 3549 1350 sentire
3588 1312 3688 1353 nos

2104 1389 2396 1446 convenit?
2423 1388 2576 1456 Quod
2623 1390 2802 1443 omnis
2832 1389 2923 1458 qui
2966 1388 3235 1458 spiritalis
3263 1398 3368 1451 est,
3397 1390 3448 1442 id
3479 1399 3563 1442 est
3593 1390 3685 1458 qui

2105 1482 2295 1552 spiritu
2337 1483 2448 1537 Deo
2498 1482 2687 1547 servit,
2724 1493 2783 1536 et
2834 1483 2927 1551 qui
2977 1497 3082 1537 non
3115 1484 3412 1538 secundum
3464 1497 3685 1537 carnem

2105 1576 2276 1642 vivit,
2312 1576 2406 1629 sed
2448 1575 2746 1629 secundum
2799 1574 3085 1643 spiritum,
3138 1576 3242 1630 iste
3272 1576 3323 1629 in
3363 1573 3687 1641 Jerusalem,

2106 1668 2209 1722 hoc
2236 1674 2339 1732 est,
2384 1667 2437 1720 in
2481 1666 2600 1720 loco
2635 1667 2785 1737 pacis
2833 1667 3067 1732 habitat,
3107 1676 3164 1721 et
3210 1668 3264 1721 in
3295 1669 3445 1737 pacis
3482 1668 3690 1722 visione

2107 1761 2358 1816 consistit
2383 1779 2398 1815 :
2427 1769 2479 1813 et
2502 1760 2604 1814 iste
2635 1768 2716 1813 est
2744 1773 2951 1829 pauper
2981 1768 3322 1824 sanctorum,
3351 1776 3416 1814 ex
3450 1760 3556 1814 illis
3582 1762 3692 1814 sci-

2108 1852 2236 1906 licet
2268 1851 2445 1906 beatis
2478 1853 2805 1921 pauperibus
2833 1852 2900 1904 arl
2925 1866 3065 1921 quos
3093 1851 3293 1904 dicitur
3324 1869 3337 1904 :
3376 1850 3530 1904 Beati
3557 1866 3692 1920 pau-

2104 1960 2251 2012 peres
2272 1945 2483 2010 spiritu,
2497 1945 2748 2011 quoniam
2770 1944 3005 2011 ipsorum
3024 1952 3099 1996 est
3113 1958 3329 2011 regnum
3352 1942 3603 1997 caelorum
3620 1941 3687 1995 ³⁸.

2107 2034 2185 2090 Ita
2235 2048 2320 2089 est
2361 2050 2491 2106 ergo
2525 2036 2681 2089 beata
2728 2046 3019 2104 paupertas
3050 2049 3169 2103 qua:
3204 2035 3373 2088 dicit:
3407 2033 3615 2085 Aurum
3641 2042 3690 2086 et

2108 2140 2384 2199 argentum
2406 2144 2509 2181 non
2532 2128 2730 2192 habeo;
2755 2130 2843 2181 sed
2869 2129 3007 2194 quod
3028 2128 3210 2191 habeo,
3229 2127 3325 2179 hoc
3346 2126 3439 2178 tibi
3461 2126 3527 2177 do
3551 2124 3689 2193 (81).

2116 2220 2178 2273 In
2210 2222 2422 2273 nomine
2442 2204 2571 2271 Jesu
2600 2217 2799 2271 Christi
2830 2215 3105 2269 Nazareni
3135 2233 3290 2283 surge
3313 2228 3358 2269 et
3385 2215 3599 2268 ambula
3617 2214 3685 2267 ".

2110 2312 2215 2365 Iste
2240 2310 2361 2365 talis
2389 2325 2591 2378 pauper
2624 2310 2676 2363 in
2704 2309 3004 2363 Jerusalem
3036 2323 3252 2376 semper
3286 2307 3515 2371 habitat,
3548 2307 3693 2359 divi-

2113 2404 2214 2456 tias
2249 2402 2531 2469 possidens
2564 2401 2898 2469 spiritualcs.
2927 2402 3131 2453 Aurum
3160 2400 3276 2468 ejus
3306 2397 3576 2467 sapientia
3608 2407 3692 2451 est

2114 2493 2250 2565 (89.).
2292 2504 2573 2562 argentum
2624 2506 2805 2546 sermo
2851 2491 3097 2546 scientia:
3142 2507 3155 2541 :
3210 2490 3526 2543 indumenta
3577 2488 3693 2554 ejus

2114 2586 2362 2640 Christus
2383 2593 2487 2648 est,
2515 2584 2680 2651 dapes
2702 2583 2818 2651 ejus
2846 2592 2900 2637 et
2922 2582 3132 2635 delicize
3160 2596 3345 2635 mensa
3376 2592 3457 2634 est
3481 2581 3694 2648 sapien-

2115 2680 2222 2740 tiae,
2249 2684 2302 2728 et
2338 2677 2494 2730 cibus
2532 2674 2758 2728 allluens
2799 2676 2851 2726 in
2886 2674 3054 2727 verbo
3088 2672 3181 2727 Dei
3227 2690 3242 2725 :
3276 2673 3458 2724 vinum
3499 2670 3695 2724 lzetitite

2117 2769 2273 2829 bibit,
2303 2766 2448 2837 quod
2477 2766 2529 2819 in
2553 2776 2768 2821 cratere
2786 2780 2886 2819 suo
2910 2765 3133 2819 miscuit
3154 2764 3432 2834 Sapientia
3457 2762 3524 2827 ³⁸,
3549 2770 3603 2816 et
3629 2763 3697 2816 de

2118 2859 2493 2927 intelligentia:
2522 2858 2640 2924 ejus
2672 2856 2909 2910 victimis
2935 2858 3046 2911 edit
3071 2855 3183 2927 (85)
3216 2857 3369 2910 cibos
3396 2853 3617 2915 solidos,
3638 2863 3696 2908 et

2122 2954 2357 3009 Verbum
2393 2966 2614 3006 carnem
2649 2950 2875 3006 factum.
2915 2950 3036 3005 istae
3081 2957 3212 3004 sunt
3246 2947 3523 3017 spiritales
3557 2947 3699 3001 divi-

2122 3047 2209 3101 tiae
2236 3044 2373 3116 (84),
2407 3042 2604 3113 quibus
2638 3052 2828 3111 gentes
2856 3042 2908 3094 in
2936 3054 3103 3094 carne
3128 3039 3305 3092 adhuc
3328 3038 3515 3106 positae
3541 3051 3694 3091 com-

416 3138 653 3191 cedones
700 3146 755 3190 et
795 3136 985 3190 Achivi
1044 3137 1097 3188 in
1153 3136 1488 3205 spiritalibus
1542 3140 1836 3210 participes
1882 3152 2007 3196 sunt
2036 3154 2080 3213 (ς
2123 3137 2403 3192 municare
2426 3136 2706 3190 festinant.
2747 3135 2972 3189 Videtur
2998 3148 3131 3203 ergo
3156 3131 3287 3185 mihi
3323 3131 3408 3184 bis
3439 3145 3576 3202 quos
3598 3144 3698 3183 no-

417 3228 549 3282 facti
581 3230 789 3283 sanctis
819 3228 910 3297 qui
942 3236 1072 3282 sunt
1104 3228 1156 3280 in
1184 3226 1509 3294 Jerusalem,
1544 3242 1603 3283 ut
1630 3243 1684 3285 et
1719 3232 1772 3285 in
1804 3248 2007 3285 carna-

420 3319 562 3374 libus
608 3321 689 3375 eis
737 3321 969 3375 debeant
1017 3320 1368 3385 ministrare;
1416 3324 1511 3375 sed
1560 3332 1617 3375 et
1659 3322 1925 3385 Romani;
1955 3336 2009 3376 et

418 3411 541 3465 ideo
579 3412 695 3479 pari
743 3412 1056 3465 conditione
1104 3410 1383 3467 debitores
1439 3423 1568 3467 sunt
1599 3431 1613 3467 :
1647 3416 1740 3468 sed
1791 3415 1858 3469 de
1898 3414 2007 3470 illis

420 3511 630 3555 tantum
671 3503 1010 3572 pronuntiat,
1042 3510 1100 3556 ut
1129 3512 1183 3555 et
1210 3502 1298 3557 isti
1331 3518 1393 3558 se
1417 3506 1668 3560 noverint
1690 3506 1852 3560 simili
1882 3521 2009 3561 scn-

421 3595 609 3648 tentite
637 3592 922 3662 subiacere
952 3594 1091 3666 (78).
1125 3594 1250 3650 Haec
1280 3596 1497 3664 quidem
1526 3598 1826 3651 secundum
1856 3613 2005 3653 com-

418 3700 638 3740 munem
672 3685 866 3740 litterze
920 3686 1063 3740 dicta
1099 3688 1211 3741 sint
1247 3689 1611 3743 intellectum.
1644 3689 1845 3743 Verum
1886 3705 2001 3743 ma-

419 3777 787 3845 guillcentiam
836 3778 1054 3833 solitam
1102 3780 1446 3849 requiramus
1490 3781 1545 3834 in
1583 3780 1783 3835 litteris
1823 3779 1998 3837 Pauli.

419 3868 538 3924 Non
569 3869 714 3924 enim
746 3879 875 3938 puto
904 3872 1137 3940 quodita
1165 3873 1421 3938 senserit,
1447 3884 1506 3926 ut
1546 3872 1885 3931 intrasolam
1908 3871 2001 3928 Je-

417 3960 679 4027 rusalem,
720 3978 882 4015 uuam
918 3962 1183 4017 duntaxat
1217 3962 1519 4017 Palestina!
1549 3965 1761 4029 urbem,
1798 3980 2001 4033 panpe-

419 4067 508 4106 res
533 4064 847 4108 sanctorum
877 4056 1209 4110 concluserit
1240 4055 1375 4127 (79),
1406 4072 1544 4126 quos
1580 4069 1635 4111 et
1685 4058 2001 4127 spiritualcs

474 4166 520 4199 ³³
544 4167 649 4221 Act
685 4182 799 4233 xu,
828 4166 918 4223 21.
996 4166 1258 4237 “Philip.
1290 4184 1374 4231 ιιι,
1396 4168 1481 4225 1'5.
1518 4170 1608 4224 14.

1685 4170 1730 4202 ³⁸
1765 4167 1945 4226 Galat.
1973 4185 2048 4237 vr,
2078 4170 2133 4223 1.

2113 3233 2284 3285 minat
2313 3239 2523 3300 gentes,
2564 3227 2998 3295 imperfectiores
3033 3240 3283 3295 quasque
3308 3224 3519 3278 animas
3554 3224 3698 3278 indi-

2110 3339 2264 3388 care,
2300 3338 2419 3391 qua:
2454 3320 2818 3391 perfecturum
2854 3318 3168 3388 magisterio
3199 3316 3522 3385 indigeant:
3562 3324 3617 3369 et
3647 3315 3693 3368 si

2110 3415 2252 3468 forte
2289 3412 2467 3484 dignae
2500 3412 2700 3466 habitae
2739 3411 2942 3464 fuerint
2987 3416 3045 3461 ut
3096 3408 3386 3476 participes
3432 3406 3514 3460 eis
3560 3407 3695 3459 fiant

2113 3507 2225 3578 (85)
2263 3508 2315 3561 in
2348 3506 2622 3559 intellectu
2655 3516 2709 3559 et
2738 3504 2968 3560 scientia
2998 3502 3246 3573 spiritali,
3287 3502 3418 3571 ipsa;
3461 3501 3698 3556 debeant

2114 3600 2168 3654 iu
2207 3600 2518 3654 carnalibus
2551 3597 2867 3651 ministrare
2902 3597 2981 3650 eis
3012 3617 3024 3650 :
3052 3596 3156 3649 hoc
3179 3602 3284 3659 est,
3308 3609 3432 3648 cum
3465 3594 3698 3661 spiritus

2111 3707 2297 3745 eorum
2322 3690 2496 3745 imbui
2538 3690 2773 3758 cmperit
2808 3689 2873 3740 ad
2917 3686 3199 3741 scientiam
3234 3685 3521 3740 celsiorem
3554 3682 3694 3755 (86),

2110 3786 2271 3838 debet
2319 3783 2486 3837 etiam
2537 3796 2665 3835 caro
2711 3781 3061 3835 continentiae
3112 3788 3167 3832 et
3217 3778 3487 3832 castitatis
3539 3777 3693 3831 frena

2108 3875 2413 3944 suscipiens
2435 3872 2772 3942 spiritalibus
2787 3872 3032 3925 ministra
3042 3885 3098 3925 re
3114 3871 3440 3941 praeceptis;
3462 3885 3529 3925 ne
3548 3869 3692 3923 forte

2111 3966 2156 4018 si
2184 3967 2362 4018 adhuc
2393 3964 2447 4017 in
2477 3962 2793 4017 carnalibus
2825 3962 3094 4027 lasciviat,
3122 3976 3388 4015 sessorem
3413 3974 3568 4014 suum
3596 3958 3692 4012 Dei

2108 4056 2345 4111 Verbum
2384 4055 2601 4108 incauta
2648 4061 2704 4107 et
2749 4050 3013 4107 eﬂrenata
3053 4052 3291 4121 dejiciat.
3342 4050 3451 4107 Sed
3489 4062 3544 4105 et
3574 4052 3689 4120 ipsa

2210 4168 2256 4200 ³⁸
2282 4166 2500 4232 Matth.,
2525 4182 2579 4231 v,
2609 4165 2665 4219 5.
2741 4165 2785 4197 ³⁷
2807 4165 2931 4219 Act.
2951 4179 3034 4228 ιιι,
3057 4164 3111 4220 6.
3188 4164 3234 4196 ³⁸
3257 4163 3419 4219 Prov.
3451 4180 3527 4228 ιι,
3550 4162 3607 4227 2,
3639 4163 3693 4218 ὅ.

492 4304 609 4375 (75)
657 4302 801 4357 Editi
832 4342 849 4369 ,
890 4313 1007 4373 post
1050 4305 1212 4375 hujus
1253 4316 1302 4360 et
1344 4306 1560 4362 Achaia?
1613 4310 1963 4367 ministerium
1990 4355 2005 4379 ,
2040 4325 2087 4379 1)
2117 4325 2247 4365 mss.
2280 4309 2518 4379 (duobus.

419 4384 527 4429 CIC.

496 4446 615 4521 (74)
641 4444 811 4521 Editi,
849 4442 984 4499 Cum
1014 4454 1192 4500 autem
1225 4447 1431 4516 expleta
1459 4457 1592 4503 esset
1619 4449 1732 4504 [nec
1756 4490 1772 4516 ,
1806 4466 2005 4521 propo-

422 4520 529 4569 suit
580 4516 805 4580 Paulus,
836 4526 947 4570 etc.

502 4586 617 4661 (75)
652 4585 730 4661 Et
753 4586 992 4661 Acltajte.
1022 4584 1150 4642 Haec
1179 4587 1286 4642 duo
1322 4588 1488 4661 verba
1520 4589 1917 4661 'desiderantur
1956 4594 2008 4646 in

425 4656 611 4722 editis,
637 4667 691 4710 et
719 4659 771 4710 in
799 4656 1075 4725 plerisque
1110 4673 1267 4725 mss.;
1300 4659 1397 4713 sed
1429 4660 1792 4715 restituuntur
1813 4677 1880 4716 ex
1904 4679 2009 4717 tus.

428 4726 598 4796 [legio
635 4742 785 4780 num.
810 4725 950 4780 1659
977 4738 1032 4781 et
1058 4727 1303 4782 Rabano.

511 4796 625 4869 (76)
668 4796 773 4869 _Sic
826 4811 1035 4869 omnes
1068 4813 1200 4869 mss.
1268 4800 1463 4855 nostri.
1515 4799 1657 4856 Editi
1710 4815 1865 4869 vero,
1912 4804 2015 4858 nisi

430 4867 635 4920 Achaii.
668 4866 949 4927 llabanus,
984 4868 1086 4921 nisi
1114 4878 1168 4920 ut
1195 4869 1240 4921 si
1262 4870 1506 4934 Achaici,
1537 4882 1645 4925 etc.

500 4938 614 5008 (77)
640 4938 715 4989 Ita
744 4937 1027 5008 legendum
1065 4938 1303 4994 videtur.
1332 4940 1439 4993 Sed
1472 4958 1577 4995 ms.
1608 4942 1782 4996 codex
1820 4941 2015 4998 Vallis-

437 5005 633 5069 sum»,
655 5019 709 5061 et
729 5022 868 5059 lllllls
894 5005 1095 5084 llegitts
1119 5024 1268 5061 num.
1292 5009 1663 5084 1640,Aeadem
1691 5014 1897 5084 ratione
1912 5031 2017 5084 qua

433 5092 862 5145 unamquamque
887 5077 969 5127 illi
994 5077 1174 5142 fidem,
1204 5088 1335 5144 etc.,
1370 5090 1428 5134 ut
1458 5082 1511 5133 in
1545 5092 1716 5135 textu.
1738 5082 1903 5143 Editi,
1924 5077 2019 5137 'ea-

432 5150 562 5220 clem
582 5148 786 5198 ratione
814 5162 934 5220 qua-
962 5162 1123 5198 unam
1153 5148 1334 5214 ﬁdem,
1358 5161 1465 5204 etc.
1492 5151 1593 5205 Ms.
1626 5153 1827 5220 Regius
1862 5169 2012 5208 num.

433 5216 593 5290 1641.
626 5221 808 5290 eadem
831 5216 1035 5290 ratione
1063 5232 1172 5290 qua
1196 5234 1355 5270 unam
1386 5236 1545 5288 quam
1571 5216 1749 5290 ﬁdem,
1776 5232 1883 5276 etc.
1912 5224 2019 5276 lia-

433 5284 608 5363 l‘tanus
626 5285 829 5363 .habet,
864 5287 1045 5363 eadem
1073 5284 1275 5339 ratione
1301 5284 1469 5363 etiam
1494 5284 1842 5363 Romani,qui
1862 5294 2019 5361 ﬁdem

433 5355 637 5427 Christi
672 5365 875 5427 tenent,
899 5360 1176 5409 advertant
1204 5367 1251 5409 et
1288 5361 1615 5427 semetipsos,
1642 5355 1882 5419 elc.'Ms'.
1918 5363 2018 5416 lie-

436 5426 958 5498 gius,‘num._1659,
992 5429 1408 5498 eadem_ratione
1432 5426 1538 5498 qua
1571 5448 1732 5485 unam
1754 5434 2017 5487 eamdem-

436 5510 539 5561 que
562 5496 722 5575 [idem
750 5496 946 5549 Christi
977 5514 1137 5566 quam
1163 5494 1383 5550 Romani
1410 5494 1644 5566 teneant,
1672 5502 1946 5557 advertant
1971 5514 2018 5557 et

439 5579 765 5630 semetipsos,
794 5576 899 5618 etc.

520 5635 630 5707 (78)
660 5634 823 5701 Editi,
859 5636 951 5703 ubi
985 5635 1102 5707 (al.,
1131 5637 1231 5706 uti)
1260 5648 1308 5690 et
1334 5638 1422 5690 isti
1453 5655 1506 5693 se
1537 5651 1725 5693 norunt
1763 5644 2019 5695 sententia

446 5705 755 5772 subjacere;
808 5705 1015 5761 omisso
1050 5708 1232 5770 simili,
1265 5723 1385 5776 qua:
1415 5724 1517 5763 vox
1563 5714 1711 5764 det-st
1763 5713 1926 5764 etiam
1965 5715 2029 5771 in.

451 5776 724 5856 plerisque
747 5791 877 5831 mss.
904 5786 957 5831 et
988 5778 1128 5863 apud
1155 5777 1436 5849 liabanum
1457 5796 1481 5859 ;‘
1503 5782 1596 5836 scd
1626 5782 1930 5851 restituitur
1951 5800 2026 5854 cx.

2184 4378 2296 4452 (79)
2328 4379 2421 4433 Sic
2452 4384 2599 4431 recte
2626 4390 2729 4452 ms.
2765 4375 2935 4452 codex
2970 4373 3354 4452 Beginsnnum.
3389 4372 3548 4431 1659.
3578 4371 3693 4427 Cie-

2116 4443 2218 4505 teri
2249 4443 2378 4503 vero
2410 4462 2543 4501 is.
2575 4446 2839 4515 collegerit
2868 4461 2887 4497 :
2918 4446 3071 4508 editi,
3098 4443 3339 4498 collocet.

2186 4518 2297 4589 (80)
2346 4517 2446 4571 Ms.
2494 4513 2889 4589 ‘Regiusnum.
2933 4516 3092 4578 1659,
3141 4513 3697 4589 scribens‘Corinthiis

2114 4584 2364 4644 dicitht
2387 4586 2544 4656 paulo
2566 4596 2709 4656 post,
2743 4584 2809 4639 Id
2839 4601 2964 4655 ergo
2989 4597 3063 4639 est
3101 4585 3242 4655 quod
3281 4586 3335 4637 in
3379 4585 3459 4640 his
3497 4587 3694 4640 sentire

2117 4678 2211 4715 nos
2246 4659 2507 4715 convenit.

2189 4730 2300 4801 (81)
2328 4728 2496 4801 Editi,
2525 4726 2623 4801 Itoc
2646 4726 2784 4781 dabo
2812 4726 2928 4801 tibi.

2116 4803 2149 4870 ι
2189 4794 2301 4872 (82)
2331 4798 2491 4858 hmi'
2535 4799 2737 4872 Aur!!!"
2768 4797 2906 4872 ἔηίτη
2947 4794 3068 4865 (m8.
3097 4808 3271 4856 unus,
3294 4811 3485 4872 aurum
3506 4794 3575 4872 ei)
3606 4813 3694 4849 sa-

2116 4865 2580 4942 pie'ntri'teesttetc.
2619 4865 2822 4942 Deinde
2863 4881 3051 4942 omnes
3099 4880 3229 4942 mss.
3270 4866 3693 4942 e_t_editi,_d_ap_es

2118 4934 2232 5011 ejus
2254 4952 2301 4993 et
2327 4938 2527 4992 divitiae
2555 4952 2576 4989 :
2604 4937 2700 4991 sed
2733 4948 2911 4989 tamen
2944 4935 3228 5004 legendum
3254 4934 3467 4989 videtur
3489 4937 3696 4991 delicia:

2159 5027 2219 5064 ro
2247 5012 2463 5063 divitite.

2120 5028 2219 5080 pro
2247 5028 2463 5063 atvtme.

2186 5080 2299 5152 (85)
2349 5079 2514 5145 Etiiti,
2543 5086 2592 5130 et
2635 5076 2699 5129 de
2738 5074 3095 5144 intelligentiis
3139 5074 3253 5144 ejus
3300 5075 3520 5131 uictimis
3560 5076 3693 5141 edit,

2120 5161 2228 5207 etc.

2197 5220 2309 5294 (8:1)
2357 5218 2436 5274 Ita
2486 5216 2623 5294 editi
2662 5224 2719 5270 ct
2740 5230 2860 5294 ⁵ηιξ.
2890 5215 3092 5294 llegius
3119 5231 3272 5294 nuru.
3310 5214 3466 5270 1659.
3496 5214 3693 5294 Cameri

2119 5283 2253 5346 vero
2278 5283 2436 5354 t'nss.,
2470 5289 2695 5342 delicite.
2739 5286 2940 5339 Deinde
2966 5287 3118 5348 editi.
3178 5283 3394 5340 Videtur
3421 5301 3540 5355 ergo
3563 5285 3692 5338 mihi

2122 5362 2273 5418 hic...
2311 5363 2549 5415 indicare
2569 5358 2983 5425 imperfectiones
3010 5372 3242 5425 quasque
3269 5358 3476 5425 animas
3496 5360 3552 5408 in
3577 5370 3696 5406 car-

2124 5449 2209 5495 ne,
2237 5449 2376 5499 quae,
2406 5443 2516 5485 etc.
2565 5428 2747 5481 Editio
2796 5426 2998 5499 Veneta
3024 5424 3260 5499 '_oinittit
3311 5424 3566 5477 indicare.
3603 5425 3696 5499 Sic

2123 5495 2289 5556 etiam
2323 5495 2453 5555 mss.
2486 5498 2750 5566 plerique,
2778 5495 2880 5550 nisi
2908 5496 3050 5564 quod
3081 5497 3319 5566 habeant
3350 5508 3593 5566 esserpro
3617 5495 3697 5547 in.

2123 5573 2328 5635 dicare,
2359 5580 2413 5624 et
2440 5565 2697 5636 indigent,
2730 5582 2828 5635 pro
2875 5566 3166 5632 indigeant.
3210 5565 3317 5619 Sed
3358 5565 3556 5619 rectius
3588 5578 3705 5629 ms.

2124 5643 2327 5706 llegins
2359 5657 2511 5694 num.
2544 5637 2682 5691 1659
2718 5649 2776 5689 ut
2805 5638 2855 5689 in
2884 5649 3067 5688 nostro
3093 5645 3264 5690 textu.

2200 5712 2311 5782 (85)
2340 5710 2504 5782 Editi,
2533 5718 2602 5782 ut_
2626 5709 2913 5782 participes
2931 5706 3046 5782 eius
3073 5706 3226 5782 ﬁant,
3254 5716 3361 5782 etc.

2197 5774 2310 5851 (86)
2345 5781 2445 5838 Ms.
2472 5779 2688 5851 licgius,
2709 5795 2860 5831 num.
2894 5777 3054 5842 1659,
3082 5794 3116 5848 aq
3144 5777 3359 5835 scientia
3386 5774 3621 5845 celsiore,
