4150 6408
459 313 600 370 9275

1950 302 2274 359 ORIGENIS

3599 296 3742 351 19.70

460 429 768 488 differentia
795 440 1121 489 sermonum
1180 437 1284 491 qua
1338 436 1468 491 erga
1516 430 1805 489 utramque
1838 431 2045 488 partem
2076 424 2123 479 Α
2157 418 2298 472 Deus
2319 418 2387 472 δ’.
2421 417 2492 472 Et
2518 425 2717 472 caetera
2744 416 2833 472 his
2859 415 3056 472 similia
3083 417 3175 488 qui
3208 419 3459 474 observat
3493 414 3549 469 iu
3573 428 3744 484 opere

455 540 589 579 usus
620 533 705 577 est
734 520 845 591 (87)
891 517 1121 584 Paulus,
1149 531 1255 570 non
1304 514 1435 568 mihi
1485 514 1702 568 videtur
1752 514 1951 568 otiosa.
1986 512 2042 567 In

459 614 801 686 spiritalibus
828 613 970 665 enim
1000 607 1437 665 communionem
1462 606 1546 660 vel
1570 605 2042 675 participationem

455 708 676 778 posuit;
706 706 758 759 in
797 703 1111 759 carnalibus
1140 717 1269 756 vero
1301 700 1703 764 ministerium;
1731 708 1785 752 et
1821 699 1925 752 hoc
1951 698 2043 751 de-

457 800 631 854 bitum
656 811 801 858 esse,
830 795 957 847 illud
987 809 1116 848 vero
1139 791 1542 846 communicari
1562 792 1691 844 dicit
1722 809 1735 843 :
1774 799 1836 844 ut
1859 799 2043 842 osten-

456 891 549 946 dat
572 888 698 958 quia
734 885 1061 957 perfectiora
1098 896 1326 952 qua:qu
1364 891 1619 950 tanquam
1649 881 1895 935 etelesﬁa
1933 893 2042 936 ter-

456 981 605 1036 renis
642 995 746 1033 non
780 989 888 1031 tam
924 977 1219 1037 debentur,
1256 989 1419 1042 quam
1452 976 1903 1038 cummodantur;
1939 985 2044 1029 ter-

456 1087 591 1127 rena
621 1086 755 1126 vero
780 1080 835 1125 et
868 1067 1109 1124 carnalia
1139 1064 1254 1136 (88)
1289 1075 1543 1135 tanquam
1574 1080 1674 1136 pro
1710 1065 1894 1120 debito
1925 1067 2042 1120 exi-

453 1172 679 1233 guntur.
710 1164 992 1217 Dehitores
1026 1160 1171 1213 enim
1202 1157 1383 1213 ell‘ectl
1424 1172 1611 1213 sumus
1652 1160 1949 1215 secundum
1979 1160 2041 1214 il-

455 1257 565 1309 lum
595 1256 686 1324 qui
724 1256 982 1324 primitus
1011 1263 1295 1324 acceptum
1331 1254 1760 1309 immortalitatis
1784 1263 1842 1309 et
1869 1254 2042 1309 incon-

456 1349 828 1418 ruptihilitatis
862 1363 1085 1405 censum
1131 1350 1185 1403 in
1234 1335 1491 1417 paradiso
1532 1346 1775 1418 perdidit
1822 1361 2043 1417 persna-

453 1440 609 1493 sione
643 1440 949 1509 serpentis;
978 1449 1034 1495 et
1068 1441 1190 1495 ideo
1219 1442 1499 1497 debitores
1533 1440 1798 1496 ellicimur
1844 1455 2038 1494 omnes

454 1542 721 1601 quotquot
752 1532 803 1585 in
836 1532 1246 1587 similitudinem
1283 1533 1415 1588 Adae
1448 1542 1598 1587 sorte
1630 1532 2039 1601 praevaricatio-

453 1626 538 1679 nis
587 1626 961 1695 astringitnur.
986 1624 1195 1680 Idcirco
1218 1641 1349 1695 ergo
1372 1636 1422 1677 et
1448 1637 1715 1695 praecepta
1740 1626 2034 1689 donantur,

453 1730 512 1771 ut
556 1718 734 1772 debita
794 1718 1188 1787 persolvamus.
1251 1718 1492 1787 Denique
1531 1729 1585 1771 et
1638 1718 1690 1771 in
1741 1718 2037 1787 Evangelia

453 1809 709 1865 Salvator
756 1811 827 1864 ita
876 1812 1008 1864 dicit
1039 1828 1054 1865 :
1094 1810 1227 1864 Cum
1251 1824 1425 1864 autem
1458 1811 1687 1879 feceritis
1714 1812 1888 1865 omnia
1919 1828 2036 1881 qua:
2069 1770 2110 1825 Β

448 1904 674 1973 prmcepi
709 1903 852 1956 vobis
887 1902 1023 1974 (80),
1052 1903 1210 1956 dicite
1252 1904 1381 1966 quia
1410 1905 1548 1958 servi
1575 1905 1787 1957 inutiles
1810 1919 2034 1969 sumus;

450 1996 596 2064 quod
639 1996 918 2049 debuimus
951 1994 1147 2061 facere,
1182 1996 1404 2063 fecimus
1430 1996 1496 2051 ".
1530 1996 1602 2049 Ea
1637 2010 1763 2049 vero
1792 2010 1911 2063 qua:
1944 2010 2038 2049 su-

448 2102 546 2157 pra
601 2087 839 2141 debitum
890 2086 1145 2150 facimus,
1187 2102 1292 2142 non
1349 2086 1576 2143 facimus
1607 2103 1673 2141 ex
1725 2090 2032 2158 prmceptis.

448 2180 616 2235 Verbi
641 2196 827 2247 causa,
862 2180 1153 2250 virginitas
1188 2195 1295 2235 non
1331 2195 1398 2234 ex
1430 2180 1617 2235 debito
1647 2181 1914 2237 solvitur:
1948 2199 2036 2236 ue-

447 2288 557 2342 que
577 2272 725 2328 enim
759 2287 858 2340 per
890 2282 1223 2343 praeceptum
1255 2273 1557 2343 expetitur,
1580 2276 1674 2327 sed
1697 2289 1859 2344 supra
1883 2276 2029 2330 debi-

450 2376 563 2418 tum
586 2363 834 2419 oﬂ’ertur.
857 2364 994 2417 Audi
1021 2365 1256 2432 denique
1280 2365 1504 2419 Paulum
1532 2365 1703 2436 680
1730 2367 2031 2422 dicentem:

449 2455 530 2509 De
551 2457 840 2525 virginibus
862 2465 1035 2508 autem
1065 2468 1383 2524 prteceptum
1413 2454 1628 2510 Domini
1654 2475 1759 2511 non
1780 2458 1945 2512 habeo
1963 2459 2031 2513 δε.

449 2549 542 2604 Sic
577 2564 708 2618 ergo
747 2551 814 2601 de
840 2545 1182 2616 spiritalibus
1232 2555 1288 2599 et
1322 2546 1743 2615 perfectiorihus
1792 2564 2035 2602 commu-

445 2642 665 2696 nionem
710 2638 847 2709 (90),
886 2638 1066 2692 dixit:
1108 2638 1175 2692 de
1217 2636 1567 2692 inferioribus
1602 2653 1731 2693 vero
1758 2648 1814 2693 et
1842 2655 2036 2695 carna-

445 2732 590 2789 libus
624 2731 867 2787 debitum
913 2730 1276 2784 ministerium
1337 2729 1665 2786 nominavit.
1708 2730 1819 2801 Ego
1852 2742 2031 2787 autem

447 2824 869 2895 perhujusmodi
900 2823 1264 2876 ministeriqu
1290 2823 1454 2877 etiam
1485 2821 1613 2875 illud
1644 2824 2032 2878 advertendum

445 2928 578 2987 puto
616 2918 760 2985 quod
804 2925 890 2970 est
944 2916 995 2968 iu
1032 2914 1311 2969 Psalmis:
1352 2914 1455 2981 Qui
1495 2915 1624 2984 facit
1666 2917 1878 2986 angelos
1910 2933 2031 2971 suos

446 3010 687 3078 spiritus,
724 3019 772 3062 et
806 3009 1080 3061 ministros
1109 3023 1232 3061 suos
1258 3008 1533 3076 ﬂammam
1563 3010 1702 3077 ignis
1731 3009 1802 3076 δι,
1828 3023 1887 3065 ιιι
1918 3010 2031 3063 sci-

2148 507 2269 573 Dei,
2311 522 2449 576 opus
2486 524 2643 561 suum
2678 507 2961 576 signaculo
3004 507 3208 562 divinae
3253 508 3506 578 imaginis
3540 505 3776 576 signa“

2146 598 2279 655 Cum
2309 615 2453 670 ergo,
2510 600 2709 668 inquit,
2741 600 2838 652 hoc
2873 615 3321 668 consummavero,
3369 612 3499 657 tunc
3523 618 3617 672 per
3652 614 3743 653 vos

2145 693 2214 745 ad
2271 690 2586 761 Hispaniam
2632 691 2961 759 proﬁciscar.
3010 690 3291 747 Promittit
3342 709 3473 750 sane
3522 692 3741 765 grande

2145 799 2342 838 munus
2383 783 2661 842 Romanis,
2695 792 2750 836 et
2778 782 2910 836 dicit
2941 801 2955 836 :
3000 780 3122 837 Scio
3173 787 3312 839 enim
3364 787 3619 855 quoniam
3650 804 3738 842 ve—

2144 881 2292 934 niens
2327 882 2395 934 ad
2447 896 2557 941 vos.
2610 879 2665 933 in
2724 876 3053 932 abundantia
3099 881 3480 937 benedictionis
3532 882 3731 943 Christi

2143 975 2388 1027 veniam:
2418 973 2562 1040 quod
2612 988 2718 1027 non
2764 973 2870 1027 nisi
2926 989 3023 1042 per
3078 972 3350 1043 Spiritum
3389 985 3640 1030 sanctum
3674 987 3731 1031 et

2143 1062 2444 1133 prophetia:
2468 1064 2697 1131 gratiam
2724 1063 3035 1131 pollicetur.
3062 1066 3239 1134 Supra
3271 1067 3548 1122 hominem
3573 1083 3734 1124 nam-

2142 1171 2250 1220 que
2301 1165 2385 1211 est
2436 1158 2552 1211 hec
2602 1157 2749 1211 scire
2784 1157 2852 1211 de
2883 1157 3106 1222 futuris,
3135 1160 3278 1229 quod
3311 1175 3418 1215 non
3466 1160 3644 1215 solum
3671 1160 3729 1216 in

2142 1248 2522 1304 benedictione
2556 1249 2784 1313 Christi,
2817 1262 3009 1304 verum
3044 1250 3212 1305 etiam
3257 1261 3313 1306 et
3347 1253 3400 1306 in
3439 1253 3731 1308 abundan-

2144 1342 2217 1394 tia
2276 1342 2676 1396 benedictionis
2731 1349 2992 1395 venturus
3039 1340 3111 1396 sit
3169 1342 3238 1398 ad
3271 1358 3388 1401 eos.
3439 1345 3497 1399 In
3535 1355 3733 1416 quoet

2140 1433 2412 1489 venientis
2468 1433 2669 1503 gratia,
2709 1440 2773 1490 et
2822 1434 3237 1504 suscipientium
3277 1437 3484 1506 pariter
3528 1440 3730 1494 merita

2141 1526 2523 1587 designantur.

2212 1619 2301 1674 15.
2361 1618 2627 1687 Deprecor
2677 1620 2841 1689 igitur
2881 1637 2991 1687 vos,
3034 1621 3250 1691 fratres,
3301 1637 3395 1691 per
3445 1621 3731 1678 Dominum

2140 1722 2375 1764 nostrum
2396 1712 2580 1767 Jesum
2623 1710 2916 1779 Christum,
2949 1725 3001 1768 et
3026 1732 3120 1781 per
3142 1716 3462 1769 charitatem
3492 1716 3729 1785 Spiritus

2141 1804 2284 1875 (9'5),
2317 1814 2374 1858 ut
2407 1804 2667 1869 adiuvetis
2698 1822 2778 1860 me
2817 1806 2874 1859 in
2929 1808 3261 1860 orationibus
3310 1809 3379 1860 ad
3433 1807 3628 1870 Deum,
3669 1816 3730 1863 ut

2139 1897 2331 1949 liberer
2376 1896 2441 1949 ab
2475 1897 2770 1951 incredulis
2800 1899 2892 1966 qui
2916 1908 3041 1951 sunt
3079 1900 3134 1951 in
3164 1897 3381 1962 Judwa,
3409 1910 3457 1951 et
3489 1899 3730 1952 ministe-

2140 1990 2276 2042 rium
2310 1989 2407 2043 hoc
2438 2004 2607 2043 meum
2639 2000 2912 2055 acceptum
2933 1989 3029 2055 ﬁat
3058 1990 3252 2042 sanctis
3285 1990 3342 2041 in
3367 1989 3725 2059 Jerosolynta,

2138 2090 2194 2133 ut
2230 2082 2438 2134 veniens
2465 2080 2535 2133 ad
2565 2096 2655 2134 vos
2694 2080 2749 2133 in
2787 2080 2986 2149 gaudio
3024 2098 3144 2136 cum
3180 2079 3452 2135 voluntate
3482 2079 3617 2148 Dei,
3643 2097 3730 2135 rs-

2136 2174 2403 2241 quiesram
2432 2172 2701 2227 vobiscum
2725 2170 2792 2225 ⁸³.
2818 2171 2969 2226 Licet
3002 2173 3054 2226 in
3082 2172 3466 2242 superioribus
3496 2170 3726 2239 dixerit,

2138 2264 2262 2321 Scio
2319 2266 2458 2319 enim
2510 2265 2763 2335 quoniam
2815 2265 3023 2319 veniens
3061 2264 3131 2318 ad
3163 2281 3276 2324 nos,
3308 2265 3365 2318 in
3397 2264 3727 2319 abundantia

2136 2359 2521 2413 benedictionis
2568 2354 2771 2413 Christi
2816 2358 3021 2411 veniam
3052 2358 3119 2422 “,
3157 2359 3513 2414 nihilominus
3543 2369 3725 2414 tamen

2138 2450 2348 2505 sciebat
2380 2452 2543 2506 etiam
2569 2450 2625 2504 in
2658 2450 2742 2507 his
2774 2468 2899 2523 qua:
2923 2452 3210 2509 manifeste
3234 2451 3414 2509 futura
3449 2467 3725 2525 cognove-

2139 2556 2245 2607 rat,
2286 2545 2597 2600 orationem
2647 2560 2767 2602 esse
2812 2549 3180 2602 necessariam
3220 2567 3233 2602 :
3268 2563 3391 2616 qua:
3436 2547 3623 2616 utique
3650 2546 3723 2613 si,

2135 2638 2287 2692 verhi
2335 2652 2527 2706 causa,
2558 2653 2666 2693 non
2720 2638 2912 2694 fuisset
2957 2640 3222 2705 adhibita,
3258 2649 3579 2710 sequeretur
3605 2640 3728 2696 siue

2138 2729 2302 2784 dubio
2338 2745 2447 2784 non
2500 2730 2715 2801 impleri
2761 2731 2904 2800 quod
2935 2731 3115 2786 fuerat
3153 2734 3558 2802 prophetatum.
3589 2732 3728 2801 Quis

2135 2836 2267 2891 ergo
2299 2834 2389 2877 est
2417 2823 2510 2892 qui
2560 2822 2678 2878 haec
2737 2821 2946 2891 legens,
2984 2825 3126 2894 quod
3160 2824 3364 2882 Paulus
3401 2828 3727 2895 deprecetur

2134 2927 2231 2968 eos
2268 2913 2361 2983 qui
2392 2912 2582 2970 Roma:
2606 2922 2735 2970 sunt
2756 2914 2955 2970 fratres
2984 2933 3146 2973 orare
3170 2934 3270 2987 pro
3301 2935 3381 2982 se,
3408 2930 3726 2975 contemnat

2134 3009 2218 3063 vel
2254 3010 2520 3078 despiciat
2553 3010 2835 3066 orationes
2876 3010 3137 3067 Ecclesia:
3169 3015 3468 3084 postulare,
3500 3014 3721 3069 etiamsi

445 3103 573 3159 licet
601 3102 822 3173 angelos
857 3103 1056 3166 bonos,
1085 3103 1309 3171 spiritus
1360 3102 1712 3172 appellaverit
1768 3113 2025 3173 tauquam
2056 3114 2103 3175 ο
2136 3102 2428 3158 inferiores
2456 3105 2667 3159 meritis
2695 3119 2819 3160 esse
2848 3105 3136 3160 videantur
3167 3106 3223 3160 hi
3261 3121 3290 3159 a
3321 3106 3524 3175 quibus
3544 3108 3725 3161 oratio

443 3195 742 3265 spiritales,
773 3211 867 3250 eos
906 3210 1036 3250 vero
1084 3196 1175 3264 qui
1210 3205 1449 3263 praesunt
1496 3195 1813 3251 ministeriis
1838 3211 2028 3264 poma-

443 3300 587 3350 rum,
637 3292 691 3339 et
741 3283 988 3338 ﬂammas
1039 3285 1424 3352 peccatoribus
1480 3294 1709 3352 parant,
1747 3286 2028 3340 ministros

440 3375 672 3432 ﬂaminia
729 3376 969 3429 ardentis
1025 3377 1388 3431 nominaverit.
1422 3375 1556 3446 (9|).
1608 3376 1731 3432 ΙΙωο
1776 3378 2028 3447 quamvis

439 3485 539 3540 per
567 3482 853 3523 excessum
878 3469 1165 3539 quemdam
1190 3470 1331 3524 dicta
1358 3485 1479 3525 esse
1502 3470 1812 3535 videantur,
1843 3480 2023 3525 tamen

438 3564 567 3632 quia
595 3563 749 3618 locus
772 3563 1076 3625 admonuit,
1095 3578 1200 3617 uon
1227 3563 1533 3618 omisimus.
1562 3563 1688 3619 Post
1711 3565 1829 3619 haec
1853 3566 2022 3619 dicit:

440 3655 560 3710 Hoc
590 3672 712 3726 ergo
739 3672 858 3709 cum
889 3671 1318 3711 consummavero
1345 3667 1391 3711 et
1419 3659 1752 3721 assignavero
1782 3659 1857 3711 eis
1909 3659 2027 3726 fru-

440 3761 582 3802 ctum
622 3750 782 3814 hunc,
812 3749 1123 3818 proﬁciscar
1148 3766 1242 3817 per
1276 3765 1368 3804 vos
1420 3749 1475 3802 in
1521 3748 1863 3818 Hispaniam.
1903 3749 2025 3804 Scio

437 3843 576 3896 enim
600 3842 848 3910 quoniam
873 3842 1086 3895 veniens
1112 3844 1183 3893 ad
1216 3859 1329 3907 vos,
1363 3842 1418 3896 in
1448 3842 1776 3895 abundantia
1816 3843 2027 3895 benedi—

440 3934 632 3987 ctionis
656 3933 850 3987 Christi
878 3934 1098 3987 veniam.
1138 3932 1267 3988 Vide
1290 3948 1413 3988 cum
1446 3932 1559 4004 (92)
1587 3944 1788 4001 quanta
1810 3934 2024 3989 cautela

439 4028 888 4099 consignaturum
932 4041 991 4082 se
1019 4025 1255 4082 fructum
1289 4025 1633 4082 oﬂ'erentiutn
1670 4027 2020 4096 repromittit.

437 4121 558 4189 Quo
590 4131 751 4191 putas
785 4120 1065 4191 signaculo
1115 4121 1348 4176 fructum
1389 4122 1563 4176 sancti
1610 4122 1791 4190 operis
1841 4122 2024 4176 consi-

440 4222 566 4283 gnat
586 4214 911 4283 Apostolus?
934 4213 1030 4268 lllo
1061 4223 1191 4279 puto
1214 4229 1326 4282 quo
1350 4212 1531 4283 imago
1552 4212 1646 4267 Dei
1674 4214 2020 4282 exprimitur,

439 4307 543 4361 hoc
565 4314 670 4372 est,
711 4314 771 4359 ut
803 4306 855 4359 in
886 4305 1209 4375 complendo
1235 4320 1398 4374 opere
1431 4305 1575 4359 nulla
1618 4307 1687 4357 sit
1718 4305 1908 4359 alieua:
1931 4320 2027 4359 co-

437 4397 717 4465 gitationis
749 4397 1024 4461 admislio,
1059 4412 1167 4449 non
1201 4396 1320 4449 laus
1348 4396 1417 4449 ah
1463 4396 1777 4449 hominibus
1808 4412 2023 4463 qumrn—

2131 3194 2479 3266 postulatur?
2525 3196 2669 3252 Ecce
2703 3197 2848 3253 enim
2883 3196 3083 3252 Paulus
3116 3197 3432 3266 apostolicis
3461 3200 3724 3269 praeditus

2132 3289 2347 3342 meritis
2404 3304 2509 3343 nou
2548 3289 2722 3344 solum
2755 3288 3038 3344 Romanos
3081 3305 3246 3343 orare
3286 3306 3384 3361 pro
3425 3306 3501 3355 se,
3544 3294 3725 3349 sedet

2133 3379 2447 3435 Corinthios
2474 3381 2814 3435 adhortatur.
2851 3379 2987 3437 Vide
3015 3390 3197 3436 autem
3240 3390 3296 3437 et
3320 3398 3482 3453 quam
3527 3383 3722 3440 validis

2131 3487 2227 3526 eos
2255 3474 2509 3539 astringit
2556 3473 2931 3544 religiosisque
2977 3476 3360 3530 sacramentis.
3394 3474 3504 3529 Per
3535 3476 3721 3530 Domi-

2131 3583 2279 3630 num,
2306 3567 2501 3635 inquit,
2534 3579 2774 3622 nostrum
2800 3567 2985 3622 Jesum
3019 3566 3312 3636 Christum,
3334 3582 3382 3625 et
3411 3587 3505 3639 per
3533 3572 3721 3625 chari-

2129 3667 2288 3712 tatem
2323 3658 2559 3726 Spiritus
2597 3660 2852 3727 deprecor
2878 3677 2966 3715 vos
3003 3671 3063 3714 ut
3100 3662 3362 3732 adjuvetis
3395 3679 3477 3716 me
3511 3663 3566 3717 in
3596 3679 3718 3717 ora-

2128 3750 2359 3803 tionibus
2412 3750 2481 3803 ad
2539 3749 2709 3803 Deum
2757 3749 2892 3821 (94).
2950 3749 3103 3817 Quod
3172 3752 3343 3806 nostri
3396 3762 3716 3821 posuerunt,

2128 3842 2391 3911 adjuvetis
2432 3859 2514 3896 me
2566 3842 2621 3896 in
2663 3845 3014 3910 orationibus,
3053 3843 3491 3913 magnificentius
3520 3845 3718 3915 legitur

2130 3934 2271 4002 apud
2310 3932 2549 4000 Graecos,
2577 3936 3053 4004 συναγωνίσασθαι
3089 3936 3239 4008 (95):
3277 3935 3333 3991 in
3361 3952 3469 4005 quo
3506 3937 3608 3992 hoc
3633 3948 3722 3993 est

2128 4025 2272 4094 quod
2309 4025 2601 4091 iudicatur,
2636 4036 2692 4079 ut
2720 4028 2979 4096 adjuvetis
3022 4044 3104 4080 me
3131 4027 3185 4081 in
3216 4042 3386 4097 agone
3407 4031 3718 4083 orationum

2127 4120 2200 4171 ad
2234 4116 2423 4183 Deum,
2451 4119 2746 4174 ostendens
2794 4121 2948 4188 quasi
2986 4134 3213 4189 agonem
3260 4120 3460 4175 habeat
3508 4120 3628 4191 ipse
3658 4130 3717 4177 et

2128 4220 2404 4265 rei-tamen
2447 4212 2735 4279 orationis,
2776 4214 3196 4268 adversantibus
3246 4213 3348 4267 sibi
3390 4216 3507 4268 siue
3545 4214 3713 4271 dubio

2129 4306 2233 4360 illis
2265 4306 2331 4361 de
2369 4305 2566 4376 quibus
2610 4307 2827 4362 dicebat
2859 4325 2872 4362 :
2924 4306 3051 4363 Non
3084 4311 3221 4363 enim
3265 4310 3414 4364 nobis
3449 4322 3712 4365 certamen

2125 4407 2201 4449 est
2235 4396 2488 4450 adversus
2506 4412 2718 4451 carnem
2733 4406 2782 4450 et
2804 4397 3140 4466 sanguinem,
3163 4399 3254 4452 sed
3279 4400 3539 4453 adversus
3562 4402 3711 4467 prin-

440 4502 546 4555 tttr,
567 4490 662 4543 sed
691 4497 751 4543 ut
782 4489 835 4542 in
870 4488 1220 4557 simplicitate
1245 4489 1427 4542 cordis
1457 4489 1547 4557 qui
1578 4488 1765 4541 trihuit
1792 4488 2017 4550 tribuat,
2051 4468 2098 4523 Ῐ)
2126 4490 2331 4555 cipatus
2354 4497 2404 4541 et
2436 4497 2738 4555 potestates,
2765 4490 3018 4545 adversus
3048 4490 3237 4543 mundi
3275 4490 3438 4560 hujus
3485 4502 3710 4545 rectores

438 4595 494 4636 et
542 4597 648 4636 non
698 4598 764 4635 ea:
816 4581 1036 4634 tristitia
1067 4595 1086 4634 :
1126 4581 1351 4634 hilarem
1391 4581 1547 4635 enim,
1573 4580 1817 4632 datorem
1845 4579 2018 4648 diligit

508 4677 551 4710 ³⁹
613 4674 748 4730 Luc.
807 4690 947 4739 xvn,
999 4672 1088 4730 10.
1167 4672 1536 4737 ⁸⁰Ιϐοι·.νιι,
1577 4671 1670 4726 25.

432 4748 482 4783 δ”
516 4747 672 4801 Rout.
709 4762 797 4808 xv,
832 4745 921 4800 29.

512 4841 623 4911 (87)
670 4840 770 4895 Ms.
825 4839 1027 4910 Regius
1058 4855 1211 4893 num.
1251 4838 1410 4906 1659,
1442 4855 1565 4910 erga
1589 4848 1869 4907 utrumque
1897 4853 2025 4889 usus

433 4925 528 4975 est,
560 4926 667 4967 etc.

511 4983 628 5053 (88)
660 4984 826 5049 Edili,
852 4992 1059 5035 terrena
1088 4996 1207 5053 vero
1242 4990 1290 5034 et
1325 4979 1660 5046 temporalia,
1690 4978 1795 5032 sive
1839 4992 2025 5030 carna-

438 5054 535 5106 lia.
575 5052 682 5109 Sed
717 5068 910 5107 omnes
937 5066 1070 5105 mss.
1106 5061 1163 5103 ut
1194 5052 1243 5103 iu
1268 5062 1458 5105 nostro
1492 5060 1664 5102 textu.

533 5122 623 5191 89)
661 5125 788 5183 Mss.
824 5123 1028 5191 plures,
1061 5137 1178 5191 qua:
1207 5121 1455 5188 principio
1480 5122 1643 5191 vobis.

533 5124 601 5179 89
661 5125 788 5183 Mss.
824 5124 1028 5191 plures,
1061 5137 1178 5191 qua:
1207 5124 1455 5188 principio
1480 5124 1643 5174 vobis.

508 5124 623 5259 $90;
654 5195 815 5248 Editi.
840 5209 1132 5246 commune.
1159 5191 1325 5244 Paulo
1359 5200 1479 5258 post
1509 5207 1611 5246 IIIS.
1636 5187 1839 5259 Regius
1868 5206 2018 5246 num.

438 5262 611 5326 1659,⁷
644 5265 786 5333 Ergo
813 5280 905 5329 per
927 5263 1231 5333 hujusmodi
1256 5262 1627 5333 ministerium,
1661 5271 1769 5315 etc.

506 5337 620 5399 (9|)
657 5332 819 5397 Editi,
856 5334 1163 5399 nominavit,
1195 5332 1353 5386 male.

508 5338 588 5399 (9|
657 5338 819 5397 Editi,
856 5338 1163 5399 nominavit,
1195 5338 1353 5386 male.

508 5338 620 5478 (92;
649 5406 740 5460 Sic
768 5404 1045 5478 Babanus.
1070 5402 1349 5478 Mss._‘\'er_o
1378 5402 1584 5478 etcditi
1606 5402 2015 5478 omittuntcum.

438 5473 608 5531 l'aulo
642 5487 764 5545 post
793 5477 1075 5540 Rabauus,
1113 5474 1257 5527 nulla
1282 5473 1348 5527 sit
1379 5474 1566 5526 aliena:
1600 5475 2017 5528 conversationis

435 5550 703 5603 admistio.

509 5617 623 5689 (95)
661 5618 751 5672 Sic
798 5631 933 5670 mss.
977 5614 1149 5669 nostri
1201 5622 1406 5689 textum
1446 5613 1690 5682 Apostoli
1729 5614 2009 5669 exhibent.

440 5687 745 5745 Editi'vero
778 5689 923 5742 hunc
972 5687 1345 5739 tautuuuuodo
1391 5695 1795 5753 prosequuntur
1837 5701 2011 5754 usque

434 5762 524 5825 ad,
549 5768 598 5815 et
634 5774 726 5815 uer
749 5756 1066 5813 charitatem
1089 5755 1342 5825 Spiritus,
1373 5765 1428 5810 ct
1454 5755 1583 5825 ipsis
1611 5755 1853 5825 Vulgata:
1885 5772 2009 5811 vcr-

1746 4672 1789 4704 “
1818 4670 1961 4725 Psal.
1994 4685 2116 4735 cm,
2149 4672 2215 4739 li;
2249 4671 2413 4729 llehr.
2456 4689 2499 4741 t,
2542 4674 2595 4729 7.

2129 4582 2462 4636 tenebrarum
2485 4627 2499 4650 ,
2531 4583 2784 4638 adversus
2814 4583 3083 4651 spiritalia
3119 4584 3367 4652 nequitiae
3407 4586 3461 4638 in
3490 4584 3714 4640 cwlesti-

2690 4674 2735 4709 "
2769 4673 2810 4729 ll
2835 4674 2962 4731 Cor.
2998 4677 3140 4741 ts,7.
3199 4675 3596 4745 "Rom.xv,30
3621 4692 3705 4746 sq.

2127 4838 2214 4891 his
2248 4847 2492 4894 utuntur.
2523 4837 2980 4907 quemadmodum
3005 4846 3060 4890 et
3083 4835 3358 4892 Rabanus.

2204 4909 2315 4993 (9i)
2339 4910 2515 4993 βψω,
2544 4906 2655 4993 Der
2688 4907 2970 4993 Dominum
3002 4917 3260 4993 nostrum2
3291 4917 3459 4993 etper
3487 4909 3715 4993 charito-

2129 4988 2226 5032 tem
2258 4977 2512 5047 Spiritus,
2544 4989 2597 5031 ut
2633 4977 2892 5047 adjuv‘etis
2919 4993 3000 5030 me
3028 4977 3085 5031 in
3120 4977 3448 5033 orationibus
3490 4980 3561 5032 ad
3608 4979 3715 5033 Do-

2128 5046 2352 5104 minum.
2393 5049 2498 5104 Sed
2529 5064 2661 5104 mss.
2691 5056 2746 5102 et
2770 5046 3026 5102 Rabanus
3049 5057 3105 5100 ut
3138 5048 3192 5101 in
3214 5055 3393 5111 textu;
3427 5049 3531 5104 nisi
3561 5050 3706 5118 quod

2128 5122 2350 5187 quidam
2378 5122 2653 5185 omittaut,
2690 5120 2877 5183 inquit,
2907 5128 2961 5172 et
2988 5119 3234 5187 plerique
3255 5119 3513 5174 omittant
3542 5122 3707 5174 etiam

2127 5196 2513 5314 αερνεεῗέέὲε,
2545 5204 2665 5259 qua:
2704 5190 2867 5243 verba
2903 5191 3269 5244 restituuntur
3302 5204 3369 5243 ex
3400 5207 3508 5246 ms.
3532 5189 3711 5261 Regio

2128 5276 2277 5314 1111111.
2390 5284 2420 5314 ί)
2463 5301 2479 5314 .

2128 5276 2277 5314 ιιιιιιι.
2319 5263 2479 5317 1659.
3743 5284 3751 5329 .'

2196 5332 2309 5402 (95)
2344 5334 2471 5386 Mss.
2508 5330 2703 5397 nostri,
2730 5330 2989 5402 Babanus
3010 5340 3064 5385 et
3086 5330 3472 5402 Genebrardus
3501 5334 3706 5388 habent

2129 5399 2503 5458 tantummodo
2563 5399 3057 5471 συναγωνίσασθαι,
3094 5401 3219 5456 licet
3274 5414 3545 5470 corrupte.
3597 5403 3704 5459 Sed

2123 5473 2288 5527 editio
2335 5473 2536 5528 Veneta
2579 5473 2855 5544 Salodiani
2888 5483 2943 5527 et
3001 5473 3281 5539 Merlinus,
3317 5476 3435 5542 ejus
3471 5491 3701 5544 sequax,

2124 5545 2326 5617 omisso
2351 5545 2517 5617 hocce
2539 5546 2724 5611 verbo,
2748 5543 2969 5612 habent,
2988 5545 3055 5617 ἐνί
3071 5547 3191 5617 ταῖς
3209 5543 3709 5617 προσευχαῖςῦπὲρ

2130 5613 2528 5691 ἐμοῖρηιὶςίιιιίε
2552 5617 2683 5671 editi
2718 5624 2774 5670 et
2805 5629 2935 5671 tnss.
2967 5616 3187 5691 quidam
3255 5613 3469 5687 quando
3500 5621 3594 5671 hoc
3631 5613 3707 5671 est

2118 5686 2257 5753 quod
2292 5688 2581 5743 indicatur.
