4150 6440
384 440 522 497 1277

1353 445 1712 500 COMMENT.
1746 445 1813 500 IN
1853 446 2073 505 EPIST.
2108 446 2202 500 AD
2240 446 2409 504 ROM.
2452 446 2583 502 LIB.
2625 449 2693 505 X.

3512 453 3653 504 1278

386 564 480 618 bus
507 565 575 622 ⁸⁸.
603 566 669 620 Et
696 576 905 622 certum
940 574 1025 621 est
1055 565 1199 636 quod
1253 565 1345 620 isti
1381 582 1573 622 omnes
1603 568 1745 621 sicut
1770 569 1964 623 adver—
1992 576 2039 631 Α
2068 580 2124 622 ιιι
2146 568 2293 623 Deus
2329 569 2483 639 pacis
2510 570 2584 622 sit
2615 585 2736 623 cum
2773 569 2877 632 eis,
2919 565 2970 620 id
3011 574 3115 630 est,
3152 573 3210 619 ιιι
3246 583 3350 634 pax:
3380 565 3499 626 Dei.
3534 583 3652 636 qua:

386 665 577 710 santur
607 658 731 713 ﬁdei
759 668 814 713 et
840 659 1102 714 resistunt
1128 659 1343 727 pietati,
1377 659 1518 713 sicut
1549 661 1812 714 contrarii
1838 671 1965 715 sunt

378 746 631 815 justitite,
661 758 716 803 et
736 750 977 813 veritati,
1003 760 1057 804 et
1077 749 1331 804 omnibus
1350 750 1531 813 bonis,
1562 750 1632 804 ita
1653 752 1772 805 sine
1801 751 1965 805 dubio

389 836 654 892 resismnt
687 849 745 893 et
790 842 1149 894 adversantur
1182 841 1438 894 orationi.
1469 838 1538 893 Et
1572 841 1694 896 ideo
1727 843 1968 897 ostendit

386 926 589 985 Paulus
623 946 743 986 esse
778 932 884 985 non
928 933 1211 986 minimum
1266 932 1429 987 etiam
1460 930 1574 1003 (96)
1613 934 1667 987 in
1715 934 1967 988 oratione

385 1032 693 1090 certamen,
729 1027 774 1081 si
807 1026 1025 1093 quidem
1062 1026 1114 1079 in
1156 1026 1261 1081 hoc
1292 1028 1597 1081 certamine
1624 1027 1787 1081 etiam
1812 1028 1969 1080 auxi-

385 1116 518 1170 lium
545 1133 734 1172 eorum
757 1120 848 1188 qui
872 1116 1056 1173 Romae
1074 1129 1201 1174 sunt
1219 1121 1514 1177 crediderit
1541 1121 1967 1191 implorandum.

386 1206 674 1263 Obsistnnt
702 1211 846 1264 enim
876 1226 1009 1266 vere
1036 1214 1310 1267 daemones
1354 1221 1409 1267 et
1441 1215 1733 1271 contrariae
1780 1224 1968 1284 potes-

387 1307 530 1353 tates
556 1300 609 1352 in
638 1302 889 1357 oratione
917 1304 1092 1371 primo
1123 1317 1219 1373 per
1249 1304 1401 1367 illud,
1428 1320 1494 1359 ne
1515 1305 1638 1361 talis
1659 1307 1971 1362 inveniatur

387 1390 436 1445 is
464 1392 557 1460 qui
611 1392 666 1446 in
704 1384 970 1449 orationis
1014 1410 1187 1465 agone
1227 1397 1496 1463 desudat,
1537 1410 1597 1452 ut
1631 1398 1774 1452 levet
1808 1418 1970 1467 puras

385 1497 576 1537 manus
600 1483 710 1537 sine
738 1484 822 1539 ira
848 1484 920 1538 “.
952 1486 1108 1551 Quod
1143 1487 1247 1541 etsi
1282 1489 1385 1542 hoc
1414 1489 1542 1555 quis
1591 1490 1841 1546 obtinere
1874 1508 1969 1561 po-

387 1572 553 1627 tuerit
584 1571 700 1644 (97)
742 1583 802 1626 ut
830 1574 950 1628 sine
987 1575 1069 1629 ira
1126 1576 1216 1641 sit,
1244 1577 1331 1631 vix
1365 1585 1450 1632 est
1491 1586 1549 1632 ut
1587 1578 1807 1650 effugiat
1850 1596 1974 1637 esse

383 1663 505 1718 sine
556 1665 973 1733 disceptatione.
1007 1667 1111 1722 hoc
1160 1676 1246 1722 est
1301 1669 1420 1723 sine
1470 1670 1759 1737 superﬂuis
1788 1685 1843 1726 et
1870 1689 1974 1727 .va-

384 1758 475 1811 nis
521 1758 968 1827 cogitationibus.
1027 1757 1130 1813 Vix
1186 1760 1330 1815 enim
1396 1762 1643 1818 invenies
1686 1773 1749 1817 ut
1794 1767 1970 1820 oranti

383 1847 636 1916 cuiquam
666 1864 772 1903 non
804 1849 1006 1922 aliquid
1050 1850 1230 1907 inanis
1281 1863 1338 1908 et
1374 1854 1566 1910 aliena:
1617 1858 1969 1925 cogitationis

2067 670 2348 728 exsuperat
2380 676 2583 713 omnem
2617 671 2860 721 mentem,
2893 658 3154 711 custodiat
3186 660 3346 710 corda
3371 674 3557 713 eorum
3594 660 3651 714 in

2065 751 2272 806 Christo
2291 751 2420 806 Jesu
2451 752 2527 822 (l)
2558 752 2646 821 qui
2687 768 2793 820 pzrx
2827 760 2909 804 est
2941 760 3122 803 nostra
3159 749 3226 803 ³⁸³.

2140 843 2228 894 17.
2270 840 2586 894 Commendo
2615 853 2788 894 autem
2837 841 2981 894 vobis
3020 839 3241 892 Phoeben
3301 857 3535 894 sororem
3559 857 3656 895 na-

2066 945 2384 1003 stram,qute
2406 944 2483 987 est
2507 935 2563 987 in
2596 935 2889 988 ministerio
2922 934 3173 987 Ecclesia:
3200 950 3316 1003 qua:
3335 944 3408 987 est
3431 933 3488 986 in
3516 933 3653 987 Cen-

2066 1026 2227 1090 chris,
2248 1025 2367 1077 “ut
2393 1041 2508 1077 eam
2530 1025 2829 1090 suscipiatis
2859 1026 2914 1078 in
2956 1024 3185 1078 Domino
3219 1024 3375 1092 digne
3402 1024 3554 1084 satis,
3604 1034 3653 1077 et

2067 1119 2326 1173 assistatis
2354 1120 2400 1172 ei
2427 1119 2483 1172 in
2517 1118 2910 1188 quibuscunque
2956 1119 3246 1186 indiguerit
3284 1118 3464 1171 vestri.
3512 1113 3655 1169 Nam

2068 1212 2185 1277 ipsa
2216 1226 2419 1280 quoque
2466 1210 2637 1263 astitit
2672 1209 2856 1262 multis
2899 1220 2946 1262 et
2999 1211 3128 1262 mihi
3176 1210 3276 1277 ipsi
3308 1208 3407 1279 (5).
3442 1207 3508 1260 Et
3568 1205 3657 1261 hic

2069 1302 2223 1356 locus
2258 1300 2561 1369 apostolica
2592 1300 2914 1353 auctoritate
2945 1303 3105 1354 docet
3140 1300 3305 1353 etiam
3342 1297 3573 1352 feminas
3603 1297 3656 1351 in

2077 1393 2384 1448 ministerio
2416 1393 2676 1447 Ecclesia:
2704 1393 2991 1447 constitui.
3046 1391 3103 1445 lu
3139 1408 3248 1462 quo
3292 1391 3468 1446 ofﬁcio
3508 1392 3657 1461 posi~

2072 1493 2181 1538 tam
2194 1483 2433 1539 Pbtebeu
2448 1485 2589 1554 apud
2604 1483 2900 1539 Ecclesium
2924 1498 3045 1554 qua:
3061 1485 3210 1537 estin
3230 1483 3514 1545 Cenchris,
3528 1482 3661 1536 Pauo

2071 1576 2157 1631 lus
2173 1591 2295 1630 cum
2320 1575 2477 1630 laude
2496 1590 2690 1646 magna
2711 1587 2766 1630 et
2787 1577 3259 1630 commendatione
3284 1574 3656 1644 prosequitur,

2073 1684 2404 1723 enumerans
2429 1669 2595 1722 etiam
2633 1677 2785 1739 gesta
2820 1668 2990 1737 ipsius
3021 1668 3304 1737 prmclara,
3337 1678 3392 1722 et
3420 1669 3607 1722 dicens
3639 1682 3655 1719 :

2074 1761 2212 1828 Quia
2251 1762 2303 1815 in
2337 1770 2546 1815 tantum
2572 1761 2824 1816 omnibus
2855 1761 3050 1825 astitit,
3080 1763 3183 1815 hoc
3222 1770 3319 1821 est,
3375 1761 3426 1813 in
3465 1773 3659 1814 neces.

2075 1855 2328 1908 sitatihus
2363 1865 2559 1923 praesto
2588 1853 2711 1919 fuit,
2753 1865 2809 1907 ut
2833 1856 2995 1908 etiam
3030 1854 3158 1906 mihi
3206 1853 3306 1921 ipsi
3338 1853 3389 1905 in
3419 1852 3659 1907 necessi-

382 1950 657 2003 occurrat,
688 1950 744 1995 et
788 1940 1149 1999 intentionem
1180 1959 1285 2013 qua
1326 1944 1381 1999 in
1437 1945 1602 2002 Deum
1631 1964 1785 2004 mens
1825 1950 1962 2004 diri-
2001 1933 2044 1990 Β
2075 1947 2278 2000 tatibus
2307 1945 2444 1999 meis
2470 1946 2891 2015 apostolicisque
2918 1946 3199 2000 laboribus
3226 1953 3334 1999 tota
3368 1945 3657 1998 devotione

384 2033 565 2099 gitur,
617 2033 852 2088 declinet
903 2050 969 2091 ac
1021 2035 1278 2108 frangat,
1336 2051 1503 2109 atque
1577 2056 1698 2095 eam
1754 2056 1850 2110 per
1902 2059 1962 2097 ea

383 2138 506 2191 qua:
556 2138 661 2178 non
709 2129 961 2198 competit
999 2130 1177 2198 rapiat
1223 2130 1356 2202 (98).
1404 2133 1473 2187 Et
1515 2133 1636 2188 ideo
1675 2149 1814 2202 agon
1854 2152 1964 2188 ma-

383 2216 697 2288 gnuscsl
723 2228 808 2273 est
827 2220 1111 2285 orationis,
1130 2230 1188 2274 ut
1208 2223 1600 2279 obsistentibus
1621 2225 1878 2291 inimicis,
1911 2237 1966 2281 et

382 2307 646 2362 orationis
676 2325 894 2366 sensum
930 2315 980 2365 in
1027 2313 1249 2367 diversa
1323 2315 1683 2386 rapientibus,
1733 2318 1839 2373 lixa
1897 2320 1963 2374 ad

383 2397 550 2452 Deum
592 2416 808 2470 semper
849 2419 1002 2458 mens
1057 2406 1239 2461 stabili
1296 2407 1599 2462 intentione
1649 2414 1964 2479 contendat,

384 2497 444 2541 nt
478 2491 673 2545 merito
711 2494 882 2560 possit
905 2496 1072 2548 etiam
1113 2496 1227 2565 ipse
1272 2498 1456 2552 dicere
1501 2498 1612 2569 (99)
1642 2516 1657 2553 :
1689 2499 1966 2556 Certamen

382 2581 576 2635 bonum
616 2587 830 2649 certavi,
878 2603 1094 2640 cursum
1133 2591 1495 2644 consummavi
1525 2590 1592 2646 ⁸⁷.
1639 2591 1794 2648 Nunc
1838 2610 1969 2663 ergo

382 2682 505 2725 orat
533 2676 822 2739 Apostolus
845 2678 1088 2747 adjuvari
1121 2695 1182 2734 se
1224 2681 1276 2733 in
1322 2696 1496 2752 agone
1539 2685 1868 2751 orationum,
1912 2695 1967 2739 ut

384 2766 647 2821 liberetur
669 2770 736 2823 ab
769 2771 1063 2827 incredulis
1085 2774 1174 2841 qui
1207 2786 1337 2829 sunt
1377 2777 1430 2828 in
1459 2775 1665 2844 Judrea,
1701 2793 1728 2830 a
1768 2780 1967 2847 quibus

384 2874 492 2912 non
527 2871 633 2913 tam
660 2862 765 2929 pati
803 2862 979 2928 timet,
1006 2880 1179 2935 neque
1208 2866 1451 2935 perferre
1482 2882 1544 2922 ea
1582 2885 1702 2937 qua:
1725 2872 1790 2924 ad
1831 2886 1966 2939 apo-

385 2954 612 3007 stolatus
641 2950 758 3020 ejus
782 2954 1011 3024 gloriam
1034 2959 1328 3027 pertinent,
1348 2974 1507 3029 quam
1532 2962 1779 3032 impediri
1810 2979 1968 3019 vere-

386 3055 475 3097 tur
499 3060 566 3098 ne
594 3047 798 3100 diutius
823 3047 1121 3103 obstaculis
1151 3066 1341 3104 eorum
1368 3063 1638 3118 retentus,
1665 3055 1746 3109 vel
1790 3057 1968 3111 minus

384 3146 597 3204 gratum
624 3137 884 3192 exhibeat
919 3141 1123 3195 sanctis
1178 3141 1571 3207 ministerium,
1608 3145 1749 3213 quod
1781 3160 1838 3200 et
1881 3147 1965 3217 ip-

383 3243 503 3282 squ
539 3230 880 3286 orationibus
914 3231 1121 3303 indiget
1152 3243 1210 3288 ut
1256 3234 1355 3288 liat
1407 3249 1691 3304 acceptum
1717 3238 1794 3308 (l)
1830 3258 1844 3293 :
1883 3241 1965 3293 vel

384 3335 453 3374 ne
485 3321 819 3377 desiderium
850 3323 968 3393 ejus
992 3325 1135 3392 quod
1177 3339 1307 3395 erga
1356 3325 1635 3384 Romanos
1679 3331 1843 3384 habet
1889 3332 1968 3385 vi-

384 3414 601 3480 sendos,
631 3416 838 3470 diutius
872 3416 1178 3475 dilleratur.
1215 3421 1291 3480 Si,
1313 3422 1511 3491 inquit,
1542 3423 1644 3477 hoc
1689 3425 1758 3478 ita
1791 3439 1969 3479 cesse-

386 3508 458 3559 rit
492 3517 549 3561 ut
574 3517 628 3562 et
654 3509 1015 3564 ministerium
1060 3526 1238 3565 memn
1285 3524 1570 3583 acceptum
1619 3514 1714 3569 fiat
1763 3517 1970 3572 sanctis

386 3598 441 3650 in
478 3596 812 3670 Jerosolyma
857 3599 957 3671 (2),
988 3611 1044 3656 et
1097 3602 1363 3656 liberatus
1415 3604 1484 3658 ab
1537 3604 1832 3658 incredulis
1877 3605 1968 3673 qui

386 3696 514 3741 sunt
565 3687 618 3740 in
650 3685 856 3753 .ludaza,
889 3691 1074 3744 venire
1124 3692 1190 3745 ad
1239 3707 1334 3746 vos
1379 3709 1484 3746 non
1536 3693 1818 3762 impediar,
1874 3710 1972 3763 pro

384 3777 528 3833 bene
549 3780 718 3849 gestis
747 3782 911 3835 rebus
964 3783 1209 3852 gaudens
1234 3782 1478 3854 proiecto
1508 3786 1575 3838 ad
1605 3802 1702 3841 vos
1756 3786 1968 3841 veniam

383 3883 508 3922 cum
532 3870 817 3926 voluntate
858 3872 974 3937 Dei,
1001 3883 1057 3927 et
1114 3876 1451 3943 requiescam
1488 3876 1793 3933 vobiscum.
1851 3878 1969 3933 Non

384 3964 726 4032 corporalem
758 3965 951 4033 utique
980 3968 1221 4034 requiem
1260 3969 1456 4037 quaerit
1503 3969 1730 4038 Paulus,
1781 3976 1873 4027 sed
1905 3972 1969 4025 il-

386 4054 494 4109 lam
520 4070 642 4124 quse
676 4056 1107 4112 consolationem
1136 4059 1302 4115 habet
1344 4076 1412 4115 ex
1437 4060 1569 4125 Deo,
1607 4062 1749 4117 sicut
1771 4073 1825 4117 et
1853 4064 1967 4132 ipse

386 4150 440 4203 in
472 4150 668 4219 primis
715 4151 972 4221 Epistolas
1032 4152 1192 4220 hujus
1248 4153 1495 4223 partibus
1530 4155 1671 4208 dixit
1695 4154 1740 4186 ³³
1776 4173 1790 4209 :
1829 4154 1963 4209 Con-

384 4240 549 4293 solari
572 4241 626 4294 in
656 4242 735 4311 (5)
769 4242 910 4294 vobis
940 4257 1034 4310 per
1055 4258 1169 4295 eam
1191 4226 1317 4313 qua;
1338 4243 1561 4297 invicem
1578 4253 1655 4297 est
1686 4244 1845 4312 ﬁdem
1874 4261 1961 4300 ve-

383 4341 548 4385 stram
569 4342 723 4403 atque
746 4351 938 4388 meam.

456 4423 543 4477 16.
600 4422 742 4479 Deus
796 4437 971 4481 autem
1030 4429 1174 4496 pacis
1225 4428 1292 4481 sit
1337 4444 1457 4481 cum
1504 4428 1745 4483 omnibus
1801 4429 1960 4485 vobis.

2073 2040 2271 2094 mentis
2313 2039 2566 2092 astiterit.
2588 2038 2777 2093 Simile
2817 2048 2995 2093 autem
3022 2055 3158 2109 opus
3180 2038 3297 2107 ejus
3326 2040 3556 2093 dixerim
3576 2039 3656 2108 (6)

2073 2132 2431 2202 hospitalitati
2474 2130 2600 2196 Lot,
2631 2134 2723 2201 qui
2761 2134 2886 2185 dum
2919 2147 3135 2201 semper
3169 2131 3417 2199 hospites
3463 2144 3658 2186 susce-

2071 2223 2171 2292 pit,
2194 2223 2396 2277 mernit
2424 2223 2716 2292 aliquando
2732 2230 2787 2277 et
2803 2222 3021 2291 angelos
3041 2221 3275 2292 hospitio
3291 2221 3568 2289 suscipere
3585 2220 3655 2276 ⁸³.

2075 2315 2339 2372 Similiter
2366 2328 2420 2372 et
2447 2317 2748 2379 Abraham,
2791 2320 2916 2370 dum
2950 2330 3167 2385 semper
3192 2315 3434 2369 occurrit
3463 2315 3656 2383 hospi-

2075 2411 2239 2471 tibus,
2267 2410 2467 2464 meruit
2504 2420 2639 2464 utet
2675 2410 2936 2464 Dominus
2980 2422 3102 2465 cum
3156 2407 3365 2473 angelis
3419 2407 3657 2461 diverte-

2075 2509 2158 2553 ret
2174 2500 2240 2554 ad
2269 2501 2676 2555 tabernaculum
2698 2499 2813 2568 ejus
2832 2501 2896 2552 ³³.
2924 2499 2999 2553 lta
3016 2509 3070 2554 et
3092 2501 3205 2553 base
3226 2498 3474 2567 religiosa
3500 2498 3659 2551 Mite-

2074 2592 2141 2645 be
2169 2592 2295 2644 dum
2321 2602 2460 2644 astat
2493 2593 2751 2646 omnibus
2779 2600 2835 2646 et
2860 2592 3116 2646 omnibus
3145 2592 3486 2661 obsequitur,
3520 2589 3661 2643 assi-

2075 2692 2219 2737 stere
2265 2692 2320 2737 et
2360 2683 2585 2752 obsequi
2629 2685 2794 2736 etiam
2848 2684 3108 2752 Apostolo
3162 2683 3383 2738 tneruit.
3429 2682 3492 2736 Et
3535 2682 3659 2736 ideo

2078 2775 2224 2828 locus
2253 2774 2341 2829 hic
2377 2776 2486 2828 duo
2519 2775 2722 2844 pariter
2762 2774 2939 2839 docet,
2965 2786 3020 2829 et
3051 2775 3263 2840 haberi,
3296 2786 3355 2829 ut
3393 2774 3658 2836 diximus,

2077 2866 2305 2922 feminas
2361 2868 2642 2922 ministras
2677 2867 2729 2919 in
2770 2867 3031 2931 Ecclesia,
3062 2877 3117 2920 et
3148 2869 3286 2921 tales
3318 2867 3517 2921 debere
3567 2879 3659 2919 as-

2075 2960 2213 3014 sumi
2251 2960 2301 3013 in
2333 2959 2725 3025 ministerium,
2755 2975 2878 3028 qua:
2924 2959 3199 3014 astiterint
3241 2958 3447 3025 multis,
3478 2968 3533 3013 et
3563 2972 3660 3027 per

2077 3049 2213 3101 bona
2239 3046 2410 3102 ol'licia
2447 3064 2617 3118 usque
2639 3050 2707 3103 ad
2740 3049 3088 3117 apostolicam
3117 3049 3329 3103 laudem
3359 3049 3661 3104 meruerint

2078 3140 2378 3207 pervenire.
2412 3137 2680 3192 Hortatur
2710 3139 2876 3193 etiam
2914 3140 3065 3203 illud,
3109 3148 3165 3191 ut
3194 3139 3287 3207 qui
3320 3139 3477 3193 bouis
3522 3150 3657 3206 ope-

2077 3233 2226 3285 ribus
2260 3233 2311 3284 in
2346 3231 2606 3285 Ecclesiis
2636 3232 2767 3285 dant
2812 3246 3056 3294 operam.
3095 3233 3268 3285 viccm
3317 3231 3585 3301 recipiant
3624 3246 3654 3283 a

2071 3323 2329 3377 fratribus
2360 3331 2416 3375 et
2464 3322 2752 3386 honorem,
2791 3332 2849 3376 ut
2891 3324 2944 3376 in
2982 3323 3404 3392 quibuscunque
3466 3336 3656 3376 neces-

2069 3414 2274 3468 sarium
2303 3412 2471 3466 fuerit
2530 3413 2649 3467 sive
2710 3414 3026 3468 carnalibus
3084 3414 3296 3478 olliciis,
3354 3411 3655 3468 honorifice

2071 3504 2398 3564 habeantur.

2126 3586 2230 3653 ‘18.
2274 3596 2517 3652 Salutate
2546 3597 2791 3651 Priscum
2827 3607 2877 3651 et
2907 3597 3180 3668 Aquilam,
3210 3598 3482 3668 adjutores
3512 3614 3654 3654 meos

2071 3690 2125 3742 in
2158 3688 2369 3742 Christo
2395 3687 2527 3741 Jesu
2560 3689 2671 3758 (qui
2689 3705 2786 3758 pro
2808 3690 2987 3741 anima
3018 3705 3134 3742 mea
3159 3705 3285 3742 suas
3317 3690 3541 3743 cervices
3567 3706 3657 3758 po-

2070 3794 2336 3835 suerunt:
2365 3781 2554 3853 quibus
2582 3797 2687 3835 non
2728 3780 2903 3835 solum
2943 3797 3036 3851 ego
3082 3784 3284 3851 gratias
3318 3798 3437 3851 ago,
3465 3786 3555 3835 sed
3604 3792 3653 3835 et

2071 3874 2326 3926 universa:
2359 3870 2610 3926 Ecclesia:
2641 3874 2896 3943 gentium)
2927 3872 2996 3938 “,
3018 3880 3065 3926 et
3097 3873 3440 3926 domesticam
3468 3888 3654 3926 eorum

2074 3965 2365 4020 Ecclesium
2393 3966 2492 4036 (7).
2532 3964 2797 4021 Videntur
2842 3967 2972 4021 mihi
3019 3966 3117 4035 ipsi
3156 3981 3298 4031 esse,
3349 3966 3415 4020 de
3457 3968 3654 4036 quibus

2071 4059 2123 4112 in
2150 4058 2374 4112 Actibus
2393 4058 2761 4128 apostolorum
2796 4058 2870 4111 ita
2898 4058 3163 4123 scriptum
3186 4067 3269 4112 est
3302 4074 3316 4111 :
3352 4054 3477 4110 Post
3542 4057 3652 4110 Ιηιέ

2069 4160 2243 4203 autent
2265 4150 2533 4203 discedens
2560 4149 2760 4203 Paulus
2784 4152 2847 4203 ab
2868 4150 3107 4216 Athenis,
3135 4151 3271 4203 venit
3308 4147 3652 4213 Corinthum;

2070 4253 2116 4294 et
2152 4243 2360 4295 invento
2383 4244 2456 4295 ibi
2490 4248 2717 4312 quodam
2742 4241 2934 4296 Judteo
2955 4244 3161 4296 nomine
3185 4243 3399 4313 Aquila,
3430 4242 3654 4295 Pontico

2070 4350 2279 4400 genere,
2314 4336 2404 4404 qui
2439 4350 2604 4403 nuper
2631 4344 2838 4388 venerat
2871 4335 2934 4388 de
2968 4333 3133 4386 Italia
3157 4334 3254 4404 (8),
3286 4343 3334 4385 et
3378 4331 3651 4399 Priscilla,

2075 4442 2238 4479 uxore
2269 4425 2405 4494 ejus,
2427 4438 2644 4495 propter
2689 4425 2829 4495 quod
2850 4434 3166 4493 prrcceperat
3195 4423 3456 4478 Claudius
3480 4424 3652 4475 disce-

381 4512 551 4569 Amen
573 4515 639 4570 δ’.
666 4516 872 4587 Ingenti
899 4520 1276 4574 benedictione
1310 4528 1633 4574 muneratur
1660 4519 1960 4585 Romanos,
1995 4518 2040 4572 D
2067 4522 2189 4572 dere
2212 4516 2430 4571 Judazos
2458 4533 2635 4569 omnes
2658 4533 2690 4569 a
2718 4515 2903 4581 Roma,
2944 4519 3162 4569 accessit
3189 4517 3256 4569 ad
3290 4532 3416 4582 eos;
3446 4524 3495 4569 et
3526 4517 3654 4586 quia

454 4634 499 4666 ”
527 4634 724 4701 Ephes.
768 4651 842 4698 vt,
882 4634 970 4690 12.
1047 4634 1133 4688 “l
1171 4635 1311 4690 Tim.
1337 4653 1398 4702 ιι,
1429 4637 1483 4691 8.
1560 4636 1605 4669 ’⁵⁷
1633 4637 1672 4691 ll
1698 4637 1841 4694 Tim.
1875 4654 1950 4699 tv,

2108 4637 2154 4669 ⁸⁸
2178 4636 2335 4691 Rom.
2361 4649 2400 4695 ι.
2425 4633 2513 4687 12.
2590 4632 2636 4664 ⁸³
2664 4633 2827 4688 Rom.
2852 4648 2945 4700 xv,
2970 4634 3060 4687 '55.
3134 4635 3180 4666 ⁶¹³
3217 4632 3416 4703 Philip.
3468 4649 3543 4697 ιν,
3596 4633 3659 4691 7.

381 4703 427 4744 ⁸¹
462 4706 616 4758 lloni.
644 4720 757 4769 XVI,
781 4705 833 4771 1,
873 4706 929 4761 2.

1008 4707 1051 4737 ⁸⁸
1082 4706 1216 4762 Gen.
1243 4724 1358 4762 XIX.
1435 4708 1482 4739 ⁸³
1508 4707 1646 4763 Gen.
1688 4724 1843 4764 xvm.

457 4843 570 4914 (96)
603 4840 810 4914 Etiam.
842 4844 1011 4914 Deest
1051 4848 1105 4900 in
1141 4860 1302 4902 antea
1329 4848 1509 4903 editis.

457 4844 548 4914 (96
603 4844 810 4896 Etiam.
848 4844 1011 4900 Deest
1051 4848 1105 4900 in
1141 4860 1302 4902 antea
1329 4848 1509 4903 editis.

457 4844 573 4987 (97)
623 4913 788 4978 Editi,
822 4912 976 4979 Quod
1023 4928 1070 4970 et
1113 4920 1157 4971 si
1183 4921 1298 4989 quis
1337 4919 1567 4974 obtinere
1606 4924 1834 4989 potuerit
1867 4933 1958 4990 ut,

382 4994 567 5124 “(298)
595 5053 777 5131 Editi,‘
795 5070 957 5131 neque
980 5073 1094 5131 eam
1115 5075 1208 5126 per
1228 5076 1349 5125 qua:
1379 5060 1498 5128 (aL,
1526 5076 1619 5129 per
1651 5061 1832 5131 quam)
1861 5080 1965 5116 non

382 5126 627 5199 competit
664 5124 877 5194 rapiat.
903 5124 1122 5181 Deinde
1143 5124 1249 5182 ms.
1281 5124 1489 5198 Regius
1523 5124 1672 5185 itum;
1707 5124 1866 5199 1639,
1897 5134 1963 5186 Et

381 5195 501 5248 ideo
523 5195 817 5268 quiagagon
865 5210 1088 5268 magnus
1122 5207 1199 5252 est
1241 5195 1519 5264 orationis,
1569 5195 1959 5268 obsistentibus,

382 5275 517 5346 etc?
559 5266 760 5346 omisso
786 5276 865 5319 ut.
896 5267 1002 5320 Sed
1043 5268 1223 5323 cazteri
1262 5286 1417 5337 mss.,
1456 5271 1713 5328 Rabanus
1740 5283 1794 5328 et
1824 5266 1959 5329 editi

382 5342 917 5546 ul(9'9)‘;l:l.uliegius
945 5423 1093 5461 num.
1122 5407 1277 5474 1659,
1307 5410 1466 5464 etiam
1492 5412 1609 5482 ipsa
1630 5415 1820 5480 dicere,
1849 5425 1959 5473 etc.

411 5543 422 5546 _
481 5472 533 5543 1)
557 5473 635 5528 lta
672 5492 801 5531 mss.
833 5478 1026 5531 nostri.
1062 5479 1202 5537 Editi
1229 5496 1378 5543 vero,
1411 5486 1553 5546 quod
1594 5495 1642 5538 et
1674 5487 1798 5546 ipsis
1834 5504 1959 5541 ora-

481 5472 650 5553 1-)"lta.
672 5472 1202 5553 niss.'itostri._Editi
1229 5472 1378 5543 vero,
1411 5472 1553 5551 quod
1594 5495 1642 5538 et
1674 5472 1960 5553 ipsis'oraé

382 5543 611 5620 tionibus
635 5546 983 5620 indigentium
1011 5550 1104 5614 [int
1135 5543 1426 5620 acceptum.

456 5613 532 5683 ('2)
681 5613 964 5692 Qnirittitur
993 5613 1047 5672 in
1082 5613 1276 5688 editis,
1306 5623 1397 5691 qui
1429 5633 1613 5692 postea
1661 5623 1863 5681 habent
1885 5629 1957 5692 _in

380 5680 749 5754 Jerosolymis.
1260 5680 1273 5688 ’
1322 5680 1340 5691 ’
1429 5680 1445 5692 ’
1852 5680 1898 5699 γ’

457 5754 650 5834 (§)_ln.
684 5755 1032 5834 Desidet-ator
1072 5760 1124 5813 in
1149 5761 1310 5817 editis
1333 5806 1348 5830 ,
1381 5771 1439 5818 et
1464 5763 1625 5833 paulo
1648 5773 1768 5834 post
1795 5767 1957 5822 Amen

383 5825 656 5901 omittitur
690 5825 743 5878 in
773 5829 1039 5901 _o_nrnibus
1084 5846 1214 5887 mss.
1262 5825 1488 5901 nostris,
1533 5838 1624 5891 sed
1648 5825 1850 5892 'exstat
1901 5841 1955 5894 in

384 5894 545 5951 editis
566 5908 621 5950 ct
648 5898 785 5965 apud
813 5895 1120 5954 llabanum.

1921 4709 1969 4741 “
1999 4709 2162 4765 Βοιιι.
2192 4723 2307 4771 xw,
2330 4707 2385 4771 5,
2410 4705 2464 4769 4,
2498 4704 2550 4758 5.

2139 4846 2537 4921 (4)17nChristo
2560 4846 2713 4900 Jesu.
2752 4846 2874 4899 Hinc
2908 4846 3400 4914 praetermittuntnr
3422 4846 3476 4900 in
3533 4850 3655 4901 edi—

2068 4919 2159 4979 tis,
2186 4920 2277 4988 qui
2305 4928 2490 4985 postea
2515 4919 2700 4985 legunt
2727 4933 2831 4983 paa:
2854 4929 3045 4988 vestra.

2138 4985 2217 5060 (5)
2249 4988 2320 5060 Ut
2341 5004 2457 5060 eam
2479 4987 2778 5060 suscipiatis
2819 4988 2875 5038 in
2923 4986 3147 5060 Domino
3193 4985 3350 5060 digne
3389 4989 3554 5060 satis_,_
3600 5003 3649 5042 et

2062 5057 2332 5114 ass'tstatis
2374 5058 2423 5111 ei
2468 5059 2523 5111 in
2556 5060 2948 5127 quibuscum/ue
2976 5057 3260 5127 indignerit
3292 5062 3475 5127 vestri.
3504 5058 3650 5113 Nam

2062 5130 2177 5199 ipsa
2198 5144 2399 5199 quoque
2419 5125 2627 5180 adstitit
2659 5128 2860 5191 multis,
2891 5136 2937 5178 et
2979 5126 3109 5199 mihi
3139 5127 3260 5192 ipsi.
3288 5125 3415 5183 Haec
3443 5131 3652 5184 deside-

2070 5197 2261 5254 rantur
2301 5197 2352 5253 ιιι
2385 5208 2543 5253 antea
2577 5200 2761 5260 editis,
2789 5208 2844 5250 et
2897 5197 3260 5251 restituuntur
3315 5216 3384 5255 ex
3433 5217 3565 5254 mss.
3592 5212 3650 5254 et

2066 5270 2314 5325 Rabano.

2140 5339 2217 5412 (6)
2243 5342 2371 5393 Mss.
2405 5338 2671 5412 plerique,
2730 5337 2986 5412 [tabanus
3018 5337 3269 5412 etgediti,
3327 5338 3503 5407 dixit;
3545 5345 3644 5396 sed

2066 5406 2268 5467 rectius
2298 5406 2632 5478 ntellegitis
2663 5426 2811 5461 num.
2842 5406 3003 5472 1639,
3040 5408 3285 5461 dixerim.

2139 5482 2220 5555 (7)
2248 5481 2347 5535 Ms.
2376 5480 2576 5555 Regius
2596 5495 2752 5555 num.
2792 5478 2931 5555 1639
2959 5489 3017 5555 et
3043 5478 3320 5545 liabauus,
3355 5491 3404 5555 et
3432 5481 3651 5555 domes-

2067 5548 2171 5607 tica
2197 5548 2376 5607 eorum
2408 5548 2664 5602 Ecclesia.
2698 5551 2802 5603 Sed
2835 5549 3019 5602 caeteri
3055 5564 3185 5602 mss.
3218 5559 3271 5602 et
3316 5553 3444 5605 editi
3481 5563 3539 5604 ut
3586 5554 3647 5606 in

2070 5637 2253 5691 textu;
2282 5624 2430 5675 etits
2463 5620 2744 5690 legendqu
2798 5632 2919 5673 esse
2967 5621 3303 5674 demonstrat
3360 5623 3655 5678 conclusio.

2068 5695 2228 5749 huius
2262 5692 2500 5746 articuli.

2255 5712 2586 5831 ii'siuiiltilgius
2613 5775 2767 5814 num.
2788 5759 3015 5836 1659,e_t
3036 5761 3235 5836 invenit
3264 5762 3340 5814 ibi
3359 5765 3646 5836 quemdam

2063 5832 2314 5890 Judzvum
2357 5849 2564 5907 nomine
2595 5835 2931 5907 ‘Aquilamu
2967 5832 3246 5907 Ponticum
3293 5832 3501 5907 genere,
3548 5835 3647 5907 qui.

2064 5920 2230 5976 nuper
2259 5913 2462 5958 venerat
2499 5904 2562 5955 ab
2585 5900 2781 5970 Italia;
2819 5913 2867 5956 et
2893 5900 3162 5969 Priscilla,
3188 5900 3322 5960 uxor
3361 5904 3495 5974 ejus,
3526 5900 3648 5963 εἰει
