4150 6470
405 395 540 453 1279

1858 399 2181 458 ORIGENIS

3518 396 3542 450 1
3553 396 3652 453 980

399 521 546 564 erant
568 497 860 563 consimilis
890 511 1133 579 artificii,
1163 517 1354 566 mansit
1378 517 1526 583 apud
1556 530 1665 581 eos,
1689 527 1738 569 et
1786 532 1978 583 opera-
2009 524 2052 578 Α
2084 516 2334 570 laborare
2366 530 2465 586 pro
2488 515 2746 571 Ecclesiis
2776 515 2893 571 Dei.
2944 514 3081 571 Nam
3142 523 3197 569 et
3235 514 3489 569 laborant
3533 529 3655 568 cum

400 602 593 653 bantur
627 600 807 655 simul.
845 599 1007 653 Erant
1025 604 1161 655 enim
1175 603 1406 673 artiﬁces
1431 606 1890 660 tabernaculorum
1910 609 1978 673 ⁸⁵,

402 690 502 743 hoc
528 698 632 756 est,
663 698 897 745 sutores.
934 691 1047 747 Nec
1076 694 1271 746 mirum
1319 696 1364 747 si
1416 694 1654 750 Priscam
1698 698 1895 752 Paulus
1927 699 1979 751 in

402 779 645 849 Epistola
678 782 892 849 scribit,
919 798 1040 851 qua:
1082 783 1135 837 in
1184 784 1411 839 Actibus
1462 785 1711 841 Priscilla
1777 789 1981 857 scripta

401 882 509 940 est,
544 872 763 927 caneris
789 875 1268 928 concordantibus.
1320 875 1506 931 Potest
1548 890 1727 932 autem
1770 880 1886 931 ﬁeri
1925 891 1983 935 ut

401 968 530 1034 quia
574 964 650 1037 (9)
683 966 773 1019 illo
805 974 1072 1034 tempore,
1122 968 1296 1036 pulsis
1346 984 1409 1022 ex
1459 970 1592 1024 urbe
1635 967 1834 1025 Iudaeis
1883 984 1982 1039 per

401 1048 729 1125 praeceptum
763 1057 1016 1121 Czesaris,
1068 1056 1391 1112 Corinthum
1444 1071 1736 1125 venerant,
1792 1077 1982 1116 rursus

396 1152 562 1206 edicti
590 1159 841 1205 cessante
871 1153 1100 1214 saevitia,
1135 1151 1364 1205 Romam
1409 1154 1642 1221 regressi
1677 1154 1789 1225 (10)
1835 1155 1982 1209 salu-

400 1251 586 1296 teutur
618 1256 646 1294 a
676 1240 863 1295 Paulo.
900 1242 1046 1308 Quos
1082 1250 1265 1296 tamen
1302 1252 1528 1311 apparet
1558 1240 1867 1298 Judaeornm
1901 1249 1982 1300 in-

400 1335 558 1390 sidiis
579 1335 746 1391 Paulo
775 1336 1117 1406 periclitante
1147 1338 1463 1408 semetipsos
1492 1339 1780 1406 objecisse,
1802 1349 1860 1392 ut
1892 1338 1985 1395 ille

402 1427 543 1482 liber
571 1428 892 1482 abscederet
921 1446 933 1480 :
969 1428 1069 1481 hoc
1092 1436 1272 1482 autem
1304 1438 1357 1481 et
1379 1427 1541 1483 Jason
1564 1431 1785 1499 quidam
1820 1430 1981 1485 fecis-

401 1532 464 1573 se
497 1518 554 1573 in
592 1518 818 1571 Actibus
841 1519 1208 1586 apostolorum
1238 1518 1469 1573 refertur
1498 1520 1545 1552 ⁸⁸
1576 1534 1591 1573 :
1625 1530 1679 1576 et
1713 1523 1849 1575 hanc
1885 1535 1984 1574 eo-

401 1621 524 1661 rum
562 1607 775 1661 laudem
808 1609 1100 1676 Apostolus
1132 1624 1237 1663 non
1262 1609 1411 1674 silet,
1435 1611 1525 1663 sed
1563 1613 1817 1666 omnibus
1862 1628 1981 1666 eam

406 1700 671 1755 Ecclesiis
702 1701 1075 1754 admirandam
1111 1701 1296 1763 tradit,
1326 1709 1382 1754 et
1406 1701 1525 1754 ideo
1557 1702 1689 1755 dicit
1728 1719 1741 1755 :
1779 1702 1981 1767 Quibus

404 1811 507 1847 non
539 1795 683 1847 solus
706 1809 798 1861 ego
826 1797 1031 1862 gratias
1069 1808 1191 1862 ago,
1215 1794 1304 1846 sed
1355 1803 1403 1846 et
1434 1794 1694 1848 universtt'
1730 1795 1983 1851 Ecclesia’

2085 608 2282 661 docent
2320 607 2755 661 adulescentulas
2800 607 3013 663 sobrias
3064 622 3208 675 esse,
3238 607 3461 677 diligere
3488 606 3656 668 viros,

2085 699 2227 752 tilios
2253 699 2518 761 enutrirc,
2571 698 2796 768 pudicas
2838 714 2981 763 esse,
3017 710 3232 759 castas.
3261 700 3476 752 domum
3522 696 3659 751 bene

2082 801 2350 860 regentes,
2395 790 2677 861 benignas,
2709 791 2954 847 subditas
2994 793 3126 847 viris
3176 794 3288 847 suis
3323 792 3389 857 ⁸ο,
3425 792 3659 860 hospitio

2083 882 2344 950 recipere,
2377 892 2689 946 sanctorum
2721 884 2884 951 pedes
2934 882 3120 937 lavare
3149 883 3214 947 ⁶¹,
3243 893 3299 937 et
3321 893 3515 937 eastern
3535 897 3657 936 om-

2083 972 2169 1026 nia
2213 988 2334 1041 quze
2367 974 2435 1028 de
2465 972 2656 1028 olliciis
2690 974 2976 1029 nmlierum
3004 976 3209 1046 scripta
3240 976 3570 1040 referuntur,
3603 975 3659 1028 in

2081 1069 2226 1119 omni
2256 1081 2452 1136 gerere
2477 1068 2725 1121 castitate
2753 1066 2884 1138 (15).

2151 1155 2242 1211 21.
2289 1154 2534 1210 Salutate
2589 1155 2951 1209 Andronicum
2998 1166 3045 1211 et
3103 1155 3346 1223 Juniam,
3410 1167 3661 1226 cognatos

2081 1260 2224 1297 meos
2258 1254 2306 1297 et
2331 1246 2665 1315 concaptivos
2695 1263 2857 1310 meos,
2888 1247 2979 1317 qui
3001 1257 3120 1301 sunt
3150 1248 3347 1301 nobiles
3369 1251 3423 1300 in
3450 1257 3663 1316 aposto-

2081 1335 2169 1401 lis,
2191 1338 2282 1406 qui
2314 1346 2363 1389 et
2387 1348 2510 1391 ante
2538 1354 2619 1390 me
2644 1337 2863 1406 fuerunt
2895 1340 2949 1391 in
2976 1337 3189 1392 Christo
3220 1339 3285 1392 θ’.
3318 1337 3503 1393 Potest
3534 1339 3659 1406 qui-

2082 1428 2201 1481 dem
2232 1427 2347 1482 ﬁeri
2380 1438 2438 1481 ut
2469 1436 2526 1481 et
2561 1430 2861 1483 secundum
2897 1444 3118 1483 carnem
3168 1429 3253 1483 isti
3293 1429 3508 1498 cognati
3543 1428 3662 1483 fue-

2081 1520 2195 1574 rint
2214 1518 2393 1585 Pauli,
2423 1529 2477 1575 et
2507 1528 2629 1574 ante
2660 1523 2831 1592 ipsum
2864 1521 3215 1588 crediderint,
3237 1530 3293 1576 et
3325 1522 3535 1576 nobiles
3558 1521 3660 1575 ha-

2084 1611 2178 1664 biti
2214 1611 2325 1666 sint
2363 1612 2414 1665 in
2453 1612 2710 1682 apostolis
2743 1612 2988 1678 Christi;
3032 1612 3100 1667 de
3158 1613 3353 1682 quibus
3408 1612 3662 1683 possibile

2084 1711 2168 1757 cst
2190 1712 2245 1757 et
2285 1702 2415 1756 illud
2448 1702 2696 1773 intelligi,
2723 1703 2867 1771 quod
2902 1691 3153 1758 fortassis
3186 1720 3252 1757 ex
3293 1703 3398 1758 illis
3448 1711 3664 1771 septua-

2083 1798 2229 1864 ginta
2261 1796 2474 1849 duobus
2502 1796 2594 1863 qui
2643 1803 2699 1848 et
2761 1795 2861 1863 ipsi
2920 1795 3146 1864 apostoli
3198 1796 3457 1849 nominati
3511 1804 3659 1859 sunt,

399 1889 649 1953 gentium.
692 1885 844 1941 Unde
877 1895 1104 1955 apparet
1144 1898 1242 1937 eos
1267 1882 1543 1939 ofﬁciosos
1588 1896 1637 1941 et
1681 1886 1979 1956 hospitales
2011 1868 2052 1923 Β
2085 1888 2304 1952 tulerint,
2330 1897 2385 1942 et
2412 1888 2532 1940 ideo
2563 1885 2768 1941 nobiles
2813 1900 2907 1939 eos
2942 1887 2992 1939 in
3022 1886 3280 1955 apostolis
3309 1886 3475 1950 dicat,
3521 1894 3576 1939 et
3606 1885 3660 1941 in

398 1977 674 2031 exstitisse
702 1993 828 2046 erga
863 1992 1055 2031 omnes
1084 1976 1283 2033 fratres
1314 1978 1518 2039 ﬁdeles,
1550 1994 1653 2033 non
1689 1979 1861 2034 solum
1887 1981 1979 2050 qui

398 2084 464 2120 ex
495 2066 715 2133 Jndteis,
752 2071 845 2123 sed
874 2071 1039 2123 etiam
1072 2071 1163 2139 qui
1197 2085 1263 2124 ex
1305 2072 1556 2140 gentibus
1599 2072 1978 2126 credidissent.

401 2158 591 2229 Magna
626 2162 770 2214 enim
802 2161 973 2230 gratia
1006 2161 1060 2214 in
1108 2162 1493 2231 hospitalitatis
1537 2162 1719 2219 ofﬁcio
1754 2179 1860 2216 non
1893 2179 1983 2218 so-

400 2250 509 2304 lum
549 2253 688 2321 apud
728 2252 915 2316 Deum,
947 2252 1041 2305 sed
1091 2260 1148 2305 et
1204 2253 1345 2321 apud
1397 2253 1645 2307 homines
1683 2255 1978 2309 invenitur.

399 2344 533 2407 Quae
570 2353 745 2397 tamen
780 2357 866 2396 res
901 2345 1157 2412 quoniam
1191 2359 1295 2397 non
1334 2346 1506 2399 solum
1544 2346 1596 2401 in
1630 2345 1905 2400 voluntate
1928 2359 1983 2403 et

405 2435 682 2502 proposito
707 2434 876 2505 682
907 2434 1272 2501 dominorum,
1303 2435 1395 2489 sed
1428 2448 1485 2491 et
1517 2451 1673 2507 grato
1728 2453 1793 2493 ac
1838 2439 1979 2495 ﬁdeli

399 2510 645 2582 constitit
666 2527 779 2597 (11)
812 2525 1112 2579 ministerio
1180 2524 1531 2593 famulorum,
1561 2528 1763 2583 idcirco
1792 2546 1984 2585 attines

400 2620 494 2686 qui
527 2619 887 2672 ministerium
921 2619 1061 2672 istud
1096 2634 1221 2673 cum
1276 2620 1406 2688 ipsis
1435 2618 1669 2673 ﬁdeliter
1720 2620 1983 2691 adimple-

397 2706 552 2775 bant,
583 2708 926 2762 domesticam
954 2726 1132 2761 eorum
1161 2710 1460 2763 nominavit
1491 2708 1809 2763 Ecclesiam.

474 2800 562 2853 19.
607 2799 852 2854 Salutate
892 2798 1217 2868 Epirenetum
1262 2792 1509 2853 dilectum
1540 2817 1734 2866 meum,
1780 2803 1871 2872 qui
1906 2811 1985 2857 est

398 2889 616 2944 initium
645 2891 788 2943 Asia:
832 2890 890 2943 in
926 2888 1133 2945 Christo
1180 2891 1246 2944 ".
1282 2891 1380 2944 Hic
1410 2892 1718 2962 Ephenetus
1774 2895 1985 2947 videtur

402 2984 536 3037 mihi
569 2984 811 3038 omnium
842 2966 1050 3053 primus
1082 3001 1148 3039 ex
1200 2984 1331 3038 Asia
1362 2985 1696 3051 credidisse;
1748 2988 1891 3041 unde
1930 2996 1985 3041 et

402 3078 618 3133 initium
651 3092 775 3131 eum
806 3078 1059 3134 Ecclesiae
1088 3076 1397 3149 appellavit,
1436 3079 1545 3141 vel,
1592 3090 1653 3133 ιιι
1698 3080 1750 3133 in
1791 3079 1982 3136 Graeco

404 3171 693 3236 habeatur,
743 3172 1010 3241 primitias
1059 3173 1201 3227 Asia:
1250 3190 1269 3226 :
1341 3172 1441 3225 nisi
1501 3172 1703 3241 aliquid
1758 3174 1985 3243 profun-

405 3265 528 3319 dius
550 3263 663 3335 (12)
703 3280 888 3319 sermo
921 3265 1021 3318 iste
1055 3265 1343 3335 signiticet,
1375 3274 1435 3319 ut
1473 3265 1840 3335 intelligamus
1887 3283 1984 3319 an-

405 3357 555 3426 gelos
579 3356 697 3421 Dei,
740 3358 828 3426 qui
870 3357 1127 3412 Ecclesiis
1174 3368 1434 3428 praesunt,
1485 3356 1683 3412 olferre
1741 3359 1983 3428 singulos

383 3466 649 3524 .qnosque
678 3453 944 3522 primitias
970 3453 1078 3508 Deo
1116 3470 1181 3507 ex
1212 3454 1294 3508 his
1319 3453 1411 3523 qui
1435 3454 1698 3518 credunt;
1731 3453 1984 3521 primitias

405 3549 589 3596 autem
620 3542 760 3609 apud
790 3542 1236 3611 illosjudicentur
1262 3558 1367 3596 non
1401 3541 1457 3596 in
1489 3542 1574 3595 Itis
1615 3543 1706 3611 qui
1741 3551 1986 3609 tempore

403 3633 564 3705 primi
588 3642 736 3698 sunt,
761 3635 853 3687 sed
875 3634 965 3703 qni
1006 3633 1294 3688 virtutibus
1321 3642 1376 3688 ct
1408 3634 1619 3688 meritis
1646 3634 1980 3702 praecellunt.

405 3723 648 3790 Quorum
682 3724 860 3777 sciens
907 3739 1002 3793 per
1032 3723 1292 3793 Spiritum
1332 3721 1533 3777 Paulus
1553 3723 1873 3779 electionem
1900 3740 1986 3778 er-

406 3832 472 3880 ga
498 3814 860 3884 Ephenetum,
888 3827 938 3869 et
968 3816 1109 3883 quod
1152 3814 1265 3885 (15)
1312 3817 1485 3883 ipsum
1536 3832 1603 3869 ex
1650 3817 1797 3870 omni
1848 3818 1984 3872 ﬁde-

348 3932 355 3939 -
403 3907 535 3961 lium
563 3922 811 3974 numero,
844 3908 934 3976 qui
978 3920 1136 3961 erant
1186 3909 1238 3960 itt
1276 3908 1426 3969 Asia,
1466 3907 1663 3962 electio
1719 3908 1987 3962 invenerit

406 3998 743 4067 angelorum,
772 3998 1059 4065 appellavit
1083 4014 1206 4053 eum
1232 4000 1496 4063 primitias
1521 3999 1681 4053 Asite.
1714 3999 1818 4052 Sed
1852 4009 1905 4054 et
1931 4000 1984 4054 in

406 4090 510 4144 alia
543 4090 781 4157 Epistola
807 4091 851 4122 ⁸⁸
886 4091 1017 4145 dicit
1045 4091 1114 4146 de
1136 4090 1482 4160 quibusdam,
1507 4089 1649 4157 Quia
1674 4091 1780 4144 sint
1808 4093 1988 4161 primi-

406 4184 500 4237 tiae
524 4182 738 4236 Achaia:
764 4201 784 4248 ;
811 4188 1056 4237 eamdem
1082 4182 1199 4236 sine
1224 4180 1389 4236 dubio
1434 4182 1766 4237 sacramenti
1819 4183 1988 4236 ratio-

409 4287 530 4326 nem
564 4273 725 4325 etiam
754 4272 807 4324 in
836 4272 942 4325 illis
969 4272 1265 4341 aspiciens.

476 4365 569 4419 20.
603 4363 843 4419 Salutate
880 4365 1131 4431 Mariam,
1182 4384 1301 4437 qua:
1340 4368 1560 4419 multum
1616 4366 1876 4419 laboravit
1928 4366 1985 4419 in

2085 1979 2168 2033 his
2209 1978 2468 2048 apostolis
2516 1976 2608 2047 qui
2673 1986 2800 2031 ante
2834 1990 2955 2029 eunt
2986 1974 3231 2030 fuerunt.
3268 1975 3375 2031 Sed
3429 1984 3485 2031 et
3533 1976 3661 2030 illud

2084 2086 2170 2125 nte
2200 2070 2556 2139 movetquod
2586 2070 2696 2135 ait;
2742 2069 3078 2137 concaptivos
3126 2086 3291 2125 meos.
3342 2067 3472 2135 Quae
3514 2071 3659 2125 enim

2083 2172 2200 2217 erat
2223 2161 2374 2216 Pauli
2402 2161 2714 2228 captivitas,
2750 2160 2801 2213 in
2835 2175 2942 2229 qua
2968 2160 3070 2215 sibi
3097 2161 3262 2214 etiam
3297 2160 3662 2215 Andronicum

2083 2268 2132 2308 ct
2161 2253 2375 2310 Iuniam
2406 2252 2757 2321 concaptivos
2786 2265 2906 2304 esse
2937 2261 3165 2305 testatur
3201 2250 3362 2321 (17)?
3392 2251 3491 2306 nisi
3526 2252 3664 2306 forte

2084 2346 2436 2416 profundiore
2469 2345 2729 2415 mysterio
2755 2345 2821 2397 ad
2867 2342 3015 2397 illam
3055 2344 3408 2412 respiciamus
3436 2344 3665 2414 captivi-

2087 2450 2270 2500 tatem,
2305 2452 2466 2506 qnam
2489 2436 2739 2489 Christus
2765 2436 2914 2489 venit
2955 2436 3255 2500 absolvere,
3296 2437 3363 2488 de
3399 2450 3501 2503 qua
3535 2436 3669 2489 seri-

2082 2536 2232 2595 ptnm
2255 2535 2338 2579 est
2354 2525 2419 2588 ⁸³,
2434 2525 2622 2579 venire
2644 2533 2698 2577 et
2723 2525 2852 2578 dare
2874 2540 2996 2579 eum
3019 2527 3247 2596 captivis
3269 2526 3663 2591 remissionem,

2084 2618 2245 2671 caecis
2284 2619 2485 2670 visum.
2515 2616 2568 2669 In
2601 2631 2707 2685 qua
2742 2618 3056 2686 captivitate
3081 2618 3332 2671 videntur
3372 2633 3478 2672 una
3504 2626 3667 2685 atque

2084 2710 2275 2764 eadem
2303 2709 2513 2763 ratione
2569 2710 2659 2761 isti
2684 2723 2827 2774 esse,
2863 2725 2967 2778 qua
3005 2720 3060 2763 et
3113 2710 3309 2764 Paulus
3337 2720 3475 2764 erat.
3503 2710 3669 2769 Verbi

2083 2802 2224 2854 enim
2248 2801 2421 2870 gratia
2450 2800 2494 2855 si
2522 2800 2769 2856 dicamus
2795 2818 2809 2854 :
2838 2800 2972 2856 Cum
3014 2801 3266 2870 captivus
3300 2810 3446 2855 esset
3499 2816 3669 2870 popu-

2086 2894 2168 2947 lus
2189 2893 2354 2948 Israel
2380 2895 2522 2962 apud
2551 2894 2806 2965 Assyrios
2835 2894 2916 2948 vel
2947 2893 3295 2965 Babylonios,
3319 2908 3514 2948 omnes
3536 2892 3663 2963 qui-

2084 2988 2207 3041 dem
2240 2987 2569 3042 videbantur
2604 3002 2726 3042 esse
2762 2987 2996 3055 captivi;
3028 2988 3122 3040 sed
3155 2986 3257 3039 alia
3304 2984 3444 3041 ratio
3482 2986 3533 3039 in
3557 3000 3667 3040 ca:-

2088 3082 2220 3135 teris
2244 3080 2577 3149 captivitatis
2610 3080 2748 3151 (18),
2780 3080 2884 3134 alia
2919 3080 2970 3133 in
3026 3078 3264 3140 Daniele,
3326 3086 3381 3133 et
3433 3078 3668 3143 Anania,

2088 3185 2249 3242 atque
2275 3174 2467 3227 Azaria
2497 3174 2580 3227 vel
2602 3172 2812 3228 Misael.
2842 3173 2922 3227 llli
2951 3172 3095 3227 enim
3124 3172 3321 3239 captivi
3347 3180 3503 3225 erant
3564 3185 3663 3239 pro

2090 3266 2328 3334 peccatis
2358 3265 2508 3332 suis;
2541 3266 2630 3320 isti
2685 3279 2817 3319 vero
2875 3279 2975 3334 pro
3013 3262 3384 3318 consolatione
3432 3262 3674 3331 captivo-

2090 3374 2209 3413 rum
2248 3366 2407 3410 erant
2445 3357 2612 3411 etiam
2667 3356 2769 3425 ipsi
2802 3354 3044 3425 captivi:
3098 3361 3153 3408 et
3204 3355 3327 3407 ideo
3382 3352 3425 3406 si
3468 3353 3673 3406 diceret

2095 3448 2283 3504 Daniel
2318 3448 2385 3503 de
2416 3449 2596 3516 aliquo
2623 3462 2733 3501 uno
2768 3461 2835 3500 ex
2875 3445 3033 3515 plebe
3059 3442 3451 3513 :Concaptivus
3498 3458 3672 3507 meus,

2093 3558 2202 3598 non
2234 3542 2307 3595 ita
2339 3540 2727 3595 convenienter
2760 3539 2863 3593 dici
2911 3536 3223 3601 videbatur,
3272 3543 3332 3589 ut
3372 3535 3419 3589 si
3467 3535 3673 3589 diceret

2093 3636 2159 3689 de
2185 3635 2417 3699 Anania,
2451 3642 2508 3686 et
2536 3631 2759 3698 Azaria,
2793 3639 2849 3685 et
2889 3629 3095 3694 Misael,
3122 3630 3424 3697 concaptivi
3457 3626 3582 3680 tnei.
3618 3625 3672 3679 ln

2095 3726 2212 3780 isﬁs
2237 3724 2382 3778 enim
2420 3738 2526 3776 una
2560 3722 2893 3791 captivitatis
2939 3733 3019 3775 est
3064 3721 3223 3786 ratio,
3268 3735 3390 3789 quae
3442 3719 3596 3789 longe
3645 3735 3672 3768 a

2092 3816 2287 3885 reliqui
2314 3812 2497 3883 p0puli
2536 3812 2748 3865 ratione
2774 3812 2991 3865 diversa
3038 3819 3118 3864 est
3151 3809 3284 3881 (19).
3318 3808 3395 3863 ita
3453 3824 3582 3877 ergo
3623 3818 3676 3860 ct

2095 3908 2295 3961 Paulus
2335 3906 2441 3960 tale
2476 3904 2685 3974 aliquid
2720 3903 2787 3957 de
2830 3918 2891 3957 se
2931 3912 2988 3957 et
3023 3902 3357 3968 Andronico,
3398 3915 3461 3954 ac
3494 3897 3673 3962 Junia,

2094 4001 2390 4055 secundum
2414 3997 2735 4052 occultioris
2765 3996 3094 4050 sacramenti
3131 3996 3351 4048 intuens
3383 3993 3674 4054 rationem,

2094 4094 2425 4162 concaptivos
2452 4105 2546 4145 eos
2581 4089 2683 4145 sibi
2719 4091 2772 4144 in
2806 4094 2910 4145 hoc
2954 4091 3153 4144 mundo
3192 4088 3457 4153 nominat,
3485 4096 3542 4141 et
3581 4102 3677 4139 no-

2093 4184 2219 4237 biles
2246 4185 2302 4236 in
2334 4180 2605 4253 apostolis.

2162 4275 2234 4330 22
2297 4274 2544 4330 Salutate
2565 4272 2894 4343 Ampliatum
2949 4271 3198 4326 dilectum
3220 4286 3390 4324 meum
3414 4269 3468 4322 in
3496 4266 3676 4320 Domi-

2094 4382 2161 4419 no
2190 4364 2258 4419 “.
2292 4363 2432 4418 Huic
2462 4364 2716 4433 quamvis
2744 4363 2875 4417 nihil
2917 4362 3194 4431 egregium
3224 4375 3335 4429 pra:
3379 4358 3591 4413 caeteris
3622 4356 3673 4409 in

405 4459 547 4511 vobis
574 4458 620 4489 ”
656 4458 791 4529 (11).
822 4460 985 4513 Docet
1008 4470 1063 4514 et
1097 4461 1149 4513 in
1183 4460 1287 4515 hoc
1322 4460 1522 4515 debere
1544 4461 1708 4514 etiam
1749 4459 1983 4514 feminas
2016 4449 2061 4504 Ι)
2092 4457 2249 4511 laude
2278 4456 2527 4510 videatur
2554 4454 2851 4518 ascribere,
2898 4464 3078 4507 tamen
3119 4453 3222 4506 hoc
3272 4450 3389 4518 ipso
3425 4448 3570 4518 quod
3597 4446 3680 4501 di-

473 4621 519 4653 ⁸³
546 4623 664 4675 Act.
688 4638 846 4694 svnt,
886 4623 1004 4677 1-5.
1055 4625 1128 4694 γη
1150 4625 1272 4694 Act.
1301 4639 1449 4693 mn,
1493 4623 1527 4677 5
1579 4640 1663 4694 sq.

1742 4625 1786 4656 ⁸⁷
1815 4623 1970 4674 ltom.
2022 4635 2137 4675 xw.
2197 4615 2250 4670 5.
2325 4613 2370 4645 ⁸⁵
2401 4613 2416 4667 Ι
2449 4614 2577 4668 Cor.
2608 4627 2723 4678 xvr,
2755 4610 2844 4665 15.
2920 4609 2967 4641 ⁸⁹
3010 4609 3166 4663 Rom.
3200 4621 3310 4673 xvt,
3339 4605 3395 4660 6.

3487 4604 3533 4635 σο
3561 4602 3675 4657 Tit.

403 4707 466 4757 t2,
494 4695 548 4749 4.
619 4694 661 4724 ⁸³
689 4694 705 4746 1
738 4684 878 4748 Tim.
915 4709 966 4761 ν,
1007 4693 1096 4748 10.
1174 4696 1219 4726 θ’
1238 4684 1397 4749 Rom.
1437 4684 1549 4761 iw,
1580 4684 1643 4748 7:
1713 4694 1758 4725 ⁸³
1789 4693 1923 4748 Luc.
1960 4707 1974 4746 ι

2081 4690 2156 4745 19.
2233 4686 2280 4716 ⁸⁵
2310 4685 2470 4738 ιὶυιιι.
2495 4699 2609 4748 XVI,
2629 4684 2684 4736 8.

481 4874 559 4947 (9)
590 4875 870 4947 “abantis,
900 4886 958 4930 ut
979 4876 1089 4947 qui,
1113 4874 1277 4931 male.

485 4945 596 5017 (10)
621 4946 786 5017 Edili,
816 4945 1037 5000 Romam
1069 4946 1311 5017 ingressi,
1346 4945 1505 5017 male.

481 5012 595 5087 (ll)
624 5015 719 5069 Ms.
756 5017 953 5087 Regius
988 5012 1142 5071 nunt:
1175 5017 1339 5080 1659,
1361 5016 1622 5071 consistit.
1648 5012 1824 5087 Paulo
1867 5021 1991 5082 post

412 5086 967 5154 editi,'adimpletterit,
990 5095 1064 5151 et,
1097 5087 1538 5147 adimpleverunt.
1566 5086 1772 5141 Deinde
1810 5100 1991 5138 eorum

414 5158 725 5213 restituitur
754 5171 819 5208 ex
854 5172 956 5211 ms.
991 5157 1163 5222 Regio
1193 5172 1345 5210 num.
1394 5156 1552 5211 1659.

488 5228 600 5299 (12)
637 5225 735 5299 Ms.
765 5226 968 5299 Regius
1006 5242 1156 5281 num.
1191 5225 1358 5289 1659,
1392 5227 1495 5299 nisi
1518 5228 1582 5299 psi
1625 5226 1829 5299 aliquid
1870 5240 1988 5299 pro-

418 5295 660 5368 fundius.
685 5296 889 5368 Deinde
918 5312 1109 5368 omnes
1126 5312 1269 5368 mssa
1303 5307 1357 5350 et
1400 5296 1552 5368 editi,
1598 5295 1767 5368 sequo
1792 5297 1890 5368 iste
1918 5295 1994 5349 si-

416 5365 669 5437 gniﬁcat;
696 5367 788 5421 sed
812 5370 1013 5422 rectius
1043 5366 1317 5430 Rabanns,
1347 5366 1623 5436 signiﬁcet.
1672 5365 1839 5420 Paulo
1872 5373 1998 5434 post

416 5437 569 5491 editi.
598 5438 901 5491 iudicentur
932 5440 1057 5491 (ms.
1114 5437 1318 5491 Brittius
1368 5453 1515 5490 num.
1552 5435 1709 5491 1659.
1748 5437 1997 5491 iudican-

409 5440 901 5505 editi,judicentur
932 5440 1057 5507 (ms.
1114 5440 1318 5505 Regius
1368 5453 1515 5490 num.
1552 5440 1709 5503 1659,
1738 5440 1924 5506 judica

412 5507 525 5575 tur)
550 5524 653 5561 non
675 5508 730 5560 hi
768 5509 859 5576 qui
897 5518 1131 5576 tempore
1158 5509 1313 5576 primi
1336 5516 1482 5561 sunt.

486 5577 600 5648 (15)
627 5578 720 5632 Sic
745 5575 936 5634 omnes
981 5593 1113 5632 mss.
1147 5588 1202 5630 et
1251 5575 1404 5631 editi.
1453 5576 1715 5631 Rabanus
1752 5590 1903 5640 vero,
1936 5590 1996 5629 eo

407 5651 574 5716 quod.
599 5659 707 5703 etc.

488 5718 599 5787 (14)
637 5718 775 5771 Editi
812 5728 867 5772 et
895 5734 998 5773 ms.
1029 5717 1229 5787 Regius
1257 5732 1409 5770 num.
1444 5716 1602 5783 1659,
1635 5719 1689 5771 in
1718 5716 1887 5771 nobis.

494 5787 606 5851 (15)
632 5788 708 5841 lla
743 5804 844 5842 ms.
871 5788 1074 5856 Regius
1106 5804 1256 5842 nunt.
1290 5787 1449 5841 1659.
1478 5790 1583 5841 Sed
1627 5788 1806 5842 ueteri
1843 5801 1995 5849 tnss.,

415 5857 680 5927 (labantis
710 5869 765 5914 et
785 5858 942 5936 editi,
970 5861 1023 5913 in
1047 5860 1394 5929 omniyeuere
1420 5860 1707 5924 castitatis.

2169 4868 2282 4943 (16)
2313 4867 2404 4922 Sic
2434 4882 2565 4943 mss.
2599 4864 2802 4943 Regius
2826 4877 2979 4943 num.
3006 4861 3181 4943 1659..
3202 4860 3277 4943 Ita
3326 4863 3495 4943 etiam
3547 4862 3678 4943 editi

2096 4930 2371 5012 plerique,
2402 4940 2494 5007 qui
2526 4930 2732 5012 habent
2769 4935 2822 4987 in
2849 4934 2979 5012 ti‘ne,
3017 4933 3072 4987 in
3110 4931 3326 5012 _Cltristo
3353 4930 3529 5012 rJesu.
3558 4932 3678 5012 Sed

2099 5000 2281 5065 Easteri
2326 5000 2482 5075 mss},
2514 5020 2560 5061 et
2593 5006 2682 5075 qui
2720 5013 2843 5057 ante
2868 5004 3079 5070 fuerunt
3103 5005 3158 5056 in
3183 5000 3397 5056 Christo
3419 5042 3433 5067 ,
3455 5004 3682 5075 oiniSsis

2098 5081 2179 5134 me
2207 5093 2255 5134 et
2288 5079 2440 5143 Iesu,
2468 5071 2780 5147 quae'voces
2809 5075 3137 5128 omittuntur
3172 5074 3337 5128 etiam
3386 5088 3416 5125 a
3451 5071 3685 5131 Babano

2100 5163 2156 5206 et
2194 5152 2247 5205 in
2279 5150 2517 5204 editione
2551 5147 2778 5200 Veneta.

2172 5221 2286 5290 (17)
2317 5220 2481 5284 Editi,
2501 5228 2762 5290 cognatos
2782 5224 2833 5269 et
2858 5216 3189 5290 concaptivos
3206 5229 3322 5267 esse
3344 5216 3614 5290 testatur?

2168 5285 2280 5361 (18)
2304 5290 2467 5355 Editi,
2501 5285 2659 5341 Verbi
2679 5287 2815 5361 enim
2838 5287 3013 5361 gratia
3038 5287 3375 5361 sic_dicamus
3400 5285 3542 5361 quod
3565 5302 3684 5361 cum

2104 5354 2343 5428 captiuus
2382 5354 2512 5413 esset
2536 5358 2761 5426 populus
2787 5354 2959 5409 Israel
2996 5355 3408 5428 apnd_A_ssyri_os
3440 5355 3518 5428 uel
3572 5357 3683 5428 lla-

2103 5424 2366 5501 bylonios,
2392 5424 2799 5501 omnesquidem
2834 5435 2988 5501 erant
3020 5425 3354 5501 captitvi,_sed
3398 5424 3507 5476 alia
3546 5427 3679 5501 ratio

2101 5496 2156 5555 in
2199 5505 2401 5555 caeteris
2436 5499 2679 5567 captivis,
2707 5508 2813 5551 etc.
2841 5498 2946 5549 Sed
2979 5512 3136 5559 mss.,
3168 5496 3448 5557 ltabanus,
3488 5505 3542 5547 et
3567 5497 3687 5547 edi-

2104 5575 2179 5626 tio
2212 5572 2409 5624 Veneta
2435 5570 2574 5623 hunc
2606 5568 2784 5622 locum
2807 5568 3175 5621 restitnuntut
3199 5568 3250 5617 in
3290 5574 3477 5618 nostro
3510 5574 3681 5618 textu.

2102 5642 2203 5697 Ms.
2245 5651 2423 5694 tamen
2455 5640 2653 5709 Regius
2682 5653 2839 5709 num.
2872 5636 3007 5691 1659
3035 5649 3087 5709 et
3119 5635 3372 5709 Rabanns
3397 5635 3600 5688 habent
3627 5642 3687 5687 ut

2106 5714 2160 5767 in
2193 5712 2378 5766 editis.
2405 5714 2492 5763 sed
2520 5705 2631 5762 alia
2664 5712 2803 5760 ratio
2826 5708 2883 5760 in
2914 5707 3116 5761 cwteris
3151 5705 3396 5775 captivis,
3431 5714 3538 5759 etc.

2181 5780 2294 5852 (19)
2330 5781 2496 5845 Editi,
2527 5793 2643 5849 qua:
2680 5778 2833 5847 longe
2876 5795 2908 5831 a
2959 5775 3174 5846 reliquis
3226 5776 3431 5831 ratione
3474 5777 3690 5839 diversa.

2104 5862 2203 5914 εει.
