  <div class='ocr_page' id='page_1' title='image "/cluster/home/n/w/nwhite01/storage/ocr_20150623/14:no.4/coo.31924054872928/652.png"; bbox 0 0 4150 6398; ppageno 0'>
   <div class='ocr_carea' id='block_1_1' title="bbox 372 386 504 444">
    <p class='ocr_par' dir='ltr' id='par_1_1' title="bbox 372 386 504 444">
     <span class='ocr_line' id='line_1_1' title="bbox 372 386 504 444; baseline 0.015 -4"><span class='ocrx_word' id='word_1_1' title='bbox 372 386 504 444; x_wconf 68' lang='grc'><strong>1281</strong></span> 
     </span>
    </p>
   </div>
   <div class='ocr_carea' id='block_1_2' title="bbox 1326 378 2674 443">
    <p class='ocr_par' dir='ltr' id='par_1_2' title="bbox 1326 378 2674 443">
     <span class='ocr_line' id='line_1_2' title="bbox 1326 378 2674 443; baseline -0.008 0"><span class='ocrx_word' id='word_1_2' title='bbox 1326 384 1686 443; x_wconf 74' lang='lat' dir='ltr'><strong>COMMENT.</strong></span> <span class='ocrx_word' id='word_1_3' title='bbox 1725 381 1792 437; x_wconf 83' lang='lat' dir='ltr'><strong>IN</strong></span> <span class='ocrx_word' id='word_1_4' title='bbox 1830 378 2053 437; x_wconf 82' lang='lat' dir='ltr'><strong>EPIST.</strong></span> <span class='ocrx_word' id='word_1_5' title='bbox 2092 381 2184 435; x_wconf 81' lang='lat' dir='ltr'><strong>AD</strong></span> <span class='ocrx_word' id='word_1_6' title='bbox 2227 380 2394 437; x_wconf 79' lang='lat' dir='ltr'><strong>ROM.</strong></span> <span class='ocrx_word' id='word_1_7' title='bbox 2427 378 2560 434; x_wconf 86' lang='lat' dir='ltr'><strong>LIB.</strong></span> <span class='ocrx_word' id='word_1_8' title='bbox 2607 378 2674 433; x_wconf 79' lang='grc' dir='ltr'><strong>Χ.</strong></span> 
     </span>
    </p>
   </div>
   <div class='ocr_carea' id='block_1_3' title="bbox 3493 380 3637 437">
    <p class='ocr_par' dir='ltr' id='par_1_3' title="bbox 3493 380 3637 437">
     <span class='ocr_line' id='line_1_3' title="bbox 3493 380 3637 437; baseline 0.014 -2"><span class='ocrx_word' id='word_1_9' title='bbox 3493 380 3637 437; x_wconf 75' lang='grc'>1282</span> 
     </span>
    </p>
   </div>
   <div class='ocr_carea' id='block_1_4' title="bbox 372 490 1942 573">
    <p class='ocr_par' dir='ltr' id='par_1_4' title="bbox 372 499 1942 573">
     <span class='ocr_line' id='line_1_4' title="bbox 372 499 1942 573; baseline 0 -16"><span class='ocrx_word' id='word_1_10' title='bbox 372 504 542 559; x_wconf 86' lang='lat' dir='ltr'><strong>lectus</strong></span> <span class='ocrx_word' id='word_1_11' title='bbox 564 512 649 559; x_wconf 86' lang='lat' dir='ltr'><strong>est</strong></span> <span class='ocrx_word' id='word_1_12' title='bbox 678 503 852 572; x_wconf 86' lang='lat' dir='ltr'><strong>Pauli,</strong></span> <span class='ocrx_word' id='word_1_13' title='bbox 885 499 1170 560; x_wconf 84' lang='lat' dir='ltr'><strong>laudabilis</strong></span> <span class='ocrx_word' id='word_1_14' title='bbox 1196 511 1250 556; x_wconf 86' lang='lat' dir='ltr'><strong>et</strong></span> <span class='ocrx_word' id='word_1_15' title='bbox 1271 503 1600 560; x_wconf 71' lang='lat' dir='ltr'><strong>salutatione</strong></span> <span class='ocrx_word' id='word_1_16' title='bbox 1627 503 1823 573; x_wconf 81' lang='lat' dir='ltr'><strong>dignus</strong></span> <span class='ocrx_word' id='word_1_17' title='bbox 1865 502 1942 557; x_wconf 88' lang='lat' dir='ltr'><strong>el-</strong></span> 
     </span>
    </p>
   </div>
   <div class='ocr_carea' id='block_1_5' title="bbox 2045 490 3633 573">
    <p class='ocr_par' dir='ltr' id='par_1_5' title="bbox 2119 490 3633 566">
     <span class='ocr_line' id='line_1_5' title="bbox 2119 490 3633 566; baseline -0.002 -16"><span class='ocrx_word' id='word_1_18' title='bbox 2119 498 2209 551; x_wconf 88' lang='grc'><strong>29.</strong></span> <span class='ocrx_word' id='word_1_19' title='bbox 2247 494 2488 550; x_wconf 84' lang='lat' dir='ltr'><strong>Salutate</strong></span> <span class='ocrx_word' id='word_1_20' title='bbox 2516 490 2796 547; x_wconf 75' lang='lat' dir='ltr'><strong>Persidem</strong></span> <span class='ocrx_word' id='word_1_21' title='bbox 2821 492 3213 561; x_wconf 75' lang='lat' dir='ltr'><strong>charissimam,</strong></span> <span class='ocrx_word' id='word_1_22' title='bbox 3253 510 3371 566; x_wconf 65' lang='lat' dir='ltr'><strong>quia</strong></span> <span class='ocrx_word' id='word_1_23' title='bbox 3406 496 3633 548; x_wconf 85' lang='lat' dir='ltr'><strong>multum</strong></span> 
     </span>
    </p>
   </div>
   <div class='ocr_carea' id='block_1_6' title="bbox 369 594 574 652">
    <p class='ocr_par' dir='ltr' id='par_1_6' title="bbox 369 594 574 652">
     <span class='ocr_line' id='line_1_6' title="bbox 369 594 574 652; baseline 0.01 -2"><span class='ocrx_word' id='word_1_24' title='bbox 369 594 574 652; x_wconf 83' lang='lat' dir='ltr'><strong>ﬁcitur.</strong></span> 
     </span>
    </p>
   </div>
   <div class='ocr_carea' id='block_1_7' title="bbox 440 686 1952 761">
    <p class='ocr_par' dir='ltr' id='par_1_7' title="bbox 440 686 1952 761">
     <span class='ocr_line' id='line_1_7' title="bbox 440 686 1952 761; baseline -0.003 -16"><span class='ocrx_word' id='word_1_25' title='bbox 440 690 532 747; x_wconf 79' lang='lat'><strong>25.</strong></span> <span class='ocrx_word' id='word_1_26' title='bbox 573 691 819 748; x_wconf 80' lang='lat' dir='ltr'><strong>Salutate</strong></span> <span class='ocrx_word' id='word_1_27' title='bbox 858 686 1131 748; x_wconf 83' lang='lat' dir='ltr'><strong>Urbanum</strong></span> <span class='ocrx_word' id='word_1_28' title='bbox 1176 691 1475 761; x_wconf 87' lang='lat' dir='ltr'><strong>adjutorem</strong></span> <span class='ocrx_word' id='word_1_29' title='bbox 1527 705 1699 743; x_wconf 87' lang='lat' dir='ltr'><strong>meum</strong></span> <span class='ocrx_word' id='word_1_30' title='bbox 1743 687 1857 760; x_wconf 88' lang='lat'><strong>(20)</strong></span> <span class='ocrx_word' id='word_1_31' title='bbox 1896 690 1952 742; x_wconf 88' lang='lat' dir='ltr'><strong>in</strong></span> 
     </span>
    </p>
   </div>
   <div class='ocr_carea' id='block_1_8' title="bbox 371 777 1948 853">
    <p class='ocr_par' dir='ltr' id='par_1_8' title="bbox 371 777 1948 853">
     <span class='ocr_line' id='line_1_8' title="bbox 371 777 1948 853; baseline 0 -20"><span class='ocrx_word' id='word_1_32' title='bbox 371 777 605 845; x_wconf 76' lang='lat' dir='ltr'><strong>Christo,</strong></span> <span class='ocrx_word' id='word_1_33' title='bbox 628 791 676 834; x_wconf 89' lang='lat' dir='ltr'><strong>et</strong></span> <span class='ocrx_word' id='word_1_34' title='bbox 704 778 940 853; x_wconf 86' lang='lat' dir='ltr'><strong>Stachyn</strong></span> <span class='ocrx_word' id='word_1_35' title='bbox 990 782 1238 835; x_wconf 88' lang='lat' dir='ltr'><strong>dilectum</strong></span> <span class='ocrx_word' id='word_1_36' title='bbox 1270 798 1442 835; x_wconf 88' lang='lat' dir='ltr'><strong>meum</strong></span> <span class='ocrx_word' id='word_1_37' title='bbox 1472 781 1539 835; x_wconf 77' lang='grc'><strong>⁸⁸.</strong></span> <span class='ocrx_word' id='word_1_38' title='bbox 1597 780 1837 850; x_wconf 88' lang='lat' dir='ltr'><strong>Stachyn</strong></span> <span class='ocrx_word' id='word_1_39' title='bbox 1894 779 1948 834; x_wconf 90' lang='lat' dir='ltr'><strong>in</strong></span> 
     </span>
    </p>
   </div>
   <div class='ocr_carea' id='block_1_9' title="bbox 371 870 1952 943">
    <p class='ocr_par' dir='ltr' id='par_1_9' title="bbox 371 870 1952 943">
     <span class='ocr_line' id='line_1_9' title="bbox 371 870 1952 943; baseline 0 -17"><span class='ocrx_word' id='word_1_40' title='bbox 371 872 695 927; x_wconf 75' lang='lat' dir='ltr'><strong>salutatione</strong></span> <span class='ocrx_word' id='word_1_41' title='bbox 738 874 1037 943; x_wconf 76' lang='lat' dir='ltr'><strong>coniungit,</strong></span> <span class='ocrx_word' id='word_1_42' title='bbox 1098 874 1192 927; x_wconf 89' lang='lat' dir='ltr'><strong>sed</strong></span> <span class='ocrx_word' id='word_1_43' title='bbox 1245 873 1524 929; x_wconf 92' lang='lat' dir='ltr'><strong>Urbanum</strong></span> <span class='ocrx_word' id='word_1_44' title='bbox 1586 873 1638 926; x_wconf 90' lang='lat' dir='ltr'><strong>in</strong></span> <span class='ocrx_word' id='word_1_45' title='bbox 1701 870 1952 926; x_wconf 90' lang='lat' dir='ltr'><strong>laudibus</strong></span> 
     </span>
    </p>
   </div>
   <div class='ocr_carea' id='block_1_10' title="bbox 372 963 1949 1035">
    <p class='ocr_par' dir='ltr' id='par_1_10' title="bbox 372 963 1949 1035">
     <span class='ocr_line' id='line_1_10' title="bbox 372 963 1949 1035; baseline 0.001 -18"><span class='ocrx_word' id='word_1_46' title='bbox 372 966 632 1033; x_wconf 74' lang='lat' dir='ltr'><strong>prcetnlit.</strong></span> <span class='ocrx_word' id='word_1_47' title='bbox 660 965 813 1020; x_wconf 90' lang='lat' dir='ltr'><strong>Illum</strong></span> <span class='ocrx_word' id='word_1_48' title='bbox 843 967 985 1021; x_wconf 89' lang='lat' dir='ltr'><strong>enim</strong></span> <span class='ocrx_word' id='word_1_49' title='bbox 1013 966 1314 1034; x_wconf 88' lang='lat' dir='ltr'><strong>adjutorem</strong></span> <span class='ocrx_word' id='word_1_50' title='bbox 1340 965 1391 1018; x_wconf 93' lang='lat' dir='ltr'><strong>in</strong></span> <span class='ocrx_word' id='word_1_51' title='bbox 1423 964 1675 1029; x_wconf 85' lang='lat' dir='ltr'><strong>Christo;</strong></span> <span class='ocrx_word' id='word_1_52' title='bbox 1711 963 1949 1035; x_wconf 91' lang='lat' dir='ltr'><strong>Stachyn</strong></span> 
     </span>
    </p>
   </div>
   <div class='ocr_carea' id='block_1_11' title="bbox 368 1058 1949 1127">
    <p class='ocr_par' dir='ltr' id='par_1_11' title="bbox 368 1058 1949 1127">
     <span class='ocr_line' id='line_1_11' title="bbox 368 1058 1949 1127; baseline 0 -17"><span class='ocrx_word' id='word_1_53' title='bbox 368 1063 500 1113; x_wconf 81' lang='lat' dir='ltr'><strong>vero</strong></span> <span class='ocrx_word' id='word_1_54' title='bbox 523 1059 777 1113; x_wconf 90' lang='lat' dir='ltr'><strong>dilectum</strong></span> <span class='ocrx_word' id='word_1_55' title='bbox 833 1062 1211 1114; x_wconf 90' lang='lat' dir='ltr'><strong>tantummodo</strong></span> <span class='ocrx_word' id='word_1_56' title='bbox 1273 1059 1399 1122; x_wconf 87' lang='lat' dir='ltr'><strong>sibi,</strong></span> <span class='ocrx_word' id='word_1_57' title='bbox 1446 1060 1587 1113; x_wconf 88' lang='lat' dir='ltr'><strong>sicut</strong></span> <span class='ocrx_word' id='word_1_58' title='bbox 1618 1058 1949 1127; x_wconf 84' lang='lat' dir='ltr'><strong>Ampliatum</strong></span> 
     </span>
    </p>
   </div>
   <div class='ocr_carea' id='block_1_12' title="bbox 370 1150 1948 1221">
    <p class='ocr_par' dir='ltr' id='par_1_12' title="bbox 370 1150 1948 1221">
     <span class='ocr_line' id='line_1_12' title="bbox 370 1150 1948 1221; baseline -0.003 -16"><span class='ocrx_word' id='word_1_59' title='bbox 370 1151 694 1206; x_wconf 82' lang='lat' dir='ltr'><strong>nominavit.</strong></span> <span class='ocrx_word' id='word_1_60' title='bbox 726 1151 960 1220; x_wconf 87' lang='lat' dir='ltr'><strong>Adjutor</strong></span> <span class='ocrx_word' id='word_1_61' title='bbox 989 1161 1171 1206; x_wconf 89' lang='lat' dir='ltr'><strong>autem</strong></span> <span class='ocrx_word' id='word_1_62' title='bbox 1195 1150 1436 1221; x_wconf 89' lang='lat' dir='ltr'><strong>Apostoli</strong></span> <span class='ocrx_word' id='word_1_63' title='bbox 1478 1150 1533 1203; x_wconf 90' lang='lat' dir='ltr'><strong>in</strong></span> <span class='ocrx_word' id='word_1_64' title='bbox 1564 1151 1805 1213; x_wconf 82' lang='lat' dir='ltr'><strong>Christo,</strong></span> <span class='ocrx_word' id='word_1_65' title='bbox 1846 1165 1948 1202; x_wconf 88' lang='lat' dir='ltr'><strong>non</strong></span> 
     </span>
    </p>
   </div>
   <div class='ocr_carea' id='block_1_13' title="bbox 370 1238 1946 1313">
    <p class='ocr_par' dir='ltr' id='par_1_13' title="bbox 370 1238 1946 1313">
     <span class='ocr_line' id='line_1_13' title="bbox 370 1238 1946 1313; baseline 0.002 -19"><span class='ocrx_word' id='word_1_66' title='bbox 370 1238 516 1295; x_wconf 84' lang='lat' dir='ltr'><strong>aliud</strong></span> <span class='ocrx_word' id='word_1_67' title='bbox 545 1241 864 1311; x_wconf 82' lang='lat' dir='ltr'><strong>intelligitur</strong></span> <span class='ocrx_word' id='word_1_68' title='bbox 909 1258 1069 1313; x_wconf 90' lang='lat' dir='ltr'><strong>quam</strong></span> <span class='ocrx_word' id='word_1_69' title='bbox 1117 1242 1396 1313; x_wconf 87' lang='lat' dir='ltr'><strong>apostolici</strong></span> <span class='ocrx_word' id='word_1_70' title='bbox 1443 1243 1623 1311; x_wconf 83' lang='lat' dir='ltr'><strong>Operis</strong></span> <span class='ocrx_word' id='word_1_71' title='bbox 1653 1243 1946 1310; x_wconf 84' lang='lat' dir='ltr'><strong>particeps.</strong></span> 
     </span>
    </p>
   </div>
   <div class='ocr_carea' id='block_1_14' title="bbox 438 1333 1943 1407">
    <p class='ocr_par' dir='ltr' id='par_1_14' title="bbox 438 1333 1943 1407">
     <span class='ocr_line' id='line_1_14' title="bbox 438 1333 1943 1407; baseline 0.001 -20"><span class='ocrx_word' id='word_1_72' title='bbox 438 1333 529 1389; x_wconf 80' lang='lat'><strong>25.</strong></span> <span class='ocrx_word' id='word_1_73' title='bbox 569 1333 808 1389; x_wconf 84' lang='lat' dir='ltr'><strong>Salutate</strong></span> <span class='ocrx_word' id='word_1_74' title='bbox 859 1334 1085 1404; x_wconf 84' lang='lat' dir='ltr'><strong>Apellem</strong></span> <span class='ocrx_word' id='word_1_75' title='bbox 1163 1334 1384 1405; x_wconf 86' lang='lat' dir='ltr'><strong>probum</strong></span> <span class='ocrx_word' id='word_1_76' title='bbox 1409 1335 1464 1389; x_wconf 90' lang='lat' dir='ltr'><strong>in</strong></span> <span class='ocrx_word' id='word_1_77' title='bbox 1495 1333 1704 1388; x_wconf 87' lang='lat' dir='ltr'><strong>Christo</strong></span> <span class='ocrx_word' id='word_1_78' title='bbox 1740 1334 1785 1366; x_wconf 79' lang='grc'>⁸⁸</span> <span class='ocrx_word' id='word_1_79' title='bbox 1810 1334 1943 1407; x_wconf 85' lang='grc'>(21).</span> 
     </span>
    </p>
   </div>
   <div class='ocr_carea' id='block_1_15' title="bbox 368 1419 1947 1497">
    <p class='ocr_par' dir='ltr' id='par_1_15' title="bbox 368 1419 1947 1497">
     <span class='ocr_line' id='line_1_15' title="bbox 368 1419 1947 1497; baseline 0.003 -19"><span class='ocrx_word' id='word_1_80' title='bbox 368 1419 510 1482; x_wconf 88' lang='lat' dir='ltr'><strong>Puto</strong></span> <span class='ocrx_word' id='word_1_81' title='bbox 535 1431 681 1481; x_wconf 89' lang='lat' dir='ltr'><strong>hunc</strong></span> <span class='ocrx_word' id='word_1_82' title='bbox 705 1427 953 1496; x_wconf 87' lang='lat' dir='ltr'><strong>Apellem</strong></span> <span class='ocrx_word' id='word_1_83' title='bbox 980 1444 1077 1497; x_wconf 88' lang='lat' dir='ltr'><strong>per</strong></span> <span class='ocrx_word' id='word_1_84' title='bbox 1115 1429 1313 1484; x_wconf 89' lang='lat' dir='ltr'><strong>multas</strong></span> <span class='ocrx_word' id='word_1_85' title='bbox 1359 1428 1741 1482; x_wconf 81' lang='lat' dir='ltr'><strong>tribulationes</strong></span> <span class='ocrx_word' id='word_1_86' title='bbox 1766 1437 1947 1483; x_wconf 90' lang='lat' dir='ltr'><strong>trans-</strong></span> 
     </span>
    </p>
   </div>
   <div class='ocr_carea' id='block_1_16' title="bbox 370 1517 1947 1592">
    <p class='ocr_par' dir='ltr' id='par_1_16' title="bbox 370 1517 1947 1592">
     <span class='ocr_line' id='line_1_16' title="bbox 370 1517 1947 1592; baseline 0.003 -21"><span class='ocrx_word' id='word_1_87' title='bbox 370 1517 479 1572; x_wconf 85' lang='lat' dir='ltr'><strong>isse</strong></span> <span class='ocrx_word' id='word_1_88' title='bbox 539 1519 810 1588; x_wconf 86' lang='lat' dir='ltr'><strong>patienter</strong></span> <span class='ocrx_word' id='word_1_89' title='bbox 835 1529 890 1574; x_wconf 91' lang='lat' dir='ltr'><strong>et</strong></span> <span class='ocrx_word' id='word_1_90' title='bbox 918 1519 1134 1574; x_wconf 80' lang='lat' dir='ltr'><strong>fortiter</strong></span> <span class='ocrx_word' id='word_1_91' title='bbox 1176 1530 1531 1584; x_wconf 83' lang='lat' dir='ltr'><strong>sustentatas,</strong></span> <span class='ocrx_word' id='word_1_92' title='bbox 1573 1529 1628 1575; x_wconf 88' lang='lat' dir='ltr'><strong>et</strong></span> <span class='ocrx_word' id='word_1_93' title='bbox 1661 1521 1779 1574; x_wconf 91' lang='lat' dir='ltr'><strong>ideo</strong></span> <span class='ocrx_word' id='word_1_94' title='bbox 1819 1537 1947 1592; x_wconf 87' lang='lat' dir='ltr'><strong>pro-</strong></span> 
     </span>
    </p>
   </div>
   <div class='ocr_carea' id='block_1_17' title="bbox 371 1611 1948 1682">
    <p class='ocr_par' dir='ltr' id='par_1_17' title="bbox 371 1611 1948 1682">
     <span class='ocr_line' id='line_1_17' title="bbox 371 1611 1948 1682; baseline 0.004 -21"><span class='ocrx_word' id='word_1_95' title='bbox 371 1611 608 1665; x_wconf 90' lang='lat' dir='ltr'><strong>nuntiari</strong></span> <span class='ocrx_word' id='word_1_96' title='bbox 646 1612 714 1666; x_wconf 89' lang='lat' dir='ltr'><strong>ab</strong></span> <span class='ocrx_word' id='word_1_97' title='bbox 757 1611 1021 1681; x_wconf 84' lang='lat' dir='ltr'><strong>Apostolo</strong></span> <span class='ocrx_word' id='word_1_98' title='bbox 1070 1613 1325 1682; x_wconf 86' lang='lat' dir='ltr'><strong>probum,</strong></span> <span class='ocrx_word' id='word_1_99' title='bbox 1368 1614 1666 1667; x_wconf 88' lang='lat' dir='ltr'><strong>secundum</strong></span> <span class='ocrx_word' id='word_1_100' title='bbox 1706 1629 1768 1667; x_wconf 86' lang='lat' dir='ltr'><strong>ea</strong></span> <span class='ocrx_word' id='word_1_101' title='bbox 1828 1629 1948 1681; x_wconf 70' lang='lat' dir='ltr'><strong>qua:</strong></span> 
     </span>
    </p>
   </div>
   <div class='ocr_carea' id='block_1_18' title="bbox 370 1702 1949 1775">
    <p class='ocr_par' dir='ltr' id='par_1_18' title="bbox 370 1702 1949 1775">
     <span class='ocr_line' id='line_1_18' title="bbox 370 1702 1949 1775; baseline 0.003 -21"><span class='ocrx_word' id='word_1_102' title='bbox 370 1702 486 1770; x_wconf 86' lang='lat' dir='ltr'><strong>ipse</strong></span> <span class='ocrx_word' id='word_1_103' title='bbox 513 1704 563 1756; x_wconf 89' lang='lat' dir='ltr'><strong>in</strong></span> <span class='ocrx_word' id='word_1_104' title='bbox 592 1704 712 1758; x_wconf 87' lang='lat' dir='ltr'><strong>aliis</strong></span> <span class='ocrx_word' id='word_1_105' title='bbox 738 1704 893 1771; x_wconf 84' lang='lat' dir='ltr'><strong>dixit,</strong></span> <span class='ocrx_word' id='word_1_106' title='bbox 942 1705 1065 1773; x_wconf 81' lang='lat' dir='ltr'><strong>quia</strong></span> <span class='ocrx_word' id='word_1_107' title='bbox 1103 1705 1379 1758; x_wconf 81' lang='lat' dir='ltr'><strong>tribulatio</strong></span> <span class='ocrx_word' id='word_1_108' title='bbox 1420 1706 1730 1773; x_wconf 81' lang='lat' dir='ltr'><strong>patientiam</strong></span> <span class='ocrx_word' id='word_1_109' title='bbox 1761 1722 1949 1775; x_wconf 84' lang='lat' dir='ltr'><strong>opera-</strong></span> 
     </span>
    </p>
   </div>
   <div class='ocr_carea' id='block_1_19' title="bbox 369 1799 1946 1867">
    <p class='ocr_par' dir='ltr' id='par_1_19' title="bbox 369 1799 1946 1867">
     <span class='ocr_line' id='line_1_19' title="bbox 369 1799 1946 1867; baseline 0.002 -18"><span class='ocrx_word' id='word_1_110' title='bbox 369 1807 476 1863; x_wconf 91' lang='lat' dir='ltr'><strong>tur,</strong></span> <span class='ocrx_word' id='word_1_111' title='bbox 541 1799 801 1867; x_wconf 82' lang='lat' dir='ltr'><strong>patientia</strong></span> <span class='ocrx_word' id='word_1_112' title='bbox 875 1814 994 1851; x_wconf 81' lang='lat' dir='ltr'><strong>vero</strong></span> <span class='ocrx_word' id='word_1_113' title='bbox 1056 1799 1444 1863; x_wconf 81' lang='lat' dir='ltr'><strong>probationem,</strong></span> <span class='ocrx_word' id='word_1_114' title='bbox 1512 1801 1754 1867; x_wconf 87' lang='lat' dir='ltr'><strong>probatio</strong></span> <span class='ocrx_word' id='word_1_115' title='bbox 1829 1815 1946 1852; x_wconf 81' lang='lat' dir='ltr'><strong>vero</strong></span> 
     </span>
    </p>
   </div>
   <div class='ocr_carea' id='block_1_20' title="bbox 2056 584 3635 656">
    <p class='ocr_par' dir='ltr' id='par_1_20' title="bbox 2056 584 3635 656">
     <span class='ocr_line' id='line_1_20' title="bbox 2056 584 3635 656; baseline -0.001 -15"><span class='ocrx_word' id='word_1_116' title='bbox 2056 587 2317 641; x_wconf 83' lang='lat' dir='ltr'><strong>laboravit</strong></span> <span class='ocrx_word' id='word_1_117' title='bbox 2341 587 2397 640; x_wconf 87' lang='lat' dir='ltr'><strong>in</strong></span> <span class='ocrx_word' id='word_1_118' title='bbox 2433 586 2657 639; x_wconf 85' lang='lat' dir='ltr'><strong>Domino</strong></span> <span class='ocrx_word' id='word_1_119' title='bbox 2693 585 2760 638; x_wconf 81' lang='grc'><strong>⁷³.</strong></span> <span class='ocrx_word' id='word_1_120' title='bbox 2799 584 3029 639; x_wconf 72' lang='lat' dir='ltr'><strong>Videtur</strong></span> <span class='ocrx_word' id='word_1_121' title='bbox 3068 585 3188 640; x_wconf 63' lang='lat' dir='ltr'><strong>haec</strong></span> <span class='ocrx_word' id='word_1_122' title='bbox 3221 585 3393 656; x_wconf 79' lang='lat' dir='ltr'><strong>magis</strong></span> <span class='ocrx_word' id='word_1_123' title='bbox 3422 586 3635 640; x_wconf 87' lang='lat' dir='ltr'><strong>laudari</strong></span> 
     </span>
    </p>
   </div>
   <div class='ocr_carea' id='block_1_21' title="bbox 2053 676 3635 749">
    <p class='ocr_par' dir='ltr' id='par_1_21' title="bbox 2053 676 3635 749">
     <span class='ocr_line' id='line_1_21' title="bbox 2053 676 3635 749; baseline -0.002 -16"><span class='ocrx_word' id='word_1_124' title='bbox 2053 695 2217 749; x_wconf 90' lang='lat' dir='ltr'><strong>quam</strong></span> <span class='ocrx_word' id='word_1_125' title='bbox 2244 677 2548 747; x_wconf 67' lang='lat' dir='ltr'><strong>Tryphaena</strong></span> <span class='ocrx_word' id='word_1_126' title='bbox 2581 686 2635 730; x_wconf 80' lang='lat' dir='ltr'><strong>et</strong></span> <span class='ocrx_word' id='word_1_127' title='bbox 2682 676 2985 747; x_wconf 84' lang='lat' dir='ltr'><strong>Tryphosa,</strong></span> <span class='ocrx_word' id='word_1_128' title='bbox 3024 677 3284 746; x_wconf 90' lang='lat' dir='ltr'><strong>quoniam</strong></span> <span class='ocrx_word' id='word_1_129' title='bbox 3315 678 3531 746; x_wconf 83' lang='lat' dir='ltr'><strong>quidem</strong></span> <span class='ocrx_word' id='word_1_130' title='bbox 3570 679 3635 731; x_wconf 87' lang='lat' dir='ltr'><strong>il-</strong></span> 
     </span>
    </p>
   </div>
   <div class='ocr_carea' id='block_1_22' title="bbox 2053 769 3638 834">
    <p class='ocr_par' dir='ltr' id='par_1_22' title="bbox 2053 769 3638 834">
     <span class='ocr_line' id='line_1_22' title="bbox 2053 769 3638 834; baseline 0 -9"><span class='ocrx_word' id='word_1_131' title='bbox 2053 770 2134 825; x_wconf 88' lang='lat' dir='ltr'><strong>las</strong></span> <span class='ocrx_word' id='word_1_132' title='bbox 2163 770 2438 825; x_wconf 81' lang='lat' dir='ltr'><strong>laborasse</strong></span> <span class='ocrx_word' id='word_1_133' title='bbox 2458 769 2590 824; x_wconf 90' lang='lat' dir='ltr'><strong>dicit</strong></span> <span class='ocrx_word' id='word_1_134' title='bbox 2621 770 2672 822; x_wconf 91' lang='lat' dir='ltr'><strong>in</strong></span> <span class='ocrx_word' id='word_1_135' title='bbox 2706 769 2956 834; x_wconf 89' lang='lat' dir='ltr'><strong>Domino,</strong></span> <span class='ocrx_word' id='word_1_136' title='bbox 2982 770 3122 825; x_wconf 89' lang='lat' dir='ltr'><strong>hanc</strong></span> <span class='ocrx_word' id='word_1_137' title='bbox 3148 778 3326 823; x_wconf 88' lang='lat' dir='ltr'><strong>autem</strong></span> <span class='ocrx_word' id='word_1_138' title='bbox 3349 770 3638 825; x_wconf 87' lang='lat' dir='ltr'><strong>laborasse</strong></span> 
     </span>
    </p>
   </div>
   <div class='ocr_carea' id='block_1_23' title="bbox 2055 859 3502 923">
    <p class='ocr_par' dir='ltr' id='par_1_23' title="bbox 2055 859 3502 923">
     <span class='ocr_line' id='line_1_23' title="bbox 2055 859 3502 923; baseline 0 -8"><span class='ocrx_word' id='word_1_139' title='bbox 2055 861 2279 915; x_wconf 92' lang='lat' dir='ltr'><strong>multum</strong></span> <span class='ocrx_word' id='word_1_140' title='bbox 2312 861 2364 914; x_wconf 95' lang='lat' dir='ltr'><strong>in</strong></span> <span class='ocrx_word' id='word_1_141' title='bbox 2401 860 2651 923; x_wconf 89' lang='lat' dir='ltr'><strong>Domino,</strong></span> <span class='ocrx_word' id='word_1_142' title='bbox 2673 861 2757 915; x_wconf 91' lang='lat' dir='ltr'><strong>cui</strong></span> <span class='ocrx_word' id='word_1_143' title='bbox 2790 859 2999 914; x_wconf 84' lang='lat' dir='ltr'><strong>addidit</strong></span> <span class='ocrx_word' id='word_1_144' title='bbox 3032 868 3086 913; x_wconf 87' lang='lat' dir='ltr'><strong>et</strong></span> <span class='ocrx_word' id='word_1_145' title='bbox 3111 861 3502 915; x_wconf 77' lang='lat' dir='ltr'><strong>charissimam.</strong></span> 
     </span>
    </p>
   </div>
   <div class='ocr_carea' id='block_1_24' title="bbox 2123 948 3631 1016">
    <p class='ocr_par' dir='ltr' id='par_1_24' title="bbox 2123 948 3631 1016">
     <span class='ocr_line' id='line_1_24' title="bbox 2123 948 3631 1016; baseline -0.003 -11"><span class='ocrx_word' id='word_1_146' title='bbox 2123 950 2215 1005; x_wconf 84' lang='grc'><strong>50.</strong></span> <span class='ocrx_word' id='word_1_147' title='bbox 2243 949 2483 1004; x_wconf 83' lang='lat' dir='ltr'><strong>Salutate</strong></span> <span class='ocrx_word' id='word_1_148' title='bbox 2517 948 2709 1016; x_wconf 83' lang='lat' dir='ltr'><strong>Rufum</strong></span> <span class='ocrx_word' id='word_1_149' title='bbox 2734 950 2950 1005; x_wconf 76' lang='lat' dir='ltr'><strong>electura</strong></span> <span class='ocrx_word' id='word_1_150' title='bbox 2977 950 3033 1003; x_wconf 86' lang='lat' dir='ltr'><strong>in</strong></span> <span class='ocrx_word' id='word_1_151' title='bbox 3060 950 3303 1013; x_wconf 86' lang='lat' dir='ltr'><strong>Domino,</strong></span> <span class='ocrx_word' id='word_1_152' title='bbox 3335 962 3380 1005; x_wconf 89' lang='lat' dir='ltr'><strong>et</strong></span> <span class='ocrx_word' id='word_1_153' title='bbox 3407 959 3631 1005; x_wconf 83' lang='lat' dir='ltr'><strong>matrem</strong></span> 
     </span>
    </p>
   </div>
   <div class='ocr_carea' id='block_1_25' title="bbox 2051 1041 3632 1111">
    <p class='ocr_par' dir='ltr' id='par_1_25' title="bbox 2051 1041 3632 1111">
     <span class='ocr_line' id='line_1_25' title="bbox 2051 1041 3632 1111; baseline -0.001 -15"><span class='ocrx_word' id='word_1_154' title='bbox 2051 1043 2167 1111; x_wconf 86' lang='lat' dir='ltr'><strong>ejus</strong></span> <span class='ocrx_word' id='word_1_155' title='bbox 2198 1052 2245 1095; x_wconf 88' lang='lat' dir='ltr'><strong>et</strong></span> <span class='ocrx_word' id='word_1_156' title='bbox 2284 1058 2456 1095; x_wconf 87' lang='lat' dir='ltr'><strong>meam</strong></span> <span class='ocrx_word' id='word_1_157' title='bbox 2492 1042 2558 1097; x_wconf 74' lang='grc'><strong>⁷⁸.</strong></span> <span class='ocrx_word' id='word_1_158' title='bbox 2612 1042 2725 1096; x_wconf 74' lang='lat' dir='ltr'><strong>Non</strong></span> <span class='ocrx_word' id='word_1_159' title='bbox 2771 1051 2902 1109; x_wconf 89' lang='lat' dir='ltr'><strong>puto</strong></span> <span class='ocrx_word' id='word_1_160' title='bbox 2950 1041 3001 1094; x_wconf 87' lang='lat' dir='ltr'><strong>in</strong></span> <span class='ocrx_word' id='word_1_161' title='bbox 3054 1043 3172 1095; x_wconf 90' lang='lat' dir='ltr'><strong>istis</strong></span> <span class='ocrx_word' id='word_1_162' title='bbox 3212 1042 3632 1095; x_wconf 81' lang='lat' dir='ltr'><strong>salutationibus</strong></span> 
     </span>
    </p>
   </div>
   <div class='ocr_carea' id='block_1_26' title="bbox 2053 1132 3631 1202">
    <p class='ocr_par' dir='ltr' id='par_1_26' title="bbox 2053 1132 3631 1202">
     <span class='ocr_line' id='line_1_26' title="bbox 2053 1132 3631 1202; baseline -0.002 -16"><span class='ocrx_word' id='word_1_163' title='bbox 2053 1133 2292 1187; x_wconf 90' lang='lat' dir='ltr'><strong>inaniter</strong></span> <span class='ocrx_word' id='word_1_164' title='bbox 2324 1132 2438 1188; x_wconf 85' lang='lat' dir='ltr'><strong>ﬁeri</strong></span> <span class='ocrx_word' id='word_1_165' title='bbox 2479 1148 2575 1201; x_wconf 92' lang='lat' dir='ltr'><strong>per</strong></span> <span class='ocrx_word' id='word_1_166' title='bbox 2604 1133 2844 1202; x_wconf 85' lang='lat' dir='ltr'><strong>singulos</strong></span> <span class='ocrx_word' id='word_1_167' title='bbox 2869 1148 3116 1202; x_wconf 89' lang='lat' dir='ltr'><strong>quosque</strong></span> <span class='ocrx_word' id='word_1_168' title='bbox 3137 1133 3312 1187; x_wconf 89' lang='lat' dir='ltr'><strong>laudis</strong></span> <span class='ocrx_word' id='word_1_169' title='bbox 3340 1143 3394 1186; x_wconf 92' lang='lat' dir='ltr'><strong>et</strong></span> <span class='ocrx_word' id='word_1_170' title='bbox 3421 1132 3631 1186; x_wconf 86' lang='lat' dir='ltr'><strong>saluta-</strong></span> 
     </span>
    </p>
   </div>
   <div class='ocr_carea' id='block_1_27' title="bbox 2055 1223 3638 1296">
    <p class='ocr_par' dir='ltr' id='par_1_27' title="bbox 2055 1223 3638 1296">
     <span class='ocr_line' id='line_1_27' title="bbox 2055 1223 3638 1296; baseline 0.002 -19"><span class='ocrx_word' id='word_1_171' title='bbox 2055 1224 2218 1280; x_wconf 84' lang='lat' dir='ltr'><strong>tinnis</strong></span> <span class='ocrx_word' id='word_1_172' title='bbox 2246 1223 2628 1279; x_wconf 77' lang='lat' dir='ltr'><strong>differentiam.</strong></span> <span class='ocrx_word' id='word_1_173' title='bbox 2665 1226 2764 1291; x_wconf 87' lang='lat' dir='ltr'><strong>Qui</strong></span> <span class='ocrx_word' id='word_1_174' title='bbox 2807 1227 2950 1279; x_wconf 89' lang='lat' dir='ltr'><strong>enim</strong></span> <span class='ocrx_word' id='word_1_175' title='bbox 2982 1227 3086 1282; x_wconf 90' lang='lat' dir='ltr'><strong>scit</strong></span> <span class='ocrx_word' id='word_1_176' title='bbox 3122 1230 3248 1296; x_wconf 91' lang='lat' dir='ltr'><strong>quia</strong></span> <span class='ocrx_word' id='word_1_177' title='bbox 3278 1226 3527 1280; x_wconf 83' lang='lat' dir='ltr'><strong>Christus</strong></span> <span class='ocrx_word' id='word_1_178' title='bbox 3556 1227 3638 1280; x_wconf 83' lang='lat' dir='ltr'><strong>lo-</strong></span> 
     </span>
    </p>
   </div>
   <div class='ocr_carea' id='block_1_28' title="bbox 2052 1317 3637 1388">
    <p class='ocr_par' dir='ltr' id='par_1_28' title="bbox 2052 1317 3637 1388">
     <span class='ocr_line' id='line_1_28' title="bbox 2052 1317 3637 1388; baseline 0.003 -16"><span class='ocrx_word' id='word_1_179' title='bbox 2052 1319 2236 1388; x_wconf 91' lang='lat' dir='ltr'><strong>quitur</strong></span> <span class='ocrx_word' id='word_1_180' title='bbox 2267 1319 2318 1371; x_wconf 93' lang='lat' dir='ltr'><strong>in</strong></span> <span class='ocrx_word' id='word_1_181' title='bbox 2344 1317 2509 1372; x_wconf 86' lang='lat' dir='ltr'><strong>Paulo</strong></span> <span class='ocrx_word' id='word_1_182' title='bbox 2534 1318 2602 1383; x_wconf 82' lang='lat'><strong>&quot;,</strong></span> <span class='ocrx_word' id='word_1_183' title='bbox 2638 1329 2819 1372; x_wconf 87' lang='lat' dir='ltr'><strong>certus</strong></span> <span class='ocrx_word' id='word_1_184' title='bbox 2842 1328 2926 1373; x_wconf 91' lang='lat' dir='ltr'><strong>est</strong></span> <span class='ocrx_word' id='word_1_185' title='bbox 2961 1320 3102 1388; x_wconf 92' lang='lat' dir='ltr'><strong>quod</strong></span> <span class='ocrx_word' id='word_1_186' title='bbox 3134 1334 3233 1387; x_wconf 91' lang='lat' dir='ltr'><strong>pro</strong></span> <span class='ocrx_word' id='word_1_187' title='bbox 3268 1320 3461 1374; x_wconf 84' lang='lat' dir='ltr'><strong>merito</strong></span> <span class='ocrx_word' id='word_1_188' title='bbox 3492 1320 3637 1376; x_wconf 78' lang='lat' dir='ltr'><strong>alius</strong></span> 
     </span>
    </p>
   </div>
   <div class='ocr_carea' id='block_1_29' title="bbox 2052 1409 3633 1479">
    <p class='ocr_par' dir='ltr' id='par_1_29' title="bbox 2052 1409 3633 1479">
     <span class='ocr_line' id='line_1_29' title="bbox 2052 1409 3633 1479; baseline 0.003 -17"><span class='ocrx_word' id='word_1_189' title='bbox 2052 1410 2269 1478; x_wconf 81' lang='lat' dir='ltr'><strong>quidem</strong></span> <span class='ocrx_word' id='word_1_190' title='bbox 2305 1410 2504 1477; x_wconf 88' lang='lat' dir='ltr'><strong>probus</strong></span> <span class='ocrx_word' id='word_1_191' title='bbox 2549 1410 2750 1465; x_wconf 88' lang='lat' dir='ltr'><strong>dicitur</strong></span> <span class='ocrx_word' id='word_1_192' title='bbox 2799 1409 2867 1463; x_wconf 90' lang='lat' dir='ltr'><strong>ab</strong></span> <span class='ocrx_word' id='word_1_193' title='bbox 2907 1425 3009 1474; x_wconf 88' lang='lat' dir='ltr'><strong>eo,</strong></span> <span class='ocrx_word' id='word_1_194' title='bbox 3064 1411 3205 1466; x_wconf 91' lang='lat' dir='ltr'><strong>alius</strong></span> <span class='ocrx_word' id='word_1_195' title='bbox 3253 1413 3633 1479; x_wconf 83' lang='lat' dir='ltr'><strong>charissimus,</strong></span> 
     </span>
    </p>
   </div>
   <div class='ocr_carea' id='block_1_30' title="bbox 2051 1501 3634 1568">
    <p class='ocr_par' dir='ltr' id='par_1_30' title="bbox 2051 1501 3634 1568">
     <span class='ocr_line' id='line_1_30' title="bbox 2051 1501 3634 1568; baseline 0.004 -14"><span class='ocrx_word' id='word_1_196' title='bbox 2051 1501 2188 1554; x_wconf 89' lang='lat' dir='ltr'><strong>alius</strong></span> <span class='ocrx_word' id='word_1_197' title='bbox 2214 1501 2467 1557; x_wconf 87' lang='lat' dir='ltr'><strong>laborans</strong></span> <span class='ocrx_word' id='word_1_198' title='bbox 2497 1503 2548 1555; x_wconf 91' lang='lat' dir='ltr'><strong>in</strong></span> <span class='ocrx_word' id='word_1_199' title='bbox 2587 1501 2838 1568; x_wconf 78' lang='lat' dir='ltr'><strong>Damino,</strong></span> <span class='ocrx_word' id='word_1_200' title='bbox 2866 1502 3005 1558; x_wconf 87' lang='lat' dir='ltr'><strong>alius</strong></span> <span class='ocrx_word' id='word_1_201' title='bbox 3040 1504 3266 1557; x_wconf 90' lang='lat' dir='ltr'><strong>multum</strong></span> <span class='ocrx_word' id='word_1_202' title='bbox 3297 1505 3550 1559; x_wconf 87' lang='lat' dir='ltr'><strong>laborans</strong></span> <span class='ocrx_word' id='word_1_203' title='bbox 3576 1506 3634 1560; x_wconf 88' lang='lat' dir='ltr'><strong>in</strong></span> 
     </span>
    </p>
   </div>
   <div class='ocr_carea' id='block_1_31' title="bbox 2053 1592 3632 1663">
    <p class='ocr_par' dir='ltr' id='par_1_31' title="bbox 2053 1592 3632 1663">
     <span class='ocr_line' id='line_1_31' title="bbox 2053 1592 3632 1663; baseline 0.004 -17"><span class='ocrx_word' id='word_1_204' title='bbox 2053 1592 2284 1646; x_wconf 72' lang='lat' dir='ltr'><strong>Domino</strong></span> <span class='ocrx_word' id='word_1_205' title='bbox 2314 1592 2450 1663; x_wconf 73' lang='lat'><strong>(&#39;25),</strong></span> <span class='ocrx_word' id='word_1_206' title='bbox 2500 1593 2638 1646; x_wconf 89' lang='lat' dir='ltr'><strong>alius</strong></span> <span class='ocrx_word' id='word_1_207' title='bbox 2678 1593 2902 1657; x_wconf 83' lang='lat' dir='ltr'><strong>electus,</strong></span> <span class='ocrx_word' id='word_1_208' title='bbox 2953 1594 3098 1648; x_wconf 88' lang='lat' dir='ltr'><strong>sicut</strong></span> <span class='ocrx_word' id='word_1_209' title='bbox 3123 1605 3177 1649; x_wconf 90' lang='lat' dir='ltr'><strong>et</strong></span> <span class='ocrx_word' id='word_1_210' title='bbox 3210 1596 3295 1649; x_wconf 91' lang='lat' dir='ltr'><strong>hic</strong></span> <span class='ocrx_word' id='word_1_211' title='bbox 3329 1595 3525 1660; x_wconf 91' lang='lat' dir='ltr'><strong>Rufus,</strong></span> <span class='ocrx_word' id='word_1_212' title='bbox 3559 1597 3632 1653; x_wconf 89' lang='lat' dir='ltr'><strong>de</strong></span> 
     </span>
    </p>
   </div>
   <div class='ocr_carea' id='block_1_32' title="bbox 2050 1686 3639 1753">
    <p class='ocr_par' dir='ltr' id='par_1_32' title="bbox 2050 1686 3639 1753">
     <span class='ocr_line' id='line_1_32' title="bbox 2050 1686 3639 1753; baseline 0.006 -18"><span class='ocrx_word' id='word_1_213' title='bbox 2050 1699 2158 1753; x_wconf 89' lang='lat' dir='ltr'><strong>quo</strong></span> <span class='ocrx_word' id='word_1_214' title='bbox 2187 1700 2331 1739; x_wconf 88' lang='lat' dir='ltr'><strong>nunc</strong></span> <span class='ocrx_word' id='word_1_215' title='bbox 2355 1686 2510 1740; x_wconf 90' lang='lat' dir='ltr'><strong>nobis</strong></span> <span class='ocrx_word' id='word_1_216' title='bbox 2544 1700 2724 1740; x_wconf 88' lang='lat' dir='ltr'><strong>sermo</strong></span> <span class='ocrx_word' id='word_1_217' title='bbox 2775 1695 2887 1749; x_wconf 87' lang='lat' dir='ltr'><strong>est,</strong></span> <span class='ocrx_word' id='word_1_218' title='bbox 2920 1687 3124 1741; x_wconf 85' lang='lat' dir='ltr'><strong>electus</strong></span> <span class='ocrx_word' id='word_1_219' title='bbox 3154 1689 3205 1739; x_wconf 92' lang='lat' dir='ltr'><strong>in</strong></span> <span class='ocrx_word' id='word_1_220' title='bbox 3238 1689 3465 1742; x_wconf 88' lang='lat' dir='ltr'><strong>Domino</strong></span> <span class='ocrx_word' id='word_1_221' title='bbox 3494 1688 3639 1744; x_wconf 86' lang='lat' dir='ltr'><strong>salu-</strong></span> 
     </span>
    </p>
   </div>
   <div class='ocr_carea' id='block_1_33' title="bbox 2055 1777 3631 1847">
    <p class='ocr_par' dir='ltr' id='par_1_33' title="bbox 2055 1777 3631 1847">
     <span class='ocr_line' id='line_1_33' title="bbox 2055 1777 3631 1847; baseline 0.003 -18"><span class='ocrx_word' id='word_1_222' title='bbox 2055 1786 2219 1830; x_wconf 88' lang='lat' dir='ltr'><strong>tatur.</strong></span> <span class='ocrx_word' id='word_1_223' title='bbox 2264 1777 2438 1831; x_wconf 85' lang='lat' dir='ltr'><strong>Credo</strong></span> <span class='ocrx_word' id='word_1_224' title='bbox 2469 1779 2611 1847; x_wconf 89' lang='lat' dir='ltr'><strong>qnod</strong></span> <span class='ocrx_word' id='word_1_225' title='bbox 2644 1779 2808 1832; x_wconf 80' lang='lat' dir='ltr'><strong>sciret</strong></span> <span class='ocrx_word' id='word_1_226' title='bbox 2842 1779 3046 1834; x_wconf 81' lang='lat' dir='ltr'><strong>Paulus</strong></span> <span class='ocrx_word' id='word_1_227' title='bbox 3090 1795 3209 1833; x_wconf 83' lang='lat' dir='ltr'><strong>esse</strong></span> <span class='ocrx_word' id='word_1_228' title='bbox 3240 1796 3363 1833; x_wconf 86' lang='lat' dir='ltr'><strong>eum</strong></span> <span class='ocrx_word' id='word_1_229' title='bbox 3409 1782 3475 1833; x_wconf 87' lang='lat' dir='ltr'><strong>de</strong></span> <span class='ocrx_word' id='word_1_230' title='bbox 3525 1796 3631 1833; x_wconf 89' lang='lat' dir='ltr'><strong>nu-</strong></span> 
     </span>
    </p>
   </div>
   <div class='ocr_carea' id='block_1_34' title="bbox 368 1863 3630 1959">
    <p class='ocr_par' dir='ltr' id='par_1_34' title="bbox 368 1863 3630 1959">
     <span class='ocr_line' id='line_1_34' title="bbox 368 1863 3630 1959; baseline 0.002 -40"><span class='ocrx_word' id='word_1_231' title='bbox 368 1906 511 1956; x_wconf 64' lang='grc' dir='ltr'><strong>ψεη,</strong></span> <span class='ocrx_word' id='word_1_232' title='bbox 536 1863 602 1941; x_wconf 56' lang='grc'><strong>«17.</strong></span> <span class='ocrx_word' id='word_1_233' title='bbox 646 1889 941 1944; x_wconf 68' lang='lat' dir='ltr'><strong>Videndum</strong></span> <span class='ocrx_word' id='word_1_234' title='bbox 964 1905 1094 1943; x_wconf 66' lang='lat' dir='ltr'><strong>sane</strong></span> <span class='ocrx_word' id='word_1_235' title='bbox 1124 1898 1208 1943; x_wconf 54' lang='lat' dir='ltr'><strong>est</strong></span> <span class='ocrx_word' id='word_1_236' title='bbox 1232 1904 1298 1943; x_wconf 73' lang='lat' dir='ltr'><strong>ne</strong></span> <span class='ocrx_word' id='word_1_237' title='bbox 1328 1889 1464 1943; x_wconf 52' lang='lat' dir='ltr'><strong>forte</strong></span> <span class='ocrx_word' id='word_1_238' title='bbox 1489 1863 1600 1957; x_wconf 49' lang='lat' dir='ltr'><strong>ibse</strong></span> <span class='ocrx_word' id='word_1_239' title='bbox 1631 1891 1699 1943; x_wconf 66' lang='lat' dir='ltr'><strong>sil</strong></span> <span class='ocrx_word' id='word_1_240' title='bbox 1738 1890 1823 1943; x_wconf 67' lang='lat' dir='ltr'><strong>hic</strong></span> <span class='ocrx_word' id='word_1_241' title='bbox 1855 1891 1945 1959; x_wconf 69' lang='lat' dir='ltr'><strong>qui</strong></span> <span class='ocrx_word' id='word_1_242' title='bbox 1982 1863 2023 1917; x_wconf 86' lang='grc' dir='ltr'><strong>Β</strong></span> <span class='ocrx_word' id='word_1_243' title='bbox 2055 1883 2202 1922; x_wconf 88' lang='lat' dir='ltr'><strong>mero</strong></span> <span class='ocrx_word' id='word_1_244' title='bbox 2226 1883 2333 1921; x_wconf 89' lang='lat' dir='ltr'><strong>non</strong></span> <span class='ocrx_word' id='word_1_245' title='bbox 2368 1869 2657 1923; x_wconf 86' lang='lat' dir='ltr'><strong>multorum</strong></span> <span class='ocrx_word' id='word_1_246' title='bbox 2687 1871 2776 1939; x_wconf 89' lang='lat' dir='ltr'><strong>qui</strong></span> <span class='ocrx_word' id='word_1_247' title='bbox 2809 1872 2986 1925; x_wconf 84' lang='lat' dir='ltr'><strong>vocati</strong></span> <span class='ocrx_word' id='word_1_248' title='bbox 3020 1881 3167 1934; x_wconf 82' lang='lat' dir='ltr'><strong>sunt,</strong></span> <span class='ocrx_word' id='word_1_249' title='bbox 3204 1873 3297 1925; x_wconf 83' lang='lat' dir='ltr'><strong>sed</strong></span> <span class='ocrx_word' id='word_1_250' title='bbox 3333 1872 3630 1940; x_wconf 77' lang='lat' dir='ltr'><strong>paucarum</strong></span> 
     </span>
    </p>
   </div>
   <div class='ocr_carea' id='block_1_35' title="bbox 371 1980 1949 2049">
    <p class='ocr_par' dir='ltr' id='par_1_35' title="bbox 371 1980 1949 2049">
     <span class='ocr_line' id='line_1_35' title="bbox 371 1980 1949 2049; baseline 0.002 -17"><span class='ocrx_word' id='word_1_251' title='bbox 371 1981 422 2032; x_wconf 90' lang='lat' dir='ltr'><strong>in</strong></span> <span class='ocrx_word' id='word_1_252' title='bbox 451 1980 673 2035; x_wconf 80' lang='lat' dir='ltr'><strong>Aetibns</strong></span> <span class='ocrx_word' id='word_1_253' title='bbox 695 1982 1059 2047; x_wconf 84' lang='lat' dir='ltr'><strong>apostolorum</strong></span> <span class='ocrx_word' id='word_1_254' title='bbox 1077 1981 1121 2012; x_wconf 76' lang='grc'><strong>⁸⁸</strong></span> <span class='ocrx_word' id='word_1_255' title='bbox 1142 1980 1330 2049; x_wconf 80' lang='lat' dir='ltr'><strong>Apollo</strong></span> <span class='ocrx_word' id='word_1_256' title='bbox 1352 1981 1687 2045; x_wconf 87' lang='lat' dir='ltr'><strong>nominatur,</strong></span> <span class='ocrx_word' id='word_1_257' title='bbox 1712 1980 1949 2035; x_wconf 88' lang='lat' dir='ltr'><strong>Alexan-</strong></span> 
     </span>
    </p>
   </div>
   <div class='ocr_carea' id='block_1_36' title="bbox 367 2072 1288 2141">
    <p class='ocr_par' dir='ltr' id='par_1_36' title="bbox 367 2072 1288 2141">
     <span class='ocr_line' id='line_1_36' title="bbox 367 2072 1288 2141; baseline 0.003 -17"><span class='ocrx_word' id='word_1_258' title='bbox 367 2073 579 2136; x_wconf 81' lang='lat' dir='ltr'><strong>drinus,</strong></span> <span class='ocrx_word' id='word_1_259' title='bbox 612 2073 664 2124; x_wconf 90' lang='lat' dir='ltr'><strong>in</strong></span> <span class='ocrx_word' id='word_1_260' title='bbox 700 2072 1000 2141; x_wconf 90' lang='lat' dir='ltr'><strong>Scripturis</strong></span> <span class='ocrx_word' id='word_1_261' title='bbox 1025 2075 1288 2127; x_wconf 89' lang='lat' dir='ltr'><strong>eruditus.</strong></span> 
     </span>
    </p>
   </div>
   <div class='ocr_carea' id='block_1_37' title="bbox 440 2141 1943 2211">
    <p class='ocr_par' dir='ltr' id='par_1_37' title="bbox 440 2141 1943 2211">
     <span class='ocr_line' id='line_1_37' title="bbox 440 2141 1943 2211; baseline 0.002 -16"><span class='ocrx_word' id='word_1_262' title='bbox 440 2141 530 2195; x_wconf 83' lang='lat'><strong>25.</strong></span> <span class='ocrx_word' id='word_1_263' title='bbox 567 2141 809 2197; x_wconf 86' lang='lat' dir='ltr'><strong>Salutate</strong></span> <span class='ocrx_word' id='word_1_264' title='bbox 836 2161 925 2197; x_wconf 85' lang='lat' dir='ltr'><strong>eos</strong></span> <span class='ocrx_word' id='word_1_265' title='bbox 962 2144 1050 2211; x_wconf 89' lang='lat' dir='ltr'><strong>qui</strong></span> <span class='ocrx_word' id='word_1_266' title='bbox 1079 2154 1201 2197; x_wconf 85' lang='lat' dir='ltr'><strong>sunt</strong></span> <span class='ocrx_word' id='word_1_267' title='bbox 1238 2159 1303 2197; x_wconf 76' lang='lat' dir='ltr'><strong>ex</strong></span> <span class='ocrx_word' id='word_1_268' title='bbox 1350 2143 1642 2196; x_wconf 84' lang='lat' dir='ltr'><strong>Aristobuli</strong></span> <span class='ocrx_word' id='word_1_269' title='bbox 1688 2145 1845 2198; x_wconf 83' lang='lat' dir='ltr'><strong>domo</strong></span> <span class='ocrx_word' id='word_1_270' title='bbox 1877 2145 1943 2197; x_wconf 71' lang='grc'><strong>⁸³.</strong></span> 
     </span>
    </p>
   </div>
   <div class='ocr_carea' id='block_1_38' title="bbox 367 2231 1948 2303">
    <p class='ocr_par' dir='ltr' id='par_1_38' title="bbox 367 2231 1948 2303">
     <span class='ocr_line' id='line_1_38' title="bbox 367 2231 1948 2303; baseline 0.001 -18"><span class='ocrx_word' id='word_1_271' title='bbox 367 2231 634 2300; x_wconf 80' lang='lat' dir='ltr'><strong>Quoniam</strong></span> <span class='ocrx_word' id='word_1_272' title='bbox 678 2233 813 2287; x_wconf 91' lang='lat' dir='ltr'><strong>nihil</strong></span> <span class='ocrx_word' id='word_1_273' title='bbox 843 2233 1015 2287; x_wconf 89' lang='lat' dir='ltr'><strong>otiose</strong></span> <span class='ocrx_word' id='word_1_274' title='bbox 1053 2234 1104 2287; x_wconf 93' lang='lat' dir='ltr'><strong>in</strong></span> <span class='ocrx_word' id='word_1_275' title='bbox 1152 2234 1350 2288; x_wconf 86' lang='lat' dir='ltr'><strong>litteris</strong></span> <span class='ocrx_word' id='word_1_276' title='bbox 1383 2236 1625 2303; x_wconf 85' lang='lat' dir='ltr'><strong>Apostoli</strong></span> <span class='ocrx_word' id='word_1_277' title='bbox 1680 2237 1761 2289; x_wconf 86' lang='lat' dir='ltr'><strong>vel</strong></span> <span class='ocrx_word' id='word_1_278' title='bbox 1797 2236 1948 2288; x_wconf 88' lang='lat' dir='ltr'><strong>addi-</strong></span> 
     </span>
    </p>
   </div>
   <div class='ocr_carea' id='block_1_39' title="bbox 313 2326 1943 2399">
    <p class='ocr_par' dir='ltr' id='par_1_39' title="bbox 313 2326 1943 2399">
     <span class='ocr_line' id='line_1_39' title="bbox 313 2326 1943 2399; baseline 0.001 -19"><span class='ocrx_word' id='word_1_279' title='bbox 313 2378 321 2385; x_wconf 78' lang='grc'>,</span> <span class='ocrx_word' id='word_1_280' title='bbox 368 2337 456 2381; x_wconf 90' lang='lat' dir='ltr'><strong>tur</strong></span> <span class='ocrx_word' id='word_1_281' title='bbox 494 2328 575 2381; x_wconf 87' lang='lat' dir='ltr'><strong>vel</strong></span> <span class='ocrx_word' id='word_1_282' title='bbox 603 2327 883 2392; x_wconf 89' lang='lat' dir='ltr'><strong>minuitur,</strong></span> <span class='ocrx_word' id='word_1_283' title='bbox 924 2326 1058 2381; x_wconf 92' lang='lat' dir='ltr'><strong>istos</strong></span> <span class='ocrx_word' id='word_1_284' title='bbox 1082 2326 1170 2395; x_wconf 85' lang='lat' dir='ltr'><strong>qui</strong></span> <span class='ocrx_word' id='word_1_285' title='bbox 1209 2327 1376 2399; x_wconf 74' lang='lat'><strong>683</strong></span> <span class='ocrx_word' id='word_1_286' title='bbox 1407 2339 1534 2383; x_wconf 88' lang='lat' dir='ltr'><strong>sunt</strong></span> <span class='ocrx_word' id='word_1_287' title='bbox 1557 2329 1639 2382; x_wconf 88' lang='lat' dir='ltr'><strong>vel</strong></span> <span class='ocrx_word' id='word_1_288' title='bbox 1664 2329 1729 2382; x_wconf 91' lang='lat' dir='ltr'><strong>de</strong></span> <span class='ocrx_word' id='word_1_289' title='bbox 1762 2330 1943 2392; x_wconf 81' lang='lat' dir='ltr'><strong>domo,</strong></span> 
     </span>
    </p>
   </div>
   <div class='ocr_carea' id='block_1_40' title="bbox 365 2416 1944 2487">
    <p class='ocr_par' dir='ltr' id='par_1_40' title="bbox 365 2416 1944 2487">
     <span class='ocr_line' id='line_1_40' title="bbox 365 2416 1944 2487; baseline 0.003 -17"><span class='ocrx_word' id='word_1_290' title='bbox 365 2419 449 2472; x_wconf 86' lang='lat' dir='ltr'><strong>vel</strong></span> <span class='ocrx_word' id='word_1_291' title='bbox 474 2418 540 2473; x_wconf 89' lang='lat' dir='ltr'><strong>de</strong></span> <span class='ocrx_word' id='word_1_292' title='bbox 557 2418 759 2487; x_wconf 79' lang='lat' dir='ltr'><strong>familia</strong></span> <span class='ocrx_word' id='word_1_293' title='bbox 775 2416 1106 2481; x_wconf 89' lang='lat' dir='ltr'><strong>Aristobuli,</strong></span> <span class='ocrx_word' id='word_1_294' title='bbox 1136 2434 1240 2471; x_wconf 84' lang='lat' dir='ltr'><strong>non</strong></span> <span class='ocrx_word' id='word_1_295' title='bbox 1266 2420 1466 2473; x_wconf 81' lang='lat' dir='ltr'><strong>frustra</strong></span> <span class='ocrx_word' id='word_1_296' title='bbox 1500 2435 1675 2487; x_wconf 89' lang='lat' dir='ltr'><strong>neque</strong></span> <span class='ocrx_word' id='word_1_297' title='bbox 1699 2420 1944 2484; x_wconf 83' lang='lat' dir='ltr'><strong>dilectos,</strong></span> 
     </span>
    </p>
   </div>
   <div class='ocr_carea' id='block_1_41' title="bbox 366 2510 1943 2581">
    <p class='ocr_par' dir='ltr' id='par_1_41' title="bbox 366 2510 1943 2581">
     <span class='ocr_line' id='line_1_41' title="bbox 366 2510 1943 2581; baseline 0.001 -17"><span class='ocrx_word' id='word_1_298' title='bbox 366 2525 540 2579; x_wconf 91' lang='lat' dir='ltr'><strong>neque</strong></span> <span class='ocrx_word' id='word_1_299' title='bbox 565 2510 762 2580; x_wconf 87' lang='lat' dir='ltr'><strong>probos</strong></span> <span class='ocrx_word' id='word_1_300' title='bbox 781 2550 798 2575; x_wconf 94' lang='lat'><strong>,</strong></span> <span class='ocrx_word' id='word_1_301' title='bbox 831 2525 1004 2579; x_wconf 85' lang='lat' dir='ltr'><strong>neque</strong></span> <span class='ocrx_word' id='word_1_302' title='bbox 1028 2510 1309 2581; x_wconf 87' lang='lat' dir='ltr'><strong>adjutores</strong></span> <span class='ocrx_word' id='word_1_303' title='bbox 1336 2511 1389 2565; x_wconf 92' lang='lat' dir='ltr'><strong>in</strong></span> <span class='ocrx_word' id='word_1_304' title='bbox 1419 2510 1639 2566; x_wconf 88' lang='lat' dir='ltr'><strong>Christo</strong></span> <span class='ocrx_word' id='word_1_305' title='bbox 1663 2514 1903 2566; x_wconf 85' lang='lat' dir='ltr'><strong>nominat</strong></span> <span class='ocrx_word' id='word_1_306' title='bbox 1929 2531 1943 2566; x_wconf 90' lang='lat'><strong>:</strong></span> 
     </span>
    </p>
   </div>
   <div class='ocr_carea' id='block_1_42' title="bbox 365 2602 1948 2672">
    <p class='ocr_par' dir='ltr' id='par_1_42' title="bbox 365 2602 1948 2672">
     <span class='ocr_line' id='line_1_42' title="bbox 365 2602 1948 2672; baseline 0.003 -16"><span class='ocrx_word' id='word_1_307' title='bbox 365 2605 459 2657; x_wconf 89' lang='lat' dir='ltr'><strong>sed</strong></span> <span class='ocrx_word' id='word_1_308' title='bbox 497 2603 636 2658; x_wconf 90' lang='lat' dir='ltr'><strong>forte</strong></span> <span class='ocrx_word' id='word_1_309' title='bbox 669 2604 793 2672; x_wconf 88' lang='lat' dir='ltr'><strong>quia</strong></span> <span class='ocrx_word' id='word_1_310' title='bbox 837 2602 969 2657; x_wconf 91' lang='lat' dir='ltr'><strong>nihil</strong></span> <span class='ocrx_word' id='word_1_311' title='bbox 1000 2603 1105 2658; x_wconf 88' lang='lat' dir='ltr'><strong>tale</strong></span> <span class='ocrx_word' id='word_1_312' title='bbox 1133 2603 1408 2657; x_wconf 83' lang='lat' dir='ltr'><strong>habebant</strong></span> <span class='ocrx_word' id='word_1_313' title='bbox 1436 2604 1489 2656; x_wconf 92' lang='lat' dir='ltr'><strong>in</strong></span> <span class='ocrx_word' id='word_1_314' title='bbox 1522 2604 1751 2669; x_wconf 78' lang='lat' dir='ltr'><strong>meritis,</strong></span> <span class='ocrx_word' id='word_1_315' title='bbox 1785 2605 1948 2661; x_wconf 85' lang='lat' dir='ltr'><strong>idcir-</strong></span> 
     </span>
    </p>
   </div>
   <div class='ocr_carea' id='block_1_43' title="bbox 364 2692 1593 2749">
    <p class='ocr_par' dir='ltr' id='par_1_43' title="bbox 364 2692 1593 2749">
     <span class='ocr_line' id='line_1_43' title="bbox 364 2692 1593 2749; baseline 0.002 -2"><span class='ocrx_word' id='word_1_316' title='bbox 364 2709 429 2747; x_wconf 89' lang='lat' dir='ltr'><strong>co</strong></span> <span class='ocrx_word' id='word_1_317' title='bbox 456 2710 551 2748; x_wconf 83' lang='lat' dir='ltr'><strong>eos</strong></span> <span class='ocrx_word' id='word_1_318' title='bbox 582 2693 697 2747; x_wconf 91' lang='lat' dir='ltr'><strong>solo</strong></span> <span class='ocrx_word' id='word_1_319' title='bbox 724 2693 882 2746; x_wconf 91' lang='lat' dir='ltr'><strong>titulo</strong></span> <span class='ocrx_word' id='word_1_320' title='bbox 912 2692 1259 2747; x_wconf 85' lang='lat' dir='ltr'><strong>salutationis</strong></span> <span class='ocrx_word' id='word_1_321' title='bbox 1283 2693 1593 2749; x_wconf 80' lang='lat' dir='ltr'><strong>honoravit.</strong></span> 
     </span>
    </p>
   </div>
   <div class='ocr_carea' id='block_1_44' title="bbox 434 2782 1947 2854">
    <p class='ocr_par' dir='ltr' id='par_1_44' title="bbox 434 2782 1947 2854">
     <span class='ocr_line' id='line_1_44' title="bbox 434 2782 1947 2854; baseline 0.005 -17"><span class='ocrx_word' id='word_1_322' title='bbox 434 2783 525 2839; x_wconf 87' lang='lat'><strong>26.</strong></span> <span class='ocrx_word' id='word_1_323' title='bbox 568 2783 806 2839; x_wconf 80' lang='lat' dir='ltr'><strong>Salutate</strong></span> <span class='ocrx_word' id='word_1_324' title='bbox 843 2782 1197 2838; x_wconf 84' lang='lat' dir='ltr'><strong>Herodionem</strong></span> <span class='ocrx_word' id='word_1_325' title='bbox 1231 2795 1514 2854; x_wconf 83' lang='lat' dir='ltr'><strong>cognatum</strong></span> <span class='ocrx_word' id='word_1_326' title='bbox 1564 2802 1737 2840; x_wconf 88' lang='lat' dir='ltr'><strong>meum</strong></span> <span class='ocrx_word' id='word_1_327' title='bbox 1767 2788 1835 2843; x_wconf 89' lang='lat'><strong>&quot;°.</strong></span> <span class='ocrx_word' id='word_1_328' title='bbox 1878 2788 1947 2845; x_wconf 90' lang='lat' dir='ltr'><strong>Et</strong></span> 
     </span>
    </p>
   </div>
   <div class='ocr_carea' id='block_1_45' title="bbox 366 2875 1944 2949">
    <p class='ocr_par' dir='ltr' id='par_1_45' title="bbox 366 2875 1944 2949">
     <span class='ocr_line' id='line_1_45' title="bbox 366 2875 1944 2949; baseline 0.004 -19"><span class='ocrx_word' id='word_1_329' title='bbox 366 2875 475 2941; x_wconf 84' lang='lat' dir='ltr'><strong>hic,</strong></span> <span class='ocrx_word' id='word_1_330' title='bbox 520 2876 775 2931; x_wconf 88' lang='lat' dir='ltr'><strong>similiter</strong></span> <span class='ocrx_word' id='word_1_331' title='bbox 824 2885 882 2928; x_wconf 92' lang='lat' dir='ltr'><strong>ut</strong></span> <span class='ocrx_word' id='word_1_332' title='bbox 929 2875 1275 2930; x_wconf 84' lang='lat' dir='ltr'><strong>Andronicus</strong></span> <span class='ocrx_word' id='word_1_333' title='bbox 1308 2886 1363 2930; x_wconf 90' lang='lat' dir='ltr'><strong>et</strong></span> <span class='ocrx_word' id='word_1_334' title='bbox 1410 2876 1622 2941; x_wconf 87' lang='lat' dir='ltr'><strong>Junias,</strong></span> <span class='ocrx_word' id='word_1_335' title='bbox 1673 2892 1944 2949; x_wconf 87' lang='lat' dir='ltr'><strong>cognatus</strong></span> 
     </span>
    </p>
   </div>
   <div class='ocr_carea' id='block_1_46' title="bbox 365 2964 1934 3035">
    <p class='ocr_par' dir='ltr' id='par_1_46' title="bbox 365 2964 1934 3035">
     <span class='ocr_line' id='line_1_46' title="bbox 365 2964 1934 3035; baseline 0.005 -15"><span class='ocrx_word' id='word_1_336' title='bbox 365 2964 516 3020; x_wconf 85' lang='lat' dir='ltr'><strong>Pauli</strong></span> <span class='ocrx_word' id='word_1_337' title='bbox 563 2967 801 3021; x_wconf 74' lang='lat' dir='ltr'><strong>dicitur:</strong></span> <span class='ocrx_word' id='word_1_338' title='bbox 841 2966 936 3021; x_wconf 87' lang='lat' dir='ltr'><strong>sed</strong></span> <span class='ocrx_word' id='word_1_339' title='bbox 973 2982 1149 3034; x_wconf 88' lang='lat' dir='ltr'><strong>neque</strong></span> <span class='ocrx_word' id='word_1_340' title='bbox 1180 2968 1537 3035; x_wconf 85' lang='lat' dir='ltr'><strong>concaplivus</strong></span> <span class='ocrx_word' id='word_1_341' title='bbox 1578 2980 1636 3024; x_wconf 90' lang='lat' dir='ltr'><strong>ut</strong></span> <span class='ocrx_word' id='word_1_342' title='bbox 1686 2972 1785 3035; x_wconf 93' lang='lat' dir='ltr'><strong>illi,</strong></span> <span class='ocrx_word' id='word_1_343' title='bbox 1840 2989 1934 3028; x_wconf 82' lang='lat' dir='ltr'><strong>ne-</strong></span> 
     </span>
    </p>
   </div>
   <div class='ocr_carea' id='block_1_47' title="bbox 365 3056 1941 3127">
    <p class='ocr_par' dir='ltr' id='par_1_47' title="bbox 365 3056 1941 3127">
     <span class='ocr_line' id='line_1_47' title="bbox 365 3056 1941 3127; baseline 0.007 -22"><span class='ocrx_word' id='word_1_344' title='bbox 365 3070 472 3127; x_wconf 85' lang='lat' dir='ltr'><strong>que</strong></span> <span class='ocrx_word' id='word_1_345' title='bbox 514 3056 708 3111; x_wconf 91' lang='lat' dir='ltr'><strong>nobilis</strong></span> <span class='ocrx_word' id='word_1_346' title='bbox 743 3056 796 3109; x_wconf 92' lang='lat' dir='ltr'><strong>in</strong></span> <span class='ocrx_word' id='word_1_347' title='bbox 847 3056 1126 3125; x_wconf 85' lang='lat' dir='ltr'><strong>apostolis.</strong></span> <span class='ocrx_word' id='word_1_348' title='bbox 1173 3057 1226 3109; x_wconf 91' lang='lat' dir='ltr'><strong>in</strong></span> <span class='ocrx_word' id='word_1_349' title='bbox 1270 3057 1354 3110; x_wconf 84' lang='lat' dir='ltr'><strong>Iris</strong></span> <span class='ocrx_word' id='word_1_350' title='bbox 1401 3057 1495 3127; x_wconf 92' lang='lat' dir='ltr'><strong>qui</strong></span> <span class='ocrx_word' id='word_1_351' title='bbox 1535 3069 1663 3114; x_wconf 90' lang='lat' dir='ltr'><strong>ante</strong></span> <span class='ocrx_word' id='word_1_352' title='bbox 1711 3060 1941 3117; x_wconf 88' lang='lat' dir='ltr'><strong>Paulum</strong></span> 
     </span>
    </p>
   </div>
   <div class='ocr_carea' id='block_1_48' title="bbox 366 3151 1938 3224">
    <p class='ocr_par' dir='ltr' id='par_1_48' title="bbox 366 3151 1938 3224">
     <span class='ocr_line' id='line_1_48' title="bbox 366 3151 1938 3224; baseline 0.004 -19"><span class='ocrx_word' id='word_1_353' title='bbox 366 3151 585 3206; x_wconf 90' lang='lat' dir='ltr'><strong>fuerunt</strong></span> <span class='ocrx_word' id='word_1_354' title='bbox 615 3154 666 3206; x_wconf 94' lang='lat' dir='ltr'><strong>in</strong></span> <span class='ocrx_word' id='word_1_355' title='bbox 695 3152 933 3218; x_wconf 89' lang='lat' dir='ltr'><strong>Christo,</strong></span> <span class='ocrx_word' id='word_1_356' title='bbox 976 3152 1309 3207; x_wconf 87' lang='lat' dir='ltr'><strong>nominatur.</strong></span> <span class='ocrx_word' id='word_1_357' title='bbox 1354 3151 1504 3207; x_wconf 89' lang='lat' dir='ltr'><strong>Unde</strong></span> <span class='ocrx_word' id='word_1_358' title='bbox 1533 3155 1938 3224; x_wconf 87' lang='lat' dir='ltr'><strong>intelligendum</strong></span> 
     </span>
    </p>
   </div>
   <div class='ocr_carea' id='block_1_49' title="bbox 365 3244 1940 3318">
    <p class='ocr_par' dir='ltr' id='par_1_49' title="bbox 365 3244 1940 3318">
     <span class='ocr_line' id='line_1_49' title="bbox 365 3244 1940 3318; baseline 0.003 -18"><span class='ocrx_word' id='word_1_359' title='bbox 365 3255 450 3300; x_wconf 89' lang='lat' dir='ltr'><strong>est</strong></span> <span class='ocrx_word' id='word_1_360' title='bbox 478 3248 639 3300; x_wconf 88' lang='lat' dir='ltr'><strong>etiam</strong></span> <span class='ocrx_word' id='word_1_361' title='bbox 671 3245 722 3298; x_wconf 91' lang='lat' dir='ltr'><strong>in</strong></span> <span class='ocrx_word' id='word_1_362' title='bbox 746 3245 831 3298; x_wconf 92' lang='lat' dir='ltr'><strong>his</strong></span> <span class='ocrx_word' id='word_1_363' title='bbox 873 3246 1015 3314; x_wconf 91' lang='lat' dir='ltr'><strong>quod</strong></span> <span class='ocrx_word' id='word_1_364' title='bbox 1057 3253 1316 3313; x_wconf 83' lang='lat' dir='ltr'><strong>cognatos</strong></span> <span class='ocrx_word' id='word_1_365' title='bbox 1345 3259 1472 3299; x_wconf 90' lang='lat' dir='ltr'><strong>suos</strong></span> <span class='ocrx_word' id='word_1_366' title='bbox 1528 3244 1723 3301; x_wconf 84' lang='lat' dir='ltr'><strong>Paulus</strong></span> <span class='ocrx_word' id='word_1_367' title='bbox 1756 3250 1940 3318; x_wconf 87' lang='lat' dir='ltr'><strong>appel-</strong></span> 
     </span>
    </p>
   </div>
   <div class='ocr_carea' id='block_1_50' title="bbox 366 3335 1943 3408">
    <p class='ocr_par' dir='ltr' id='par_1_50' title="bbox 366 3335 1943 3408">
     <span class='ocr_line' id='line_1_50' title="bbox 366 3335 1943 3408; baseline 0.008 -20"><span class='ocrx_word' id='word_1_368' title='bbox 366 3336 459 3400; x_wconf 87' lang='lat' dir='ltr'><strong>lat,</strong></span> <span class='ocrx_word' id='word_1_369' title='bbox 488 3351 609 3391; x_wconf 86' lang='lat' dir='ltr'><strong>esse</strong></span> <span class='ocrx_word' id='word_1_370' title='bbox 645 3335 866 3390; x_wconf 87' lang='lat' dir='ltr'><strong>multam</strong></span> <span class='ocrx_word' id='word_1_371' title='bbox 910 3335 1266 3391; x_wconf 83' lang='lat' dir='ltr'><strong>ditl&#39;ereutiam</strong></span> <span class='ocrx_word' id='word_1_372' title='bbox 1286 3377 1302 3401; x_wconf 89' lang='lat'><strong>,</strong></span> <span class='ocrx_word' id='word_1_373' title='bbox 1354 3339 1653 3394; x_wconf 89' lang='lat' dir='ltr'><strong>secundum</strong></span> <span class='ocrx_word' id='word_1_374' title='bbox 1684 3343 1851 3408; x_wconf 88' lang='lat' dir='ltr'><strong>illam,</strong></span> <span class='ocrx_word' id='word_1_375' title='bbox 1883 3356 1943 3401; x_wconf 93' lang='lat' dir='ltr'><strong>ut</strong></span> 
     </span>
    </p>
   </div>
   <div class='ocr_carea' id='block_1_51' title="bbox 365 3430 1945 3506">
    <p class='ocr_par' dir='ltr' id='par_1_51' title="bbox 365 3430 1945 3506">
     <span class='ocr_line' id='line_1_51' title="bbox 365 3430 1945 3506; baseline 0.005 -21"><span class='ocrx_word' id='word_1_376' title='bbox 365 3447 465 3501; x_wconf 81' lang='lat' dir='ltr'><strong>ego</strong></span> <span class='ocrx_word' id='word_1_377' title='bbox 497 3430 754 3497; x_wconf 89' lang='lat' dir='ltr'><strong>arbitror,</strong></span> <span class='ocrx_word' id='word_1_378' title='bbox 794 3430 1079 3494; x_wconf 85' lang='lat' dir='ltr'><strong>rationem,</strong></span> <span class='ocrx_word' id='word_1_379' title='bbox 1116 3446 1281 3501; x_wconf 86' lang='lat' dir='ltr'><strong>quam</strong></span> <span class='ocrx_word' id='word_1_380' title='bbox 1312 3434 1566 3503; x_wconf 89' lang='lat' dir='ltr'><strong>superius</strong></span> <span class='ocrx_word' id='word_1_381' title='bbox 1591 3436 1805 3506; x_wconf 88' lang='lat' dir='ltr'><strong>aperire</strong></span> <span class='ocrx_word' id='word_1_382' title='bbox 1835 3448 1945 3494; x_wconf 89' lang='lat' dir='ltr'><strong>ten-</strong></span> 
     </span>
    </p>
   </div>
   <div class='ocr_carea' id='block_1_52' title="bbox 368 3526 624 3580">
    <p class='ocr_par' dir='ltr' id='par_1_52' title="bbox 368 3526 624 3580">
     <span class='ocr_line' id='line_1_52' title="bbox 368 3526 624 3580; baseline 0.008 -2"><span class='ocrx_word' id='word_1_383' title='bbox 368 3535 416 3578; x_wconf 88' lang='lat' dir='ltr'><strong>ta</strong></span> <span class='ocrx_word' id='word_1_384' title='bbox 428 3526 624 3580; x_wconf 83' lang='lat' dir='ltr'><strong>vimus.</strong></span> 
     </span>
    </p>
   </div>
   <div class='ocr_carea' id='block_1_53' title="bbox 435 3617 1939 3696">
    <p class='ocr_par' dir='ltr' id='par_1_53' title="bbox 435 3617 1939 3696">
     <span class='ocr_line' id='line_1_53' title="bbox 435 3617 1939 3696; baseline 0.006 -25"><span class='ocrx_word' id='word_1_385' title='bbox 435 3618 523 3672; x_wconf 87' lang='lat'><strong>27.</strong></span> <span class='ocrx_word' id='word_1_386' title='bbox 556 3617 797 3673; x_wconf 87' lang='lat' dir='ltr'><strong>Salutate</strong></span> <span class='ocrx_word' id='word_1_387' title='bbox 824 3634 911 3672; x_wconf 87' lang='lat' dir='ltr'><strong>eos</strong></span> <span class='ocrx_word' id='word_1_388' title='bbox 950 3618 1039 3685; x_wconf 87' lang='lat' dir='ltr'><strong>qui</strong></span> <span class='ocrx_word' id='word_1_389' title='bbox 1071 3628 1191 3672; x_wconf 89' lang='lat' dir='ltr'><strong>sunt</strong></span> <span class='ocrx_word' id='word_1_390' title='bbox 1233 3635 1298 3673; x_wconf 80' lang='lat' dir='ltr'><strong>ea:</strong></span> <span class='ocrx_word' id='word_1_391' title='bbox 1335 3619 1580 3676; x_wconf 74' lang='lat' dir='ltr'><strong>Narcissi</strong></span> <span class='ocrx_word' id='word_1_392' title='bbox 1619 3622 1798 3688; x_wconf 88' lang='lat' dir='ltr'><strong>domo,</strong></span> <span class='ocrx_word' id='word_1_393' title='bbox 1846 3627 1939 3696; x_wconf 85' lang='lat' dir='ltr'><strong>qui</strong></span> 
     </span>
    </p>
   </div>
   <div class='ocr_carea' id='block_1_54' title="bbox 365 3710 1942 3784">
    <p class='ocr_par' dir='ltr' id='par_1_54' title="bbox 365 3710 1942 3784">
     <span class='ocr_line' id='line_1_54' title="bbox 365 3710 1942 3784; baseline 0.006 -21"><span class='ocrx_word' id='word_1_394' title='bbox 365 3718 487 3763; x_wconf 88' lang='lat' dir='ltr'><strong>sunt</strong></span> <span class='ocrx_word' id='word_1_395' title='bbox 523 3710 578 3764; x_wconf 86' lang='lat' dir='ltr'><strong>in</strong></span> <span class='ocrx_word' id='word_1_396' title='bbox 618 3710 838 3763; x_wconf 86' lang='lat' dir='ltr'><strong>Domino</strong></span> <span class='ocrx_word' id='word_1_397' title='bbox 870 3710 936 3763; x_wconf 73' lang='grc' dir='ltr'><strong>τί.</strong></span> <span class='ocrx_word' id='word_1_398' title='bbox 966 3710 1236 3765; x_wconf 84' lang='lat' dir='ltr'><strong>Videntur</strong></span> <span class='ocrx_word' id='word_1_399' title='bbox 1276 3713 1495 3781; x_wconf 85' lang='lat' dir='ltr'><strong>quidem</strong></span> <span class='ocrx_word' id='word_1_400' title='bbox 1551 3714 1732 3784; x_wconf 89' lang='lat' dir='ltr'><strong>plures</strong></span> <span class='ocrx_word' id='word_1_401' title='bbox 1772 3717 1942 3773; x_wconf 89' lang='lat' dir='ltr'><strong>fuisse</strong></span> 
     </span>
    </p>
   </div>
   <div class='ocr_carea' id='block_1_55' title="bbox 367 3800 1940 3870">
    <p class='ocr_par' dir='ltr' id='par_1_55' title="bbox 367 3800 1940 3870">
     <span class='ocr_line' id='line_1_55' title="bbox 367 3800 1940 3870; baseline 0.008 -17"><span class='ocrx_word' id='word_1_402' title='bbox 367 3814 432 3853; x_wconf 85' lang='lat' dir='ltr'><strong>ex</strong></span> <span class='ocrx_word' id='word_1_403' title='bbox 479 3800 637 3855; x_wconf 89' lang='lat' dir='ltr'><strong>domo</strong></span> <span class='ocrx_word' id='word_1_404' title='bbox 679 3803 760 3856; x_wconf 85' lang='lat' dir='ltr'><strong>vel</strong></span> <span class='ocrx_word' id='word_1_405' title='bbox 804 3803 1004 3858; x_wconf 79' lang='lat' dir='ltr'><strong>familia</strong></span> <span class='ocrx_word' id='word_1_406' title='bbox 1046 3802 1305 3870; x_wconf 82' lang='lat' dir='ltr'><strong>Narcissi,</strong></span> <span class='ocrx_word' id='word_1_407' title='bbox 1357 3806 1451 3860; x_wconf 90' lang='lat' dir='ltr'><strong>sed</strong></span> <span class='ocrx_word' id='word_1_408' title='bbox 1498 3823 1602 3861; x_wconf 92' lang='lat' dir='ltr'><strong>non</strong></span> <span class='ocrx_word' id='word_1_409' title='bbox 1645 3824 1837 3864; x_wconf 91' lang='lat' dir='ltr'><strong>omnes</strong></span> <span class='ocrx_word' id='word_1_410' title='bbox 1884 3810 1940 3864; x_wconf 91' lang='lat' dir='ltr'><strong>in</strong></span> 
     </span>
    </p>
   </div>
   <div class='ocr_carea' id='block_1_56' title="bbox 372 3894 1940 3957">
    <p class='ocr_par' dir='ltr' id='par_1_56' title="bbox 372 3894 1940 3957">
     <span class='ocr_line' id='line_1_56' title="bbox 372 3894 1940 3957; baseline 0.006 -10"><span class='ocrx_word' id='word_1_411' title='bbox 372 3894 597 3949; x_wconf 84' lang='lat' dir='ltr'><strong>Domino</strong></span> <span class='ocrx_word' id='word_1_412' title='bbox 626 3895 794 3948; x_wconf 83' lang='lat' dir='ltr'><strong>fuisse</strong></span> <span class='ocrx_word' id='word_1_413' title='bbox 825 3912 838 3945; x_wconf 95' lang='lat'>:</span> <span class='ocrx_word' id='word_1_414' title='bbox 887 3904 945 3948; x_wconf 87' lang='lat' dir='ltr'><strong>et</strong></span> <span class='ocrx_word' id='word_1_415' title='bbox 967 3896 1088 3949; x_wconf 87' lang='lat' dir='ltr'><strong>ideo</strong></span> <span class='ocrx_word' id='word_1_416' title='bbox 1118 3897 1328 3953; x_wconf 88' lang='lat' dir='ltr'><strong>addidit</strong></span> <span class='ocrx_word' id='word_1_417' title='bbox 1356 3913 1450 3954; x_wconf 90' lang='lat' dir='ltr'><strong>eos</strong></span> <span class='ocrx_word' id='word_1_418' title='bbox 1480 3900 1790 3956; x_wconf 88' lang='lat' dir='ltr'><strong>salutandos</strong></span> <span class='ocrx_word' id='word_1_419' title='bbox 1819 3915 1940 3957; x_wconf 90' lang='lat' dir='ltr'><strong>esse</strong></span> 
     </span>
    </p>
   </div>
   <div class='ocr_carea' id='block_1_57' title="bbox 365 3980 1881 4052">
    <p class='ocr_par' dir='ltr' id='par_1_57' title="bbox 365 3980 1881 4052">
     <span class='ocr_line' id='line_1_57' title="bbox 365 3980 1881 4052; baseline 0.005 -16"><span class='ocrx_word' id='word_1_420' title='bbox 365 3986 453 4052; x_wconf 84' lang='lat' dir='ltr'><strong>qui</strong></span> <span class='ocrx_word' id='word_1_421' title='bbox 480 3996 599 4038; x_wconf 84' lang='lat' dir='ltr'><strong>sunt</strong></span> <span class='ocrx_word' id='word_1_422' title='bbox 624 3987 678 4038; x_wconf 89' lang='lat' dir='ltr'><strong>in</strong></span> <span class='ocrx_word' id='word_1_423' title='bbox 705 3980 948 4040; x_wconf 86' lang='lat' dir='ltr'><strong>Domino.</strong></span> <span class='ocrx_word' id='word_1_424' title='bbox 1870 3980 1881 3999; x_wconf 79' lang='grc'><strong><em>¹</em></strong></span> 
     </span>
    </p>
   </div>
   <div class='ocr_carea' id='block_1_58' title="bbox 438 4077 1940 4150">
    <p class='ocr_par' dir='ltr' id='par_1_58' title="bbox 438 4077 1940 4150">
     <span class='ocr_line' id='line_1_58' title="bbox 438 4077 1940 4150; baseline 0.001 -18"><span class='ocrx_word' id='word_1_425' title='bbox 438 4077 528 4133; x_wconf 88' lang='grc'><strong>28.</strong></span> <span class='ocrx_word' id='word_1_426' title='bbox 557 4077 795 4133; x_wconf 80' lang='lat' dir='ltr'><strong>Salutate</strong></span> <span class='ocrx_word' id='word_1_427' title='bbox 823 4078 1177 4146; x_wconf 74' lang='lat' dir='ltr'><strong>Triphmnam,</strong></span> <span class='ocrx_word' id='word_1_428' title='bbox 1220 4089 1269 4133; x_wconf 87' lang='lat' dir='ltr'><strong>et</strong></span> <span class='ocrx_word' id='word_1_429' title='bbox 1305 4078 1652 4149; x_wconf 79' lang='lat' dir='ltr'><strong>Tryphosam,</strong></span> <span class='ocrx_word' id='word_1_430' title='bbox 1691 4096 1812 4150; x_wconf 71' lang='lat' dir='ltr'><strong>qua:</strong></span> <span class='ocrx_word' id='word_1_431' title='bbox 1856 4082 1940 4134; x_wconf 88' lang='lat' dir='ltr'><strong>la-</strong></span> 
     </span>
    </p>
   </div>
   <div class='ocr_carea' id='block_1_59' title="bbox 366 4170 1942 4226">
    <p class='ocr_par' dir='ltr' id='par_1_59' title="bbox 366 4170 1942 4226">
     <span class='ocr_line' id='line_1_59' title="bbox 366 4170 1942 4226; baseline 0.001 -2"><span class='ocrx_word' id='word_1_432' title='bbox 366 4174 552 4225; x_wconf 81' lang='lat' dir='ltr'><strong>borant</strong></span> <span class='ocrx_word' id='word_1_433' title='bbox 599 4172 658 4224; x_wconf 87' lang='lat' dir='ltr'><strong>in</strong></span> <span class='ocrx_word' id='word_1_434' title='bbox 708 4170 930 4225; x_wconf 90' lang='lat' dir='ltr'><strong>Domino</strong></span> <span class='ocrx_word' id='word_1_435' title='bbox 957 4172 1025 4226; x_wconf 77' lang='grc'><strong>⁷³.</strong></span> <span class='ocrx_word' id='word_1_436' title='bbox 1059 4171 1266 4226; x_wconf 89' lang='lat' dir='ltr'><strong>Bonum</strong></span> <span class='ocrx_word' id='word_1_437' title='bbox 1315 4171 1381 4225; x_wconf 90' lang='lat' dir='ltr'><strong>de</strong></span> <span class='ocrx_word' id='word_1_438' title='bbox 1425 4170 1511 4225; x_wconf 82' lang='lat' dir='ltr'><strong>his</strong></span> <span class='ocrx_word' id='word_1_439' title='bbox 1557 4171 1650 4224; x_wconf 93' lang='lat' dir='ltr'><strong>dat</strong></span> <span class='ocrx_word' id='word_1_440' title='bbox 1694 4172 1942 4226; x_wconf 84' lang='lat' dir='ltr'><strong>testimo-</strong></span> 
     </span>
    </p>
   </div>
   <div class='ocr_carea' id='block_1_60' title="bbox 367 4259 1942 4333">
    <p class='ocr_par' dir='ltr' id='par_1_60' title="bbox 367 4259 1942 4333">
     <span class='ocr_line' id='line_1_60' title="bbox 367 4259 1942 4333; baseline 0.002 -19"><span class='ocrx_word' id='word_1_441' title='bbox 367 4262 536 4324; x_wconf 89' lang='lat' dir='ltr'><strong>nium,</strong></span> <span class='ocrx_word' id='word_1_442' title='bbox 564 4276 793 4331; x_wconf 89' lang='lat' dir='ltr'><strong>quarum</strong></span> <span class='ocrx_word' id='word_1_443' title='bbox 838 4261 1074 4316; x_wconf 89' lang='lat' dir='ltr'><strong>laborem</strong></span> <span class='ocrx_word' id='word_1_444' title='bbox 1109 4274 1214 4314; x_wconf 92' lang='lat' dir='ltr'><strong>non</strong></span> <span class='ocrx_word' id='word_1_445' title='bbox 1257 4259 1417 4328; x_wconf 89' lang='lat' dir='ltr'><strong>hujus</strong></span> <span class='ocrx_word' id='word_1_446' title='bbox 1453 4262 1635 4314; x_wconf 91' lang='lat' dir='ltr'><strong>mundi</strong></span> <span class='ocrx_word' id='word_1_447' title='bbox 1669 4261 1806 4333; x_wconf 83' lang='grc'>(22),</span> <span class='ocrx_word' id='word_1_448' title='bbox 1842 4279 1942 4317; x_wconf 89' lang='lat' dir='ltr'><strong>ne-</strong></span> 
     </span>
    </p>
   </div>
   <div class='ocr_carea' id='block_1_61' title="bbox 367 4353 1939 4421">
    <p class='ocr_par' dir='ltr' id='par_1_61' title="bbox 367 4353 1939 4421">
     <span class='ocr_line' id='line_1_61' title="bbox 367 4353 1939 4421; baseline 0.004 -18"><span class='ocrx_word' id='word_1_449' title='bbox 367 4366 473 4421; x_wconf 89' lang='lat' dir='ltr'><strong>que</strong></span> <span class='ocrx_word' id='word_1_450' title='bbox 501 4353 801 4407; x_wconf 87' lang='lat' dir='ltr'><strong>communis</strong></span> <span class='ocrx_word' id='word_1_451' title='bbox 833 4357 980 4417; x_wconf 84' lang='lat' dir='ltr'><strong>vitae,</strong></span> <span class='ocrx_word' id='word_1_452' title='bbox 1019 4353 1112 4408; x_wconf 90' lang='lat' dir='ltr'><strong>sed</strong></span> <span class='ocrx_word' id='word_1_453' title='bbox 1157 4353 1211 4407; x_wconf 94' lang='lat' dir='ltr'><strong>in</strong></span> <span class='ocrx_word' id='word_1_454' title='bbox 1253 4353 1480 4407; x_wconf 88' lang='lat' dir='ltr'><strong>Domino</strong></span> <span class='ocrx_word' id='word_1_455' title='bbox 1514 4368 1636 4409; x_wconf 90' lang='lat' dir='ltr'><strong>esse</strong></span> <span class='ocrx_word' id='word_1_456' title='bbox 1680 4363 1939 4409; x_wconf 88' lang='lat' dir='ltr'><strong>testatur.</strong></span> 
     </span>
    </p>
   </div>
   <div class='ocr_carea' id='block_1_62' title="bbox 368 4442 1938 4511">
    <p class='ocr_par' dir='ltr' id='par_1_62' title="bbox 368 4442 1938 4511">
     <span class='ocr_line' id='line_1_62' title="bbox 368 4442 1938 4511; baseline 0.001 -14"><span class='ocrx_word' id='word_1_457' title='bbox 368 4442 516 4498; x_wconf 83' lang='lat' dir='ltr'><strong>Multi</strong></span> <span class='ocrx_word' id='word_1_458' title='bbox 569 4446 710 4499; x_wconf 89' lang='lat' dir='ltr'><strong>enim</strong></span> <span class='ocrx_word' id='word_1_459' title='bbox 761 4445 1047 4511; x_wconf 86' lang='lat' dir='ltr'><strong>laborant,</strong></span> <span class='ocrx_word' id='word_1_460' title='bbox 1096 4446 1191 4500; x_wconf 88' lang='lat' dir='ltr'><strong>sed</strong></span> <span class='ocrx_word' id='word_1_461' title='bbox 1243 4461 1349 4500; x_wconf 94' lang='lat' dir='ltr'><strong>non</strong></span> <span class='ocrx_word' id='word_1_462' title='bbox 1406 4445 1646 4500; x_wconf 78' lang='lat' dir='ltr'><strong>onuiium</strong></span> <span class='ocrx_word' id='word_1_463' title='bbox 1699 4445 1938 4502; x_wconf 86' lang='lat' dir='ltr'><strong>laborem</strong></span> 
     </span>
    </p>
   </div>
   <div class='ocr_carea' id='block_1_63' title="bbox 370 4537 1091 4592">
    <p class='ocr_par' dir='ltr' id='par_1_63' title="bbox 370 4537 1091 4592">
     <span class='ocr_line' id='line_1_63' title="bbox 370 4537 1091 4592; baseline 0.003 -4"><span class='ocrx_word' id='word_1_464' title='bbox 370 4545 585 4590; x_wconf 84' lang='lat' dir='ltr'><strong>constat</strong></span> <span class='ocrx_word' id='word_1_465' title='bbox 613 4552 733 4592; x_wconf 90' lang='lat' dir='ltr'><strong>esse</strong></span> <span class='ocrx_word' id='word_1_466' title='bbox 761 4537 813 4591; x_wconf 93' lang='lat' dir='ltr'><strong>in</strong></span> <span class='ocrx_word' id='word_1_467' title='bbox 843 4537 1091 4591; x_wconf 86' lang='lat' dir='ltr'><strong>Domino.</strong></span> 
     </span>
    </p>
   </div>
   <div class='ocr_carea' id='block_1_64' title="bbox 442 4645 1942 4720">
    <p class='ocr_par' dir='ltr' id='par_1_64' title="bbox 442 4645 1942 4720">
     <span class='ocr_line' id='line_1_64' title="bbox 442 4645 1942 4720; baseline 0.004 -16"><span class='ocrx_word' id='word_1_468' title='bbox 442 4649 485 4682; x_wconf 81' lang='grc'><strong><em>⁵⁸</em></strong></span> <span class='ocrx_word' id='word_1_469' title='bbox 519 4645 672 4705; x_wconf 83' lang='lat' dir='ltr'><strong>Rom.</strong></span> <span class='ocrx_word' id='word_1_470' title='bbox 688 4669 797 4707; x_wconf 75' lang='lat' dir='ltr'><strong>xw.</strong></span> <span class='ocrx_word' id='word_1_471' title='bbox 820 4654 874 4709; x_wconf 92' lang='lat'><strong>9.</strong></span> <span class='ocrx_word' id='word_1_472' title='bbox 919 4654 964 4685; x_wconf 81' lang='lat'><strong>“</strong></span> <span class='ocrx_word' id='word_1_473' title='bbox 980 4653 1123 4720; x_wconf 79' lang='lat' dir='ltr'><strong>ibid.</strong></span> <span class='ocrx_word' id='word_1_474' title='bbox 1149 4652 1235 4708; x_wconf 90' lang='grc'><strong>10.</strong></span> <span class='ocrx_word' id='word_1_475' title='bbox 1276 4653 1321 4684; x_wconf 81' lang='grc' dir='ltr'><strong>⁶τ</strong></span> <span class='ocrx_word' id='word_1_476' title='bbox 1344 4653 1499 4707; x_wconf 90' lang='lat' dir='ltr'><strong>Rom.</strong></span> <span class='ocrx_word' id='word_1_477' title='bbox 1522 4670 1572 4719; x_wconf 81' lang='grc' dir='ltr'><strong>ν,</strong></span> <span class='ocrx_word' id='word_1_478' title='bbox 1589 4654 1642 4719; x_wconf 77' lang='lat'><strong>5,</strong></span> <span class='ocrx_word' id='word_1_479' title='bbox 1661 4653 1715 4708; x_wconf 75' lang='grc'><strong>4.</strong></span> <span class='ocrx_word' id='word_1_480' title='bbox 1788 4655 1833 4687; x_wconf 79' lang='grc'>⁸⁸</span> <span class='ocrx_word' id='word_1_481' title='bbox 1855 4659 1942 4712; x_wconf 85' lang='lat' dir='ltr'><strong>Acl</strong></span> 
     </span>
    </p>
   </div>
   <div class='ocr_carea' id='block_1_65' title="bbox 2045 4645 2812 4720">
    <p class='ocr_par' dir='ltr' id='par_1_65' title="bbox 2045 4651 2812 4720">
     <span class='ocr_line' id='line_1_65' title="bbox 2045 4651 2812 4720; baseline -0.003 -10"><span class='ocrx_word' id='word_1_482' title='bbox 2045 4672 2158 4720; x_wconf 79' lang='lat' dir='ltr'><strong>vm,</strong></span> <span class='ocrx_word' id='word_1_483' title='bbox 2188 4655 2280 4708; x_wconf 72' lang='grc'><strong>24.</strong></span> <span class='ocrx_word' id='word_1_484' title='bbox 2325 4655 2367 4687; x_wconf 70' lang='grc'><strong>⁸⁸</strong></span> <span class='ocrx_word' id='word_1_485' title='bbox 2394 4651 2554 4709; x_wconf 84' lang='lat' dir='ltr'><strong>Rom.</strong></span> <span class='ocrx_word' id='word_1_486' title='bbox 2588 4670 2701 4718; x_wconf 78' lang='lat' dir='ltr'><strong>xvt,</strong></span> <span class='ocrx_word' id='word_1_487' title='bbox 2725 4654 2812 4708; x_wconf 88' lang='grc'><strong>11.</strong></span> 
     </span>
    </p>
   </div>
   <div class='ocr_carea' id='block_1_66' title="bbox 2051 1959 3632 2031">
    <p class='ocr_par' dir='ltr' id='par_1_66' title="bbox 2051 1959 3632 2031">
     <span class='ocr_line' id='line_1_66' title="bbox 2051 1959 3632 2031; baseline 0.003 -19"><span class='ocrx_word' id='word_1_488' title='bbox 2051 1959 2142 2028; x_wconf 91' lang='lat' dir='ltr'><strong>qui</strong></span> <span class='ocrx_word' id='word_1_489' title='bbox 2175 1960 2335 2015; x_wconf 89' lang='lat' dir='ltr'><strong>electi</strong></span> <span class='ocrx_word' id='word_1_490' title='bbox 2381 1961 2582 2014; x_wconf 77' lang='lat' dir='ltr'><strong>sunt&quot;</strong></span> <span class='ocrx_word' id='word_1_491' title='bbox 2625 1977 2639 2014; x_wconf 90' lang='lat'><strong>:</strong></span> <span class='ocrx_word' id='word_1_492' title='bbox 2686 1962 2841 2031; x_wconf 86' lang='lat' dir='ltr'><strong>cujus</strong></span> <span class='ocrx_word' id='word_1_493' title='bbox 2889 1972 2945 2018; x_wconf 89' lang='lat' dir='ltr'><strong>et</strong></span> <span class='ocrx_word' id='word_1_494' title='bbox 2984 1974 3158 2018; x_wconf 87' lang='lat' dir='ltr'><strong>mater</strong></span> <span class='ocrx_word' id='word_1_495' title='bbox 3196 1972 3403 2017; x_wconf 85' lang='lat' dir='ltr'><strong>tantum</strong></span> <span class='ocrx_word' id='word_1_496' title='bbox 3451 1963 3632 2017; x_wconf 84' lang='lat' dir='ltr'><strong>meriti</strong></span> 
     </span>
    </p>
   </div>
   <div class='ocr_carea' id='block_1_67' title="bbox 2051 2051 3631 2124">
    <p class='ocr_par' dir='ltr' id='par_1_67' title="bbox 2051 2051 3631 2124">
     <span class='ocr_line' id='line_1_67' title="bbox 2051 2051 3631 2124; baseline 0.001 -20"><span class='ocrx_word' id='word_1_497' title='bbox 2051 2051 2262 2115; x_wconf 84' lang='lat' dir='ltr'><strong>habuit,</strong></span> <span class='ocrx_word' id='word_1_498' title='bbox 2304 2061 2363 2106; x_wconf 91' lang='lat' dir='ltr'><strong>ut</strong></span> <span class='ocrx_word' id='word_1_499' title='bbox 2406 2051 2759 2124; x_wconf 63' lang='lat' dir='ltr'><strong>caurPaulus</strong></span> <span class='ocrx_word' id='word_1_500' title='bbox 2786 2068 2940 2107; x_wconf 87' lang='lat' dir='ltr'><strong>suam</strong></span> <span class='ocrx_word' id='word_1_501' title='bbox 2982 2054 3343 2109; x_wconf 88' lang='lat' dir='ltr'><strong>nominaverit</strong></span> <span class='ocrx_word' id='word_1_502' title='bbox 3378 2064 3631 2119; x_wconf 85' lang='lat' dir='ltr'><strong>matrem,</strong></span> 
     </span>
    </p>
   </div>
   <div class='ocr_carea' id='block_1_68' title="bbox 2050 2149 3631 2220">
    <p class='ocr_par' dir='ltr' id='par_1_68' title="bbox 2050 2149 3631 2220">
     <span class='ocr_line' id='line_1_68' title="bbox 2050 2149 3631 2220; baseline 0.004 -19"><span class='ocrx_word' id='word_1_503' title='bbox 2050 2163 2172 2201; x_wconf 88' lang='lat' dir='ltr'><strong>cum</strong></span> <span class='ocrx_word' id='word_1_504' title='bbox 2221 2163 2327 2217; x_wconf 91' lang='lat' dir='ltr'><strong>quo</strong></span> <span class='ocrx_word' id='word_1_505' title='bbox 2367 2149 2530 2203; x_wconf 87' lang='lat' dir='ltr'><strong>etiam</strong></span> <span class='ocrx_word' id='word_1_506' title='bbox 2584 2151 2722 2220; x_wconf 88' lang='lat' dir='ltr'><strong>ipse,</strong></span> <span class='ocrx_word' id='word_1_507' title='bbox 2768 2152 2912 2207; x_wconf 90' lang='lat' dir='ltr'><strong>sicut</strong></span> <span class='ocrx_word' id='word_1_508' title='bbox 2947 2151 3118 2214; x_wconf 74' lang='lat' dir='ltr'><strong>Jesus</strong></span> <span class='ocrx_word' id='word_1_509' title='bbox 3157 2169 3279 2207; x_wconf 91' lang='lat' dir='ltr'><strong>cum</strong></span> <span class='ocrx_word' id='word_1_510' title='bbox 3325 2151 3530 2207; x_wconf 81' lang='lat' dir='ltr'><strong>Joanne</strong></span> <span class='ocrx_word' id='word_1_511' title='bbox 3560 2153 3631 2215; x_wconf 83' lang='grc'><strong>⁷⁷.</strong></span> 
     </span>
    </p>
   </div>
   <div class='ocr_carea' id='block_1_69' title="bbox 2048 2243 3141 2313">
    <p class='ocr_par' dir='ltr' id='par_1_69' title="bbox 2048 2243 3141 2313">
     <span class='ocr_line' id='line_1_69' title="bbox 2048 2243 3141 2313; baseline 0.003 -17"><span class='ocrx_word' id='word_1_512' title='bbox 2048 2258 2213 2296; x_wconf 69' lang='lat' dir='ltr'><strong>nutum</strong></span> <span class='ocrx_word' id='word_1_513' title='bbox 2250 2243 2483 2311; x_wconf 83' lang='lat' dir='ltr'><strong>partitur</strong></span> <span class='ocrx_word' id='word_1_514' title='bbox 2510 2246 2697 2299; x_wconf 84' lang='lat' dir='ltr'><strong>matris</strong></span> <span class='ocrx_word' id='word_1_515' title='bbox 2726 2243 2977 2298; x_wconf 73' lang='lat' dir='ltr'><strong>allectum</strong></span> <span class='ocrx_word' id='word_1_516' title='bbox 3009 2243 3141 2313; x_wconf 71' lang='grc'>(24).</span> 
     </span>
    </p>
   </div>
   <div class='ocr_carea' id='block_1_70' title="bbox 2119 2334 3632 2407">
    <p class='ocr_par' dir='ltr' id='par_1_70' title="bbox 2119 2334 3632 2407">
     <span class='ocr_line' id='line_1_70' title="bbox 2119 2334 3632 2407; baseline -0.003 -18"><span class='ocrx_word' id='word_1_517' title='bbox 2119 2336 2208 2389; x_wconf 81' lang='grc'><strong>51.</strong></span> <span class='ocrx_word' id='word_1_518' title='bbox 2240 2334 2486 2390; x_wconf 88' lang='lat' dir='ltr'><strong>Salutate</strong></span> <span class='ocrx_word' id='word_1_519' title='bbox 2521 2339 2892 2406; x_wconf 80' lang='lat' dir='ltr'><strong>Asyucretum,</strong></span> <span class='ocrx_word' id='word_1_520' title='bbox 2932 2335 3310 2407; x_wconf 88' lang='lat' dir='ltr'><strong>Phlegontam,</strong></span> <span class='ocrx_word' id='word_1_521' title='bbox 3357 2334 3632 2403; x_wconf 84' lang='lat' dir='ltr'><strong>Hermem,</strong></span> 
     </span>
    </p>
   </div>
   <div class='ocr_carea' id='block_1_71' title="bbox 2050 2424 3628 2498">
    <p class='ocr_par' dir='ltr' id='par_1_71' title="bbox 2050 2424 3628 2498">
     <span class='ocr_line' id='line_1_71' title="bbox 2050 2424 3628 2498; baseline 0.001 -19"><span class='ocrx_word' id='word_1_522' title='bbox 2050 2425 2364 2489; x_wconf 87' lang='lat' dir='ltr'><strong>Patrobam,</strong></span> <span class='ocrx_word' id='word_1_523' title='bbox 2397 2424 2674 2491; x_wconf 79' lang='lat' dir='ltr'><strong>Hermum,</strong></span> <span class='ocrx_word' id='word_1_524' title='bbox 2702 2436 2751 2479; x_wconf 88' lang='lat' dir='ltr'><strong>et</strong></span> <span class='ocrx_word' id='word_1_525' title='bbox 2775 2430 2819 2481; x_wconf 87' lang='lat' dir='ltr'><strong>si</strong></span> <span class='ocrx_word' id='word_1_526' title='bbox 2844 2429 2935 2498; x_wconf 86' lang='lat' dir='ltr'><strong>qui</strong></span> <span class='ocrx_word' id='word_1_527' title='bbox 2960 2439 3081 2482; x_wconf 88' lang='lat' dir='ltr'><strong>sunt</strong></span> <span class='ocrx_word' id='word_1_528' title='bbox 3111 2445 3228 2482; x_wconf 88' lang='lat' dir='ltr'><strong>cum</strong></span> <span class='ocrx_word' id='word_1_529' title='bbox 3248 2429 3321 2482; x_wconf 89' lang='lat' dir='ltr'><strong>eis</strong></span> <span class='ocrx_word' id='word_1_530' title='bbox 3346 2428 3536 2497; x_wconf 78' lang='lat' dir='ltr'><strong>fratres</strong></span> <span class='ocrx_word' id='word_1_531' title='bbox 3557 2426 3628 2481; x_wconf 75' lang='grc'><strong>⁷⁸.</strong></span> 
     </span>
    </p>
   </div>
   <div class='ocr_carea' id='block_1_72' title="bbox 2049 2517 3632 2589">
    <p class='ocr_par' dir='ltr' id='par_1_72' title="bbox 2049 2517 3632 2589">
     <span class='ocr_line' id='line_1_72' title="bbox 2049 2517 3632 2589; baseline 0.001 -19"><span class='ocrx_word' id='word_1_532' title='bbox 2049 2517 2125 2572; x_wconf 79' lang='lat' dir='ltr'><strong>De</strong></span> <span class='ocrx_word' id='word_1_533' title='bbox 2158 2519 2275 2572; x_wconf 81' lang='lat' dir='ltr'><strong>iStis</strong></span> <span class='ocrx_word' id='word_1_534' title='bbox 2301 2519 2531 2588; x_wconf 86' lang='lat' dir='ltr'><strong>simplex</strong></span> <span class='ocrx_word' id='word_1_535' title='bbox 2560 2528 2646 2574; x_wconf 88' lang='lat' dir='ltr'><strong>est</strong></span> <span class='ocrx_word' id='word_1_536' title='bbox 2674 2520 2957 2586; x_wconf 87' lang='lat' dir='ltr'><strong>salutatio,</strong></span> <span class='ocrx_word' id='word_1_537' title='bbox 3010 2536 3110 2575; x_wconf 90' lang='lat' dir='ltr'><strong>nec</strong></span> <span class='ocrx_word' id='word_1_538' title='bbox 3143 2521 3345 2589; x_wconf 87' lang='lat' dir='ltr'><strong>aliquid</strong></span> <span class='ocrx_word' id='word_1_539' title='bbox 3379 2520 3459 2573; x_wconf 89' lang='lat' dir='ltr'><strong>eis</strong></span> <span class='ocrx_word' id='word_1_540' title='bbox 3498 2519 3632 2572; x_wconf 87' lang='lat' dir='ltr'><strong>insi-</strong></span> 
     </span>
    </p>
   </div>
   <div class='ocr_carea' id='block_1_73' title="bbox 2049 2610 3633 2684">
    <p class='ocr_par' dir='ltr' id='par_1_73' title="bbox 2049 2610 3633 2684">
     <span class='ocr_line' id='line_1_73' title="bbox 2049 2610 3633 2684; baseline 0.003 -22"><span class='ocrx_word' id='word_1_541' title='bbox 2049 2625 2151 2680; x_wconf 88' lang='lat' dir='ltr'><strong>gne</strong></span> <span class='ocrx_word' id='word_1_542' title='bbox 2201 2610 2377 2665; x_wconf 87' lang='lat' dir='ltr'><strong>laudis</strong></span> <span class='ocrx_word' id='word_1_543' title='bbox 2422 2612 2763 2680; x_wconf 84' lang='lat' dir='ltr'><strong>adjungitur.</strong></span> <span class='ocrx_word' id='word_1_544' title='bbox 2805 2613 2943 2666; x_wconf 91' lang='lat' dir='ltr'><strong>Puto</strong></span> <span class='ocrx_word' id='word_1_545' title='bbox 2990 2621 3167 2667; x_wconf 85' lang='lat' dir='ltr'><strong>tamen</strong></span> <span class='ocrx_word' id='word_1_546' title='bbox 3211 2614 3355 2684; x_wconf 93' lang='lat' dir='ltr'><strong>quod</strong></span> <span class='ocrx_word' id='word_1_547' title='bbox 3400 2612 3633 2667; x_wconf 83' lang='lat' dir='ltr'><strong>Hermas</strong></span> 
     </span>
    </p>
   </div>
   <div class='ocr_carea' id='block_1_74' title="bbox 2050 2702 3632 2776">
    <p class='ocr_par' dir='ltr' id='par_1_74' title="bbox 2050 2702 3632 2776">
     <span class='ocr_line' id='line_1_74' title="bbox 2050 2702 3632 2776; baseline 0.001 -20"><span class='ocrx_word' id='word_1_548' title='bbox 2050 2702 2153 2757; x_wconf 91' lang='lat' dir='ltr'><strong>iste</strong></span> <span class='ocrx_word' id='word_1_549' title='bbox 2179 2707 2252 2757; x_wconf 90' lang='lat' dir='ltr'><strong>sit</strong></span> <span class='ocrx_word' id='word_1_550' title='bbox 2278 2705 2518 2774; x_wconf 87' lang='lat' dir='ltr'><strong>scriptor</strong></span> <span class='ocrx_word' id='word_1_551' title='bbox 2568 2706 2733 2759; x_wconf 83' lang='lat' dir='ltr'><strong>libelli</strong></span> <span class='ocrx_word' id='word_1_552' title='bbox 2773 2706 2913 2760; x_wconf 90' lang='lat' dir='ltr'><strong>illius</strong></span> <span class='ocrx_word' id='word_1_553' title='bbox 2942 2706 3033 2776; x_wconf 89' lang='lat' dir='ltr'><strong>qui</strong></span> <span class='ocrx_word' id='word_1_554' title='bbox 3068 2705 3263 2758; x_wconf 84' lang='lat' dir='ltr'><strong>Pastor</strong></span> <span class='ocrx_word' id='word_1_555' title='bbox 3303 2705 3632 2776; x_wconf 85' lang='lat' dir='ltr'><strong>appellatur,</strong></span> 
     </span>
    </p>
   </div>
   <div class='ocr_carea' id='block_1_75' title="bbox 2048 2796 3633 2867">
    <p class='ocr_par' dir='ltr' id='par_1_75' title="bbox 2048 2796 3633 2867">
     <span class='ocr_line' id='line_1_75' title="bbox 2048 2796 3633 2867; baseline 0.004 -21"><span class='ocrx_word' id='word_1_556' title='bbox 2048 2810 2167 2863; x_wconf 70' lang='lat' dir='ltr'><strong>qua:</strong></span> <span class='ocrx_word' id='word_1_557' title='bbox 2192 2796 2460 2864; x_wconf 88' lang='lat' dir='ltr'><strong>scriptura</strong></span> <span class='ocrx_word' id='word_1_558' title='bbox 2499 2796 2656 2851; x_wconf 88' lang='lat' dir='ltr'><strong>valde</strong></span> <span class='ocrx_word' id='word_1_559' title='bbox 2689 2797 2818 2849; x_wconf 91' lang='lat' dir='ltr'><strong>mihi</strong></span> <span class='ocrx_word' id='word_1_560' title='bbox 2859 2796 3007 2850; x_wconf 88' lang='lat' dir='ltr'><strong>utilis</strong></span> <span class='ocrx_word' id='word_1_561' title='bbox 3038 2800 3285 2861; x_wconf 88' lang='lat' dir='ltr'><strong>videtur,</strong></span> <span class='ocrx_word' id='word_1_562' title='bbox 3334 2809 3389 2852; x_wconf 92' lang='lat' dir='ltr'><strong>et</strong></span> <span class='ocrx_word' id='word_1_563' title='bbox 3419 2808 3476 2850; x_wconf 93' lang='lat' dir='ltr'><strong>ut</strong></span> <span class='ocrx_word' id='word_1_564' title='bbox 3502 2810 3633 2867; x_wconf 87' lang='lat' dir='ltr'><strong>puto</strong></span> 
     </span>
    </p>
   </div>
   <div class='ocr_carea' id='block_1_76' title="bbox 2047 2887 3631 2961">
    <p class='ocr_par' dir='ltr' id='par_1_76' title="bbox 2047 2887 3631 2961">
     <span class='ocr_line' id='line_1_76' title="bbox 2047 2887 3631 2961; baseline 0.003 -22"><span class='ocrx_word' id='word_1_565' title='bbox 2047 2887 2307 2941; x_wconf 88' lang='lat' dir='ltr'><strong>divinitus</strong></span> <span class='ocrx_word' id='word_1_566' title='bbox 2354 2888 2637 2958; x_wconf 87' lang='lat' dir='ltr'><strong>inspirata.</strong></span> <span class='ocrx_word' id='word_1_567' title='bbox 2686 2888 2839 2953; x_wconf 86' lang='lat' dir='ltr'><strong>Quod</strong></span> <span class='ocrx_word' id='word_1_568' title='bbox 2882 2903 3011 2942; x_wconf 88' lang='lat' dir='ltr'><strong>vero</strong></span> <span class='ocrx_word' id='word_1_569' title='bbox 3047 2887 3179 2942; x_wconf 89' lang='lat' dir='ltr'><strong>nihil</strong></span> <span class='ocrx_word' id='word_1_570' title='bbox 3209 2889 3256 2942; x_wconf 90' lang='lat' dir='ltr'><strong>ei</strong></span> <span class='ocrx_word' id='word_1_571' title='bbox 3307 2888 3480 2944; x_wconf 85' lang='lat' dir='ltr'><strong>laudis</strong></span> <span class='ocrx_word' id='word_1_572' title='bbox 3514 2889 3631 2961; x_wconf 79' lang='grc'>(25)</span> 
     </span>
    </p>
   </div>
   <div class='ocr_carea' id='block_1_77' title="bbox 2046 2980 3633 3049">
    <p class='ocr_par' dir='ltr' id='par_1_77' title="bbox 2046 2980 3633 3049">
     <span class='ocr_line' id='line_1_77' title="bbox 2046 2980 3633 3049; baseline 0.003 -19"><span class='ocrx_word' id='word_1_573' title='bbox 2046 2980 2326 3047; x_wconf 86' lang='lat' dir='ltr'><strong>ascripsit,</strong></span> <span class='ocrx_word' id='word_1_574' title='bbox 2360 2980 2472 3047; x_wconf 85' lang='lat' dir='ltr'><strong>illa,</strong></span> <span class='ocrx_word' id='word_1_575' title='bbox 2499 2981 2716 3049; x_wconf 87' lang='lat' dir='ltr'><strong>opinor,</strong></span> <span class='ocrx_word' id='word_1_576' title='bbox 2741 2989 2825 3034; x_wconf 86' lang='lat' dir='ltr'><strong>est</strong></span> <span class='ocrx_word' id='word_1_577' title='bbox 2854 2994 3042 3043; x_wconf 89' lang='lat' dir='ltr'><strong>causa,</strong></span> <span class='ocrx_word' id='word_1_578' title='bbox 3075 2980 3200 3049; x_wconf 85' lang='lat' dir='ltr'><strong>quia</strong></span> <span class='ocrx_word' id='word_1_579' title='bbox 3232 2981 3463 3046; x_wconf 86' lang='lat' dir='ltr'><strong>videtur,</strong></span> <span class='ocrx_word' id='word_1_580' title='bbox 3489 2982 3633 3035; x_wconf 85' lang='lat' dir='ltr'><strong>sicut</strong></span> 
     </span>
    </p>
   </div>
   <div class='ocr_carea' id='block_1_78' title="bbox 2046 3070 3629 3143">
    <p class='ocr_par' dir='ltr' id='par_1_78' title="bbox 2046 3070 3629 3143">
     <span class='ocr_line' id='line_1_78' title="bbox 2046 3070 3629 3143; baseline 0.004 -21"><span class='ocrx_word' id='word_1_581' title='bbox 2046 3070 2317 3138; x_wconf 90' lang='lat' dir='ltr'><strong>scriptura</strong></span> <span class='ocrx_word' id='word_1_582' title='bbox 2359 3072 2448 3124; x_wconf 82' lang='lat' dir='ltr'><strong>illa</strong></span> <span class='ocrx_word' id='word_1_583' title='bbox 2481 3071 2740 3133; x_wconf 83' lang='lat' dir='ltr'><strong>declarat,</strong></span> <span class='ocrx_word' id='word_1_584' title='bbox 2780 3080 2901 3139; x_wconf 89' lang='lat' dir='ltr'><strong>post</strong></span> <span class='ocrx_word' id='word_1_585' title='bbox 2932 3071 3100 3125; x_wconf 90' lang='lat' dir='ltr'><strong>multa</strong></span> <span class='ocrx_word' id='word_1_586' title='bbox 3133 3080 3356 3141; x_wconf 87' lang='lat' dir='ltr'><strong>peccata</strong></span> <span class='ocrx_word' id='word_1_587' title='bbox 3396 3074 3463 3127; x_wconf 89' lang='lat' dir='ltr'><strong>ad</strong></span> <span class='ocrx_word' id='word_1_588' title='bbox 3508 3088 3629 3143; x_wconf 73' lang='lat' dir='ltr'><strong>poe-</strong></span> 
     </span>
    </p>
   </div>
   <div class='ocr_carea' id='block_1_79' title="bbox 2047 3159 3632 3233">
    <p class='ocr_par' dir='ltr' id='par_1_79' title="bbox 2047 3159 3632 3233">
     <span class='ocr_line' id='line_1_79' title="bbox 2047 3159 3632 3233; baseline 0.004 -21"><span class='ocrx_word' id='word_1_589' title='bbox 2047 3159 2328 3214; x_wconf 91' lang='lat' dir='ltr'><strong>nitentiam</strong></span> <span class='ocrx_word' id='word_1_590' title='bbox 2364 3163 2535 3216; x_wconf 84' lang='lat' dir='ltr'><strong>fuisse</strong></span> <span class='ocrx_word' id='word_1_591' title='bbox 2567 3176 2865 3216; x_wconf 87' lang='lat' dir='ltr'><strong>conversus</strong></span> <span class='ocrx_word' id='word_1_592' title='bbox 2898 3179 2913 3214; x_wconf 93' lang='lat'><strong>:</strong></span> <span class='ocrx_word' id='word_1_593' title='bbox 2943 3171 2998 3216; x_wconf 90' lang='lat' dir='ltr'><strong>et</strong></span> <span class='ocrx_word' id='word_1_594' title='bbox 3044 3162 3165 3216; x_wconf 86' lang='lat' dir='ltr'><strong>ideo</strong></span> <span class='ocrx_word' id='word_1_595' title='bbox 3210 3178 3384 3231; x_wconf 90' lang='lat' dir='ltr'><strong>neque</strong></span> <span class='ocrx_word' id='word_1_596' title='bbox 3430 3178 3632 3233; x_wconf 91' lang='lat' dir='ltr'><strong>oppro-</strong></span> 
     </span>
    </p>
   </div>
   <div class='ocr_carea' id='block_1_80' title="bbox 2046 3252 3632 3323">
    <p class='ocr_par' dir='ltr' id='par_1_80' title="bbox 2046 3252 3632 3323">
     <span class='ocr_line' id='line_1_80' title="bbox 2046 3252 3632 3323; baseline 0.004 -19"><span class='ocrx_word' id='word_1_597' title='bbox 2046 3252 2221 3305; x_wconf 92' lang='lat' dir='ltr'><strong>brium</strong></span> <span class='ocrx_word' id='word_1_598' title='bbox 2262 3253 2310 3307; x_wconf 88' lang='lat' dir='ltr'><strong>ei</strong></span> <span class='ocrx_word' id='word_1_599' title='bbox 2357 3253 2577 3321; x_wconf 89' lang='lat' dir='ltr'><strong>aliquod</strong></span> <span class='ocrx_word' id='word_1_600' title='bbox 2608 3255 2869 3323; x_wconf 85' lang='lat' dir='ltr'><strong>scripsit:</strong></span> <span class='ocrx_word' id='word_1_601' title='bbox 2909 3255 3180 3308; x_wconf 87' lang='lat' dir='ltr'><strong>didicerat</strong></span> <span class='ocrx_word' id='word_1_602' title='bbox 3229 3255 3373 3309; x_wconf 86' lang='lat' dir='ltr'><strong>enim</strong></span> <span class='ocrx_word' id='word_1_603' title='bbox 3409 3270 3438 3308; x_wconf 91' lang='lat' dir='ltr'><strong>a</strong></span> <span class='ocrx_word' id='word_1_604' title='bbox 3482 3254 3632 3310; x_wconf 87' lang='lat' dir='ltr'><strong>Scri-</strong></span> 
     </span>
    </p>
   </div>
   <div class='ocr_carea' id='block_1_81' title="bbox 2045 3342 3627 3413">
    <p class='ocr_par' dir='ltr' id='par_1_81' title="bbox 2045 3342 3627 3413">
     <span class='ocr_line' id='line_1_81' title="bbox 2045 3342 3627 3413; baseline 0.001 -18"><span class='ocrx_word' id='word_1_605' title='bbox 2045 3351 2201 3408; x_wconf 90' lang='lat' dir='ltr'><strong>ptura</strong></span> <span class='ocrx_word' id='word_1_606' title='bbox 2259 3358 2365 3398; x_wconf 90' lang='lat' dir='ltr'><strong>non</strong></span> <span class='ocrx_word' id='word_1_607' title='bbox 2410 3344 2787 3413; x_wconf 84' lang='lat' dir='ltr'><strong>improperare</strong></span> <span class='ocrx_word' id='word_1_608' title='bbox 2848 3343 3054 3397; x_wconf 90' lang='lat' dir='ltr'><strong>homini</strong></span> <span class='ocrx_word' id='word_1_609' title='bbox 3102 3342 3439 3396; x_wconf 91' lang='lat' dir='ltr'><strong>convertenti</strong></span> <span class='ocrx_word' id='word_1_610' title='bbox 3489 3357 3548 3397; x_wconf 90' lang='lat' dir='ltr'><strong>se</strong></span> <span class='ocrx_word' id='word_1_611' title='bbox 3598 3360 3627 3396; x_wconf 78' lang='grc' dir='ltr'>ει</span> 
     </span>
    </p>
   </div>
   <div class='ocr_carea' id='block_1_82' title="bbox 2046 3432 3632 3502">
    <p class='ocr_par' dir='ltr' id='par_1_82' title="bbox 2046 3432 3632 3502">
     <span class='ocr_line' id='line_1_82' title="bbox 2046 3432 3632 3502; baseline 0.001 -16"><span class='ocrx_word' id='word_1_612' title='bbox 2046 3441 2269 3501; x_wconf 88' lang='lat' dir='ltr'><strong>peccato</strong></span> <span class='ocrx_word' id='word_1_613' title='bbox 2294 3432 2342 3464; x_wconf 79' lang='grc'><strong>⁷⁸</strong></span> <span class='ocrx_word' id='word_1_614' title='bbox 2369 3450 2383 3486; x_wconf 89' lang='lat'><strong>:</strong></span> <span class='ocrx_word' id='word_1_615' title='bbox 2417 3447 2596 3502; x_wconf 84' lang='lat' dir='ltr'><strong>neque</strong></span> <span class='ocrx_word' id='word_1_616' title='bbox 2620 3434 2796 3488; x_wconf 87' lang='lat' dir='ltr'><strong>laudis</strong></span> <span class='ocrx_word' id='word_1_617' title='bbox 2828 3435 3032 3502; x_wconf 88' lang='lat' dir='ltr'><strong>aliquid</strong></span> <span class='ocrx_word' id='word_1_618' title='bbox 3059 3434 3265 3498; x_wconf 85' lang='lat' dir='ltr'><strong>tribuit,</strong></span> <span class='ocrx_word' id='word_1_619' title='bbox 3297 3436 3422 3502; x_wconf 85' lang='lat' dir='ltr'><strong>quia</strong></span> <span class='ocrx_word' id='word_1_620' title='bbox 3451 3435 3632 3488; x_wconf 87' lang='lat' dir='ltr'><strong>adhuc</strong></span> 
     </span>
    </p>
   </div>
   <div class='ocr_carea' id='block_1_83' title="bbox 2045 3524 3630 3598">
    <p class='ocr_par' dir='ltr' id='par_1_83' title="bbox 2045 3524 3630 3598">
     <span class='ocr_line' id='line_1_83' title="bbox 2045 3524 3630 3598; baseline 0.003 -21"><span class='ocrx_word' id='word_1_621' title='bbox 2045 3524 2254 3593; x_wconf 86' lang='lat' dir='ltr'><strong>positus</strong></span> <span class='ocrx_word' id='word_1_622' title='bbox 2298 3534 2422 3579; x_wconf 88' lang='lat' dir='ltr'><strong>erat</strong></span> <span class='ocrx_word' id='word_1_623' title='bbox 2477 3527 2579 3580; x_wconf 92' lang='lat' dir='ltr'><strong>sub</strong></span> <span class='ocrx_word' id='word_1_624' title='bbox 2628 3525 2824 3596; x_wconf 76' lang='lat' dir='ltr'><strong>angelo</strong></span> <span class='ocrx_word' id='word_1_625' title='bbox 2873 3524 3206 3593; x_wconf 61' lang='lat' dir='ltr'><strong>poenitentia:</strong></span> <span class='ocrx_word' id='word_1_626' title='bbox 3252 3524 3390 3598; x_wconf 86' lang='lat'><strong>(26),</strong></span> <span class='ocrx_word' id='word_1_627' title='bbox 3443 3541 3471 3577; x_wconf 89' lang='lat' dir='ltr'><strong>a</strong></span> <span class='ocrx_word' id='word_1_628' title='bbox 3518 3541 3630 3594; x_wconf 90' lang='lat' dir='ltr'><strong>quo</strong></span> 
     </span>
    </p>
   </div>
   <div class='ocr_carea' id='block_1_84' title="bbox 2048 3615 3620 3686">
    <p class='ocr_par' dir='ltr' id='par_1_84' title="bbox 2048 3615 3620 3686">
     <span class='ocr_line' id='line_1_84' title="bbox 2048 3615 3620 3686; baseline 0.003 -18"><span class='ocrx_word' id='word_1_629' title='bbox 2048 3624 2287 3685; x_wconf 88' lang='lat' dir='ltr'><strong>tempore</strong></span> <span class='ocrx_word' id='word_1_630' title='bbox 2316 3629 2625 3686; x_wconf 89' lang='lat' dir='ltr'><strong>opportuno</strong></span> <span class='ocrx_word' id='word_1_631' title='bbox 2655 3618 2875 3674; x_wconf 86' lang='lat' dir='ltr'><strong>Christo</strong></span> <span class='ocrx_word' id='word_1_632' title='bbox 2910 3633 3126 3671; x_wconf 87' lang='lat' dir='ltr'><strong>rursum</strong></span> <span class='ocrx_word' id='word_1_633' title='bbox 3163 3618 3384 3672; x_wconf 88' lang='lat' dir='ltr'><strong>deberet</strong></span> <span class='ocrx_word' id='word_1_634' title='bbox 3413 3615 3620 3672; x_wconf 78' lang='lat' dir='ltr'><strong>offerri.</strong></span> 
     </span>
    </p>
   </div>
   <div class='ocr_carea' id='block_1_85' title="bbox 2044 3707 3626 3780">
    <p class='ocr_par' dir='ltr' id='par_1_85' title="bbox 2044 3707 3626 3780">
     <span class='ocr_line' id='line_1_85' title="bbox 2044 3707 3626 3780; baseline 0.002 -19"><span class='ocrx_word' id='word_1_635' title='bbox 2044 3707 2369 3778; x_wconf 90' lang='lat' dir='ltr'><strong>lntelligitur</strong></span> <span class='ocrx_word' id='word_1_636' title='bbox 2392 3719 2572 3764; x_wconf 88' lang='lat' dir='ltr'><strong>autem</strong></span> <span class='ocrx_word' id='word_1_637' title='bbox 2609 3711 2752 3778; x_wconf 88' lang='lat' dir='ltr'><strong>quod</strong></span> <span class='ocrx_word' id='word_1_638' title='bbox 2792 3710 2955 3764; x_wconf 87' lang='lat' dir='ltr'><strong>simul</strong></span> <span class='ocrx_word' id='word_1_639' title='bbox 3001 3710 3369 3765; x_wconf 89' lang='lat' dir='ltr'><strong>habitaverint</strong></span> <span class='ocrx_word' id='word_1_640' title='bbox 3399 3710 3454 3764; x_wconf 87' lang='lat' dir='ltr'><strong>hi</strong></span> <span class='ocrx_word' id='word_1_641' title='bbox 3487 3726 3626 3780; x_wconf 90' lang='lat' dir='ltr'><strong>quo-</strong></span> 
     </span>
    </p>
   </div>
   <div class='ocr_carea' id='block_1_86' title="bbox 2044 3801 2816 3857">
    <p class='ocr_par' dir='ltr' id='par_1_86' title="bbox 2044 3801 2816 3857">
     <span class='ocr_line' id='line_1_86' title="bbox 2044 3801 2816 3857; baseline 0.003 -3"><span class='ocrx_word' id='word_1_642' title='bbox 2044 3815 2162 3854; x_wconf 89' lang='lat' dir='ltr'><strong>rum</strong></span> <span class='ocrx_word' id='word_1_643' title='bbox 2197 3801 2452 3856; x_wconf 85' lang='lat' dir='ltr'><strong>salutatio</strong></span> <span class='ocrx_word' id='word_1_644' title='bbox 2482 3803 2686 3856; x_wconf 88' lang='lat' dir='ltr'><strong>sociata</strong></span> <span class='ocrx_word' id='word_1_645' title='bbox 2711 3811 2816 3857; x_wconf 90' lang='lat' dir='ltr'><strong>est.</strong></span> 
     </span>
    </p>
   </div>
   <div class='ocr_carea' id='block_1_87' title="bbox 2111 3891 3624 3964">
    <p class='ocr_par' dir='ltr' id='par_1_87' title="bbox 2111 3891 3624 3964">
     <span class='ocr_line' id='line_1_87' title="bbox 2111 3891 3624 3964; baseline 0.003 -18"><span class='ocrx_word' id='word_1_646' title='bbox 2111 3891 2207 3949; x_wconf 79' lang='lat'><strong>52.</strong></span> <span class='ocrx_word' id='word_1_647' title='bbox 2239 3891 2482 3947; x_wconf 89' lang='lat' dir='ltr'><strong>Salutate</strong></span> <span class='ocrx_word' id='word_1_648' title='bbox 2513 3891 2855 3964; x_wconf 86' lang='lat' dir='ltr'><strong>Philologum</strong></span> <span class='ocrx_word' id='word_1_649' title='bbox 2903 3902 2951 3948; x_wconf 86' lang='lat' dir='ltr'><strong>et</strong></span> <span class='ocrx_word' id='word_1_650' title='bbox 2999 3892 3242 3958; x_wconf 73' lang='lat' dir='ltr'><strong>Iuliam,</strong></span> <span class='ocrx_word' id='word_1_651' title='bbox 3289 3892 3525 3947; x_wconf 89' lang='lat' dir='ltr'><strong>Nereum</strong></span> <span class='ocrx_word' id='word_1_652' title='bbox 3570 3902 3624 3950; x_wconf 78' lang='lat' dir='ltr'><strong>el</strong></span> 
     </span>
    </p>
   </div>
   <div class='ocr_carea' id='block_1_88' title="bbox 2041 3982 3628 4055">
    <p class='ocr_par' dir='ltr' id='par_1_88' title="bbox 2041 3982 3628 4055">
     <span class='ocr_line' id='line_1_88' title="bbox 2041 3982 3628 4055; baseline 0.003 -16"><span class='ocrx_word' id='word_1_653' title='bbox 2041 4001 2273 4039; x_wconf 89' lang='lat' dir='ltr'><strong>sororem</strong></span> <span class='ocrx_word' id='word_1_654' title='bbox 2305 3984 2440 4054; x_wconf 76' lang='lat' dir='ltr'><strong>ejus,</strong></span> <span class='ocrx_word' id='word_1_655' title='bbox 2477 3997 2525 4038; x_wconf 91' lang='lat' dir='ltr'><strong>et</strong></span> <span class='ocrx_word' id='word_1_656' title='bbox 2559 3982 2947 4055; x_wconf 79' lang='lat' dir='ltr'><strong>Olympiadem,</strong></span> <span class='ocrx_word' id='word_1_657' title='bbox 2986 3994 3036 4038; x_wconf 91' lang='lat' dir='ltr'><strong>et</strong></span> <span class='ocrx_word' id='word_1_658' title='bbox 3081 4001 3257 4039; x_wconf 87' lang='lat' dir='ltr'><strong>omnes</strong></span> <span class='ocrx_word' id='word_1_659' title='bbox 3294 3996 3505 4041; x_wconf 85' lang='lat' dir='ltr'><strong>sanctas</strong></span> <span class='ocrx_word' id='word_1_660' title='bbox 3530 3988 3628 4055; x_wconf 85' lang='lat' dir='ltr'><strong>qui</strong></span> 
     </span>
    </p>
   </div>
   <div class='ocr_carea' id='block_1_89' title="bbox 2043 4077 3617 4148">
    <p class='ocr_par' dir='ltr' id='par_1_89' title="bbox 2043 4077 3617 4148">
     <span class='ocr_line' id='line_1_89' title="bbox 2043 4077 3617 4148; baseline 0.003 -17"><span class='ocrx_word' id='word_1_661' title='bbox 2043 4095 2161 4132; x_wconf 88' lang='lat' dir='ltr'><strong>cum</strong></span> <span class='ocrx_word' id='word_1_662' title='bbox 2190 4080 2266 4133; x_wconf 85' lang='lat' dir='ltr'><strong>eis</strong></span> <span class='ocrx_word' id='word_1_663' title='bbox 2301 4089 2421 4132; x_wconf 86' lang='lat' dir='ltr'><strong>sunt</strong></span> <span class='ocrx_word' id='word_1_664' title='bbox 2453 4078 2521 4134; x_wconf 78' lang='grc' dir='ltr'><strong>⁸ο.</strong></span> <span class='ocrx_word' id='word_1_665' title='bbox 2552 4077 2741 4133; x_wconf 90' lang='lat' dir='ltr'><strong>Potest</strong></span> <span class='ocrx_word' id='word_1_666' title='bbox 2788 4078 2904 4133; x_wconf 88' lang='lat' dir='ltr'><strong>fieri</strong></span> <span class='ocrx_word' id='word_1_667' title='bbox 2942 4086 2999 4132; x_wconf 94' lang='lat' dir='ltr'><strong>ut</strong></span> <span class='ocrx_word' id='word_1_668' title='bbox 3046 4077 3360 4148; x_wconf 84' lang='lat' dir='ltr'><strong>Philologus</strong></span> <span class='ocrx_word' id='word_1_669' title='bbox 3388 4089 3443 4133; x_wconf 84' lang='lat' dir='ltr'><strong>et</strong></span> <span class='ocrx_word' id='word_1_670' title='bbox 3472 4078 3617 4136; x_wconf 84' lang='lat' dir='ltr'><strong>Julia</strong></span> 
     </span>
    </p>
   </div>
   <div class='ocr_carea' id='block_1_90' title="bbox 2043 4168 3626 4242">
    <p class='ocr_par' dir='ltr' id='par_1_90' title="bbox 2043 4168 3626 4242">
     <span class='ocr_line' id='line_1_90' title="bbox 2043 4168 3626 4242; baseline 0.006 -21"><span class='ocrx_word' id='word_1_671' title='bbox 2043 4168 2300 4239; x_wconf 75' lang='lat' dir='ltr'><strong>coniuges</strong></span> <span class='ocrx_word' id='word_1_672' title='bbox 2330 4168 2560 4235; x_wconf 79' lang='lat' dir='ltr'><strong>fuerint;</strong></span> <span class='ocrx_word' id='word_1_673' title='bbox 2594 4169 2774 4224; x_wconf 80' lang='lat' dir='ltr'><strong>caeteri</strong></span> <span class='ocrx_word' id='word_1_674' title='bbox 2816 4169 3098 4224; x_wconf 86' lang='lat' dir='ltr'><strong>domestici</strong></span> <span class='ocrx_word' id='word_1_675' title='bbox 3139 4184 3349 4234; x_wconf 88' lang='lat' dir='ltr'><strong>eorum,</strong></span> <span class='ocrx_word' id='word_1_676' title='bbox 3389 4172 3458 4226; x_wconf 90' lang='lat' dir='ltr'><strong>ad</strong></span> <span class='ocrx_word' id='word_1_677' title='bbox 3483 4187 3626 4242; x_wconf 91' lang='lat' dir='ltr'><strong>quos</strong></span> 
     </span>
    </p>
   </div>
   <div class='ocr_carea' id='block_1_91' title="bbox 2043 4261 2872 4329">
    <p class='ocr_par' dir='ltr' id='par_1_91' title="bbox 2043 4261 2872 4329">
     <span class='ocr_line' id='line_1_91' title="bbox 2043 4261 2872 4329; baseline -0.001 -14"><span class='ocrx_word' id='word_1_678' title='bbox 2043 4261 2270 4329; x_wconf 85' lang='lat' dir='ltr'><strong>simplex</strong></span> <span class='ocrx_word' id='word_1_679' title='bbox 2299 4261 2558 4315; x_wconf 86' lang='lat' dir='ltr'><strong>salutatio</strong></span> <span class='ocrx_word' id='word_1_680' title='bbox 2596 4261 2872 4329; x_wconf 77' lang='lat' dir='ltr'><strong>dirigitur.</strong></span> 
     </span>
    </p>
   </div>
   <div class='ocr_carea' id='block_1_92' title="bbox 2112 4351 3626 4410">
    <p class='ocr_par' dir='ltr' id='par_1_92' title="bbox 2112 4351 3626 4410">
     <span class='ocr_line' id='line_1_92' title="bbox 2112 4351 3626 4410; baseline 0.003 -4"><span class='ocrx_word' id='word_1_681' title='bbox 2112 4353 2201 4407; x_wconf 77' lang='lat'><strong>55.</strong></span> <span class='ocrx_word' id='word_1_682' title='bbox 2250 4351 2493 4406; x_wconf 87' lang='lat' dir='ltr'><strong>Salutate</strong></span> <span class='ocrx_word' id='word_1_683' title='bbox 2528 4354 2744 4407; x_wconf 86' lang='lat' dir='ltr'><strong>invicem</strong></span> <span class='ocrx_word' id='word_1_684' title='bbox 2783 4354 2838 4406; x_wconf 88' lang='lat' dir='ltr'><strong>in</strong></span> <span class='ocrx_word' id='word_1_685' title='bbox 2871 4351 3049 4406; x_wconf 86' lang='lat' dir='ltr'><strong>osculo</strong></span> <span class='ocrx_word' id='word_1_686' title='bbox 3093 4362 3276 4407; x_wconf 86' lang='lat' dir='ltr'><strong>sancto</strong></span> <span class='ocrx_word' id='word_1_687' title='bbox 3306 4354 3372 4401; x_wconf 78' lang='grc'><strong>⁸³-</strong></span> <span class='ocrx_word' id='word_1_688' title='bbox 3410 4354 3484 4408; x_wconf 80' lang='lat' dir='ltr'><strong>Ex</strong></span> <span class='ocrx_word' id='word_1_689' title='bbox 3521 4356 3626 4410; x_wconf 86' lang='lat' dir='ltr'><strong>hoc</strong></span> 
     </span>
    </p>
   </div>
   <div class='ocr_carea' id='block_1_93' title="bbox 2044 4444 3627 4514">
    <p class='ocr_par' dir='ltr' id='par_1_93' title="bbox 2044 4444 3627 4514">
     <span class='ocr_line' id='line_1_93' title="bbox 2044 4444 3627 4514; baseline 0.002 -14"><span class='ocrx_word' id='word_1_690' title='bbox 2044 4459 2317 4508; x_wconf 90' lang='lat' dir='ltr'><strong>sermone,</strong></span> <span class='ocrx_word' id='word_1_691' title='bbox 2352 4444 2583 4514; x_wconf 85' lang='lat' dir='ltr'><strong>aliisque</strong></span> <span class='ocrx_word' id='word_1_692' title='bbox 2625 4445 2900 4500; x_wconf 89' lang='lat' dir='ltr'><strong>nonnullis</strong></span> <span class='ocrx_word' id='word_1_693' title='bbox 2952 4446 3241 4511; x_wconf 90' lang='lat' dir='ltr'><strong>similibus,</strong></span> <span class='ocrx_word' id='word_1_694' title='bbox 3291 4462 3408 4502; x_wconf 91' lang='lat' dir='ltr'><strong>mos</strong></span> <span class='ocrx_word' id='word_1_695' title='bbox 3440 4446 3627 4503; x_wconf 87' lang='lat' dir='ltr'><strong>Eccle-</strong></span> 
     </span>
    </p>
   </div>
   <div class='ocr_carea' id='block_1_94' title="bbox 1970 4537 3622 4616">
    <p class='ocr_par' dir='ltr' id='par_1_94' title="bbox 1970 4537 3622 4616">
     <span class='ocr_line' id='line_1_94' title="bbox 1970 4537 3622 4616; baseline 0.001 -25"><span class='ocrx_word' id='word_1_696' title='bbox 1970 4556 2017 4616; x_wconf 73' lang='grc' dir='ltr'>ι)</span> <span class='ocrx_word' id='word_1_697' title='bbox 2045 4537 2144 4591; x_wconf 80' lang='lat' dir='ltr'><strong>siis</strong></span> <span class='ocrx_word' id='word_1_698' title='bbox 2173 4537 2409 4591; x_wconf 84' lang='lat' dir='ltr'><strong>traditus</strong></span> <span class='ocrx_word' id='word_1_699' title='bbox 2434 4545 2518 4591; x_wconf 89' lang='lat' dir='ltr'><strong>est</strong></span> <span class='ocrx_word' id='word_1_700' title='bbox 2545 4545 2602 4589; x_wconf 93' lang='lat' dir='ltr'><strong>ut</strong></span> <span class='ocrx_word' id='word_1_701' title='bbox 2634 4546 2756 4606; x_wconf 80' lang='lat' dir='ltr'><strong>post</strong></span> <span class='ocrx_word' id='word_1_702' title='bbox 2785 4537 3064 4593; x_wconf 88' lang='lat' dir='ltr'><strong>orationes</strong></span> <span class='ocrx_word' id='word_1_703' title='bbox 3098 4540 3284 4594; x_wconf 90' lang='lat' dir='ltr'><strong>osculo</strong></span> <span class='ocrx_word' id='word_1_704' title='bbox 3305 4554 3364 4594; x_wconf 91' lang='lat' dir='ltr'><strong>se</strong></span> <span class='ocrx_word' id='word_1_705' title='bbox 3391 4541 3622 4595; x_wconf 86' lang='lat' dir='ltr'><strong>invicem</strong></span> 
     </span>
    </p>
   </div>
   <div class='ocr_carea' id='block_1_95' title="bbox 2888 4656 3353 4717">
    <p class='ocr_par' dir='ltr' id='par_1_95' title="bbox 2888 4656 3353 4717">
     <span class='ocr_line' id='line_1_95' title="bbox 2888 4656 3353 4717; baseline 0.002 -9"><span class='ocrx_word' id='word_1_706' title='bbox 2888 4656 2938 4688; x_wconf 71' lang='lat'><strong>7°</strong></span> <span class='ocrx_word' id='word_1_707' title='bbox 2974 4656 3101 4711; x_wconf 92' lang='lat' dir='ltr'><strong>ibid.</strong></span> <span class='ocrx_word' id='word_1_708' title='bbox 3130 4670 3238 4717; x_wconf 87' lang='lat' dir='ltr'><strong>xvt,</strong></span> <span class='ocrx_word' id='word_1_709' title='bbox 3265 4656 3353 4710; x_wconf 93' lang='grc'><strong>11.</strong></span> 
     </span>
    </p>
   </div>
   <div class='ocr_carea' id='block_1_96' title="bbox 3428 4656 3621 4710">
    <p class='ocr_par' dir='ltr' id='par_1_96' title="bbox 3428 4656 3621 4710">
     <span class='ocr_line' id='line_1_96' title="bbox 3428 4656 3621 4710; baseline 0.016 -3"><span class='ocrx_word' id='word_1_710' title='bbox 3428 4656 3469 4687; x_wconf 85' lang='grc'><strong>⁷¹</strong></span> <span class='ocrx_word' id='word_1_711' title='bbox 3491 4656 3621 4710; x_wconf 80' lang='lat' dir='ltr'><strong>ibid.</strong></span> 
     </span>
    </p>
   </div>
   <div class='ocr_carea' id='block_1_97' title="bbox 369 4712 1942 4793">
    <p class='ocr_par' dir='ltr' id='par_1_97' title="bbox 369 4712 1935 4793">
     <span class='ocr_line' id='line_1_97' title="bbox 369 4712 1935 4793; baseline 0.005 -19"><span class='ocrx_word' id='word_1_712' title='bbox 369 4712 987 4793; x_wconf 26' lang='grc' dir='ltr'><strong>τ’ἰιιίιι.12.η⁷³ίι›ἱ‹1ξ</strong></span> <span class='ocrx_word' id='word_1_713' title='bbox 1059 4723 1278 4778; x_wconf 71' lang='lat' dir='ltr'><strong>“&#39;ibid.</strong></span> <span class='ocrx_word' id='word_1_714' title='bbox 1336 4725 1423 4780; x_wconf 70' lang='grc' dir='ltr'><strong>ιδ.</strong></span> <span class='ocrx_word' id='word_1_715' title='bbox 1496 4712 1775 4781; x_wconf 71' lang='grc' dir='ltr'>τυίιόοιι.</span> <span class='ocrx_word' id='word_1_716' title='bbox 1818 4741 1935 4793; x_wconf 72' lang='grc' dir='ltr'>χιιι,</span> 
     </span>
    </p>
   </div>
   <div class='ocr_carea' id='block_1_98' title="bbox 2045 4712 3623 4793">
    <p class='ocr_par' dir='ltr' id='par_1_98' title="bbox 2107 4712 3623 4791">
     <span class='ocr_line' id='line_1_98' title="bbox 2107 4712 3623 4791; baseline 0.005 -12"><span class='ocrx_word' id='word_1_717' title='bbox 2107 4712 2361 4781; x_wconf 70' lang='grc' dir='ltr'><strong>ἠ⁵’11ιιιιιι.</strong></span> <span class='ocrx_word' id='word_1_718' title='bbox 2398 4740 2532 4788; x_wconf 81' lang='lat' dir='ltr'><strong>xxu,</strong></span> <span class='ocrx_word' id='word_1_719' title='bbox 2613 4712 2701 4779; x_wconf 67' lang='grc'><strong>11.</strong></span> <span class='ocrx_word' id='word_1_720' title='bbox 2776 4726 2822 4758; x_wconf 86' lang='grc'><strong>⁷⁷</strong></span> <span class='ocrx_word' id='word_1_721' title='bbox 2847 4725 3002 4782; x_wconf 88' lang='lat' dir='ltr'><strong>Joan.</strong></span> <span class='ocrx_word' id='word_1_722' title='bbox 3043 4741 3152 4791; x_wconf 65' lang='grc' dir='ltr'>χιιι,</span> <span class='ocrx_word' id='word_1_723' title='bbox 3190 4712 3280 4781; x_wconf 71' lang='grc'><strong>26.</strong></span> <span class='ocrx_word' id='word_1_724' title='bbox 3354 4725 3401 4758; x_wconf 83' lang='grc'>⁷⁸</span> <span class='ocrx_word' id='word_1_725' title='bbox 3459 4724 3623 4781; x_wconf 78' lang='lat' dir='ltr'><strong>Rom-</strong></span> 
     </span>
    </p>
   </div>
   <div class='ocr_carea' id='block_1_99' title="bbox 368 4792 2114 4861">
    <p class='ocr_par' dir='ltr' id='par_1_99' title="bbox 368 4792 2114 4861">
     <span class='ocr_line' id='line_1_99' title="bbox 368 4792 2114 4861; baseline 0.005 -16"><span class='ocrx_word' id='word_1_726' title='bbox 368 4806 480 4855; x_wconf 70' lang='lat' dir='ltr'><strong>xvs,</strong></span> <span class='ocrx_word' id='word_1_727' title='bbox 512 4792 598 4846; x_wconf 78' lang='lat' dir='ltr'><strong>M.</strong></span> <span class='ocrx_word' id='word_1_728' title='bbox 672 4792 716 4822; x_wconf 73' lang='grc'><strong>⁷⁸</strong></span> <span class='ocrx_word' id='word_1_729' title='bbox 745 4792 1041 4859; x_wconf 89' lang='lat' dir='ltr'><strong>Eccli.vm,</strong></span> <span class='ocrx_word' id='word_1_730' title='bbox 1074 4794 1129 4849; x_wconf 89' lang='lat'><strong>6.</strong></span> <span class='ocrx_word' id='word_1_731' title='bbox 1204 4794 1251 4825; x_wconf 77' lang='grc' dir='ltr'><strong><em>⁸ο</em></strong></span> <span class='ocrx_word' id='word_1_732' title='bbox 1274 4793 1432 4848; x_wconf 88' lang='lat' dir='ltr'><strong>Rom.</strong></span> <span class='ocrx_word' id='word_1_733' title='bbox 1471 4810 1583 4861; x_wconf 79' lang='grc' dir='ltr'><strong>ινι,</strong></span> <span class='ocrx_word' id='word_1_734' title='bbox 1619 4795 1709 4849; x_wconf 85' lang='grc'><strong>15.</strong></span> <span class='ocrx_word' id='word_1_735' title='bbox 1787 4795 1832 4827; x_wconf 70' lang='grc'><strong>⁸⁸</strong></span> <span class='ocrx_word' id='word_1_736' title='bbox 1860 4798 1989 4853; x_wconf 90' lang='lat' dir='ltr'><strong>ibid.</strong></span> <span class='ocrx_word' id='word_1_737' title='bbox 2025 4799 2114 4852; x_wconf 88' lang='grc'><strong>16.</strong></span> 
     </span>
    </p>
   </div>
   <div class='ocr_carea' id='block_1_100' title="bbox 439 4888 1935 4961">
    <p class='ocr_par' dir='ltr' id='par_1_100' title="bbox 439 4888 1935 4961">
     <span class='ocr_line' id='line_1_100' title="bbox 439 4888 1935 4961; baseline 0.003 -19"><span class='ocrx_word' id='word_1_738' title='bbox 439 4888 558 4961; x_wconf 76' lang='grc'>(20)</span> <span class='ocrx_word' id='word_1_739' title='bbox 575 4888 735 4961; x_wconf 80' lang='lat' dir='ltr'><strong>Editi,</strong></span> <span class='ocrx_word' id='word_1_740' title='bbox 767 4890 1062 4961; x_wconf 80' lang='lat' dir='ltr'><strong>adjutorem</strong></span> <span class='ocrx_word' id='word_1_741' title='bbox 1088 4900 1353 4961; x_wconf 70' lang='lat' dir='ltr'><strong>nostrum.</strong></span> <span class='ocrx_word' id='word_1_742' title='bbox 1380 4892 1580 4945; x_wconf 89' lang='lat' dir='ltr'><strong>Deinde</strong></span> <span class='ocrx_word' id='word_1_743' title='bbox 1612 4907 1741 4949; x_wconf 90' lang='lat' dir='ltr'><strong>mss.</strong></span> <span class='ocrx_word' id='word_1_744' title='bbox 1774 4892 1935 4961; x_wconf 90' lang='lat' dir='ltr'><strong>pleri-</strong></span> 
     </span>
    </p>
   </div>
   <div class='ocr_carea' id='block_1_101' title="bbox 369 4959 1937 5025">
    <p class='ocr_par' dir='ltr' id='par_1_101' title="bbox 369 4959 1937 5025">
     <span class='ocr_line' id='line_1_101' title="bbox 369 4959 1937 5025; baseline 0.004 -16"><span class='ocrx_word' id='word_1_745' title='bbox 369 4974 494 5025; x_wconf 86' lang='lat' dir='ltr'><strong>que,</strong></span> <span class='ocrx_word' id='word_1_746' title='bbox 531 4959 784 5013; x_wconf 86' lang='lat' dir='ltr'><strong>Rabanus</strong></span> <span class='ocrx_word' id='word_1_747' title='bbox 808 4971 863 5014; x_wconf 91' lang='lat' dir='ltr'><strong>et</strong></span> <span class='ocrx_word' id='word_1_748' title='bbox 892 4960 1047 5022; x_wconf 88' lang='lat' dir='ltr'><strong>editi,</strong></span> <span class='ocrx_word' id='word_1_749' title='bbox 1077 4959 1146 5013; x_wconf 87' lang='lat' dir='ltr'><strong>Et</strong></span> <span class='ocrx_word' id='word_1_750' title='bbox 1182 4963 1311 5015; x_wconf 83' lang='lat' dir='ltr'><strong>istos</strong></span> <span class='ocrx_word' id='word_1_751' title='bbox 1338 4963 1394 5015; x_wconf 91' lang='lat' dir='ltr'><strong>in</strong></span> <span class='ocrx_word' id='word_1_752' title='bbox 1442 4959 1788 5016; x_wconf 70' lang='lat' dir='ltr'><strong>salutatione</strong></span> <span class='ocrx_word' id='word_1_753' title='bbox 1812 4980 1937 5016; x_wconf 83' lang='lat' dir='ltr'><strong>cou-</strong></span> 
     </span>
    </p>
   </div>
   <div class='ocr_carea' id='block_1_102' title="bbox 359 5028 1933 5102">
    <p class='ocr_par' dir='ltr' id='par_1_102' title="bbox 359 5028 1933 5102">
     <span class='ocr_line' id='line_1_102' title="bbox 359 5028 1933 5102; baseline 0.004 -22"><span class='ocrx_word' id='word_1_754' title='bbox 359 5028 569 5096; x_wconf 79' lang='lat' dir='ltr'><strong>jungit;</strong></span> <span class='ocrx_word' id='word_1_755' title='bbox 619 5031 713 5084; x_wconf 90' lang='lat' dir='ltr'><strong>sed</strong></span> <span class='ocrx_word' id='word_1_756' title='bbox 765 5029 965 5084; x_wconf 88' lang='lat' dir='ltr'><strong>rectius</strong></span> <span class='ocrx_word' id='word_1_757' title='bbox 1010 5044 1113 5086; x_wconf 89' lang='lat' dir='ltr'><strong>ms.</strong></span> <span class='ocrx_word' id='word_1_758' title='bbox 1169 5030 1371 5102; x_wconf 81' lang='lat' dir='ltr'><strong>Regius</strong></span> <span class='ocrx_word' id='word_1_759' title='bbox 1401 5030 1721 5086; x_wconf 71' lang='lat' dir='ltr'><strong>num.1659</strong></span> <span class='ocrx_word' id='word_1_760' title='bbox 1781 5043 1840 5087; x_wconf 87' lang='grc' dir='ltr'><strong>ιιι</strong></span> <span class='ocrx_word' id='word_1_761' title='bbox 1882 5035 1933 5087; x_wconf 92' lang='lat' dir='ltr'><strong>in</strong></span> 
     </span>
    </p>
   </div>
   <div class='ocr_carea' id='block_1_103' title="bbox 372 5107 1217 5154">
    <p class='ocr_par' dir='ltr' id='par_1_103' title="bbox 372 5107 1217 5154">
     <span class='ocr_line' id='line_1_103' title="bbox 372 5107 1217 5154; baseline 0.008 -4"><span class='ocrx_word' id='word_1_762' title='bbox 372 5109 558 5153; x_wconf 75' lang='lat' dir='ltr'><strong>IIOSU‘O</strong></span> <span class='ocrx_word' id='word_1_763' title='bbox 586 5107 755 5154; x_wconf 73' lang='grc' dir='ltr'>ιθχιιι.</span> <span class='ocrx_word' id='word_1_764' title='bbox 1214 5144 1217 5145; x_wconf 54' lang='grc' dir='ltr'><em>ν</em></span> 
     </span>
    </p>
   </div>
   <div class='ocr_carea' id='block_1_104' title="bbox 433 5166 1935 5239">
    <p class='ocr_par' dir='ltr' id='par_1_104' title="bbox 433 5166 1935 5239">
     <span class='ocr_line' id='line_1_104' title="bbox 433 5166 1935 5239; baseline 0.003 -19"><span class='ocrx_word' id='word_1_765' title='bbox 433 5166 545 5239; x_wconf 86' lang='grc'>(21)</span> <span class='ocrx_word' id='word_1_766' title='bbox 574 5168 671 5224; x_wconf 86' lang='lat' dir='ltr'><strong>Ms.</strong></span> <span class='ocrx_word' id='word_1_767' title='bbox 715 5184 876 5234; x_wconf 90' lang='lat' dir='ltr'><strong>unus,</strong></span> <span class='ocrx_word' id='word_1_768' title='bbox 902 5171 958 5224; x_wconf 86' lang='lat' dir='ltr'><strong>in</strong></span> <span class='ocrx_word' id='word_1_769' title='bbox 989 5168 1240 5223; x_wconf 87' lang='lat' dir='ltr'><strong>Domino.</strong></span> <span class='ocrx_word' id='word_1_770' title='bbox 1273 5169 1440 5224; x_wconf 87' lang='lat' dir='ltr'><strong>Paulo</strong></span> <span class='ocrx_word' id='word_1_771' title='bbox 1464 5177 1586 5239; x_wconf 91' lang='lat' dir='ltr'><strong>post</strong></span> <span class='ocrx_word' id='word_1_772' title='bbox 1612 5170 1767 5236; x_wconf 88' lang='lat' dir='ltr'><strong>editi,</strong></span> <span class='ocrx_word' id='word_1_773' title='bbox 1814 5187 1935 5225; x_wconf 86' lang='lat' dir='ltr'><strong>sus-</strong></span> 
     </span>
    </p>
   </div>
   <div class='ocr_carea' id='block_1_105' title="bbox 369 5239 1931 5309">
    <p class='ocr_par' dir='ltr' id='par_1_105' title="bbox 369 5239 1931 5309">
     <span class='ocr_line' id='line_1_105' title="bbox 369 5239 1931 5309; baseline 0.003 -19"><span class='ocrx_word' id='word_1_774' title='bbox 369 5245 625 5292; x_wconf 87' lang='lat' dir='ltr'><strong>tentatum</strong></span> <span class='ocrx_word' id='word_1_775' title='bbox 660 5254 681 5294; x_wconf 90' lang='lat'><strong><em>:</em></strong></span> <span class='ocrx_word' id='word_1_776' title='bbox 731 5255 858 5293; x_wconf 86' lang='lat' dir='ltr'><strong>mss.</strong></span> <span class='ocrx_word' id='word_1_777' title='bbox 905 5240 1168 5309; x_wconf 91' lang='lat' dir='ltr'><strong>plerique,</strong></span> <span class='ocrx_word' id='word_1_778' title='bbox 1225 5248 1587 5306; x_wconf 83' lang='lat' dir='ltr'><strong>sustentatus;</strong></span> <span class='ocrx_word' id='word_1_779' title='bbox 1650 5239 1931 5304; x_wconf 85' lang='lat' dir='ltr'><strong>Rabanus,</strong></span> 
     </span>
    </p>
   </div>
   <div class='ocr_carea' id='block_1_106' title="bbox 367 5309 1934 5379">
    <p class='ocr_par' dir='ltr' id='par_1_106' title="bbox 367 5309 1934 5379">
     <span class='ocr_line' id='line_1_106' title="bbox 367 5309 1934 5379; baseline 0.003 -20"><span class='ocrx_word' id='word_1_780' title='bbox 367 5309 692 5379; x_wconf 74' lang='lat' dir='ltr'><strong>sustinuisse.</strong></span> <span class='ocrx_word' id='word_1_781' title='bbox 743 5310 946 5364; x_wconf 89' lang='lat' dir='ltr'><strong>Deinde</strong></span> <span class='ocrx_word' id='word_1_782' title='bbox 992 5310 1153 5363; x_wconf 91' lang='lat' dir='ltr'><strong>iidem</strong></span> <span class='ocrx_word' id='word_1_783' title='bbox 1213 5310 1436 5375; x_wconf 89' lang='lat' dir='ltr'><strong>habent,</strong></span> <span class='ocrx_word' id='word_1_784' title='bbox 1486 5314 1934 5379; x_wconf 79' lang='lat' dir='ltr'><strong>pronuntiatum,-</strong></span> 
     </span>
    </p>
   </div>
   <div class='ocr_carea' id='block_1_107' title="bbox 366 5378 1776 5456">
    <p class='ocr_par' dir='ltr' id='par_1_107' title="bbox 366 5378 1776 5456">
     <span class='ocr_line' id='line_1_107' title="bbox 366 5378 1776 5456; baseline 0.001 -24"><span class='ocrx_word' id='word_1_785' title='bbox 366 5378 686 5456; x_wconf 46' lang='lat' dir='ltr'><strong>sedlectj‘us</strong></span> <span class='ocrx_word' id='word_1_786' title='bbox 714 5381 1054 5456; x_wconf 39' lang='lat' dir='ltr'><strong>m_s.ARe_gius</strong></span> <span class='ocrx_word' id='word_1_787' title='bbox 1082 5379 1401 5456; x_wconf 46' lang='grc' dir='ltr'><strong>ηιιιητᾼᾷόθ</strong></span> <span class='ocrx_word' id='word_1_788' title='bbox 1431 5388 1490 5433; x_wconf 85' lang='grc' dir='ltr'><strong>ιιι</strong></span> <span class='ocrx_word' id='word_1_789' title='bbox 1515 5381 1567 5433; x_wconf 92' lang='lat' dir='ltr'><strong>iu</strong></span> <span class='ocrx_word' id='word_1_790' title='bbox 1588 5390 1776 5456; x_wconf 41' lang='grc' dir='ltr'>,ιρις-ιιι.</span> 
     </span>
    </p>
   </div>
   <div class='ocr_carea' id='block_1_108' title="bbox 437 5446 1750 5513">
    <p class='ocr_par' dir='ltr' id='par_1_108' title="bbox 437 5446 1750 5513">
     <span class='ocr_line' id='line_1_108' title="bbox 437 5446 1750 5513; baseline 0 -13"><span class='ocrx_word' id='word_1_791' title='bbox 437 5446 548 5513; x_wconf 85' lang='grc'>(22)</span> <span class='ocrx_word' id='word_1_792' title='bbox 581 5447 790 5502; x_wconf 80' lang='lat' dir='ltr'><strong>Mundi.</strong></span> <span class='ocrx_word' id='word_1_793' title='bbox 824 5446 1103 5505; x_wconf 71' lang='lat' dir='ltr'><strong>Omittitur</strong></span> <span class='ocrx_word' id='word_1_794' title='bbox 1127 5451 1179 5502; x_wconf 90' lang='lat' dir='ltr'><strong>in</strong></span> <span class='ocrx_word' id='word_1_795' title='bbox 1213 5448 1364 5503; x_wconf 89' lang='lat' dir='ltr'><strong>libris</strong></span> <span class='ocrx_word' id='word_1_796' title='bbox 1391 5460 1547 5503; x_wconf 86' lang='lat' dir='ltr'><strong>antea</strong></span> <span class='ocrx_word' id='word_1_797' title='bbox 1573 5446 1750 5503; x_wconf 75' lang='lat' dir='ltr'><strong>e&#39;ditis.</strong></span> 
     </span>
    </p>
   </div>
   <div class='ocr_carea' id='block_1_109' title="bbox 438 5518 1933 5586">
    <p class='ocr_par' dir='ltr' id='par_1_109' title="bbox 438 5518 1933 5586">
     <span class='ocr_line' id='line_1_109' title="bbox 438 5518 1933 5586; baseline 0.003 -16"><span class='ocrx_word' id='word_1_798' title='bbox 438 5518 549 5586; x_wconf 82' lang='grc'>(25)</span> <span class='ocrx_word' id='word_1_799' title='bbox 580 5518 647 5571; x_wconf 88' lang='grc' dir='ltr'><strong>1η</strong></span> <span class='ocrx_word' id='word_1_800' title='bbox 678 5518 926 5575; x_wconf 76' lang='lat' dir='ltr'><strong>Domino.</strong></span> <span class='ocrx_word' id='word_1_801' title='bbox 950 5520 1387 5574; x_wconf 70' lang='lat' dir='ltr'><strong>Praetermittitur</strong></span> <span class='ocrx_word' id='word_1_802' title='bbox 1418 5520 1473 5571; x_wconf 90' lang='lat' dir='ltr'><strong>in</strong></span> <span class='ocrx_word' id='word_1_803' title='bbox 1507 5520 1690 5574; x_wconf 87' lang='lat' dir='ltr'><strong>editis.</strong></span> <span class='ocrx_word' id='word_1_804' title='bbox 1733 5519 1933 5575; x_wconf 83' lang='lat' dir='ltr'><strong>Deinde</strong></span> 
     </span>
    </p>
   </div>
   <div class='ocr_carea' id='block_1_110' title="bbox 367 5585 1937 5656">
    <p class='ocr_par' dir='ltr' id='par_1_110' title="bbox 367 5585 1937 5656">
     <span class='ocr_line' id='line_1_110' title="bbox 367 5585 1937 5656; baseline 0.004 -19"><span class='ocrx_word' id='word_1_805' title='bbox 367 5585 528 5639; x_wconf 86' lang='lat' dir='ltr'><strong>itdem</strong></span> <span class='ocrx_word' id='word_1_806' title='bbox 572 5588 724 5650; x_wconf 90' lang='lat' dir='ltr'><strong>editi,</strong></span> <span class='ocrx_word' id='word_1_807' title='bbox 763 5588 1022 5643; x_wconf 82' lang='lat' dir='ltr'><strong>Rabanus</strong></span> <span class='ocrx_word' id='word_1_808' title='bbox 1063 5596 1117 5644; x_wconf 88' lang='lat' dir='ltr'><strong>et</strong></span> <span class='ocrx_word' id='word_1_809' title='bbox 1148 5605 1279 5643; x_wconf 86' lang='lat' dir='ltr'><strong>mss.</strong></span> <span class='ocrx_word' id='word_1_810' title='bbox 1314 5588 1578 5656; x_wconf 82' lang='lat' dir='ltr'><strong>plerique,</strong></span> <span class='ocrx_word' id='word_1_811' title='bbox 1608 5587 1675 5642; x_wconf 86' lang='lat' dir='ltr'><strong>Et</strong></span> <span class='ocrx_word' id='word_1_812' title='bbox 1703 5590 1788 5642; x_wconf 83' lang='lat' dir='ltr'><strong>hic</strong></span> <span class='ocrx_word' id='word_1_813' title='bbox 1822 5590 1937 5644; x_wconf 81' lang='lat' dir='ltr'><strong>Ru-</strong></span> 
     </span>
    </p>
   </div>
   <div class='ocr_carea' id='block_1_111' title="bbox 364 5658 1933 5781">
    <p class='ocr_par' dir='ltr' id='par_1_111' title="bbox 364 5658 1933 5781">
     <span class='ocr_line' id='line_1_111' title="bbox 364 5658 1933 5781; baseline 0.004 -72"><span class='ocrx_word' id='word_1_814' title='bbox 364 5658 475 5720; x_wconf 81' lang='lat' dir='ltr'><strong>fus,</strong></span> <span class='ocrx_word' id='word_1_815' title='bbox 521 5660 898 5781; x_wconf 51' lang='lat' dir='ltr'><strong>e:%29omisso</strong></span> <span class='ocrx_word' id='word_1_816' title='bbox 920 5660 1075 5727; x_wconf 88' lang='lat' dir='ltr'><strong>sicut,</strong></span> <span class='ocrx_word' id='word_1_817' title='bbox 1126 5659 1269 5728; x_wconf 89' lang='lat' dir='ltr'><strong>quod</strong></span> <span class='ocrx_word' id='word_1_818' title='bbox 1313 5659 1558 5713; x_wconf 90' lang='lat' dir='ltr'><strong>restituit</strong></span> <span class='ocrx_word' id='word_1_819' title='bbox 1595 5674 1696 5713; x_wconf 90' lang='lat' dir='ltr'><strong>ms.</strong></span> <span class='ocrx_word' id='word_1_820' title='bbox 1731 5659 1933 5731; x_wconf 87' lang='lat' dir='ltr'><strong>Regius</strong></span> 
     </span>
     <span class='ocr_line' id='line_1_112' title="bbox 368 5742 709 5781; baseline 0.009 -3"><span class='ocrx_word' id='word_1_821' title='bbox 368 5742 516 5779; x_wconf 78' lang='lat' dir='ltr'><strong>lllllll.</strong></span> <span class='ocrx_word' id='word_1_822' title='bbox 622 5745 650 5780; x_wconf 80' lang='grc' dir='ltr'><strong>ἱ)</strong></span> <span class='ocrx_word' id='word_1_823' title='bbox 692 5769 709 5781; x_wconf 80' lang='lat'><strong>.</strong></span> 
     </span>
    </p>
   </div>
   <div class='ocr_carea' id='block_1_112' title="bbox 368 5742 709 5783">
    <p class='ocr_par' dir='ltr' id='par_1_112' title="bbox 368 5742 709 5783">
     <span class='ocr_line' id='line_1_113' title="bbox 368 5742 709 5783; baseline 0.012 -5"><span class='ocrx_word' id='word_1_824' title='bbox 368 5743 437 5778; x_wconf 89' lang='grc'><strong>1111</strong></span> <span class='ocrx_word' id='word_1_825' title='bbox 446 5742 516 5779; x_wconf 72' lang='lat' dir='ltr'><strong>Ill.</strong></span> <span class='ocrx_word' id='word_1_826' title='bbox 551 5742 572 5780; x_wconf 79' lang='grc'><strong>1</strong></span> <span class='ocrx_word' id='word_1_827' title='bbox 584 5742 709 5783; x_wconf 65' lang='lat'><strong>003.</strong></span> 
     </span>
    </p>
   </div>
   <div class='ocr_carea' id='block_1_113' title="bbox 438 5795 1926 5868">
    <p class='ocr_par' dir='ltr' id='par_1_113' title="bbox 438 5795 1926 5868">
     <span class='ocr_line' id='line_1_114' title="bbox 438 5795 1926 5868; baseline 0.003 -20"><span class='ocrx_word' id='word_1_828' title='bbox 438 5795 551 5865; x_wconf 77' lang='grc'>(24)</span> <span class='ocrx_word' id='word_1_829' title='bbox 586 5796 746 5863; x_wconf 85' lang='lat' dir='ltr'><strong>Editi,</strong></span> <span class='ocrx_word' id='word_1_830' title='bbox 789 5799 988 5868; x_wconf 66' lang='lat' dir='ltr'><strong>pariter</strong></span> <span class='ocrx_word' id='word_1_831' title='bbox 1021 5796 1235 5852; x_wconf 82' lang='lat' dir='ltr'><strong>haberet</strong></span> <span class='ocrx_word' id='word_1_832' title='bbox 1274 5800 1459 5853; x_wconf 87' lang='lat' dir='ltr'><strong>matris</strong></span> <span class='ocrx_word' id='word_1_833' title='bbox 1501 5798 1769 5868; x_wconf 77' lang='lat' dir='ltr'><strong>a/Iectum.</strong></span> <span class='ocrx_word' id='word_1_834' title='bbox 1815 5795 1926 5853; x_wconf 89' lang='lat' dir='ltr'><strong>Sed</strong></span> 
     </span>
    </p>
   </div>
   <div class='ocr_carea' id='block_1_114' title="bbox 368 5865 1927 5935">
    <p class='ocr_par' dir='ltr' id='par_1_114' title="bbox 368 5865 1927 5935">
     <span class='ocr_line' id='line_1_115' title="bbox 368 5865 1927 5935; baseline 0.005 -19"><span class='ocrx_word' id='word_1_835' title='bbox 368 5879 556 5921; x_wconf 85' lang='lat' dir='ltr'><strong>omnes</strong></span> <span class='ocrx_word' id='word_1_836' title='bbox 588 5882 720 5923; x_wconf 89' lang='lat' dir='ltr'><strong>mss.</strong></span> <span class='ocrx_word' id='word_1_837' title='bbox 751 5877 805 5921; x_wconf 85' lang='lat' dir='ltr'><strong>et</strong></span> <span class='ocrx_word' id='word_1_838' title='bbox 833 5865 1083 5923; x_wconf 81' lang='lat' dir='ltr'><strong>Rabanus</strong></span> <span class='ocrx_word' id='word_1_839' title='bbox 1110 5879 1170 5924; x_wconf 92' lang='lat' dir='ltr'><strong>ut</strong></span> <span class='ocrx_word' id='word_1_840' title='bbox 1199 5871 1252 5925; x_wconf 91' lang='lat' dir='ltr'><strong>in</strong></span> <span class='ocrx_word' id='word_1_841' title='bbox 1285 5878 1457 5932; x_wconf 71' lang='lat' dir='ltr'><strong>textu,</strong></span> <span class='ocrx_word' id='word_1_842' title='bbox 1492 5865 1590 5926; x_wconf 74' lang='lat' dir='ltr'><strong>nisi</strong></span> <span class='ocrx_word' id='word_1_843' title='bbox 1626 5870 1768 5933; x_wconf 83' lang='lat' dir='ltr'><strong>quod</strong></span> <span class='ocrx_word' id='word_1_844' title='bbox 1806 5871 1927 5935; x_wconf 83' lang='lat' dir='ltr'><strong>qui-</strong></span> 
     </span>
    </p>
   </div>
   <div class='ocr_carea' id='block_1_115' title="bbox 2047 4889 3620 4963">
    <p class='ocr_par' dir='ltr' id='par_1_115' title="bbox 2047 4889 3620 4963">
     <span class='ocr_line' id='line_1_116' title="bbox 2047 4889 3620 4963; baseline -0.002 -16"><span class='ocrx_word' id='word_1_845' title='bbox 2047 4896 2169 4947; x_wconf 88' lang='lat' dir='ltr'><strong>dam</strong></span> <span class='ocrx_word' id='word_1_846' title='bbox 2201 4895 2396 4949; x_wconf 89' lang='lat' dir='ltr'><strong>vitiose</strong></span> <span class='ocrx_word' id='word_1_847' title='bbox 2423 4896 2659 4949; x_wconf 81' lang='lat' dir='ltr'><strong>habeant</strong></span> <span class='ocrx_word' id='word_1_848' title='bbox 2683 4893 2887 4963; x_wconf 86' lang='lat' dir='ltr'><strong>patitur</strong></span> <span class='ocrx_word' id='word_1_849' title='bbox 2909 4907 3007 4962; x_wconf 93' lang='lat' dir='ltr'><strong>pro</strong></span> <span class='ocrx_word' id='word_1_850' title='bbox 3044 4890 3306 4963; x_wconf 68' lang='lat' dir='ltr'><strong>partitur;</strong></span> <span class='ocrx_word' id='word_1_851' title='bbox 3334 4889 3531 4963; x_wconf 55' lang='lat' dir='ltr'><strong>deinde</strong></span> <span class='ocrx_word' id='word_1_852' title='bbox 3566 4890 3620 4944; x_wconf 83' lang='lat' dir='ltr'><strong>in</strong></span> 
     </span>
    </p>
   </div>
   <div class='ocr_carea' id='block_1_116' title="bbox 2040 4959 3622 5032">
    <p class='ocr_par' dir='ltr' id='par_1_116' title="bbox 2040 4959 3622 5032">
     <span class='ocr_line' id='line_1_117' title="bbox 2040 4959 3622 5032; baseline -0.005 -13"><span class='ocrx_word' id='word_1_853' title='bbox 2040 4966 2159 5019; x_wconf 74' lang='lat' dir='ltr'><strong>inec</strong></span> <span class='ocrx_word' id='word_1_854' title='bbox 2193 4966 2352 5016; x_wconf 83' lang='lat' dir='ltr'><strong>verba</strong></span> <span class='ocrx_word' id='word_1_855' title='bbox 2377 5006 2392 5029; x_wconf 93' lang='lat'><strong>,</strong></span> <span class='ocrx_word' id='word_1_856' title='bbox 2429 4965 2668 5019; x_wconf 85' lang='lat' dir='ltr'><strong>Salutate</strong></span> <span class='ocrx_word' id='word_1_857' title='bbox 2683 4959 3055 5032; x_wconf 42' lang='lat' dir='ltr'><strong>&#39;Asyncrétum,</strong></span> <span class='ocrx_word' id='word_1_858' title='bbox 3080 4959 3447 5029; x_wconf 80' lang='lat' dir='ltr'><strong>Phlegontam,</strong></span> <span class='ocrx_word' id='word_1_859' title='bbox 3482 4960 3622 5014; x_wconf 77' lang='lat' dir='ltr'><strong>Iler-</strong></span> 
     </span>
    </p>
   </div>
   <div class='ocr_carea' id='block_1_117' title="bbox 2038 5031 3622 5100">
    <p class='ocr_par' dir='ltr' id='par_1_117' title="bbox 2038 5031 3622 5100">
     <span class='ocr_line' id='line_1_118' title="bbox 2038 5031 3622 5100; baseline -0.001 -13"><span class='ocrx_word' id='word_1_860' title='bbox 2038 5049 2194 5100; x_wconf 87' lang='lat' dir='ltr'><strong>mem,</strong></span> <span class='ocrx_word' id='word_1_861' title='bbox 2220 5032 2535 5099; x_wconf 79' lang='lat' dir='ltr'><strong>Patrabam,</strong></span> <span class='ocrx_word' id='word_1_862' title='bbox 2566 5031 2842 5098; x_wconf 84' lang='lat' dir='ltr'><strong>Hermam,</strong></span> <span class='ocrx_word' id='word_1_863' title='bbox 2893 5047 2998 5084; x_wconf 94' lang='lat' dir='ltr'><strong>non</strong></span> <span class='ocrx_word' id='word_1_864' title='bbox 3031 5032 3365 5084; x_wconf 87' lang='lat' dir='ltr'><strong>concordant</strong></span> <span class='ocrx_word' id='word_1_865' title='bbox 3394 5031 3534 5084; x_wconf 89' lang='lat' dir='ltr'><strong>inter</strong></span> <span class='ocrx_word' id='word_1_866' title='bbox 3559 5048 3622 5086; x_wconf 84' lang='lat' dir='ltr'><strong>se</strong></span> 
     </span>
    </p>
   </div>
   <div class='ocr_carea' id='block_1_118' title="bbox 2039 5100 3623 5171">
    <p class='ocr_par' dir='ltr' id='par_1_118' title="bbox 2039 5100 3623 5171">
     <span class='ocr_line' id='line_1_119' title="bbox 2039 5100 3623 5171; baseline -0.001 -16"><span class='ocrx_word' id='word_1_867' title='bbox 2039 5118 2170 5159; x_wconf 86' lang='lat' dir='ltr'><strong>mss.</strong></span> <span class='ocrx_word' id='word_1_868' title='bbox 2220 5105 2415 5169; x_wconf 90' lang='lat' dir='ltr'><strong>nostri,</strong></span> <span class='ocrx_word' id='word_1_869' title='bbox 2454 5104 2711 5158; x_wconf 79' lang='lat' dir='ltr'><strong>Rabanus</strong></span> <span class='ocrx_word' id='word_1_870' title='bbox 2751 5114 2806 5156; x_wconf 91' lang='lat' dir='ltr'><strong>et</strong></span> <span class='ocrx_word' id='word_1_871' title='bbox 2830 5101 2982 5171; x_wconf 83' lang='lat' dir='ltr'><strong>editi.</strong></span> <span class='ocrx_word' id='word_1_872' title='bbox 3031 5100 3134 5154; x_wconf 85' lang='lat' dir='ltr'><strong>Alii</strong></span> <span class='ocrx_word' id='word_1_873' title='bbox 3186 5101 3386 5171; x_wconf 74' lang='lat' dir='ltr'><strong>habent</strong></span> <span class='ocrx_word' id='word_1_874' title='bbox 3422 5101 3623 5171; x_wconf 79' lang='lat' dir='ltr'><strong>Assyn-</strong></span> 
     </span>
    </p>
   </div>
   <div class='ocr_carea' id='block_1_119' title="bbox 2036 5168 3616 5244">
    <p class='ocr_par' dir='ltr' id='par_1_119' title="bbox 2036 5168 3616 5244">
     <span class='ocr_line' id='line_1_120' title="bbox 2036 5168 3616 5244; baseline -0.003 -17"><span class='ocrx_word' id='word_1_875' title='bbox 2036 5181 2273 5244; x_wconf 81' lang='lat' dir='ltr'><strong>cretum;</strong></span> <span class='ocrx_word' id='word_1_876' title='bbox 2300 5168 3162 5244; x_wconf 68' lang='lat' dir='ltr'><strong>aliiPhlegoniam,_Phlegonam,</strong></span> <span class='ocrx_word' id='word_1_877' title='bbox 3186 5180 3245 5244; x_wconf 79' lang='lat' dir='ltr'><strong>et</strong></span> <span class='ocrx_word' id='word_1_878' title='bbox 3282 5168 3571 5244; x_wconf 75' lang='lat' dir='ltr'><strong>Phlegonia</strong></span> <span class='ocrx_word' id='word_1_879' title='bbox 3595 5187 3616 5234; x_wconf 82' lang='lat'><strong>,&#39;</strong></span> 
     </span>
    </p>
   </div>
   <div class='ocr_carea' id='block_1_120' title="bbox 2037 5238 3621 5310">
    <p class='ocr_par' dir='ltr' id='par_1_120' title="bbox 2037 5238 3621 5310">
     <span class='ocr_line' id='line_1_121' title="bbox 2037 5238 3621 5310; baseline -0.003 -12"><span class='ocrx_word' id='word_1_880' title='bbox 2037 5243 2128 5298; x_wconf 85' lang='lat' dir='ltr'><strong>alii</strong></span> <span class='ocrx_word' id='word_1_881' title='bbox 2166 5243 2418 5310; x_wconf 81' lang='lat' dir='ltr'><strong>flermen,</strong></span> <span class='ocrx_word' id='word_1_882' title='bbox 2442 5238 2760 5308; x_wconf 66' lang='lat' dir='ltr'><strong>Patrobum,</strong></span> <span class='ocrx_word' id='word_1_883' title='bbox 2790 5238 3047 5310; x_wconf 64' lang='lat' dir='ltr'><strong>ﬂetuum.</strong></span> <span class='ocrx_word' id='word_1_884' title='bbox 3091 5238 3200 5295; x_wconf 81' lang='lat' dir='ltr'><strong>Sed</strong></span> <span class='ocrx_word' id='word_1_885' title='bbox 3230 5241 3400 5295; x_wconf 81' lang='lat' dir='ltr'><strong>secuti</strong></span> <span class='ocrx_word' id='word_1_886' title='bbox 3419 5238 3621 5295; x_wconf 77' lang='lat' dir='ltr'><strong>sumus</strong></span> 
     </span>
    </p>
   </div>
   <div class='ocr_carea' id='block_1_121' title="bbox 2042 5309 3637 5384">
    <p class='ocr_par' dir='ltr' id='par_1_121' title="bbox 2042 5309 3637 5384">
     <span class='ocr_line' id='line_1_122' title="bbox 2042 5309 3637 5384; baseline -0.003 -16"><span class='ocrx_word' id='word_1_887' title='bbox 2042 5330 2143 5370; x_wconf 89' lang='lat' dir='ltr'><strong>ms.</strong></span> <span class='ocrx_word' id='word_1_888' title='bbox 2176 5309 2410 5384; x_wconf 81' lang='lat' dir='ltr'><strong>Regium</strong></span> <span class='ocrx_word' id='word_1_889' title='bbox 2436 5330 2588 5369; x_wconf 92' lang='lat' dir='ltr'><strong>num.</strong></span> <span class='ocrx_word' id='word_1_890' title='bbox 2625 5311 2764 5367; x_wconf 78' lang='grc'><strong>1659</strong></span> <span class='ocrx_word' id='word_1_891' title='bbox 2802 5309 3207 5384; x_wconf 35' lang='grc' dir='ltr'><strong>(ιιι-ιὶιιιιίιιιιιιη.Δ</strong></span> <span class='ocrx_word' id='word_1_892' title='bbox 3421 5379 3448 5384; x_wconf 87' lang='lat'>_</span> <span class='ocrx_word' id='word_1_893' title='bbox 3497 5379 3508 5384; x_wconf 92' lang='lat'>_</span> <span class='ocrx_word' id='word_1_894' title='bbox 3573 5379 3584 5384; x_wconf 90' lang='lat'>_</span> <span class='ocrx_word' id='word_1_895' title='bbox 3623 5348 3637 5364; x_wconf 61' lang='grc' dir='ltr'><em>ι</em></span> 
     </span>
    </p>
   </div>
   <div class='ocr_carea' id='block_1_122' title="bbox 2111 5379 3622 5451">
    <p class='ocr_par' dir='ltr' id='par_1_122' title="bbox 2111 5379 3622 5451">
     <span class='ocr_line' id='line_1_123' title="bbox 2111 5379 3622 5451; baseline -0.003 -14"><span class='ocrx_word' id='word_1_896' title='bbox 2111 5385 2226 5451; x_wconf 77' lang='grc'>(25)</span> <span class='ocrx_word' id='word_1_897' title='bbox 2258 5379 2422 5448; x_wconf 84' lang='lat' dir='ltr'><strong>Editi,</strong></span> <span class='ocrx_word' id='word_1_898' title='bbox 2456 5384 2610 5450; x_wconf 78' lang='lat' dir='ltr'><strong>Quod</strong></span> <span class='ocrx_word' id='word_1_899' title='bbox 2644 5399 2763 5436; x_wconf 86' lang='lat' dir='ltr'><strong>vero</strong></span> <span class='ocrx_word' id='word_1_900' title='bbox 2796 5381 2928 5434; x_wconf 85' lang='lat' dir='ltr'><strong>nihil</strong></span> <span class='ocrx_word' id='word_1_901' title='bbox 2954 5382 3028 5433; x_wconf 90' lang='lat' dir='ltr'><strong>eis</strong></span> <span class='ocrx_word' id='word_1_902' title='bbox 3056 5380 3256 5451; x_wconf 84' lang='lat' dir='ltr'><strong>laudis,</strong></span> <span class='ocrx_word' id='word_1_903' title='bbox 3280 5389 3391 5451; x_wconf 88' lang='lat' dir='ltr'><strong>etc.</strong></span> <span class='ocrx_word' id='word_1_904' title='bbox 3421 5379 3622 5451; x_wconf 84' lang='lat' dir='ltr'><strong>Deinde</strong></span> 
     </span>
    </p>
   </div>
   <div class='ocr_carea' id='block_1_123' title="bbox 2041 5447 3620 5523">
    <p class='ocr_par' dir='ltr' id='par_1_123' title="bbox 2041 5447 3620 5523">
     <span class='ocr_line' id='line_1_124' title="bbox 2041 5447 3620 5523; baseline -0.005 -14"><span class='ocrx_word' id='word_1_905' title='bbox 2041 5447 2177 5509; x_wconf 77' lang='lat' dir='ltr'><strong>mss.</strong></span> <span class='ocrx_word' id='word_1_906' title='bbox 2209 5447 2596 5523; x_wconf 40' lang='lat' dir='ltr'><strong>pleriqueIilla</strong></span> <span class='ocrx_word' id='word_1_907' title='bbox 2620 5454 2809 5523; x_wconf 78' lang='lat' dir='ltr'><strong>Opinor</strong></span> <span class='ocrx_word' id='word_1_908' title='bbox 2832 5467 2895 5504; x_wconf 78' lang='lat' dir='ltr'><strong>ea:</strong></span> <span class='ocrx_word' id='word_1_909' title='bbox 2917 5466 3098 5503; x_wconf 85' lang='lat' dir='ltr'><strong>causa.</strong></span> <span class='ocrx_word' id='word_1_910' title='bbox 3135 5450 3233 5523; x_wconf 80' lang='lat' dir='ltr'><strong>Ms.</strong></span> <span class='ocrx_word' id='word_1_911' title='bbox 3264 5449 3422 5523; x_wconf 81' lang='lat' dir='ltr'><strong>unus,</strong></span> <span class='ocrx_word' id='word_1_912' title='bbox 3447 5447 3541 5499; x_wconf 86' lang='lat' dir='ltr'><strong>illa</strong></span> <span class='ocrx_word' id='word_1_913' title='bbox 3566 5457 3620 5501; x_wconf 87' lang='lat' dir='ltr'><strong>ut</strong></span> 
     </span>
    </p>
   </div>
   <div class='ocr_carea' id='block_1_124' title="bbox 2041 5521 3623 5590">
    <p class='ocr_par' dir='ltr' id='par_1_124' title="bbox 2041 5521 3623 5590">
     <span class='ocr_line' id='line_1_125' title="bbox 2041 5521 3623 5590; baseline -0.003 -13"><span class='ocrx_word' id='word_1_914' title='bbox 2041 5521 2229 5590; x_wconf 76' lang='lat' dir='ltr'><strong>Opinor</strong></span> <span class='ocrx_word' id='word_1_915' title='bbox 2270 5521 2454 5580; x_wconf 77' lang='lat' dir='ltr'><strong>causa.</strong></span> <span class='ocrx_word' id='word_1_916' title='bbox 2507 5523 2612 5578; x_wconf 90' lang='lat' dir='ltr'><strong>Sed</strong></span> <span class='ocrx_word' id='word_1_917' title='bbox 2664 5522 2923 5576; x_wconf 79' lang='lat' dir='ltr'><strong>Rabanns</strong></span> <span class='ocrx_word' id='word_1_918' title='bbox 2969 5532 3023 5574; x_wconf 89' lang='lat' dir='ltr'><strong>et</strong></span> <span class='ocrx_word' id='word_1_919' title='bbox 3077 5522 3210 5575; x_wconf 84' lang='lat' dir='ltr'><strong>editi</strong></span> <span class='ocrx_word' id='word_1_920' title='bbox 3242 5530 3302 5573; x_wconf 89' lang='lat' dir='ltr'><strong>ut</strong></span> <span class='ocrx_word' id='word_1_921' title='bbox 3346 5521 3399 5573; x_wconf 79' lang='lat' dir='ltr'><strong>in</strong></span> <span class='ocrx_word' id='word_1_922' title='bbox 3433 5530 3623 5572; x_wconf 89' lang='lat' dir='ltr'><strong>nostro</strong></span> 
     </span>
    </p>
   </div>
   <div class='ocr_carea' id='block_1_125' title="bbox 2043 5602 2216 5648">
    <p class='ocr_par' dir='ltr' id='par_1_125' title="bbox 2043 5602 2216 5648">
     <span class='ocr_line' id='line_1_126' title="bbox 2043 5602 2216 5648; baseline -0.006 0"><span class='ocrx_word' id='word_1_923' title='bbox 2043 5602 2216 5648; x_wconf 85' lang='lat' dir='ltr'><strong>textu.</strong></span> 
     </span>
    </p>
   </div>
   <div class='ocr_carea' id='block_1_126' title="bbox 2114 5658 3617 5737">
    <p class='ocr_par' dir='ltr' id='par_1_126' title="bbox 2114 5658 3617 5737">
     <span class='ocr_line' id='line_1_127' title="bbox 2114 5658 3617 5737; baseline -0.002 -21"><span class='ocrx_word' id='word_1_924' title='bbox 2114 5663 2227 5737; x_wconf 80' lang='grc'>(26)</span> <span class='ocrx_word' id='word_1_925' title='bbox 2259 5663 2349 5718; x_wconf 91' lang='lat' dir='ltr'><strong>Sic</strong></span> <span class='ocrx_word' id='word_1_926' title='bbox 2377 5679 2480 5718; x_wconf 89' lang='lat' dir='ltr'><strong>ms.</strong></span> <span class='ocrx_word' id='word_1_927' title='bbox 2511 5662 2713 5737; x_wconf 81' lang='lat' dir='ltr'><strong>Regius</strong></span> <span class='ocrx_word' id='word_1_928' title='bbox 2744 5677 2893 5737; x_wconf 68' lang='lat' dir='ltr'><strong>num.</strong></span> <span class='ocrx_word' id='word_1_929' title='bbox 2921 5659 3137 5737; x_wconf 24' lang='lat' dir='ltr'><strong>1659‘et</strong></span> <span class='ocrx_word' id='word_1_930' title='bbox 3158 5658 3617 5737; x_wconf 28' lang='lat' dir='ltr'><strong>editiunabauus,</strong></span> 
     </span>
    </p>
   </div>
   <div class='ocr_carea' id='block_1_127' title="bbox 2040 5729 3618 5803">
    <p class='ocr_par' dir='ltr' id='par_1_127' title="bbox 2040 5729 3618 5803">
     <span class='ocr_line' id='line_1_128' title="bbox 2040 5729 3618 5803; baseline -0.001 -17"><span class='ocrx_word' id='word_1_931' title='bbox 2040 5729 2258 5797; x_wconf 81' lang='lat' dir='ltr'><strong>vitiose,</strong></span> <span class='ocrx_word' id='word_1_932' title='bbox 2285 5738 2454 5803; x_wconf 86' lang='lat' dir='ltr'><strong>posita</strong></span> <span class='ocrx_word' id='word_1_933' title='bbox 2477 5729 2704 5787; x_wconf 44' lang='lat' dir='ltr'><strong>erat‘sub</strong></span> <span class='ocrx_word' id='word_1_934' title='bbox 2729 5732 2917 5801; x_wconf 86' lang='lat' dir='ltr'><strong>angelo</strong></span> <span class='ocrx_word' id='word_1_935' title='bbox 2938 5731 3267 5803; x_wconf 76' lang='lat' dir='ltr'><strong>paenitentia.</strong></span> <span class='ocrx_word' id='word_1_936' title='bbox 3299 5729 3495 5803; x_wconf 65' lang='lat' dir='ltr'><strong>Caetet&#39;i</strong></span> <span class='ocrx_word' id='word_1_937' title='bbox 3524 5742 3618 5785; x_wconf 80' lang='lat' dir='ltr'><strong>ve-</strong></span> 
     </span>
    </p>
   </div>
   <div class='ocr_carea' id='block_1_128' title="bbox 2030 5798 3402 5874">
    <p class='ocr_par' dir='ltr' id='par_1_128' title="bbox 2030 5798 3402 5874">
     <span class='ocr_line' id='line_1_129' title="bbox 2030 5798 3402 5874; baseline -0.004 -16"><span class='ocrx_word' id='word_1_938' title='bbox 2030 5819 2092 5858; x_wconf 88' lang='lat' dir='ltr'><strong>ro</strong></span> <span class='ocrx_word' id='word_1_939' title='bbox 2129 5798 2507 5874; x_wconf 54' lang='lat' dir='ltr'><strong>mss.,&#39;positus</strong></span> <span class='ocrx_word' id='word_1_940' title='bbox 2531 5812 2643 5859; x_wconf 87' lang='lat' dir='ltr'><strong>erat</strong></span> <span class='ocrx_word' id='word_1_941' title='bbox 2665 5803 2759 5857; x_wconf 90' lang='lat' dir='ltr'><strong>sub</strong></span> <span class='ocrx_word' id='word_1_942' title='bbox 2787 5798 2974 5871; x_wconf 80' lang='lat' dir='ltr'><strong>angelo</strong></span> <span class='ocrx_word' id='word_1_943' title='bbox 2999 5803 3051 5854; x_wconf 87' lang='lat' dir='ltr'><strong>in</strong></span> <span class='ocrx_word' id='word_1_944' title='bbox 3074 5798 3402 5870; x_wconf 80' lang='lat' dir='ltr'><strong>pamitentia.</strong></span> 
     </span>
    </p>
   </div>
  </div>
