4150 6398
483 330 622 391 1285

1965 314 2289 374 ORIGEN‘lS

3616 319 3750 376 1284

481 450 783 521 suscipiant
808 449 1024 501 fratres.
1061 442 1174 498 Hoc
1207 450 1388 496 autem
1419 440 1662 495 osculum
1689 449 1937 494 sanctum
1966 456 2061 506 ap-
2092 443 2135 497 Α
2167 436 2355 489 nebras
2387 436 2590 502 lucem;
2625 437 2776 505 dulce
2812 453 3078 502 amarum,
3114 446 3163 491 et
3214 453 3455 491 amarum
3486 438 3638 492 dulce
3668 438 3754 503 “,-

478 544 647 615 pellat
674 539 986 610 Apostolus.
1018 537 1138 602 Quo
1178 537 1401 587 nomine
1437 535 1569 587 illud
1609 534 1766 586 docet
1810 531 1923 604 (-27)
1954 534 2065 601 pri—

480 651 590 696 mo,
633 643 693 686 ut
730 641 882 685 casta
932 628 1041 682 sint
1070 624 1259 679 oscula
1287 639 1409 691 qua:
1452 626 1507 677 in
1553 624 1801 678 ecclesiis
1832 624 2062 687 dantur;

479 735 594 781 tum
621 723 817 776 deinde
848 728 904 771 ut
930 716 1183 772 simulata
1218 731 1326 769 non
1359 715 1491 779 sint,
1539 714 1683 768 sicut
1713 712 1937 767 fuerunt
1966 710 2066 765 Ju-

478 817 582 878 dae,
616 813 707 881 qui
738 809 985 865 osculum
1020 807 1180 861 labiis
1207 807 1389 869 dabat,
1418 814 1474 860 et
1508 805 1870 873 proditionem
1898 804 2067 858 corde

479 904 773 962 tractabat.
807 900 1065 956 Osculum
1096 912 1226 952 vero
1261 897 1435 951 fidelis
1461 897 1570 965 (28)
1605 896 1801 964 primo,
1834 904 1891 949 ttt
1920 894 2063 948 dixi-

478 1013 621 1055 mus,
655 1006 864 1049 castum
898 992 996 1055 sit;
1046 999 1157 1043 tum
1187 987 1385 1042 deinde
1417 1003 1605 1056 pacem
1636 987 1689 1041 in
1722 1000 1782 1040 se
1809 985 2069 1055 simplici-

477 1099 757 1156 tatemque
787 1086 987 1140 habeat
1015 1084 1070 1136 in
1101 1082 1378 1136 charitate
1412 1096 1517 1133 non
1547 1080 1693 1133 (icta.

549 1182 640 1235 54.
682 1180 929 1235 Salutant
970 1194 1056 1231 vos
1080 1191 1259 1229 omnes
1286 1171 1541 1226 Ecclesia:
1564 1170 1765 1226 Christi
1796 1172 1864 1225 ⁸³.
1908 1170 2063 1225 Nune

476 1275 607 1346 quid
642 1289 747 1327 non
782 1274 835 1326 in
867 1287 971 1326 una
1008 1269 1255 1325 Ecclesia
1298 1267 1507 1338 positus
1555 1264 1753 1320 Paulus
1784 1265 1901 1321 haec
1933 1266 2067 1319 scri-

476 1369 556 1422 bit
586 1366 737 1438 (29)?
766 1364 833 1419 Et
858 1363 1131 1434 quomodo
1157 1376 1340 1416 verum
1367 1369 1452 1415 est
1479 1359 1620 1427 quod
1639 1361 1880 1415 onmium
1903 1359 2061 1413 simul

477 1456 841 1512 Ecclesiarum
870 1454 1074 1507 salutes
1107 1452 1370 1506 Romame
1396 1451 1580 1507 mittat
1621 1448 1914 1504 Ecclesia}?
1955 1447 2060 1503 Sed

476 1570 576 1623 pro
607 1568 673 1607 eo
718 1551 1021 1622 intelligere
1051 1549 1311 1603 debemus
1342 1547 1423 1603 vel
1468 1546 1613 1616 quod
1661 1561 1803 1600 unus
1838 1544 2062 1614 spiritus

478 1656 599 1702 erat
631 1646 681 1698 in
713 1643 884 1697 Paulo
918 1653 1085 1710 atque
1111 1640 1367 1695 omnibus
1403 1639 1670 1695 Ecclesiis
1718 1638 1945 1701 Christi,
1982 1636 2063 1691 vel

476 1738 715 1793 salutare
742 1737 887 1789 dicat
924 1750 1020 1803 per
1054 1733 1237 1795 fidem,
1265 1742 1319 1786 et
1348 1748 1444 1801 per
1469 1732 1721 1801 spiritum
1748 1729 1921 1798 jungi.

2169 541 2225 583 ut
2256 533 2307 583 in
2333 531 2418 585 bis
2465 532 2721 584 seducunt
2747 532 2913 585 corda
2945 532 3326 587 innocentium.
3373 533 3441 585 Et
3468 531 3589 584 ideo
3627 531 3719 585 dili
3739 562 3754 574 -

2167 635 2359 692 genter
2380 633 2596 694 oportet
2625 624 2914 679 intendere
2960 640 3070 694 quo
3103 638 3392 694 prospectu
3441 625 3634 678 doceat
3664 622 3758 680 ille

2167 717 2259 784 qui
2292 717 2486 781 docet;
2534 728 2715 770 utrum
2744 718 2974 786 gratiam
3017 725 3072 769 et
3096 717 3359 771 honorem
3394 715 3464 770 ab
3483 716 3756 770 auditori-

2168 806 2273 861 bus
2304 824 2572 878 quarreus,
2625 825 2693 862 au
2728 810 3032 865 mercedem
3070 826 3100 863 a
3135 808 3365 864 Domino
3397 825 3494 877 pro
3547 811 3765 864 instru—

2166 897 2350 952 ctione
2393 909 2449 954 et
2499 898 2743 970 profectu
2790 900 3115 955 discentium
3160 914 3410 968 sperans.
3459 899 3754 954 Subtiliter

2166 1005 2298 1045 sane
2345 989 2546 1047 Paulus
2602 993 2952 1046 indiscrclam
2998 1000 3054 1046 et
3092 991 3305 1047 facilem
3374 990 3750 1047 Romanorum

2166 1084 2532 1138 obedientiam
2566 1095 2742 1146 notat,
2777 1098 3008 1153 eamque
3041 1084 3238 1138 asserit
3266 1085 3469 1152 ubique
3505 1099 3608 1137 non
3639 1081 3754 1136 lau-

2167 1176 2370 1238 datam,
2424 1178 2517 1230 sed
2577 1175 2975 1245 pervulgatam.
3032 1176 3137 1230 Sed
3182 1191 3248 1230 ne
3286 1192 3379 1230 eos
3427 1192 3665 1243 rursum,
3696 1177 3743 1230 si

2166 1284 2266 1337 pro
2294 1267 2394 1323 hoc
2430 1269 2668 1335 apertius
2721 1269 3035 1337 castigaret,
3084 1268 3457 1322 iuobcdieutcs
3486 1267 3747 1330 elliceret,

2166 1359 2315 1413 addit
2351 1377 2363 1411 :
2397 1357 2465 1412 In
2492 1359 2631 1412 vobis
2662 1375 2784 1428 ergo
2826 1359 3050 1428 gaudeo.
3096 1357 3204 1413 Sed
3240 1359 3388 1412 dices
3422 1374 3435 1408 :
3468 1356 3752 1424 Quomodo

2165 1453 2445 1521 vulgarem
2495 1452 2548 1504 in
2580 1452 2662 1505 eis
2709 1460 2858 1504 notat
2907 1450 3293 1514 obedientiam,
3332 1465 3456 1504 cum
3503 1451 3651 1505 dicat
3690 1466 3750 1506 sc

2166 1546 2403 1615 gaudere
2430 1544 2480 1597 in
2516 1543 2637 1597 eis?
2672 1543 2854 1597 Primo
2895 1544 3112 1613 quidem
3153 1544 3299 1597 aliud
3339 1553 3424 1598 est
3452 1553 3642 1597 notare
3667 1541 3753 1596 vi»

2167 1644 2336 1705 lium;
2368 1640 2513 1694 aliud
2551 1640 2817 1696 homines.
2867 1638 3052 1693 Potest
3090 1640 3236 1693 enim
3279 1638 3396 1693 ﬁeri
3427 1648 3485 1691 ut
3516 1637 3753 1708 gaudeat

2164 1735 2220 1789 in
2258 1733 2343 1787 his
2374 1732 2425 1785 in
2468 1731 2663 1799 quibus
2716 1730 2901 1784 multa
2930 1730 3035 1783 alia
3090 1728 3230 1783 bona
3282 1730 3747 1800 deprehenderat;

547 1827 716 1902 684
739 1828 832 1883 55.
876 1797 1024 1894 Rogo
1066 1838 1241 1879 autem
1286 1797 1396 1887 vos,
1436 1797 1654 1892 fratres,
1690 1797 1760 1876 uti
1781 1797 2063 1876 observetis
2096 1797 2141 1855 Β
2169 1826 2359 1878 vitium
2389 1797 2573 1878 autem
2604 1823 2750 1893 quod
2779 1823 2830 1879 ei
2858 1823 3206 1892 displicncrat
3235 1797 3409 1886 notet,
3436 1839 3503 1877 ne
3529 1830 3754 1892 putetur

477 1942 564 1979 eos
598 1925 688 1992 qui
715 1922 1067 1975 dissensiones
1092 1931 1138 1973 et
1167 1917 1490 1987 oﬁ'endicula
1526 1926 1723 1987 praeter
1758 1915 2059 1969 doctrinam

477 2032 634 2087 quam
654 2031 743 2069 vos
771 2013 1034 2066 didicistis
1061 2012 1289 2080 faciunt,
1318 2020 1366 2064 et
1398 2009 1661 2063 declinote
1691 2012 1754 2060 ab
1786 2006 1915 2061 illis.
1951 2005 2064 2059 Hu-

470 2109 709 2181 jusmodt
735 2106 872 2160 enim
905 2104 1113 2159 Christo
1163 2103 1388 2156 Domino
1423 2113 1602 2155 nostro
1646 2099 1758 2172 (50)
1802 2116 1909 2153 non
1952 2116 2063 2152 ser-

477 2198 646 2262 viunt,
678 2196 771 2250 sed
801 2214 897 2250 suo
932 2194 1103 2249 ventri
1125 2212 1144 2251 :
1172 2203 1220 2248 et
1248 2210 1342 2262 per
1384 2192 1563 2246 dulces
1589 2207 1854 2246 sermones
1884 2199 1935 2244 et
1978 2192 2063 2244 be-

477 2291 799 2344 nedictiones
822 2291 1074 2343 seducunt
1102 2287 1265 2340 corda
1295 2286 1676 2340 innocentium.
1716 2283 1899 2337 Vestra
1923 2284 2063 2337 enim

478 2383 773 2437 obedientia
802 2383 990 2451 ubique
1018 2379 1325 2448 pervulgata
1359 2387 1456 2431 est.
1505 2375 1571 2429 In
1602 2376 1741 2429 vobis
1773 2391 1898 2445 ergo
1930 2390 2064 2443 gau-

480 2477 579 2530 deo
609 2475 795 2545 ⁶³(51).
828 2472 953 2527 llarc
981 2483 1036 2527 et
1069 2471 1135 2526 ad
1174 2486 1267 2525 eos
1291 2472 1381 2540 qui
1417 2468 1680 2524 Ecclesiis
1720 2475 1980 2537 praesunt,
2009 2475 2065 2520 et

481 2569 549 2623 ad
595 2583 786 2621 omnes
820 2565 1108 2621 credentes
1162 2578 1263 2633 per
1317 2562 1579 2630 Spiritum
1622 2571 1870 2615 sanctum
1922 2558 2065 2613 scri-

479 2661 612 2717 bere
636 2658 945 2717 credendus
989 2665 1073 2711 est
1105 2655 1327 2721 Paulus,
1367 2663 1428 2707 ut
1459 2652 1774 2724 diligentius
1815 2651 2066 2707 conside-

480 2763 624 2816 rent,
654 2761 708 2806 et
732 2749 1064 2821 persliieiant
1094 2748 1187 2815 qui
1219 2746 1334 2800 sint
1358 2746 1448 2813 qui
1479 2744 1854 2799 dissensiones
1884 2754 1942 2797 et
1974 2743 2064 2797 of-

482 2844 752 2899 fendicula
785 2843 838 2897 in
891 2842 1154 2897 Ecclesiis
1207 2847 1491 2909 generem,
1547 2846 1601 2890 et
1636 2836 1798 2889 alieni
1847 2834 1955 2887 sint
1997 2833 2065 2887 ab

482 2936 573 2990 illa
605 2934 947 2989 beatitudine
975 2948 1136 3001 quam
1177 2931 1441 2987 Dominus
1476 2930 1794 2999 repromisit
1823 2930 2012 2983 dicens
2045 2944 2059 2980 :

483 3026 634 3081 Beati
657 3025 886 3093 paciﬁci,
910 3022 1158 3093 quoniam
1180 3023 1282 3091 ipsi
1304 3021 1401 3089 lilii
1422 3019 1517 3073 Dei
1540 3018 1865 3072 vocabuntur
1879 3015 2061 3089 “(32).

2165 1916 2212 1971 ei
2235 1916 2401 1971 etiam
2431 1916 2605 1985 ipsmn
2632 1932 2755 1969 cum
2785 1916 3003 1970 caeteris
3033 1916 3325 1983 placuisse.
3354 1914 3536 1969 Potest
3568 1926 3748 1970 autem

2163 2020 2219 2066 et
2248 2026 2342 2081 pro
2368 2025 2433 2065 eo
2460 2010 2663 2066 dixisse
2690 2010 2980 2080 Apostolus
3015 2013 3254 2080 gaudere
3285 2026 3346 2067 se
3376 2013 3429 2063 in
3461 2010 3564 2075 eis,
3599 2012 3745 2080 quod

2165 2104 2255 2174 qui
2287 2103 2604 2158 inobediens
2630 2113 2736 2167 est,
2766 2120 2943 2173 neque
2971 2104 3037 2157 ad
3072 2104 3295 2169 malum,
3337 2118 3515 2173 neque
3543 2105 3610 2158 ad
3645 2104 3746 2158 bo-

2167 2206 2295 2244 num
2333 2190 2469 2244 trahi
2509 2201 2688 2260 potest
2717 2210 2731 2246 :
2764 2192 2857 2261 qui
2905 2207 3035 2247 vero
3085 2193 3349 2248 obedieus
3389 2203 3494 2257 est,
3535 2194 3582 2247 si
3623 2193 3748 2262 qui-

2165 2282 2288 2336 dem
2323 2283 2390 2335 ad
2420 2283 2630 2337 inutilia
2655 2285 2926 2349 trahatur,
2964 2284 3252 2352 imperitiae
3281 2285 3451 2354 culpa
3474 2286 3563 2340 sit.
3590 2284 3748 2355 Igno-

2168 2385 2252 2428 rat
2292 2376 2439 2429 enim
2471 2375 2685 2429 inutilia
2733 2392 2857 2432 esse
2885 2393 2948 2431 ea
2997 2378 3197 2446 quibus
3239 2379 3611 2433 obedientiam
3661 2380 3745 2433 sui

2166 2470 2371 2538 pra:bet
2398 2484 2414 2522 :
2448 2484 2570 2523 cum
2595 2484 2724 2523 vero
2755 2470 3150 2541 didiceritqua:
3180 2481 3309 2524 sunt
3341 2469 3515 2535 utilia,
3540 2469 3749 2525 habens

2166 2574 2412 2630 paratum
2441 2565 2763 2620 obedientize
2793 2567 3021 2630 bonum,
3056 2569 3319 2622 continuo
3372 2566 3478 2621 iter
3499 2581 3596 2635 per
3624 2581 3746 2620 eam

2166 2653 2384 2708 virtutis
2441 2656 2705 2710 ascendit.
2765 2654 2974 2712 Gaudet
3010 2672 3139 2727 ergo
3175 2657 3375 2712 Paulus
3421 2673 3585 2727 super
3618 2657 3752 2711 obe-

2168 2745 2402 2809 dientes,
2436 2757 2622 2801 certus
2652 2749 2796 2817 quod
2828 2764 2950 2802 cum
2982 2749 3232 2804 docuerit
3257 2764 3353 2804 eos
3379 2765 3487 2803 non
3533 2749 3747 2821 vulgari

2166 2837 2499 2901 oliedieutia,
2555 2854 2718 2907 quam
2778 2840 3001 2896 incaute
3045 2842 3299 2896 omnibus
3342 2844 3608 2912 praebent,
3669 2842 3749 2897 uti

2167 2929 2390 2995 debere,
2419 2931 2511 2985 sed
2543 2930 2629 2984 illa
2662 2931 2774 2986 sola
2802 2948 2908 3002 qua
2933 2934 3143 2989 obedire
3178 2946 3381 3003 oportet
3432 2934 3543 2989 Deo
3579 2939 3748 3005 magis

2165 3038 2326 3092 quam
2348 3022 2649 3078 hominibus
2678 3025 2748 3090 ⁸⁸,
2785 3025 2992 3080 relictis
3045 3030 3260 3081 caneris
3313 3026 3404 3081 illa
3437 3027 3551 3081 sola
3592 3036 3749 3080 uten-

485 3117 596 3171 lloc
642 3116 810 3181 enim,
858 3112 1057 3182 inquit,
1099 3122 1160 3165 ut
1205 3110 1414 3180 paciﬁci
1446 3110 1588 3172 sitis,
1632 3124 1660 3162 a
1703 3107 1932 3162 Domino
1967 3123 2065 3178 per
2088 3145 2133 3202 ο
2169 3125 2258 3168 tur
2284 3114 2419 3186 (55).
2446 3115 2581 3169 Nam
2610 3126 2667 3172 et
2689 3131 2879 3172 revera
2914 3133 3022 3172 non
3059 3129 3143 3172 est
3172 3134 3354 3188 parva:
3380 3119 3745 3181 discretionis.

486 3203 833 3275 Evangelium
865 3200 1169 3265 didicistis;
1217 3199 1594 3254 dissensiones
1639 3213 1771 3252 vero
1818 3211 2062 3251 commo-

480 3280 610 3352 vere
641 3297 723 3351 vel
748 3294 1024 3360 scandala,
1072 3302 1274 3362 praeter
1307 3292 1618 3346 doctrinam
1656 3300 1737 3345 est
1767 3304 1930 3358 quam
1967 3303 2063 3343 vos

482 3390 785 3455 didicistis;
839 3397 895 3443 et
941 3388 1061 3441 ideo
1087 3385 1301 3441 alienus
1343 3401 1372 3439 a
1405 3383 1558 3438 vobis
1583 3383 1676 3448 sit,
1712 3398 1813 3437 nec
1840 3382 2064 3436 omnino

482 3482 785 3552 recipiatur
828 3481 971 3534 inter
1015 3493 1111 3533 vos
1139 3478 1230 3545 qui
1263 3478 1562 3532 certamina
1598 3484 1925 3540 commovet,
1970 3474 2064 3543 qui

481 3574 617 3629 serit
637 3571 837 3642 jurgia,
872 3571 964 3640 qui
993 3570 1117 3625 lites
1140 3569 1347 3625 excitat
1367 3608 1381 3630 ,
1409 3580 1463 3622 et
1489 3569 1669 3623 studia
1699 3565 2064 3620 contentionis

481 3676 727 3720 exercet.
763 3664 864 3732 Qui
902 3665 1046 3717 enim
1096 3662 1230 3716 tales
1270 3670 1418 3726 sunt,
1470 3659 1679 3714 Christo
1709 3657 1933 3711 Domino
1971 3674 2065 3710 no-

484 3772 616 3826 stro,
644 3758 734 3828 qui
767 3766 852 3812 est
879 3771 983 3824 pax
1010 3765 1220 3818 nostra,
1249 3771 1353 3807 non
1392 3754 1651 3816 serviunt,
1686 3753 1776 3804 sed
1815 3767 1912 3804 suo
1938 3766 2065 3803 ven-

484 3854 579 3908 tri.
612 3850 716 3905 Sed
761 3858 818 3903 et
859 3847 987 3916 quid
1019 3861 1198 3900 causa!
1228 3845 1302 3899 sit
1346 3859 1452 3913 qua
1499 3843 1681 3911 iurgia
1726 3841 1778 3894 in
1809 3839 2066 3895 Ecclesiis

484 3948 841 4009 suscitantur,
870 3953 925 3999 et
951 3944 1097 4007 lites,
1127 3940 1292 3995 divini
1318 3940 1557 4010 Spiritus
1584 3939 1847 3991 instinctu
1870 3938 2064 4005 aperit.

489 4038 723 4104 Ventris,
758 4036 954 4106 inquit,
982 4034 1153 4104 gratia
1178 4049 1193 4097 ;
1217 4033 1325 4086 hoc
1359 4041 1464 4095 est,
1492 4039 1735 4099 quaestus
1767 4037 1821 4081 et
1851 4026 2059 4094 cupidi-

484 4133 637 4187 tatis.
676 4130 805 4185 lnde
830 4139 915 4184 est
949 4128 1090 4181 unde
1121 4124 1363 4180 nonnulli
1393 4125 1737 4178 circumeunt
1765 4122 1955 4176 domos
1980 4119 2064 4173 ιο-

485 4232 714 4295 quentes
739 4222 807 4276 ad
840 4221 1074 4291 gratiam
1121 4233 1245 4273 cum
1286 4215 1435 4269 omni
1475 4213 1789 4268 adulatione
1816 4222 1869 4267 et
1902 4213 2065 4267 dece-

483 4315 691 4383 ptione,
729 4328 833 4367 non
888 4310 1031 4364 utin
1067 4310 1231 4363 verbo
1279 4306 1372 4361 Dei
1419 4306 1689 4359 aediﬁcent
1731 4305 1943 4358 animas
1998 4302 2065 4356 ad

485 4407 765 4467 virtutem,
809 4401 902 4456 sed
937 4409 996 4454 ut
1028 4398 1349 4453 adulatoriis
1391 4394 1753 4465 dulcibusque
1795 4394 2065 4449 sermoni-

2166 3206 2259 3260 sed
2302 3206 2602 3276 probabilis
2649 3218 2704 3263 et
2749 3209 3196 3265 exercitatissimi
3234 3210 3452 3282 judicii,
3488 3214 3631 3268 scire
3657 3212 3746 3268 cui

2166 3300 2357 3363 verbo,
2383 3300 2540 3354 cuive
2568 3301 2717 3369 operi
2759 3300 3126 3357 obediendum
3179 3304 3268 3369 sit,
3303 3312 3358 3359 et
3387 3305 3477 3360 cui
3506 3307 3747 3363 reniten-

2166 3391 2316 3444 dum.
2347 3391 2588 3462 Denique
2616 3394 2731 3463 ipse
2780 3393 3041 3448 Dominus
3070 3395 3125 3449 in
3170 3396 3466 3467 Evangelia
3491 3399 3627 3454 dicit
3653 3399 3700 3432 ⁸⁷
3730 3418 3745 3454 :

2164 3483 2434 3536 Attendite
2477 3484 2619 3536 vobis
2663 3483 2728 3537 ab
2760 3483 2842 3538 his
2884 3487 2976 3555 qui
3016 3487 3228 3539 veniunt
3273 3488 3343 3541 ad
3377 3503 3467 3543 vos
3511 3489 3566 3544 in
3591 3490 3751 3544 vesti-

2165 3574 2352 3627 mentis
2399 3575 2595 3639 avium,
2637 3574 2783 3628 intus
2809 3585 2986 3628 autem
3035 3587 3162 3630 sunt
3214 3577 3324 3646 lupi
3373 3595 3611 3643 rapaces.
3682 3581 3751 3633 Et

2167 3660 2290 3715 ideo
2315 3660 2546 3731 vigilans
2571 3677 2765 3717 sensus
2790 3671 2844 3718 et
2869 3663 3072 3719 intenta
3104 3681 3256 3720 mens
3284 3669 3603 3738 requiritur,
3628 3685 3748 3736 quae

2165 3754 2403 3822 probare
2437 3754 2651 3808 noverit
2676 3754 2761 3809 vel
2792 3755 2911 3810 ovis
2936 3756 2989 3809 in
3014 3758 3297 3826 propatulo
3318 3759 3748 3829 simplicitatem,

2164 3846 2251 3901 vel
2295 3846 2406 3915 lupi
2462 3846 2717 3901 latentem
2769 3850 3150 3917 rapacitatem.
3216 3850 3369 3907 Unde
3415 3855 3539 3909 vide
3583 3870 3747 3923 quam

2167 3938 2400 4009 proximi
2430 3938 2670 4008 periculo
2700 3940 2810 4011 (5-1)
2851 3941 2984 3995 liaut
3019 3943 3071 3996 hi
3112 3943 3204 4012 qui
3245 3947 3492 4000 exerceri
3529 3946 3582 4000 in
3612 3947 3753 4002 divi-

2166 4031 2253 4085 nis
2302 4030 2502 4085 litteris
2550 4031 2851 4102 negliguut,
2901 4045 2970 4087 ex
3012 4034 3210 4103 quibus
3255 4034 3385 4090 solis
3436 4036 3748 4107 huiusmodi

2167 4123 2587 4178 examinationis
2635 4125 2977 4194 agnoscenda
3014 4126 3275 4181 discretio
3313 4137 3420 4183 est.
3475 4130 3750 4185 Continuo

2166 4226 2295 4283 ergo
2324 4213 2378 4266 in
2414 4212 2568 4267 brevi
2598 4215 2832 4278 speciem
2865 4215 3153 4286 proposita:
3176 4216 3544 4273 distinctionis
3565 4226 3752 4273 osten-

2168 4305 2269 4367 dit,
2306 4312 2359 4357 et
2390 4303 2524 4358 dicit
2552 4318 2567 4357 :
2596 4303 2866 4370 Quoniam
2898 4306 3119 4374 quidem
3153 4304 3329 4362 facilis
3356 4319 3411 4362 et
3445 4309 3745 4365 indiscreta

2168 4403 2255 4448 est
2280 4405 2460 4449 vestra
2505 4396 2834 4458 obedientia.
2884 4398 3117 4467 accipite
3165 4400 3294 4469 quid
3333 4415 3578 4468 servare,
3619 4401 3754 4471 quid

483 4498 591 4553 bus
634 4506 974 4564 permanere,
1014 4490 1097 4544 vel
1128 4489 1295 4543 etiam
1349 4487 1618 4558 prolicere
1647 4500 1743 4539 eas
1771 4485 2064 4539 hortentur
2097 4498 2141 4554 ι)
2165 4498 2362 4538 cavere
2394 4483 2658 4541 debeatis.

486 4590 540 4644 in
572 4586 740 4650 vitiis,
790 4584 1072 4638 laudantes
1102 4589 1155 4634 et
1192 4581 1327 4634 bona
1377 4578 1625 4632 dicentes
1673 4592 1737 4632 ea
1784 4591 1906 4647 qua:
1937 4589 2060 4629 cor-

484 4683 730 4755 reptione
756 4680 915 4749 digna
941 4685 1103 4739 sunt;
1136 4682 1384 4742 ponentes
1410 4670 1576 4725 lucem
1610 4670 1870 4735 tenebras,
1906 4679 1953 4722 et
1983 4680 2062 4722 te-

555 4803 602 4835 “
648 4801 807 4855 Rom.
837 4812 951 4857 tm,
976 4793 1065 4850 ili.
1117 4792 1164 4823 ⁸³
1196 4791 1352 4846 Rom.
1382 4806 1494 4852 xvr.
1530 4791 1721 4845 17-19.
1797 4788 1843 4822 ⁸⁸
1876 4788 2063 4843 Matth.

2191 4788 2245 4845 9.
2320 4789 2370 4822 ⁸⁸
2394 4787 2498 4845 lsa.
2527 4803 2581 4856 v,
2602 4788 2696 4844 20.

484 4873 531 4906 ⁸⁸
568 4874 729 4928 Rom.
762 4885 872 4934 xvt,
914 4866 1001 4923 19.

557 5014 673 5102 (Ξῖ)
703 5013 984 5102 Rabanus,
1008 5006 1268 5102 diaria-Lis
1288 5003 1504 5102 Regius
1536 5016 1687 5056 num.
1722 5000 1880 5067 1659,
1911 5003 2069 5058 doce-

487 5076 595 5143 tu}.
626 5076 819 5141 Castori
849 5098 979 5136 mss.
1018 5090 1074 5135 et
1099 5077 1256 5142 editi,
1284 5076 1457 5129 docet.

559 5141 672 5228 (28)
705 5156 799 5228 Sic
834 5168 967 5209 mss.
1012 5148 1158 5207 Editi
1201 5141 1334 5201 vero
1377 5154 1432 5199 et
1474 5141 1767 5210 Rabauus,
1814 5142 2070 5198 Osculum

488 5226 604 5285 vero
633 5226 810 5296 ﬁdele,
828 5233 934 5277 etc.

556 5280 668 5369 (2S5)
700 5280 913 5350 lta'ms.
942 5288 1152 5369 Regius.
1173 5303 1323 5369 nutu.
1368 5284 1507 5369 1659
1543 5294 1598 5338 et
1624 5284 1920 5369 Rabanusn
1947 5280 2067 5338 Cte-

489 5354 588 5424 teri
622 5354 751 5421 vero
778 5379 908 5418 mss.
944 5374 999 5416 et
1026 5354 1180 5422 étliti,
1208 5356 1465 5425 Nunquid
1492 5372 1593 5409 non
1617 5358 1673 5409 in
1702 5373 1807 5409 una
1839 5354 1950 5425 aede
1978 5370 2066 5425 p07

487 5423 618 5492 situs
643 5447 756 5490 erat
801 5433 974 5506 (editi,
1004 5440 1110 5506 stat
1133 5423 1359 5506 positus}
1405 5424 1755 5506 Paul-uelint;
1786 5423 2066 5506 scribens?

492 5508 691 5563 Deinde
720 5496 853 5559 mss.
883 5502 1106 5572 quidam
1133 5496 1191 5572 et
1222 5499 1376 5559 editi,
1408 5498 1567 5572 mittit
1602 5496 1879 5572 _Eccl_es_ia:_.

469 5634 472 5639 ,
559 5563 948 5649 (50)Ra_banus
973 5570 1195 5636 omittit,
1222 5575 1421 5621 nostro.
1449 5565 1649 5620 Deinde
1672 5566 1823 5627 editi,
1846 5566 1900 5617 in
1921 5563 2065 5619 omni

488 5646 604 5701 loco
634 5646 904 5713 divulgata
927 5652 1025 5696 est.
1255 5708 1266 5715 .
1396 5705 1440 5715 η
1570 5707 1583 5715 _
1797 5706 1809 5715 ,
1931 5706 1962 5715 _,
1998 5705 2009 5715 ,

563 5718 647 5786 (Et
662 5734 678 5784 i
706 5705 945 5769 In'vobis
974 5727 1095 5781 ergo
1125 5708 1352 5779 gaudeo.
1396 5705 1522 5764 llaec
1554 5707 1748 5764 desunt
1797 5706 1850 5762 in
1880 5705 2064 5772 editis,

491 5798 544 5841 et
570 5787 929 5842 restituuntur
962 5797 1026 5838 ex
1056 5797 1187 5837 mss.

2240 4575 2332 4630 56.
2384 4574 2540 4644 Volo,
2580 4578 2779 4647 inquit,
2814 4595 2903 4632 vos
2940 4579 3199 4647 sapientes
3241 4598 3354 4637 esse
3402 4584 3459 4638 in
3505 4583 3660 4647 bona,
3697 4592 3754 4638 et

2171 4668 2434 4737 simplices
2479 4669 2537 4724 in
2573 4669 2715 4724 malo
2749 4668 2817 4724 ⁸⁸.
2865 4670 3052 4725 Simile
3080 4681 3166 4726 est
3195 4672 3298 4728 hoc
3334 4673 3409 4727 illi
3435 4676 3578 4728 dicto
3605 4677 3753 4744 quod

2773 4787 2821 4821 ⁸⁸
2849 4789 2973 4845 Act.
3001 4805 3053 4857 v,
3077 4789 3169 4847 29.
3241 4792 3289 4823 ³⁷
3325 4791 3517 4847 Matth.
3544 4793 3750 4857 νιι,15.

2239 5005 2355 5076 (5‘2)
2380 5003 2475 5060 Sic
2498 5020 2601 5077 ms.
2628 5002 2828 5075 Regius
2854 5022 3006 5077 num.
3035 5005 3195 5061 1659.
3219 5006 3411 5063 Cameri
3439 5020 3569 5064 vero
3594 5023 3753 5077 mss.,

2168 5075 2431 5148 Rabanus
2461 5085 2513 5148 et
2537 5075 2692 5148 editi,
2718 5091 2879 5148 quam
2914 5076 3059 5148 Deus
3109 5080 3405 5144 repromisit
3441 5075 3752 5148 (Rabanus,

2167 5146 2547 5215 promiserat):
2576 5145 2729 5199 Beati
2763 5147 2994 5216 pacifici.
3039 5150 3292 5215 quoniam
3324 5149 3426 5215 ﬁlii
3451 5145 3549 5203 Dei
3589 5145 3751 5203 vocsé

2169 5219 2384 5276 buntur.
2415 5217 2641 5271 omissis
2668 5218 2889 5271 vocibus
2913 5218 3188 5288 dicenstet
3210 5218 3351 5285 ipsi;
3381 5234 3543 5288 quam
3567 5229 3754 5275 tamen

2168 5298 2497 5357 postremam
2528 5300 2713 5357 vocem
2747 5288 2896 5341 addit
2917 5290 3080 5343 etiam
3111 5287 3391 5343 Rabanus.

2239 5354 2350 5426 (55)
2393 5356 2486 5412 Sic
2517 5372 2618 5411 ms.
2659 5354 2859 5425 Regius
2892 5374 3040 5411 nutu.
3077 5358 3234 5415 1659.
3269 5359 3343 5413 Ita
3368 5360 3532 5414 etiam
3563 5359 3754 5415 Raba-

2168 5444 2271 5482 nus
2316 5428 2419 5481 nisi
2477 5429 2621 5496 quod
2678 5429 2731 5481 in
2784 5428 2889 5482 line
2935 5429 3155 5491 haheat,
3204 5431 3319 5493 ipsa
3366 5433 3481 5484 sola
3507 5441 3749 5484 utantur.

2167 5497 2309 5570 Editi
2337 5511 2468 5551 vero
2491 5507 2545 5570 et
2574 5514 2703 5552 mss.
2746 5497 3011 5567 plerique.
3063 5500 3138 5570 uti
3173 5515 3259 5552 eos
3295 5503 3481 5555 debere
3510 5517 3620 5570 pra:
3653 5500 3755 5554 illa

2167 5568 2348 5622 sola...
2376 5578 2430 5621 ut
2457 5568 2652 5622 relictis
2683 5569 2889 5623 caneris
2916 5570 3028 5636 ipsa
3052 5568 3318 5625 laudetur.

2241 5636 2352 5710 (51)
2382 5638 2876 5711 Aliastericulis;
2911 5639 3066 5705 alias,
3096 5639 3355 5711 periculi,-
3387 5642 3479 5698 sed
3508 5656 3604 5697 ms.
3647 5641 3755 5697 Re-

2170 5710 2289 5783 gius
2318 5708 2466 5764 num.
2504 5708 2643 5764 1659
2690 5709 2948 5775 periculo.
