4150 6398
395 375 534 431 1⁸285

1347 375 1707 431 COMMENT.
1751 375 1817 430 IN
1852 374 2072 432 EPIST.
2113 374 2204 429 AD
2241 375 2407 433 ROM.
2444 376 2568 433 LIB.
2606 376 2677 431 Χ.

3523 388 3666 446 1286

393 493 460 546 ad
481 492 791 548 Corinthios
823 492 1015 547 scribit
1041 493 1229 547 dicens
1258 508 1272 545 :
1303 492 1517 547 Malitia
1558 494 1764 562 parvuli
1790 504 1973 558 estote,
2004 501 2049 557 Α
2082 505 2248 559 nent,
2294 510 2415 559 esse
2466 497 2829 562 insipientem.
2875 496 3164 553 Sciendum
3217 516 3347 558 sane
3389 515 3473 558 est
3517 509 3661 575 quod

391 592 449 638 ut
475 584 713 638 sensibus
742 582 960 651 perfecti
981 585 1098 636 sitis
1119 582 1190 637 ⁸⁵.
1234 582 1343 638 Sed
1375 593 1429 637 et
1474 583 1603 636 illtttl
1626 585 1767 654 quod
1802 585 1977 639 Domi-

392 692 494 730 nus
526 676 638 729 ait:
676 676 817 741 Quia
853 676 955 744 ﬁlii
984 675 1167 729 saeculi
1216 674 1377 745 hujus
1427 677 1795 744 prudentiores
1852 686 1975 730 sunt

387 785 548 839 quam
571 768 669 831 ﬁlii
700 768 834 821 lucis
862 770 917 823 in
937 771 1274 839 generatione
1318 784 1413 822 sua
1448 768 1516 831 ’°,
1564 768 1688 823 huic
1722 770 1977 823 convenit

391 860 557 916 dicto.
588 860 709 914 Filii
743 861 887 916 enim
935 861 1118 916 saeculi
1150 861 1312 929 hujus
1364 860 1740 928 prudentiores
1766 868 1891 914 sunt
1921 861 1974 912 in

392 953 620 1016 malitia,
658 968 757 1022 pro
786 967 852 1007 eo
886 954 1030 1022 quod
1080 967 1296 1022 semper
1337 952 1542 1019 aliquid
1573 952 1895 1022 profundius
1920 961 1977 1007 et

392 1045 641 1099 subtilius
665 1046 944 1099 inveniant
975 1046 1027 1100 in
1062 1061 1123 1099 ea
1164 1048 1309 1101 unde
1347 1044 1467 1114 plus
1499 1057 1749 1114 noceant,
1799 1054 1854 1099 et
1884 1061 1976 1100 ve-

393 1136 699 1191 hementius
731 1137 948 1194 hedant.
996 1137 1049 1192 In
1083 1137 1228 1193 bono
1265 1150 1444 1194 autem
1491 1138 1641 1192 stulti
1690 1149 1815 1193 sunt
1842 1155 1855 1192 :
1884 1141 1974 1192 vix

392 1229 536 1281 enim
578 1229 864 1286 inveniunt
902 1230 1033 1299 quid
1084 1229 1292 1286 faciant
1316 1231 1445 1285 boni
1476 1230 1610 1302 (55).
1649 1230 1975 1285 Econtrario

390 1336 521 1377 vero
542 1320 743 1377 Paulus
767 1324 881 1377 vult
907 1338 1005 1378 nos
1027 1324 1303 1394 sapientes
1328 1336 1453 1377 esse
1485 1323 1535 1376 in
1557 1321 1720 1385 bono,
1749 1322 1851 1375 hoc
1891 1329 1977 1375 est

390 1431 608 1486 semper
634 1418 834 1486 aliquid
858 1418 978 1488 plus
999 1417 1268 1482 invenire,
1299 1417 1422 1487 plus
1441 1418 1749 1494 exquirere,
1771 1428 1824 1470 et
1847 1431 1975 1485 pro-

389 1506 610 1563 fnndius
642 1511 886 1581 cogitare
904 1509 1033 1579 quid
1062 1508 1331 1577 faciamus
1368 1510 1494 1565 boni
1522 1526 1535 1561 :
1567 1511 1640 1563 ita
1677 1516 1735 1561 ut
1756 1507 1973 1562 etiamsi

388 1596 747 1668 impediamur
798 1618 896 1674 per
924 1603 1157 1671 alicujus
1209 1603 1473 1657 malitiam
1512 1604 1580 1658 ab
1609 1618 1776 1673 opere
1806 1603 1972 1663 bono,

385 1691 551 1764 685
604 1710 734 1759 nos,
777 1696 822 1751 si
871 1697 1143 1765 sapientes
1186 1710 1406 1761 sumus,
1436 1696 1804 1765 excogitemus
1838 1693 1967 1764 (55)

386 1787 658 1854 quomodo
703 1788 747 1843 si
793 1803 929 1859 opus
960 1788 1160 1842 bonum
1211 1803 1315 1842 non
1367 1803 1682 1856 possumus,
1721 1788 1802 1842 vel
1855 1804 1971 1841 ser-

387 1895 603 1934 monem
636 1881 835 1935 bonum
887 1880 1229 1951 proferamus
1260 1899 1273 1935 :
1305 1884 1448 1951 quod
1481 1882 1523 1937 si
1560 1897 1660 1936 nec
1692 1882 1792 1936 hnc
1827 1881 1970 1946 licet,

386 1978 571 2023 votum
626 1971 815 2026 saltem
871 1972 1073 2028 bonum
1123 1983 1177 2028 et
1223 1973 1465 2027 animum
1516 1973 1970 2029 demonstremus.

388 2060 480 2115 Sic
504 2078 635 2134 ergo
670 2065 946 2135 sapientes
974 2083 1094 2124 esse
1129 2069 1387 2124 debemus
1413 2069 1464 2122 in
1500 2069 1662 2134 bono,
1700 2068 1973 2139 simplices

385 2170 517 2209 vero
550 2155 603 2210 in
650 2157 828 2222 malo,
874 2171 933 2214 ut
983 2161 1028 2214 si
1077 2160 1355 2228 pulsamur
1401 2160 1642 2223 malitia,
1694 2161 1974 2231 pulsamur

386 2244 607 2311 injuria,
639 2262 745 2302 non
789 2248 959 2303 simus
1001 2250 1182 2305 callidi
1214 2261 1264 2305 et
1298 2250 1505 2304 versuti
1555 2246 1689 2321 (56),
1725 2260 1871 2304 artes
1921 2258 1975 2304 et

388 2350 709 2403 argumenta
753 2352 1077 2409 quaerentes,
1123 2341 1321 2412 quibus
1354 2343 1584 2397 reddere
1629 2342 1828 2395 malum
1878 2359 1974 2413 pro

384 2428 550 2494 malo,
584 2440 638 2484 et
679 2433 975 2502 nequitiam
1021 2449 1121 2503 pro
1154 2434 1392 2503 nequitia
1436 2432 1749 2487 debeamus.
1782 2435 1886 2487 Sed
1922 2433 1971 2487 in

383 2521 478 2576 tali
511 2522 630 2577 loco
665 2525 980 2579 meminisse
1026 2527 1290 2581 debemus
1336 2525 1478 2581 illius
1520 2526 1805 2582 sententiae
1850 2543 1974 2594 quae

385 2612 555 2667 dicit:
588 2612 649 2667 Si
683 2615 802 2683 quis
834 2617 940 2669 vult
971 2617 1178 2685 sapiens
1216 2634 1328 2672 esse
1369 2620 1512 2685 apud
1542 2618 1743 2682 Deum,
1779 2617 1974 2672 stultus

384 2704 478 2772 fiat
509 2707 563 2759 in
613 2709 709 2761 hoc
741 2713 939 2764 mundo
959 2710 1028 2767 “.
1064 2710 1247 2768 Simus
1294 2728 1426 2783 ergo
1456 2713 1605 2768 stulti
1646 2714 1974 2784 accipientes

384 2795 641 2866 injuriam
669 2811 724 2853 et
760 2816 868 2855 non
897 2803 1203 2868 reddentes,
1230 2814 1291 2858 ut
1321 2807 1594 2876 sapientes
1629 2807 1801 2861 simus
1830 2807 1972 2877 apud

386 2896 555 2951 Deum
600 2897 689 2968 qui
733 2896 873 2951 dixit
911 2915 925 2951 :
967 2897 1096 2970 Mihi
1143 2900 1451 2963 vindictam,
1499 2916 1593 2968 ego
1637 2900 1970 2966 retribuam,

386 2989 512 3043 dicit
550 2989 802 3045 Dominus
828 2992 875 3025 θ’
908 2990 1042 3061 (57).
1092 2989 1226 3046 Nam
1271 2993 1336 3047 de
1385 2991 1568 3061 impiis
1616 3000 1670 3046 et
1713 2990 1975 3046 Jeremias

387 3080 559 3136 dicit:
592 3080 865 3150 Sapientes
908 3093 1029 3136 sunt
1076 3085 1145 3136 ad
1182 3083 1656 3152 malefaciendum;
1702 3084 1827 3137 bene
1870 3099 1971 3137 att-

2080 587 2151 641 ibi
2182 587 2259 641 ait
2283 605 2297 642 :
2324 587 2651 656 Hujusmodi
2684 590 2822 643 enim
2847 587 3061 645 Christo
3085 592 3310 648 Domino
3342 609 3520 651 nostro
3547 600 3661 668 (59)

2081 696 2185 733 non
2211 683 2480 747 serviunt;
2512 698 2616 735 non
2649 684 2795 751 quod
2828 683 2928 752 ipsi
2965 699 3023 739 se
3054 685 3413 744 profiteantur
3439 691 3664 745 Christo

2079 772 2306 827 Domino
2334 789 2442 828 non
2496 775 2741 835 servire,
2769 776 2862 829 sed
2904 777 3047 845 quod
3084 778 3456 849 discrepantes
3486 799 3514 836 a
3547 801 3665 838 ser-

2079 866 2265 922 vitutis
2295 866 2414 935 ejus
2446 868 2651 936 regula,
2683 867 2843 923 rebus
2870 870 3002 939 ipsis
3040 872 3333 927 ostendant
3363 890 3421 929 se
3442 874 3666 931 Christo

2078 959 2307 1013 Domino
2346 976 2453 1014 nou
2486 962 2712 1016 servire.
2753 960 2868 1015 Non
2913 964 3057 1017 enim
3105 966 3317 1021 videtur
3348 966 3509 1021 simul
3541 969 3665 1037 quis

2075 1058 2131 1105 et
2177 1052 2396 1107 Chrism
2446 1055 2654 1108 servire
2706 1070 2866 1122 posse
2914 1066 2968 1111 et
3013 1058 3221 1125 ventri;
3262 1074 3326 1113 ac
3371 1059 3665 1128 voluptatis

2076 1144 2284 1210 pariter
2318 1159 2531 1198 amator
2571 1160 2724 1212 esse,
2766 1157 2820 1201 et
2873 1147 3012 1215 Dei;
3056 1150 3200 1204 sicut
3253 1150 3366 1221 (40)
3408 1168 3508 1206 nec
3550 1150 3665 1207 Deo

2075 1236 2200 1305 quis
2238 1236 2402 1290 simul
2432 1238 2640 1292 servire
2671 1249 2852 1309 potest
2880 1250 2933 1294 et
2966 1256 3289 1296 mammona;
3307 1241 3372 1296 ".

2149 1329 2238 1383 57.
2278 1329 2420 1384 Deus
2453 1343 2629 1384 autem
2660 1333 2806 1399 pacis
2833 1344 3063 1387 conteret
3093 1332 3351 1388 Satanam
3378 1336 3472 1389 sub
3508 1336 3668 1404 pedes

2074 1432 2271 1478 vestros
2326 1425 2575 1479 velociter
2608 1426 2675 1484 “.
2727 1426 3003 1493 Quaeritur
3048 1430 3101 1484 in
3155 1430 3262 1485 hoc
3319 1431 3440 1485 loco
3501 1446 3666 1500 quem

2075 1515 2279 1570 dixerit
2306 1515 2562 1571 Satanam
2596 1520 2696 1573 sub
2735 1522 2899 1589 pedes
2927 1537 3116 1576 eorum
3148 1522 3346 1591 quibus
3390 1523 3602 1590 scribit,
3632 1537 3665 1576 a

2075 1607 2185 1662 Deo
2220 1611 2610 1687 conterendum
2645 1610 2922 1667 velociter.
2959 1613 3016 1668 Si
3047 1615 3193 1668 enim
3231 1617 3299 1668 ad
3332 1631 3498 1669 unam
3539 1630 3662 1684 per-

2075 1715 2262 1755 sonam
2295 1701 2580 1762 referatur,
2609 1701 2750 1756 illam
2778 1703 2988 1759 scilicet
3023 1704 3089 1758 de.
3118 1722 3221 1775 qua
3253 1710 3304 1761 in
3351 1706 3653 1779 Evangelio

2077 1792 2277 1846 dicitur
2311 1811 2325 1846 :
2364 1791 2502 1846 Ecce
2548 1794 2695 1848 video
2738 1793 2999 1850 Satanam
3038 1799 3174 1852 sicut
3225 1798 3407 1869 fulgur
3441 1800 3554 1871 (4|)
3598 1801 3666 1856 de

2079 1883 2206 1939 mlo
2251 1887 2525 1940 radentem
2549 1886 2627 1950 ’7,
2666 1889 2869 1958 quique
2914 1889 3146 1943 Satanas
3191 1891 3409 1945 humani
3448 1893 3666 1959 generis

2076 1975 2354 2030 indicatur
2387 1977 2731 2032 adversarius
2759 1978 2897 2051 (42),
2923 1979 3193 2033 videbitur
3220 1981 3429 2049 utique,
3453 1984 3497 2035 si
3532 1996 3661 2038 vere

2076 2069 2207 2122 dicit
2259 2068 2458 2125 Paulus
2505 2085 2625 2138 qua:
2677 2071 2846 2137 dicit,
2896 2072 3039 2142 quod
3093 2074 3195 2128 sub
3249 2074 3417 2142 pedes
3471 2089 3660 2130 eorum

2074 2160 2272 2230 quibus
2322 2171 2452 2217 tunc
2502 2164 2779 2219 scribebat
2834 2166 3096 2220 velociter
3145 2178 3484 2234 conteratur,
3521 2169 3662 2225 ultra

2070 2251 2182 2321 jam
2225 2270 2329 2308 non
2360 2270 2484 2309 esse
2532 2255 2765 2310 Satanas
2797 2258 2889 2326 qui
2930 2271 3131 2326 agones
3162 2266 3218 2313 et
3260 2259 3561 2313 certamina
3607 2268 3663 2314 et

2075 2347 2480 2413 persecutiones
2505 2347 2852 2402 credentibus
2877 2349 3119 2403 excitet:
3154 2349 3297 2416 quod
3329 2349 3516 2419 utique
3549 2364 3653 2402 non

2076 2440 2314 2494 admittit
2352 2440 2487 2495 fides
2517 2457 2718 2497 rerum.
2760 2442 2866 2495 Sed
2895 2441 3110 2495 videtur
3140 2441 3271 2495 mihi
3306 2441 3356 2495 in
3397 2443 3499 2495 hoc
3541 2440 3660 2495 loco

2077 2529 2337 2585 Satanam
2381 2532 2584 2587 dixisse
2625 2548 2840 2587 omnem
2882 2533 3132 2601 spiritum
3176 2532 3270 2601 qui
3316 2533 3661 2587 credentibus

2077 2625 2411 2678 adversatur.
2461 2623 2694 2679 Satanas
2725 2625 2871 2678 enim
2916 2627 2969 2679 in
3006 2625 3189 2696 lingua
3240 2634 3424 2678 nostra
3472 2623 3663 2677 aduer-

2075 2715 2251 2769 sarius
2286 2716 2698 2784 interpretatur.
2726 2716 3000 2785 Quidquid
3034 2731 3164 2788 ergo
3198 2717 3392 2770 anima:
3423 2715 3656 2769 tendenti

2076 2808 2142 2861 ad
2187 2808 2353 2863 Demn
2394 2809 2598 2864 resistit
2643 2820 2699 2864 et
2744 2810 3092 2874 adversatur,
3136 2819 3190 2865 et
3235 2807 3492 2877 quidquid
3537 2807 3657 2876 paci

2074 2898 2193 2967 ejus
2221 2899 2555 2951 contrarium
2602 2908 2707 2962 est,
2739 2898 2842 2953 hoc
2869 2900 2918 2952 ei
2966 2909 3192 2955 satanas
3235 2915 3357 2954 esse
3403 2898 3658 2952 nomina-

2078 3000 2164 3045 tur
2194 2991 2329 3062 (45).
2365 2992 2488 3046 Ideo
2519 2995 2749 3064 denique
2783 2996 3069 3063 prannisit,
3106 2997 3331 3051 dicens:
3374 2994 3515 3048 Deus
3560 3010 3660 3064 pa-

2074 3084 2151 3137 cis
2173 3125 2190 3150 ,
2227 3085 2326 3137 hoc
2351 3094 2453 3149 est,
2481 3084 2621 3138 Deus
2650 3085 2734 3138 cui
2768 3101 2872 3154 pax
2906 3087 3105 3156 placet,
3134 3097 3382 3142 conteret
3409 3106 3532 3144 eum
3561 3091 3657 3158 qui

385 3178 487 3224 tem
545 3170 719 3238 facere
790 3176 1028 3228 nesciunt
1074 3173 1141 3227 ”.
1192 3175 1273 3229 Ad
1313 3175 1417 3231 hoc
1470 3176 1688 3247 respicit
1736 3168 1793 3231 et
1841 3176 1968 3232 illud
1999 3192 2041 3249 ο
2075 3173 2382 3227 contrarius
2430 3182 2513 3227 est
2562 3174 2678 3242 paci
2724 3184 2780 3229 et
2824 3176 3195 3232 dissensiones
3237 3190 3516 3246 operatur.
3566 3179 3660 3234 Sic

384 3265 525 3331 quod
572 3264 832 3320 Dominus
881 3268 1057 3330 dixit,
1105 3268 1381 3338 simplices
1441 3269 1638 3325 debere
1694 3286 1795 3325 nos
1851 3285 1973 3326 esse

383 3360 528 3411 sicut
577 3358 892 3425 columbas,
942 3369 999 3413 et
1047 3362 1341 3429 prudentes
1388 3364 1529 3416 sic‘ut
1583 3373 1867 3432 serpentes
1898 3363 1967 3419 ³⁸.

383 3449 538 3516 Quod
573 3451 617 3506 si
654 3451 852 3521 aliquis
886 3453 1044 3508 nobis
1084 3467 1148 3508 ex
1190 3452 1499 3508 inﬁdelibus
1544 3463 1735 3523 argute
1778 3468 1973 3507 occur-

386 3555 492 3611 rat,
517 3555 569 3600 et
598 3547 743 3602 dicat
771 3562 786 3601 :
818 3548 1098 3614 Quomodo
1131 3556 1309 3619 potest
1348 3548 1489 3603 idem
1526 3549 1643 3617 ipse
1668 3556 1724 3602 et
1755 3548 1971 3619 sapiens

384 3654 505 3695 esse
532 3650 587 3695 et
626 3640 822 3695 stultus
856 3640 1009 3711 (58)?
1051 3642 1293 3697 dicemus
1337 3645 1404 3695 ad
1436 3655 1558 3694 eum
1591 3660 1603 3694 :
1638 3640 1868 3710 Respice
1903 3640 1968 3693 ad

385 3739 530 3785 artes
585 3732 722 3788 istas
766 3748 887 3802 quae
935 3735 989 3788 in
1042 3748 1140 3787 usu
1191 3734 1468 3788 hominum
1507 3734 1795 3795 habentur,
1840 3748 1975 3801 quo-

386 3825 548 3879 modo
595 3824 681 3878 ille
741 3825 866 3895 qui,
914 3826 1063 3880 verbi
1126 3841 1328 3891 causa,
1384 3820 1822 3893 sapientissimus
1882 3834 1969 3880 est

384 3917 791 3984 grammaticus,
831 3919 884 3973 in
917 3929 1033 3972 arte
1067 3918 1242 3972 fabrili
1291 3919 1774 3988 insipientissimus
1814 3917 1967 3971 inve-

386 4008 567 4074 nitur;
600 4011 684 4064 vel
719 4026 936 4065 rursum
968 4011 1410 4079 sapientissimus
1442 4013 1797 4080 gubernator,
1831 4025 1966 4080 quo-

387 4102 546 4157 modo
591 4102 644 4157 in
699 4112 815 4157 arte
860 4103 1142 4159 medicina:
1205 4102 1484 4158 invenitur
1534 4103 1817 4172 insipiens.
1874 4101 1965 4156 Sic

383 4210 511 4267 ergo
542 4196 797 4264 possibile
825 4205 911 4251 est
955 4196 1006 4251 in
1050 4196 1132 4251 his
1178 4211 1297 4266 qure
1339 4194 1403 4249 ad
1444 4193 1612 4249 Demn
1656 4194 1966 4262 pertinent,

383 4302 504 4342 esse
537 4288 871 4358 sapientem;
913 4296 968 4342 et
1002 4289 1056 4340 in
1108 4288 1192 4341 his
1235 4301 1355 4357 qua:
1393 4286 1462 4339 ad
1507 4284 1764 4340 saeculum
1798 4281 1968 4352 perti-

454 4426 500 4458 "'
530 4426 549 4481 l
583 4428 709 4484 Cor.
744 4444 855 4492 stv,
880 4428 973 4485 20.
1047 4428 1095 4459 "
1121 4426 1255 4481 an.
1287 4441 1403 4488 xvr,
1435 4425 1490 4478 8.
1550 4424 1596 4455 ἰ
1635 4423 1655 4477 1
1692 4422 1818 4477 Cor.
1848 4438 1931 4485 ιιι,
1961 4421 2049 4476 18.
2123 4422 2170 4492 ’ξ
2212 4419 2577 4492 Dént._xxxtt,
2625 4418 2714 4474 55.

2075 3265 2308 3334 denique
2352 3275 2407 3318 et
2445 3265 2496 3318 in
2535 3265 2847 3335 Regnorum
2895 3267 3050 3322 libris
3087 3268 3200 3339 (44)
3236 3270 3487 3338 legimus,
3529 3272 3659 3339 quia

2073 3355 2344 3410 suscitauit
2415 3354 2559 3409 Deus
2639 3353 2917 3410 Salomoni
2986 3356 3244 3413 Satanam
3307 3361 3450 3439 Atler
3518 3359 3660 3416 ldu—

2071 3464 2264 3502 mwum
2286 3448 2381 3502 ’δε
2431 3449 2535 3503 hoc
2590 3458 2675 3503 est
2738 3448 3013 3508 Salomoni
3062 3453 3152 3521 qui
3195 3463 3317 3507 erat
3363 3452 3656 3524 paciﬁcus,

2073 3542 2359 3597 suscitavit
2410 3540 2671 3596 Satanam
2725 3541 2815 3609 qui
2862 3553 2947 3598 est
2994 3546 3305 3601 contrarius
3359 3547 3500 3614 paci.
3547 3546 3657 3601 Sed

2073 3636 2212 3689 sicut
2248 3635 2331 3689 his
2376 3651 2513 3703 quos
2544 3634 2836 3704 Apostolus
2867 3636 3047 3698 docet,
3090 3638 3135 3691 si
3184 3638 3265 3693 sic
3295 3648 3465 3709 agant.
3513 3639 3656 3708 (45),

2075 3739 2130 3781 ct
2161 3728 2293 3782 tales
2326 3742 2384 3782 se
2415 3728 2738 3789 exhibeant,
2764 3731 2955 3797 quales
2984 3730 3101 3795 ejus
3133 3745 3317 3784 sermo
3348 3732 3657 3799 descripsit,

2076 3832 2175 3887 pro
2213 3817 2599 3871 emendatione
2630 3819 2754 3872 vita:
2784 3819 3052 3888 promittit
3082 3820 3181 3873 sub
3213 3820 3439 3889 pedibus
3466 3833 3658 3873 eorum

2074 3924 2104 3962 a
2151 3908 2259 3962 Deo
2309 3910 2457 3978 pacis
2493 3909 2750 3963 Satanam
2798 3910 3061 3964 velociter
3101 3914 3497 3965 conterendum
3528 3929 3541 3964 :
3576 3912 3651 3964 ita

2074 4000 2425 4054 nihilominus
2458 4001 2600 4056 Deus
2648 4002 2798 4070 pacis
2827 4004 2875 4056 ei
2924 4003 3014 4073 qui
3058 4018 3243 4072 pacem
3275 4004 3408 4073 ejus-
3443 4020 3551 4057 non
3600 4002 3657 4058 in

2074 4098 2239 4152 corde
2275 4113 2411 4166 puro
2439 4110 2495 4151 et
2546 4098 2875 4152 conscientia
2923 4098 3118 4151 munda
3159 4097 3489 4162 servaverit,
3535 4112 3661 4152 sus-

2073 4188 2207 4243 citat
2254 4187 2550 4251 Satanam,
2598 4189 2702 4243 hoc
2744 4197 2828 4242 est
2874 4189 3281 4253 adversarium;
3315 4198 3377 4241 ut
3420 4188 3512 4258 qui
3564 4188 3659 4243 bn-

2074 4297 2205 4336 mtm
2240 4281 2392 4350 pacis
2420 4279 2737 4351 neglexerit,
2768 4280 3239 4350 impngnationum
3263 4280 3657 4337 amaritudine:

2802 4419 2853 4452 ⁸³
2891 4418 3173 4481 ³θνθπι.ιν,
3202 4416 3296 4473 εξ.
3373 4417 3423 4450 ’δ
3459 4417 3653 4474 Malm.

384 4511 443 4559 x,
475 4498 561 4552 16.
636 4498 683 4531 ⁸⁸
723 4489 918 4557 Matth.
947 4515 1019 4567 vt,
1054 4498 1143 4553 24.
1222 4497 1270 4529 ⁸⁸
1308 4495 1472 4551 Rom.
1502 4510 1614 4557 xw,
1644 4493 1736 4547 20.
1779 4493 1825 4525 ⁸⁷
1864 4492 1972 4547 an

2075 4531 2085 4557 ,
2113 4491 2201 4546 16.
2278 4491 2326 4523 ⁸⁸
2364 4490 2432 4546 lll
2464 4491 2598 4561 Reg.
2626 4507 2702 4556 χι,
2737 4489 2827 4546 14.

458 4610 569 4681 (55)
599 4612 688 4667 Sic
718 4628 909 4668 omnes
945 4630 1080 4668 mss.
1111 4622 1166 4668 et
1191 4612 1344 4667 editi.
1384 4611 1643 4681 “abantis
1674 4621 1829 4681 vero,
1877 4607 1963 4681 uia;
1996 4611 2039 4665 D

385 4683 523 4753 enim
550 4676 813 4738 inveniunt
843 4684 981 4737 unde
1006 4685 1288 4753 proﬁciant
1320 4684 1375 4735 in
1409 4680 1563 4732 bono.
1603 4678 1806 4733 Deinde
1830 4676 1964 4731 editi

387 4751 649 4805 omittunt
680 4766 801 4804 vero
827 4764 950 4817 post
969 4751 1289 4808 econtrario.

458 4821 604 4896 (δὸτι)
648 4819 811 4880 Ειίἰιίς
843 4821 919 4873 εἰσ
959 4823 1078 4891 (aL,
1108 4824 1235 4896 sed)
1267 4838 1361 4876 nos
1396 4819 1654 4891 sapientes
1690 4817 1884 4883 simus,
1917 4824 1966 4869 et

386 4893 761 4958 excogitemus,
788 4899 898 4944 etc.

461 4954 573 5033 (56)
593 4962 880 5033 Sicomnes
894 4974 1022 5015 mss.
1041 4966 1240 5019 nosui.
1257 4963 1332 5016 Ita
1346 4964 1508 5019 etiam
1521 4959 1686 5024 editi,
1706 4957 1807 5033 nisi
1826 4954 1969 5026 quod

387 5030 649 5097 habeant,
681 5047 785 5085 non
815 5030 979 5085 simus
1021 5033 1227 5095 callidi,
1267 5049 1370 5086 non
1409 5036 1574 5086 simus
1607 5030 1822 5091 versuti,
1857 5037 1965 5081 etc.

388 5102 645 5157 Rabanus
676 5115 823 5167 vero,
856 5117 960 5155 non
993 5103 1157 5156 simus
1184 5103 1389 5171 callidi,
1419 5113 1467 5157 et
1493 5109 1809 5173 peruersum:
1837 5100 1969 5151 artis

390 5181 703 5243 argumenta
729 5184 1040 5243 quaerentes,
1065 5182 1173 5243 etc.

461 5236 573 5314 (3'2)
618 5236 754 5314 Dicit
803 5241 1076 5314 Dominus.
1119 5242 1246 5296 Haec
1290 5242 1488 5298 desunt
1517 5244 1570 5298 in
1618 5239 1780 5314 editis
1818 5248 1871 5291 et
1905 5236 1959 5289 in

389 5309 495 5369 ms.
524 5309 689 5382 Regio
725 5326 874 5366 num.
901 5309 1062 5378 1659,
1105 5314 1200 5367 sed
1240 5322 1461 5369 exstant
1490 5315 1546 5368 in
1585 5310 1800 5367 caeteris
1829 5322 1962 5363 mss.

389 5396 445 5440 et
474 5381 624 5451 apud
648 5381 950 5437 Rabanum.

484 5454 576 5522 58)
621 5453 783 5518 Editi,
810 5453 948 5505 idem
978 5468 1087 5506 esse
1117 5452 1326 5522 sapiens
1361 5463 1411 5507 et
1439 5452 1653 5508 stultus.

363 5500 378 5543 δ
802 5500 1653 5594 iis?'sLEtEJtEEZE'in'M;"iiii;
1683 5521 1753 5576 ad
1790 5538 1964 5594 saccus

390 5592 501 5648 lum
540 5592 820 5663 pertinent.
850 5594 1206 5659 insipientem.
1236 5592 1684 5663 Sciendum'sane
1717 5604 1791 5645 est
1824 5592 1964 5661 quod

391 5666 481 5719 ubi
513 5661 583 5718 ait
611 5677 629 5713 :
661 5661 983 5733 Hujusmodi
1023 5664 1158 5717 enim
1193 5681 1297 5717 non
1335 5668 1568 5718 serviunt
1611 5662 1820 5717 Christo
1852 5664 1961 5716 Do—

392 5738 762 5789 mino°nostro.
795 5734 898 5787 Sed
929 5749 1118 5787 omnes
1151 5749 1279 5789 mss.
1310 5734 1502 5801 nostri,
1530 5743 1583 5788 et
1623 5734 1878 5787 Rabanus
1910 5740 1969 5786 ut

394 5809 448 5858 in
483 5814 655 5868 te-xtu,
684 5803 783 5856 nisi
818 5805 961 5869 quod
988 5804 1204 5871 quidam
1237 5804 1476 5860 habeant
1505 5805 1713 5870 itidem,
1739 5805 1827 5857 ubi
1858 5805 1962 5868 ait,

394 5884 448 5929 et
480 5874 734 5930 amittant
759 5882 937 5929 nostra
966 5884 1086 5941 post
1119 5875 1366 5929 Domino.

2141 4603 2251 4677 (40)
2292 4603 2469 4677 Sicut.
2492 4603 2780 4677 Omittitur
2805 4604 2860 4659 in
2893 4600 3150 4659 omnibus
3178 4602 3361 4656 editis.
3390 4599 3520 4656 Mss.
3549 4600 3658 4657 lle-

2076 4675 2199 4746 gius
2229 4675 2380 4746 num.
2408 4675 2569 4746 1659.
2597 4676 2665 4729 si.

2148 4746 2260 4816 (il)
2304 4744 2455 4800 Sicut
2491 4745 2692 4814 fulgur.
2715 4744 2841 4800 "me
2863 4744 2969 4816 duo
2996 4744 3159 4816 verba
3184 4742 3381 4795 desunt
3409 4740 3463 4794 in
3487 4740 3659 4797 editis

2075 4827 2129 4871 et
2159 4813 2527 4870 restituuntur
2556 4831 2628 4869 ex
2662 4832 2791 4870 mss.
2819 4825 2873 4869 et
2905 4813 3155 4868 Rabano.

2152 4885 2398 4959 (42)Sic
2447 4901 2579 4940 mss.
2635 4886 2877 4959 plerique
2924 4884 3024 4938 Ms.
3067 4897 3195 4959 vero
3243 4881 3449 4959 Regius
3482 4896 3653 4959 _nnm.

2078 4949 2506 5020 1639,'humano
2551 4949 2725 5026 generi
2757 4949 3030 5008 indicatur
3067 4951 3359 5026 adversari.
3398 4949 3659 5006 Babanus

2077 5036 2133 5082 et.
2161 5027 2316 5091 editi,
2345 5023 2577 5081 humano
2602 5028 2781 5096 generi
2816 5026 3086 5079 indicatur
3111 5023 3385 5077 adversus.

2149 5098 2263 5168 (45)
2299 5097 2464 5168 [Editi,
2492 5106 2950 5168 commemoratur.

2152 5162 2268 5241 (4i)
2308 5166 2483 5241 Editi,
2517 5168 2572 5220 in
2595 5165 2905 5241 ﬁegnorum
2936 5163 3091 5241 libro.
3126 5162 3330 5217 Deinde
3364 5175 3498 5241 mss.
3536 5162 3655 5231 ple-

2072 5231 2322 5310 riq‘ue'et
2354 5231 2521 5310 editi,
2586 5231 2844 5310 Satanam
2890 5237 3150 5310 adversus
3192 5249 3332 5287 eum.
3373 5231 3650 5310 Rabanus,

2073 5302 2334 5367 Satanam
2367 5309 2436 5360 ad
2488 5306 2833 5360 deridendum
2871 5322 3009 5358 eum.
3046 5304 3153 5359 Sed
3195 5314 3344 5357 recte
3393 5319 3494 5356 ms.
3542 5302 3651 5355 lie-

2070 5384 2194 5452 gius
2228 5397 2379 5433 num.
2407 5378 2549 5431 1659
2578 5387 2634 5429 ut
2670 5380 2724 5428 in
2768 5386 2942 5430 textu.

2143 5451 2257 5524 (45)
2297 5449 2465 5512 Editi,
2502 5448 2607 5524 Sed
2634 5446 2784 5524 sicut
2816 5446 2897 5499 his
2928 5441 3447 5524 ιιιιοιιιις-ίξροειοζιιε⁸
3475 5442 3653 5524 docet,

2068 5524 2116 5577 si
2149 5510 2333 5591 agant,
2361 5510 2466 5573 etc.
2511 5517 2604 5591 Ms.
2634 5515 2837 5586 Regius
2872 5510 3221 5591 humi-1659;,
3263 5513 3372 5569 Sed
3402 5514 3535 5564 sicut
3569 5510 3655 5591 his

2072 5584 2378 5661 Apostolus,
2421 5592 2468 5642 si
2483 5589 2586 5661 fita
2628 5584 2819 5655 agant,
2854 5597 2974 5661 etc.
3014 5584 3212 5661 (ἴσαμεῐί
3258 5590 3657 5661 vero-russam

2076 5653 2431 5717 Rabanus‘ut
2478 5660 2531 5712 in
2574 5653 2762 5718 textu,
2810 5658 2914 5711 nisi
2958 5658 3103 5726 quod
3134 5671 3274 5709 unus
3318 5653 3540 5726 omittat
3578 5653 3656 5726 ita

2075 5733 2163 5787 vel
2203 5735 2311 5799 sic;
2342 5741 2397 5788 et
2442 5728 2699 5785 Babauus
2732 5723 3047 5793 habeatﬁsi
3079 5736 3321 5797 satagant
3365 5739 3463 5796 pro
3499 5723 3545 5777 si
3579 5724 3658 5775 sic

2076 5818 2259 5875 agunt.
