  <div class='ocr_page' id='page_1' title='image "/cluster/home/n/w/nwhite01/storage/ocr_20150623/14:no.4/coo.31924054872928/655.png"; bbox 0 0 4150 6398; ppageno 0'>
   <div class='ocr_carea' id='block_1_1' title="bbox 484 322 627 377">
    <p class='ocr_par' dir='ltr' id='par_1_1' title="bbox 484 322 627 377">
     <span class='ocr_line' id='line_1_1' title="bbox 484 322 627 377; baseline -0.014 0"><span class='ocrx_word' id='word_1_1' title='bbox 484 322 627 377; x_wconf 63' lang='lat'><strong>1387</strong></span> 
     </span>
    </p>
   </div>
   <div class='ocr_carea' id='block_1_2' title="bbox 1913 320 2246 375">
    <p class='ocr_par' dir='ltr' id='par_1_2' title="bbox 1913 320 2246 375">
     <span class='ocr_line' id='line_1_2' title="bbox 1913 320 2246 375; baseline -0.006 0"><span class='ocrx_word' id='word_1_2' title='bbox 1913 320 2246 375; x_wconf 64' lang='lat' dir='ltr'><strong>OlileMS</strong></span> 
     </span>
    </p>
   </div>
   <div class='ocr_carea' id='block_1_3' title="bbox 3614 321 3755 377">
    <p class='ocr_par' dir='ltr' id='par_1_3' title="bbox 3614 321 3755 377">
     <span class='ocr_line' id='line_1_3' title="bbox 3614 321 3755 377; baseline 0.021 -3"><span class='ocrx_word' id='word_1_3' title='bbox 3614 321 3635 374; x_wconf 76' lang='grc'><strong>1</strong></span> <span class='ocrx_word' id='word_1_4' title='bbox 3648 322 3755 377; x_wconf 67' lang='lat' dir='ltr'><strong>i288</strong></span> 
     </span>
    </p>
   </div>
   <div class='ocr_carea' id='block_1_4' title="bbox 486 436 3757 513">
    <p class='ocr_par' dir='ltr' id='par_1_4' title="bbox 486 436 3757 513">
     <span class='ocr_line' id='line_1_4' title="bbox 486 436 3757 513; baseline 0 -17"><span class='ocrx_word' id='word_1_5' title='bbox 486 440 749 513; x_wconf 84' lang='lat' dir='ltr'><strong>perferat,</strong></span> <span class='ocrx_word' id='word_1_6' title='bbox 775 448 829 495; x_wconf 89' lang='lat' dir='ltr'><strong>et</strong></span> <span class='ocrx_word' id='word_1_7' title='bbox 860 440 930 494; x_wconf 87' lang='lat' dir='ltr'><strong>ita</strong></span> <span class='ocrx_word' id='word_1_8' title='bbox 974 440 1189 494; x_wconf 91' lang='lat' dir='ltr'><strong>demum</strong></span> <span class='ocrx_word' id='word_1_9' title='bbox 1223 437 1375 510; x_wconf 83' lang='lat' dir='ltr'><strong>pacis</strong></span> <span class='ocrx_word' id='word_1_10' title='bbox 1400 454 1562 509; x_wconf 90' lang='lat' dir='ltr'><strong>quam</strong></span> <span class='ocrx_word' id='word_1_11' title='bbox 1611 440 1919 504; x_wconf 74' lang='lat' dir='ltr'><strong>temeravit,</strong></span> <span class='ocrx_word' id='word_1_12' title='bbox 1948 440 2066 495; x_wconf 80' lang='lat' dir='ltr'><strong>dnl-</strong></span> <span class='ocrx_word' id='word_1_13' title='bbox 2092 450 2141 506; x_wconf 66' lang='grc' dir='ltr'><strong>Α</strong></span> <span class='ocrx_word' id='word_1_14' title='bbox 2172 440 2446 494; x_wconf 87' lang='lat' dir='ltr'><strong>motbemn</strong></span> <span class='ocrx_word' id='word_1_15' title='bbox 2493 436 2797 507; x_wconf 77' lang='lat' dir='ltr'><strong>adiutorem</strong></span> <span class='ocrx_word' id='word_1_16' title='bbox 2845 452 3005 493; x_wconf 89' lang='lat' dir='ltr'><strong>suum</strong></span> <span class='ocrx_word' id='word_1_17' title='bbox 3053 438 3220 506; x_wconf 83' lang='lat' dir='ltr'><strong>dicit,</strong></span> <span class='ocrx_word' id='word_1_18' title='bbox 3258 449 3314 494; x_wconf 91' lang='lat' dir='ltr'><strong>et</strong></span> <span class='ocrx_word' id='word_1_19' title='bbox 3356 454 3548 495; x_wconf 87' lang='lat' dir='ltr'><strong>omnes</strong></span> <span class='ocrx_word' id='word_1_20' title='bbox 3593 441 3757 496; x_wconf 82' lang='lat' dir='ltr'><strong>simul</strong></span> 
     </span>
    </p>
   </div>
   <div class='ocr_carea' id='block_1_5' title="bbox 487 530 2063 603">
    <p class='ocr_par' dir='ltr' id='par_1_5' title="bbox 487 530 2063 603">
     <span class='ocr_line' id='line_1_5' title="bbox 487 530 2063 603; baseline -0.003 -13"><span class='ocrx_word' id='word_1_21' title='bbox 487 536 731 590; x_wconf 89' lang='lat' dir='ltr'><strong>cedinem</strong></span> <span class='ocrx_word' id='word_1_22' title='bbox 784 533 837 586; x_wconf 93' lang='lat' dir='ltr'><strong>in</strong></span> <span class='ocrx_word' id='word_1_23' title='bbox 884 533 1283 603; x_wconf 83' lang='lat' dir='ltr'><strong>Oppugnatioue</strong></span> <span class='ocrx_word' id='word_1_24' title='bbox 1336 530 1546 601; x_wconf 90' lang='lat' dir='ltr'><strong>positus</strong></span> <span class='ocrx_word' id='word_1_25' title='bbox 1596 532 1938 587; x_wconf 76' lang='lat' dir='ltr'><strong>recordetur.</strong></span> <span class='ocrx_word' id='word_1_26' title='bbox 1986 532 2063 586; x_wconf 81' lang='lat' dir='ltr'><strong>Ex</strong></span> 
     </span>
    </p>
   </div>
   <div class='ocr_carea' id='block_1_6' title="bbox 483 623 2062 696">
    <p class='ocr_par' dir='ltr' id='par_1_6' title="bbox 483 623 2062 696">
     <span class='ocr_line' id='line_1_6' title="bbox 483 623 2062 696; baseline -0.001 -16"><span class='ocrx_word' id='word_1_27' title='bbox 483 636 716 696; x_wconf 89' lang='lat' dir='ltr'><strong>utroque</strong></span> <span class='ocrx_word' id='word_1_28' title='bbox 756 626 921 695; x_wconf 93' lang='lat' dir='ltr'><strong>igitur</strong></span> <span class='ocrx_word' id='word_1_29' title='bbox 966 625 1296 678; x_wconf 76' lang='lat' dir='ltr'><strong>:ediﬁccmur</strong></span> <span class='ocrx_word' id='word_1_30' title='bbox 1337 623 1638 694; x_wconf 67' lang='lat' dir='ltr'><strong>Scriptura:</strong></span> <span class='ocrx_word' id='word_1_31' title='bbox 1673 624 1870 679; x_wconf 69' lang='lat' dir='ltr'><strong>divina:</strong></span> <span class='ocrx_word' id='word_1_32' title='bbox 1920 624 2062 689; x_wconf 89' lang='lat' dir='ltr'><strong>loco,</strong></span> 
     </span>
    </p>
   </div>
   <div class='ocr_carea' id='block_1_7' title="bbox 481 717 2062 790">
    <p class='ocr_par' dir='ltr' id='par_1_7' title="bbox 481 717 2062 790">
     <span class='ocr_line' id='line_1_7' title="bbox 481 717 2062 790; baseline 0.001 -18"><span class='ocrx_word' id='word_1_33' title='bbox 481 735 591 790; x_wconf 89' lang='lat' dir='ltr'><strong>quo</strong></span> <span class='ocrx_word' id='word_1_34' title='bbox 635 720 718 774; x_wconf 86' lang='lat' dir='ltr'><strong>vel</strong></span> <span class='ocrx_word' id='word_1_35' title='bbox 771 720 1041 775; x_wconf 83' lang='lat' dir='ltr'><strong>suscitare</strong></span> <span class='ocrx_word' id='word_1_36' title='bbox 1084 717 1197 788; x_wconf 76' lang='grc'><strong>(46)</strong></span> <span class='ocrx_word' id='word_1_37' title='bbox 1240 720 1379 774; x_wconf 88' lang='lat' dir='ltr'><strong>Deus</strong></span> <span class='ocrx_word' id='word_1_38' title='bbox 1422 718 1687 774; x_wconf 85' lang='lat' dir='ltr'><strong>Satanam</strong></span> <span class='ocrx_word' id='word_1_39' title='bbox 1719 719 1921 774; x_wconf 86' lang='lat' dir='ltr'><strong>dicitur</strong></span> <span class='ocrx_word' id='word_1_40' title='bbox 1966 734 2062 773; x_wconf 88' lang='lat' dir='ltr'><strong>ne-</strong></span> 
     </span>
    </p>
   </div>
   <div class='ocr_carea' id='block_1_8' title="bbox 482 811 2065 881">
    <p class='ocr_par' dir='ltr' id='par_1_8' title="bbox 482 811 2065 881">
     <span class='ocr_line' id='line_1_8' title="bbox 482 811 2065 881; baseline 0.001 -17"><span class='ocrx_word' id='word_1_41' title='bbox 482 812 832 881; x_wconf 78' lang='lat' dir='ltr'><strong>gligentibus,</strong></span> <span class='ocrx_word' id='word_1_42' title='bbox 865 812 949 866; x_wconf 92' lang='lat' dir='ltr'><strong>vel</strong></span> <span class='ocrx_word' id='word_1_43' title='bbox 990 821 1277 866; x_wconf 86' lang='lat' dir='ltr'><strong>conterere</strong></span> <span class='ocrx_word' id='word_1_44' title='bbox 1308 827 1372 865; x_wconf 88' lang='lat' dir='ltr'><strong>ae</strong></span> <span class='ocrx_word' id='word_1_45' title='bbox 1404 812 1635 867; x_wconf 81' lang='lat' dir='ltr'><strong>subdere</strong></span> <span class='ocrx_word' id='word_1_46' title='bbox 1684 811 1971 878; x_wconf 86' lang='lat' dir='ltr'><strong>studiosis,</strong></span> <span class='ocrx_word' id='word_1_47' title='bbox 2006 822 2065 866; x_wconf 92' lang='lat' dir='ltr'><strong>ut</strong></span> 
     </span>
    </p>
   </div>
   <div class='ocr_carea' id='block_1_9' title="bbox 482 903 2067 973">
    <p class='ocr_par' dir='ltr' id='par_1_9' title="bbox 482 903 2067 973">
     <span class='ocr_line' id='line_1_9' title="bbox 482 903 2067 973; baseline -0.002 -14"><span class='ocrx_word' id='word_1_48' title='bbox 482 904 604 959; x_wconf 88' lang='lat' dir='ltr'><strong>illos</strong></span> <span class='ocrx_word' id='word_1_49' title='bbox 639 904 705 957; x_wconf 88' lang='lat' dir='ltr'><strong>ad</strong></span> <span class='ocrx_word' id='word_1_50' title='bbox 741 918 942 973; x_wconf 79' lang='lat' dir='ltr'><strong>agones</strong></span> <span class='ocrx_word' id='word_1_51' title='bbox 986 903 1245 967; x_wconf 89' lang='lat' dir='ltr'><strong>concitet,</strong></span> <span class='ocrx_word' id='word_1_52' title='bbox 1283 908 1403 958; x_wconf 85' lang='lat' dir='ltr'><strong>lSliS</strong></span> <span class='ocrx_word' id='word_1_53' title='bbox 1448 905 1515 959; x_wconf 87' lang='lat' dir='ltr'><strong>de</strong></span> <span class='ocrx_word' id='word_1_54' title='bbox 1549 913 1829 972; x_wconf 87' lang='lat' dir='ltr'><strong>prostrato</strong></span> <span class='ocrx_word' id='word_1_55' title='bbox 1875 905 2067 957; x_wconf 87' lang='lat' dir='ltr'><strong>adver-</strong></span> 
     </span>
    </p>
   </div>
   <div class='ocr_carea' id='block_1_10' title="bbox 482 982 2066 1063">
    <p class='ocr_par' dir='ltr' id='par_1_10' title="bbox 482 982 2066 1063">
     <span class='ocr_line' id='line_1_10' title="bbox 482 982 2066 1063; baseline -0.001 -14"><span class='ocrx_word' id='word_1_56' title='bbox 482 994 629 1049; x_wconf 85' lang='lat' dir='ltr'><strong>sario</strong></span> <span class='ocrx_word' id='word_1_57' title='bbox 675 982 910 1063; x_wconf 82' lang='lat' dir='ltr'><strong>palmam</strong></span> <span class='ocrx_word' id='word_1_58' title='bbox 948 992 1191 1047; x_wconf 74' lang='lat' dir='ltr'><strong>victoria:</strong></span> <span class='ocrx_word' id='word_1_59' title='bbox 1229 994 1466 1058; x_wconf 88' lang='lat' dir='ltr'><strong>trilmat,</strong></span> <span class='ocrx_word' id='word_1_60' title='bbox 1502 1003 1558 1048; x_wconf 87' lang='lat' dir='ltr'><strong>et</strong></span> <span class='ocrx_word' id='word_1_61' title='bbox 1593 994 1808 1049; x_wconf 88' lang='lat' dir='ltr'><strong>virtutis</strong></span> <span class='ocrx_word' id='word_1_62' title='bbox 1844 996 2066 1062; x_wconf 68' lang='lat' dir='ltr'><strong>praemia</strong></span> 
     </span>
    </p>
   </div>
   <div class='ocr_carea' id='block_1_11' title="bbox 482 1083 2066 1154">
    <p class='ocr_par' dir='ltr' id='par_1_11' title="bbox 482 1083 2066 1154">
     <span class='ocr_line' id='line_1_11' title="bbox 482 1083 2066 1154; baseline 0.001 -17"><span class='ocrx_word' id='word_1_63' title='bbox 482 1084 769 1154; x_wconf 79' lang='lat' dir='ltr'><strong>largiatur.</strong></span> <span class='ocrx_word' id='word_1_64' title='bbox 818 1085 1120 1139; x_wconf 84' lang='lat' dir='ltr'><strong>Possumus</strong></span> <span class='ocrx_word' id='word_1_65' title='bbox 1177 1092 1356 1139; x_wconf 88' lang='lat' dir='ltr'><strong>autem</strong></span> <span class='ocrx_word' id='word_1_66' title='bbox 1410 1083 1522 1154; x_wconf 68' lang='lat'>(47)</span> <span class='ocrx_word' id='word_1_67' title='bbox 1566 1096 1622 1138; x_wconf 90' lang='lat' dir='ltr'><strong>et</strong></span> <span class='ocrx_word' id='word_1_68' title='bbox 1668 1100 1764 1153; x_wconf 88' lang='lat' dir='ltr'><strong>per</strong></span> <span class='ocrx_word' id='word_1_69' title='bbox 1822 1085 2066 1154; x_wconf 85' lang='lat' dir='ltr'><strong>singulos</strong></span> 
     </span>
    </p>
   </div>
   <div class='ocr_carea' id='block_1_12' title="bbox 481 1176 2065 1247">
    <p class='ocr_par' dir='ltr' id='par_1_12' title="bbox 481 1176 2065 1247">
     <span class='ocr_line' id='line_1_12' title="bbox 481 1176 2065 1247; baseline 0.001 -18"><span class='ocrx_word' id='word_1_70' title='bbox 481 1191 725 1245; x_wconf 86' lang='lat' dir='ltr'><strong>quosque</strong></span> <span class='ocrx_word' id='word_1_71' title='bbox 763 1192 989 1247; x_wconf 84' lang='lat' dir='ltr'><strong>agones,</strong></span> <span class='ocrx_word' id='word_1_72' title='bbox 1030 1177 1075 1231; x_wconf 91' lang='lat' dir='ltr'><strong>si</strong></span> <span class='ocrx_word' id='word_1_73' title='bbox 1112 1176 1353 1246; x_wconf 84' lang='lat' dir='ltr'><strong>legitime</strong></span> <span class='ocrx_word' id='word_1_74' title='bbox 1382 1187 1679 1241; x_wconf 87' lang='lat' dir='ltr'><strong>certemus,</strong></span> <span class='ocrx_word' id='word_1_75' title='bbox 1714 1178 1895 1232; x_wconf 79' lang='lat' dir='ltr'><strong>dicere</strong></span> <span class='ocrx_word' id='word_1_76' title='bbox 1936 1178 2065 1247; x_wconf 87' lang='lat' dir='ltr'><strong>quia</strong></span> 
     </span>
    </p>
   </div>
   <div class='ocr_carea' id='block_1_13' title="bbox 483 1270 2066 1338">
    <p class='ocr_par' dir='ltr' id='par_1_13' title="bbox 483 1270 2066 1338">
     <span class='ocr_line' id='line_1_13' title="bbox 483 1270 2066 1338; baseline 0 -14"><span class='ocrx_word' id='word_1_77' title='bbox 483 1271 624 1324; x_wconf 88' lang='lat' dir='ltr'><strong>Deus</strong></span> <span class='ocrx_word' id='word_1_78' title='bbox 663 1279 911 1324; x_wconf 89' lang='lat' dir='ltr'><strong>conteret</strong></span> <span class='ocrx_word' id='word_1_79' title='bbox 957 1270 1219 1324; x_wconf 79' lang='lat' dir='ltr'><strong>Satanam</strong></span> <span class='ocrx_word' id='word_1_80' title='bbox 1271 1273 1371 1325; x_wconf 85' lang='lat' dir='ltr'><strong>sub</strong></span> <span class='ocrx_word' id='word_1_81' title='bbox 1412 1273 1573 1338; x_wconf 85' lang='lat' dir='ltr'><strong>pedes</strong></span> <span class='ocrx_word' id='word_1_82' title='bbox 1613 1281 1833 1324; x_wconf 87' lang='lat' dir='ltr'><strong>nostros</strong></span> <span class='ocrx_word' id='word_1_83' title='bbox 1866 1270 2066 1324; x_wconf 80' lang='lat' dir='ltr'><strong>veloci-</strong></span> 
     </span>
    </p>
   </div>
   <div class='ocr_carea' id='block_1_14' title="bbox 483 1361 2066 1430">
    <p class='ocr_par' dir='ltr' id='par_1_14' title="bbox 483 1361 2066 1430">
     <span class='ocr_line' id='line_1_14' title="bbox 483 1361 2066 1430; baseline 0.001 -16"><span class='ocrx_word' id='word_1_84' title='bbox 483 1370 588 1416; x_wconf 87' lang='lat' dir='ltr'><strong>ter.</strong></span> <span class='ocrx_word' id='word_1_85' title='bbox 617 1361 779 1416; x_wconf 79' lang='lat' dir='ltr'><strong>Verbi</strong></span> <span class='ocrx_word' id='word_1_86' title='bbox 810 1378 998 1424; x_wconf 80' lang='lat' dir='ltr'><strong>causa,</strong></span> <span class='ocrx_word' id='word_1_87' title='bbox 1041 1363 1085 1414; x_wconf 92' lang='lat' dir='ltr'><strong>si</strong></span> <span class='ocrx_word' id='word_1_88' title='bbox 1118 1363 1239 1429; x_wconf 87' lang='lat' dir='ltr'><strong>quis</strong></span> <span class='ocrx_word' id='word_1_89' title='bbox 1285 1377 1512 1430; x_wconf 82' lang='lat' dir='ltr'><strong>agonem</strong></span> <span class='ocrx_word' id='word_1_90' title='bbox 1554 1362 1857 1430; x_wconf 79' lang='lat' dir='ltr'><strong>susceperit</strong></span> <span class='ocrx_word' id='word_1_91' title='bbox 1900 1362 2066 1416; x_wconf 86' lang='lat' dir='ltr'><strong>casti-</strong></span> 
     </span>
    </p>
   </div>
   <div class='ocr_carea' id='block_1_15' title="bbox 485 1455 2065 1528">
    <p class='ocr_par' dir='ltr' id='par_1_15' title="bbox 485 1455 2065 1528">
     <span class='ocr_line' id='line_1_15' title="bbox 485 1455 2065 1528; baseline -0.001 -18"><span class='ocrx_word' id='word_1_92' title='bbox 485 1458 632 1519; x_wconf 76' lang='lat' dir='ltr'><strong>tatis,</strong></span> <span class='ocrx_word' id='word_1_93' title='bbox 678 1456 722 1510; x_wconf 92' lang='lat' dir='ltr'><strong>si</strong></span> <span class='ocrx_word' id='word_1_94' title='bbox 767 1470 939 1524; x_wconf 89' lang='lat' dir='ltr'><strong>usque</strong></span> <span class='ocrx_word' id='word_1_95' title='bbox 991 1455 1059 1508; x_wconf 89' lang='lat' dir='ltr'><strong>ad</strong></span> <span class='ocrx_word' id='word_1_96' title='bbox 1101 1455 1260 1508; x_wconf 89' lang='lat' dir='ltr'><strong>ﬁnetn</strong></span> <span class='ocrx_word' id='word_1_97' title='bbox 1318 1456 1665 1509; x_wconf 88' lang='lat' dir='ltr'><strong>itnmaculata</strong></span> <span class='ocrx_word' id='word_1_98' title='bbox 1715 1455 1884 1528; x_wconf 76' lang='lat'><strong>686</strong></span> <span class='ocrx_word' id='word_1_99' title='bbox 1932 1471 2065 1511; x_wconf 89' lang='lat' dir='ltr'><strong>con-</strong></span> 
     </span>
    </p>
   </div>
   <div class='ocr_carea' id='block_1_16' title="bbox 483 1546 2063 1617">
    <p class='ocr_par' dir='ltr' id='par_1_16' title="bbox 483 1546 2063 1617">
     <span class='ocr_line' id='line_1_16' title="bbox 483 1546 2063 1617; baseline -0.003 -14"><span class='ocrx_word' id='word_1_100' title='bbox 483 1548 710 1603; x_wconf 88' lang='lat' dir='ltr'><strong>scientia</strong></span> <span class='ocrx_word' id='word_1_101' title='bbox 741 1546 1069 1616; x_wconf 72' lang='lat' dir='ltr'><strong>perdurarit,</strong></span> <span class='ocrx_word' id='word_1_102' title='bbox 1099 1547 1205 1600; x_wconf 88' lang='lat' dir='ltr'><strong>dici</strong></span> <span class='ocrx_word' id='word_1_103' title='bbox 1237 1548 1301 1599; x_wconf 91' lang='lat' dir='ltr'><strong>de</strong></span> <span class='ocrx_word' id='word_1_104' title='bbox 1324 1562 1390 1601; x_wconf 88' lang='lat' dir='ltr'><strong>eo</strong></span> <span class='ocrx_word' id='word_1_105' title='bbox 1419 1556 1598 1615; x_wconf 85' lang='lat' dir='ltr'><strong>potest</strong></span> <span class='ocrx_word' id='word_1_106' title='bbox 1623 1547 1750 1615; x_wconf 89' lang='lat' dir='ltr'><strong>quia</strong></span> <span class='ocrx_word' id='word_1_107' title='bbox 1785 1547 1925 1600; x_wconf 85' lang='lat' dir='ltr'><strong>Deus</strong></span> <span class='ocrx_word' id='word_1_108' title='bbox 1950 1546 2063 1617; x_wconf 68' lang='grc'><strong>(48)</strong></span> 
     </span>
    </p>
   </div>
   <div class='ocr_carea' id='block_1_17' title="bbox 482 1638 2066 1708">
    <p class='ocr_par' dir='ltr' id='par_1_17' title="bbox 482 1638 2066 1708">
     <span class='ocr_line' id='line_1_17' title="bbox 482 1638 2066 1708; baseline -0.001 -14"><span class='ocrx_word' id='word_1_109' title='bbox 482 1642 738 1695; x_wconf 84' lang='lat' dir='ltr'><strong>contrivit</strong></span> <span class='ocrx_word' id='word_1_110' title='bbox 775 1640 1034 1691; x_wconf 84' lang='lat' dir='ltr'><strong>Satanam</strong></span> <span class='ocrx_word' id='word_1_111' title='bbox 1078 1639 1181 1692; x_wconf 89' lang='lat' dir='ltr'><strong>sub</strong></span> <span class='ocrx_word' id='word_1_112' title='bbox 1218 1639 1381 1707; x_wconf 80' lang='lat' dir='ltr'><strong>pedes</strong></span> <span class='ocrx_word' id='word_1_113' title='bbox 1421 1638 1561 1706; x_wconf 86' lang='lat' dir='ltr'><strong>ejus,</strong></span> <span class='ocrx_word' id='word_1_114' title='bbox 1599 1639 1649 1691; x_wconf 90' lang='lat' dir='ltr'><strong>id</strong></span> <span class='ocrx_word' id='word_1_115' title='bbox 1695 1648 1779 1693; x_wconf 88' lang='lat' dir='ltr'><strong>est</strong></span> <span class='ocrx_word' id='word_1_116' title='bbox 1813 1639 2066 1708; x_wconf 84' lang='lat' dir='ltr'><strong>spiritum</strong></span> 
     </span>
    </p>
   </div>
   <div class='ocr_carea' id='block_1_18' title="bbox 482 1728 2068 1803">
    <p class='ocr_par' dir='ltr' id='par_1_18' title="bbox 482 1728 2068 1803">
     <span class='ocr_line' id='line_1_18' title="bbox 482 1728 2068 1803; baseline -0.001 -16"><span class='ocrx_word' id='word_1_117' title='bbox 482 1728 574 1803; x_wconf 87' lang='lat' dir='ltr'><strong>qui</strong></span> <span class='ocrx_word' id='word_1_118' title='bbox 606 1742 723 1786; x_wconf 84' lang='lat' dir='ltr'><strong>erat</strong></span> <span class='ocrx_word' id='word_1_119' title='bbox 758 1730 1071 1786; x_wconf 81' lang='lat' dir='ltr'><strong>contrarius</strong></span> <span class='ocrx_word' id='word_1_120' title='bbox 1100 1733 1375 1785; x_wconf 86' lang='lat' dir='ltr'><strong>castitati.</strong></span> <span class='ocrx_word' id='word_1_121' title='bbox 1406 1729 1670 1786; x_wconf 91' lang='lat' dir='ltr'><strong>Similiter</strong></span> <span class='ocrx_word' id='word_1_122' title='bbox 1708 1741 1764 1786; x_wconf 88' lang='lat' dir='ltr'><strong>et</strong></span> <span class='ocrx_word' id='word_1_123' title='bbox 1801 1733 1894 1802; x_wconf 89' lang='lat' dir='ltr'><strong>qui</strong></span> <span class='ocrx_word' id='word_1_124' title='bbox 1940 1748 2068 1803; x_wconf 87' lang='lat' dir='ltr'><strong>ago-</strong></span> 
     </span>
    </p>
   </div>
   <div class='ocr_carea' id='block_1_19' title="bbox 2173 530 3757 601">
    <p class='ocr_par' dir='ltr' id='par_1_19' title="bbox 2173 530 3757 601">
     <span class='ocr_line' id='line_1_19' title="bbox 2173 530 3757 601; baseline 0.004 -18"><span class='ocrx_word' id='word_1_125' title='bbox 2173 535 2427 597; x_wconf 84' lang='lat' dir='ltr'><strong>cognatos</strong></span> <span class='ocrx_word' id='word_1_126' title='bbox 2461 542 2608 585; x_wconf 89' lang='lat' dir='ltr'><strong>suos.</strong></span> <span class='ocrx_word' id='word_1_127' title='bbox 2642 530 2708 585; x_wconf 88' lang='lat' dir='ltr'><strong>Et</strong></span> <span class='ocrx_word' id='word_1_128' title='bbox 2750 532 2969 601; x_wconf 88' lang='lat' dir='ltr'><strong>quidem</strong></span> <span class='ocrx_word' id='word_1_129' title='bbox 3004 532 3073 585; x_wconf 91' lang='lat' dir='ltr'><strong>de</strong></span> <span class='ocrx_word' id='word_1_130' title='bbox 3112 530 3402 586; x_wconf 88' lang='lat' dir='ltr'><strong>Timotheo</strong></span> <span class='ocrx_word' id='word_1_131' title='bbox 3442 532 3757 601; x_wconf 86' lang='lat' dir='ltr'><strong>plenissime</strong></span> 
     </span>
    </p>
   </div>
   <div class='ocr_carea' id='block_1_20' title="bbox 2175 622 3758 695">
    <p class='ocr_par' dir='ltr' id='par_1_20' title="bbox 2175 622 3758 695">
     <span class='ocr_line' id='line_1_20' title="bbox 2175 622 3758 695; baseline 0.004 -20"><span class='ocrx_word' id='word_1_132' title='bbox 2175 622 2408 676; x_wconf 82' lang='lat' dir='ltr'><strong>refertur</strong></span> <span class='ocrx_word' id='word_1_133' title='bbox 2476 623 2529 677; x_wconf 90' lang='lat' dir='ltr'><strong>in</strong></span> <span class='ocrx_word' id='word_1_134' title='bbox 2596 624 2825 680; x_wconf 80' lang='lat' dir='ltr'><strong>Actibus</strong></span> <span class='ocrx_word' id='word_1_135' title='bbox 2904 625 3330 695; x_wconf 63' lang='lat' dir='ltr'><strong>apostolorum“</strong></span> <span class='ocrx_word' id='word_1_136' title='bbox 3380 628 3522 694; x_wconf 89' lang='lat' dir='ltr'><strong>quod</strong></span> <span class='ocrx_word' id='word_1_137' title='bbox 3588 627 3758 682; x_wconf 85' lang='lat' dir='ltr'><strong>fuerit</strong></span> 
     </span>
    </p>
   </div>
   <div class='ocr_carea' id='block_1_21' title="bbox 2173 714 3751 784">
    <p class='ocr_par' dir='ltr' id='par_1_21' title="bbox 2173 714 3751 784">
     <span class='ocr_line' id='line_1_21' title="bbox 2173 714 3751 784; baseline 0.003 -16"><span class='ocrx_word' id='word_1_138' title='bbox 2173 714 2427 769; x_wconf 75' lang='lat' dir='ltr'><strong>Derbmus</strong></span> <span class='ocrx_word' id='word_1_139' title='bbox 2478 715 2646 779; x_wconf 83' lang='lat' dir='ltr'><strong>civis,</strong></span> <span class='ocrx_word' id='word_1_140' title='bbox 2699 716 2843 771; x_wconf 90' lang='lat' dir='ltr'><strong>ﬁlius</strong></span> <span class='ocrx_word' id='word_1_141' title='bbox 2913 717 3151 772; x_wconf 87' lang='lat' dir='ltr'><strong>mulieris</strong></span> <span class='ocrx_word' id='word_1_142' title='bbox 3210 717 3385 773; x_wconf 67' lang='lat' dir='ltr'><strong>viduae</strong></span> <span class='ocrx_word' id='word_1_143' title='bbox 3432 718 3638 784; x_wconf 88' lang='lat' dir='ltr'><strong>ﬁdelis,</strong></span> <span class='ocrx_word' id='word_1_144' title='bbox 3683 733 3751 775; x_wconf 80' lang='lat' dir='ltr'><strong>ex</strong></span> 
     </span>
    </p>
   </div>
   <div class='ocr_carea' id='block_1_22' title="bbox 2172 805 3754 879">
    <p class='ocr_par' dir='ltr' id='par_1_22' title="bbox 2172 805 3754 879">
     <span class='ocr_line' id='line_1_22' title="bbox 2172 805 3754 879; baseline 0.004 -21"><span class='ocrx_word' id='word_1_145' title='bbox 2172 814 2323 873; x_wconf 84' lang='lat' dir='ltr'><strong>patre</strong></span> <span class='ocrx_word' id='word_1_146' title='bbox 2372 805 2601 876; x_wconf 88' lang='lat' dir='ltr'><strong>gentili:</strong></span> <span class='ocrx_word' id='word_1_147' title='bbox 2635 807 2701 861; x_wconf 91' lang='lat' dir='ltr'><strong>de</strong></span> <span class='ocrx_word' id='word_1_148' title='bbox 2757 822 2866 877; x_wconf 93' lang='lat' dir='ltr'><strong>quo</strong></span> <span class='ocrx_word' id='word_1_149' title='bbox 2911 817 2967 862; x_wconf 92' lang='lat' dir='ltr'><strong>et</strong></span> <span class='ocrx_word' id='word_1_150' title='bbox 3007 809 3123 879; x_wconf 91' lang='lat' dir='ltr'><strong>ipse</strong></span> <span class='ocrx_word' id='word_1_151' title='bbox 3165 808 3365 863; x_wconf 84' lang='lat' dir='ltr'><strong>Paulus</strong></span> <span class='ocrx_word' id='word_1_152' title='bbox 3413 810 3575 873; x_wconf 90' lang='lat' dir='ltr'><strong>dicit,</strong></span> <span class='ocrx_word' id='word_1_153' title='bbox 3629 813 3754 878; x_wconf 83' lang='lat' dir='ltr'><strong>quia</strong></span> 
     </span>
    </p>
   </div>
   <div class='ocr_carea' id='block_1_23' title="bbox 2175 898 3755 982">
    <p class='ocr_par' dir='ltr' id='par_1_23' title="bbox 2175 898 3755 982">
     <span class='ocr_line' id='line_1_23' title="bbox 2175 898 3755 982; baseline 0.003 -32"><span class='ocrx_word' id='word_1_154' title='bbox 2175 908 2460 967; x_wconf 86' lang='lat' dir='ltr'><strong>propterea</strong></span> <span class='ocrx_word' id='word_1_155' title='bbox 2520 901 2793 969; x_wconf 83' lang='lat' dir='ltr'><strong>rogaverit</strong></span> <span class='ocrx_word' id='word_1_156' title='bbox 2841 898 2953 971; x_wconf 85' lang='grc'><strong>(51)</strong></span> <span class='ocrx_word' id='word_1_157' title='bbox 2992 916 3116 982; x_wconf 77' lang='lat' dir='ltr'><strong>eum</strong></span> <span class='ocrx_word' id='word_1_158' title='bbox 3154 917 3471 970; x_wconf 77' lang='lat' dir='ltr'><strong>permanere</strong></span> <span class='ocrx_word' id='word_1_159' title='bbox 3520 902 3755 971; x_wconf 85' lang='lat' dir='ltr'><strong>Ephesi,</strong></span> 
     </span>
    </p>
   </div>
   <div class='ocr_carea' id='block_1_24' title="bbox 2174 991 3760 1066">
    <p class='ocr_par' dir='ltr' id='par_1_24' title="bbox 2174 991 3760 1066">
     <span class='ocr_line' id='line_1_24' title="bbox 2174 991 3760 1066; baseline 0.004 -24"><span class='ocrx_word' id='word_1_160' title='bbox 2174 999 2233 1044; x_wconf 92' lang='lat' dir='ltr'><strong>nt</strong></span> <span class='ocrx_word' id='word_1_161' title='bbox 2274 991 2557 1046; x_wconf 90' lang='lat' dir='ltr'><strong>denuntiet</strong></span> <span class='ocrx_word' id='word_1_162' title='bbox 2602 993 2925 1062; x_wconf 83' lang='lat' dir='ltr'><strong>quibusdam</strong></span> <span class='ocrx_word' id='word_1_163' title='bbox 2984 1009 3053 1048; x_wconf 90' lang='lat' dir='ltr'><strong>ne</strong></span> <span class='ocrx_word' id='word_1_164' title='bbox 3090 994 3247 1049; x_wconf 87' lang='lat' dir='ltr'><strong>aliter</strong></span> <span class='ocrx_word' id='word_1_165' title='bbox 3290 997 3547 1062; x_wconf 90' lang='lat' dir='ltr'><strong>doceant,</strong></span> <span class='ocrx_word' id='word_1_166' title='bbox 3584 1010 3760 1066; x_wconf 87' lang='lat' dir='ltr'><strong>neque</strong></span> 
     </span>
    </p>
   </div>
   <div class='ocr_carea' id='block_1_25' title="bbox 2175 1082 3761 1155">
    <p class='ocr_par' dir='ltr' id='par_1_25' title="bbox 2175 1082 3761 1155">
     <span class='ocr_line' id='line_1_25' title="bbox 2175 1082 3761 1155; baseline 0.004 -22"><span class='ocrx_word' id='word_1_167' title='bbox 2175 1082 2460 1136; x_wconf 87' lang='lat' dir='ltr'><strong>attendant</strong></span> <span class='ocrx_word' id='word_1_168' title='bbox 2506 1082 2701 1137; x_wconf 89' lang='lat' dir='ltr'><strong>fabulis</strong></span> <span class='ocrx_word' id='word_1_169' title='bbox 2742 1093 2798 1138; x_wconf 92' lang='lat' dir='ltr'><strong>et</strong></span> <span class='ocrx_word' id='word_1_170' title='bbox 2852 1084 3187 1155; x_wconf 83' lang='lat' dir='ltr'><strong>genealogiis</strong></span> <span class='ocrx_word' id='word_1_171' title='bbox 3229 1084 3455 1139; x_wconf 85' lang='lat' dir='ltr'><strong>inﬁnitis</strong></span> <span class='ocrx_word' id='word_1_172' title='bbox 3481 1086 3522 1139; x_wconf 76' lang='grc'><strong>⁵.</strong></span> <span class='ocrx_word' id='word_1_173' title='bbox 3558 1083 3665 1139; x_wconf 89' lang='lat' dir='ltr'><strong>Sed</strong></span> <span class='ocrx_word' id='word_1_174' title='bbox 3703 1096 3761 1140; x_wconf 85' lang='lat' dir='ltr'><strong>et</strong></span> 
     </span>
    </p>
   </div>
   <div class='ocr_carea' id='block_1_26' title="bbox 2172 1172 3759 1247">
    <p class='ocr_par' dir='ltr' id='par_1_26' title="bbox 2172 1172 3759 1247">
     <span class='ocr_line' id='line_1_26' title="bbox 2172 1172 3759 1247; baseline 0.001 -21"><span class='ocrx_word' id='word_1_175' title='bbox 2172 1172 2396 1227; x_wconf 89' lang='lat' dir='ltr'><strong>Lucium</strong></span> <span class='ocrx_word' id='word_1_176' title='bbox 2438 1176 2656 1242; x_wconf 90' lang='lat' dir='ltr'><strong>quidam</strong></span> <span class='ocrx_word' id='word_1_177' title='bbox 2712 1174 2886 1244; x_wconf 86' lang='lat' dir='ltr'><strong>ipsum</strong></span> <span class='ocrx_word' id='word_1_178' title='bbox 2945 1176 3059 1247; x_wconf 71' lang='lat'>(52)</span> <span class='ocrx_word' id='word_1_179' title='bbox 3121 1178 3409 1245; x_wconf 90' lang='lat' dir='ltr'><strong>perhibent</strong></span> <span class='ocrx_word' id='word_1_180' title='bbox 3465 1192 3587 1232; x_wconf 88' lang='lat' dir='ltr'><strong>esse</strong></span> <span class='ocrx_word' id='word_1_181' title='bbox 3652 1174 3759 1229; x_wconf 61' lang='lat' dir='ltr'><strong>La.</strong></span> 
     </span>
    </p>
   </div>
   <div class='ocr_carea' id='block_1_27' title="bbox 2173 1268 3759 1345">
    <p class='ocr_par' dir='ltr' id='par_1_27' title="bbox 2173 1268 3759 1345">
     <span class='ocr_line' id='line_1_27' title="bbox 2173 1268 3759 1345; baseline 0.001 -25"><span class='ocrx_word' id='word_1_182' title='bbox 2173 1281 2293 1320; x_wconf 90' lang='lat' dir='ltr'><strong>cam</strong></span> <span class='ocrx_word' id='word_1_183' title='bbox 2358 1268 2450 1335; x_wconf 90' lang='lat' dir='ltr'><strong>qui</strong></span> <span class='ocrx_word' id='word_1_184' title='bbox 2508 1268 2855 1345; x_wconf 81' lang='lat' dir='ltr'><strong>Evangelium</strong></span> <span class='ocrx_word' id='word_1_185' title='bbox 2926 1270 3182 1336; x_wconf 90' lang='lat' dir='ltr'><strong>scripsit,</strong></span> <span class='ocrx_word' id='word_1_186' title='bbox 3244 1284 3342 1338; x_wconf 90' lang='lat' dir='ltr'><strong>pro</strong></span> <span class='ocrx_word' id='word_1_187' title='bbox 3381 1284 3446 1324; x_wconf 92' lang='lat' dir='ltr'><strong>eo</strong></span> <span class='ocrx_word' id='word_1_188' title='bbox 3470 1271 3625 1338; x_wconf 90' lang='lat' dir='ltr'><strong>quod</strong></span> <span class='ocrx_word' id='word_1_189' title='bbox 3662 1284 3759 1324; x_wconf 76' lang='lat' dir='ltr'><strong>so-</strong></span> 
     </span>
    </p>
   </div>
   <div class='ocr_carea' id='block_1_28' title="bbox 2175 1358 3759 1428">
    <p class='ocr_par' dir='ltr' id='par_1_28' title="bbox 2175 1358 3759 1428">
     <span class='ocr_line' id='line_1_28' title="bbox 2175 1358 3759 1428; baseline 0.002 -18"><span class='ocrx_word' id='word_1_190' title='bbox 2175 1358 2319 1412; x_wconf 89' lang='lat' dir='ltr'><strong>leant</strong></span> <span class='ocrx_word' id='word_1_191' title='bbox 2366 1358 2585 1412; x_wconf 88' lang='lat' dir='ltr'><strong>nomina</strong></span> <span class='ocrx_word' id='word_1_192' title='bbox 2641 1360 2911 1413; x_wconf 88' lang='lat' dir='ltr'><strong>interdum</strong></span> <span class='ocrx_word' id='word_1_193' title='bbox 2967 1362 3264 1414; x_wconf 89' lang='lat' dir='ltr'><strong>secundum</strong></span> <span class='ocrx_word' id='word_1_194' title='bbox 3299 1362 3530 1428; x_wconf 84' lang='lat' dir='ltr'><strong>patriam</strong></span> <span class='ocrx_word' id='word_1_195' title='bbox 3590 1361 3759 1416; x_wconf 88' lang='lat' dir='ltr'><strong>decli-</strong></span> 
     </span>
    </p>
   </div>
   <div class='ocr_carea' id='block_1_29' title="bbox 2174 1451 3755 1519">
    <p class='ocr_par' dir='ltr' id='par_1_29' title="bbox 2174 1451 3755 1519">
     <span class='ocr_line' id='line_1_29' title="bbox 2174 1451 3755 1519; baseline 0.003 -17"><span class='ocrx_word' id='word_1_196' title='bbox 2174 1451 2485 1514; x_wconf 84' lang='lat' dir='ltr'><strong>nationem,</strong></span> <span class='ocrx_word' id='word_1_197' title='bbox 2543 1452 2812 1505; x_wconf 80' lang='lat' dir='ltr'><strong>interdum</strong></span> <span class='ocrx_word' id='word_1_198' title='bbox 2881 1451 3047 1504; x_wconf 87' lang='lat' dir='ltr'><strong>etiam</strong></span> <span class='ocrx_word' id='word_1_199' title='bbox 3113 1454 3407 1507; x_wconf 87' lang='lat' dir='ltr'><strong>secundum</strong></span> <span class='ocrx_word' id='word_1_200' title='bbox 3470 1453 3755 1519; x_wconf 59' lang='lat' dir='ltr'><strong>Graecam,</strong></span> 
     </span>
    </p>
   </div>
   <div class='ocr_carea' id='block_1_30' title="bbox 2174 1543 3757 1614">
    <p class='ocr_par' dir='ltr' id='par_1_30' title="bbox 2174 1543 3757 1614">
     <span class='ocr_line' id='line_1_30' title="bbox 2174 1543 3757 1614; baseline 0.002 -18"><span class='ocrx_word' id='word_1_201' title='bbox 2174 1543 2587 1613; x_wconf 84' lang='lat' dir='ltr'><strong>Romanamque</strong></span> <span class='ocrx_word' id='word_1_202' title='bbox 2627 1544 2880 1613; x_wconf 82' lang='lat' dir='ltr'><strong>proferri.</strong></span> <span class='ocrx_word' id='word_1_203' title='bbox 2908 1544 3089 1602; x_wconf 67' lang='lat' dir='ltr'><strong>&#39;Jason</strong></span> <span class='ocrx_word' id='word_1_204' title='bbox 3124 1562 3255 1599; x_wconf 90' lang='lat' dir='ltr'><strong>vero</strong></span> <span class='ocrx_word' id='word_1_205' title='bbox 3292 1547 3381 1599; x_wconf 91' lang='lat' dir='ltr'><strong>ille</strong></span> <span class='ocrx_word' id='word_1_206' title='bbox 3410 1556 3494 1599; x_wconf 90' lang='lat' dir='ltr'><strong>est</strong></span> <span class='ocrx_word' id='word_1_207' title='bbox 3539 1547 3608 1599; x_wconf 90' lang='lat' dir='ltr'><strong>de</strong></span> <span class='ocrx_word' id='word_1_208' title='bbox 3649 1561 3757 1614; x_wconf 92' lang='lat' dir='ltr'><strong>quo</strong></span> 
     </span>
    </p>
   </div>
   <div class='ocr_carea' id='block_1_31' title="bbox 2172 1638 3756 1706">
    <p class='ocr_par' dir='ltr' id='par_1_31' title="bbox 2172 1638 3756 1706">
     <span class='ocr_line' id='line_1_31' title="bbox 2172 1638 3756 1706; baseline 0.001 -14"><span class='ocrx_word' id='word_1_209' title='bbox 2172 1640 2338 1692; x_wconf 90' lang='lat' dir='ltr'><strong>etiam</strong></span> <span class='ocrx_word' id='word_1_210' title='bbox 2396 1638 2450 1692; x_wconf 94' lang='lat' dir='ltr'><strong>in</strong></span> <span class='ocrx_word' id='word_1_211' title='bbox 2519 1638 2745 1692; x_wconf 88' lang='lat' dir='ltr'><strong>Actibus</strong></span> <span class='ocrx_word' id='word_1_212' title='bbox 2800 1641 3171 1706; x_wconf 87' lang='lat' dir='ltr'><strong>apostolorum</strong></span> <span class='ocrx_word' id='word_1_213' title='bbox 3212 1639 3232 1670; x_wconf 88' lang='grc'><strong>⁷</strong></span> <span class='ocrx_word' id='word_1_214' title='bbox 3295 1639 3564 1693; x_wconf 89' lang='lat' dir='ltr'><strong>scribitur</strong></span> <span class='ocrx_word' id='word_1_215' title='bbox 3613 1640 3756 1706; x_wconf 89' lang='lat' dir='ltr'><strong>quod</strong></span> 
     </span>
    </p>
   </div>
   <div class='ocr_carea' id='block_1_32' title="bbox 2174 1726 3756 1796">
    <p class='ocr_par' dir='ltr' id='par_1_32' title="bbox 2174 1726 3756 1796">
     <span class='ocr_line' id='line_1_32' title="bbox 2174 1726 3756 1796; baseline -0.002 -13"><span class='ocrx_word' id='word_1_216' title='bbox 2174 1727 2617 1783; x_wconf 83' lang='lat' dir='ltr'><strong>Thessalonicam</strong></span> <span class='ocrx_word' id='word_1_217' title='bbox 2654 1743 2752 1796; x_wconf 92' lang='lat' dir='ltr'><strong>pro</strong></span> <span class='ocrx_word' id='word_1_218' title='bbox 2791 1726 2960 1781; x_wconf 89' lang='lat' dir='ltr'><strong>Paulo</strong></span> <span class='ocrx_word' id='word_1_219' title='bbox 2990 1740 3046 1781; x_wconf 88' lang='lat' dir='ltr'><strong>et</strong></span> <span class='ocrx_word' id='word_1_220' title='bbox 3086 1729 3197 1782; x_wconf 89' lang='lat' dir='ltr'><strong>Sila</strong></span> <span class='ocrx_word' id='word_1_221' title='bbox 3242 1729 3564 1783; x_wconf 88' lang='lat' dir='ltr'><strong>seditionem</strong></span> <span class='ocrx_word' id='word_1_222' title='bbox 3606 1745 3756 1783; x_wconf 83' lang='lat' dir='ltr'><strong>corn-</strong></span> 
     </span>
    </p>
   </div>
   <div class='ocr_carea' id='block_1_33' title="bbox 483 1819 2070 1897">
    <p class='ocr_par' dir='ltr' id='par_1_33' title="bbox 483 1824 2067 1897">
     <span class='ocr_line' id='line_1_33' title="bbox 483 1824 2067 1897; baseline 0.002 -18"><span class='ocrx_word' id='word_1_223' title='bbox 483 1842 606 1879; x_wconf 89' lang='lat' dir='ltr'><strong>nem</strong></span> <span class='ocrx_word' id='word_1_224' title='bbox 642 1825 761 1877; x_wconf 86' lang='lat' dir='ltr'><strong>ﬁdei</strong></span> <span class='ocrx_word' id='word_1_225' title='bbox 796 1825 1046 1891; x_wconf 81' lang='lat' dir='ltr'><strong>suscipit,</strong></span> <span class='ocrx_word' id='word_1_226' title='bbox 1089 1824 1132 1879; x_wconf 92' lang='lat' dir='ltr'><strong>si</strong></span> <span class='ocrx_word' id='word_1_227' title='bbox 1171 1834 1324 1879; x_wconf 87' lang='lat' dir='ltr'><strong>stans</strong></span> <span class='ocrx_word' id='word_1_228' title='bbox 1353 1836 1481 1880; x_wconf 89' lang='lat' dir='ltr'><strong>ante</strong></span> <span class='ocrx_word' id='word_1_229' title='bbox 1528 1841 1686 1894; x_wconf 83' lang='lat' dir='ltr'><strong>reges</strong></span> <span class='ocrx_word' id='word_1_230' title='bbox 1715 1837 1767 1881; x_wconf 89' lang='lat' dir='ltr'><strong>et</strong></span> <span class='ocrx_word' id='word_1_231' title='bbox 1810 1829 2067 1897; x_wconf 67' lang='lat' dir='ltr'><strong>praesides</strong></span> 
     </span>
    </p>
   </div>
   <div class='ocr_carea' id='block_1_34' title="bbox 2177 1819 3758 1897">
    <p class='ocr_par' dir='ltr' id='par_1_34' title="bbox 2177 1819 3758 1888">
     <span class='ocr_line' id='line_1_34' title="bbox 2177 1819 3758 1888; baseline 0 -15"><span class='ocrx_word' id='word_1_232' title='bbox 2177 1822 2509 1873; x_wconf 84' lang='lat' dir='ltr'><strong>moventibus</strong></span> <span class='ocrx_word' id='word_1_233' title='bbox 2538 1822 2730 1885; x_wconf 90' lang='lat' dir='ltr'><strong>turbis,</strong></span> <span class='ocrx_word' id='word_1_234' title='bbox 2755 1822 3108 1887; x_wconf 87' lang='lat' dir='ltr'><strong>semetipsum</strong></span> <span class='ocrx_word' id='word_1_235' title='bbox 3149 1820 3382 1885; x_wconf 89' lang='lat' dir='ltr'><strong>dederit,</strong></span> <span class='ocrx_word' id='word_1_236' title='bbox 3409 1830 3468 1874; x_wconf 92' lang='lat' dir='ltr'><strong>ut</strong></span> <span class='ocrx_word' id='word_1_237' title='bbox 3499 1819 3758 1888; x_wconf 83' lang='lat' dir='ltr'><strong>apostolis</strong></span> 
     </span>
    </p>
   </div>
   <div class='ocr_carea' id='block_1_35' title="bbox 482 1916 2064 1993">
    <p class='ocr_par' dir='ltr' id='par_1_35' title="bbox 482 1916 2064 1993">
     <span class='ocr_line' id='line_1_35' title="bbox 482 1916 2064 1993; baseline 0.001 -23"><span class='ocrx_word' id='word_1_238' title='bbox 482 1934 602 1971; x_wconf 90' lang='lat' dir='ltr'><strong>cum</strong></span> <span class='ocrx_word' id='word_1_239' title='bbox 634 1918 826 1971; x_wconf 80' lang='lat' dir='ltr'><strong>fiducia</strong></span> <span class='ocrx_word' id='word_1_240' title='bbox 856 1916 1179 1970; x_wconf 80' lang='lat' dir='ltr'><strong>confiteatur</strong></span> <span class='ocrx_word' id='word_1_241' title='bbox 1215 1916 1502 1993; x_wconf 85' lang='lat' dir='ltr'><strong>Dominum</strong></span> <span class='ocrx_word' id='word_1_242' title='bbox 1536 1916 1719 1972; x_wconf 81' lang='lat' dir='ltr'><strong>Jesum</strong></span> <span class='ocrx_word' id='word_1_243' title='bbox 1763 1918 2064 1983; x_wconf 86' lang='lat' dir='ltr'><strong>Christum,</strong></span> 
     </span>
    </p>
   </div>
   <div class='ocr_carea' id='block_1_36' title="bbox 480 2008 2067 2079">
    <p class='ocr_par' dir='ltr' id='par_1_36' title="bbox 480 2008 2067 2079">
     <span class='ocr_line' id='line_1_36' title="bbox 480 2008 2067 2079; baseline 0.001 -16"><span class='ocrx_word' id='word_1_244' title='bbox 480 2018 537 2063; x_wconf 89' lang='lat' dir='ltr'><strong>et</strong></span> <span class='ocrx_word' id='word_1_245' title='bbox 571 2024 740 2077; x_wconf 89' lang='lat' dir='ltr'><strong>usque</strong></span> <span class='ocrx_word' id='word_1_246' title='bbox 783 2010 848 2061; x_wconf 89' lang='lat' dir='ltr'><strong>ad</strong></span> <span class='ocrx_word' id='word_1_247' title='bbox 883 2010 1044 2060; x_wconf 85' lang='lat' dir='ltr'><strong>linem</strong></span> <span class='ocrx_word' id='word_1_248' title='bbox 1078 2009 1130 2060; x_wconf 91' lang='lat' dir='ltr'><strong>in</strong></span> <span class='ocrx_word' id='word_1_249' title='bbox 1165 2008 1512 2063; x_wconf 82' lang='lat' dir='ltr'><strong>confessione</strong></span> <span class='ocrx_word' id='word_1_250' title='bbox 1544 2020 1890 2079; x_wconf 85' lang='lat' dir='ltr'><strong>permaneat,</strong></span> <span class='ocrx_word' id='word_1_251' title='bbox 1928 2011 2067 2066; x_wconf 88' lang='lat' dir='ltr'><strong>Deus</strong></span> 
     </span>
    </p>
   </div>
   <div class='ocr_carea' id='block_1_37' title="bbox 483 2098 2067 2169">
    <p class='ocr_par' dir='ltr' id='par_1_37' title="bbox 483 2098 2067 2169">
     <span class='ocr_line' id='line_1_37' title="bbox 483 2098 2067 2169; baseline 0 -16"><span class='ocrx_word' id='word_1_252' title='bbox 483 2099 743 2153; x_wconf 88' lang='lat' dir='ltr'><strong>contrivit</strong></span> <span class='ocrx_word' id='word_1_253' title='bbox 787 2098 1043 2152; x_wconf 86' lang='lat' dir='ltr'><strong>Satanam</strong></span> <span class='ocrx_word' id='word_1_254' title='bbox 1079 2099 1179 2152; x_wconf 90' lang='lat' dir='ltr'><strong>sub</strong></span> <span class='ocrx_word' id='word_1_255' title='bbox 1211 2100 1376 2167; x_wconf 80' lang='lat' dir='ltr'><strong>pedes</strong></span> <span class='ocrx_word' id='word_1_256' title='bbox 1409 2100 1547 2168; x_wconf 87' lang='lat' dir='ltr'><strong>ejus,</strong></span> <span class='ocrx_word' id='word_1_257' title='bbox 1599 2116 1720 2153; x_wconf 89' lang='lat' dir='ltr'><strong>cum</strong></span> <span class='ocrx_word' id='word_1_258' title='bbox 1775 2116 1869 2169; x_wconf 90' lang='lat' dir='ltr'><strong>per</strong></span> <span class='ocrx_word' id='word_1_259' title='bbox 1906 2101 2067 2155; x_wconf 80' lang='lat' dir='ltr'><strong>fidem</strong></span> 
     </span>
    </p>
   </div>
   <div class='ocr_carea' id='block_1_38' title="bbox 480 2190 2067 2263">
    <p class='ocr_par' dir='ltr' id='par_1_38' title="bbox 480 2190 2067 2263">
     <span class='ocr_line' id='line_1_38' title="bbox 480 2190 2067 2263; baseline 0 -16"><span class='ocrx_word' id='word_1_260' title='bbox 480 2202 821 2247; x_wconf 85' lang='lat' dir='ltr'><strong>constantem</strong></span> <span class='ocrx_word' id='word_1_261' title='bbox 851 2190 964 2263; x_wconf 77' lang='grc'><strong>(49)</strong></span> <span class='ocrx_word' id='word_1_262' title='bbox 1016 2191 1355 2246; x_wconf 83' lang='lat' dir='ltr'><strong>infidelitatis</strong></span> <span class='ocrx_word' id='word_1_263' title='bbox 1400 2192 1652 2259; x_wconf 75' lang='lat' dir='ltr'><strong>spirituum</strong></span> <span class='ocrx_word' id='word_1_264' title='bbox 1704 2194 1850 2247; x_wconf 90' lang='lat' dir='ltr'><strong>vicit.</strong></span> <span class='ocrx_word' id='word_1_265' title='bbox 1890 2193 1982 2248; x_wconf 91' lang='lat' dir='ltr'><strong>Sic</strong></span> <span class='ocrx_word' id='word_1_266' title='bbox 2013 2203 2067 2248; x_wconf 87' lang='lat' dir='ltr'><strong>et</strong></span> 
     </span>
    </p>
   </div>
   <div class='ocr_carea' id='block_1_39' title="bbox 481 2285 2067 2354">
    <p class='ocr_par' dir='ltr' id='par_1_39' title="bbox 481 2285 2067 2354">
     <span class='ocr_line' id='line_1_39' title="bbox 481 2285 2067 2354; baseline 0.003 -19"><span class='ocrx_word' id='word_1_267' title='bbox 481 2286 571 2354; x_wconf 92' lang='lat' dir='ltr'><strong>qui</strong></span> <span class='ocrx_word' id='word_1_268' title='bbox 629 2285 977 2341; x_wconf 89' lang='lat' dir='ltr'><strong>concordiam</strong></span> <span class='ocrx_word' id='word_1_269' title='bbox 1034 2293 1453 2354; x_wconf 88' lang='lat' dir='ltr'><strong>perseveranter</strong></span> <span class='ocrx_word' id='word_1_270' title='bbox 1501 2285 1662 2349; x_wconf 81' lang='lat' dir='ltr'><strong>colit,</strong></span> <span class='ocrx_word' id='word_1_271' title='bbox 1711 2286 2067 2340; x_wconf 85' lang='lat' dir='ltr'><strong>dissensionis</strong></span> 
     </span>
    </p>
   </div>
   <div class='ocr_carea' id='block_1_40' title="bbox 481 2378 2069 2449">
    <p class='ocr_par' dir='ltr' id='par_1_40' title="bbox 481 2378 2069 2449">
     <span class='ocr_line' id='line_1_40' title="bbox 481 2378 2069 2449; baseline 0.001 -18"><span class='ocrx_word' id='word_1_272' title='bbox 481 2379 782 2433; x_wconf 67' lang='lat' dir='ltr'><strong>(laenionem</strong></span> <span class='ocrx_word' id='word_1_273' title='bbox 830 2379 931 2433; x_wconf 84' lang='lat' dir='ltr'><strong>sub</strong></span> <span class='ocrx_word' id='word_1_274' title='bbox 966 2378 1192 2445; x_wconf 86' lang='lat' dir='ltr'><strong>pedibus</strong></span> <span class='ocrx_word' id='word_1_275' title='bbox 1233 2379 1508 2432; x_wconf 90' lang='lat' dir='ltr'><strong>conterit:</strong></span> <span class='ocrx_word' id='word_1_276' title='bbox 1546 2379 1637 2449; x_wconf 86' lang='lat' dir='ltr'><strong>qui</strong></span> <span class='ocrx_word' id='word_1_277' title='bbox 1696 2381 2069 2435; x_wconf 85' lang='lat' dir='ltr'><strong>mansuetudi-</strong></span> 
     </span>
    </p>
   </div>
   <div class='ocr_carea' id='block_1_41' title="bbox 483 2467 2070 2539">
    <p class='ocr_par' dir='ltr' id='par_1_41' title="bbox 483 2467 2070 2539">
     <span class='ocr_line' id='line_1_41' title="bbox 483 2467 2070 2539; baseline 0 -15"><span class='ocrx_word' id='word_1_278' title='bbox 483 2485 606 2524; x_wconf 90' lang='lat' dir='ltr'><strong>nem</strong></span> <span class='ocrx_word' id='word_1_279' title='bbox 641 2479 843 2533; x_wconf 80' lang='lat' dir='ltr'><strong>servat,</strong></span> <span class='ocrx_word' id='word_1_280' title='bbox 879 2469 1177 2524; x_wconf 77' lang='lat' dir='ltr'><strong>iracnndize</strong></span> <span class='ocrx_word' id='word_1_281' title='bbox 1214 2467 1475 2523; x_wconf 86' lang='lat' dir='ltr'><strong>Satanam</strong></span> <span class='ocrx_word' id='word_1_282' title='bbox 1523 2470 1799 2537; x_wconf 75' lang='lat' dir='ltr'><strong>patientia:</strong></span> <span class='ocrx_word' id='word_1_283' title='bbox 1830 2471 2070 2539; x_wconf 86' lang='lat' dir='ltr'><strong>vestigiis</strong></span> 
     </span>
    </p>
   </div>
   <div class='ocr_carea' id='block_1_42' title="bbox 481 2540 2072 2632">
    <p class='ocr_par' dir='ltr' id='par_1_42' title="bbox 481 2540 2072 2632">
     <span class='ocr_line' id='line_1_42' title="bbox 481 2540 2072 2632; baseline -0.001 -13"><span class='ocrx_word' id='word_1_284' title='bbox 481 2564 677 2619; x_wconf 87' lang='lat' dir='ltr'><strong>calcat.</strong></span> <span class='ocrx_word' id='word_1_285' title='bbox 729 2563 839 2617; x_wconf 80' lang='lat' dir='ltr'><strong>lloe</strong></span> <span class='ocrx_word' id='word_1_286' title='bbox 883 2574 967 2617; x_wconf 88' lang='lat' dir='ltr'><strong>est</strong></span> <span class='ocrx_word' id='word_1_287' title='bbox 1002 2563 1259 2617; x_wconf 90' lang='lat' dir='ltr'><strong>mmirum</strong></span> <span class='ocrx_word' id='word_1_288' title='bbox 1307 2540 1451 2632; x_wconf 77' lang='lat' dir='ltr'><strong>quod</strong></span> <span class='ocrx_word' id='word_1_289' title='bbox 1495 2558 1757 2618; x_wconf 81' lang='lat' dir='ltr'><strong>Dominus</strong></span> <span class='ocrx_word' id='word_1_290' title='bbox 1799 2564 1854 2618; x_wconf 89' lang='lat' dir='ltr'><strong>in</strong></span> <span class='ocrx_word' id='word_1_291' title='bbox 1893 2565 2072 2619; x_wconf 82' lang='lat' dir='ltr'><strong>Evan-</strong></span> 
     </span>
    </p>
   </div>
   <div class='ocr_carea' id='block_1_43' title="bbox 484 2653 2070 2727">
    <p class='ocr_par' dir='ltr' id='par_1_43' title="bbox 484 2653 2070 2727">
     <span class='ocr_line' id='line_1_43' title="bbox 484 2653 2070 2727; baseline 0.002 -19"><span class='ocrx_word' id='word_1_292' title='bbox 484 2655 624 2727; x_wconf 87' lang='lat' dir='ltr'><strong>gelio</strong></span> <span class='ocrx_word' id='word_1_293' title='bbox 664 2655 794 2709; x_wconf 85' lang='lat' dir='ltr'><strong>dicit</strong></span> <span class='ocrx_word' id='word_1_294' title='bbox 818 2654 898 2707; x_wconf 78' lang='lat' dir='ltr'><strong>&quot;z</strong></span> <span class='ocrx_word' id='word_1_295' title='bbox 940 2653 1079 2709; x_wconf 85' lang='lat' dir='ltr'><strong>Ecce</strong></span> <span class='ocrx_word' id='word_1_296' title='bbox 1122 2657 1244 2709; x_wconf 85' lang='lat' dir='ltr'><strong>dedi</strong></span> <span class='ocrx_word' id='word_1_297' title='bbox 1293 2656 1439 2709; x_wconf 91' lang='lat' dir='ltr'><strong>vobis</strong></span> <span class='ocrx_word' id='word_1_298' title='bbox 1474 2664 1784 2723; x_wconf 83' lang='lat' dir='ltr'><strong>potestatem</strong></span> <span class='ocrx_word' id='word_1_299' title='bbox 1821 2657 2070 2711; x_wconf 84' lang='lat' dir='ltr'><strong>calcandi</strong></span> 
     </span>
    </p>
   </div>
   <div class='ocr_carea' id='block_1_44' title="bbox 484 2750 2072 2817">
    <p class='ocr_par' dir='ltr' id='par_1_44' title="bbox 484 2750 2072 2817">
     <span class='ocr_line' id='line_1_44' title="bbox 484 2750 2072 2817; baseline 0.001 -15"><span class='ocrx_word' id='word_1_300' title='bbox 484 2764 641 2816; x_wconf 82' lang='lat' dir='ltr'><strong>super</strong></span> <span class='ocrx_word' id='word_1_301' title='bbox 677 2757 939 2814; x_wconf 77' lang='lat' dir='ltr'><strong>serpentes</strong></span> <span class='ocrx_word' id='word_1_302' title='bbox 966 2758 1013 2801; x_wconf 89' lang='lat' dir='ltr'><strong>et</strong></span> <span class='ocrx_word' id='word_1_303' title='bbox 1047 2750 1369 2817; x_wconf 71' lang='lat' dir='ltr'><strong>scorpiones,</strong></span> <span class='ocrx_word' id='word_1_304' title='bbox 1399 2758 1446 2801; x_wconf 90' lang='lat' dir='ltr'><strong>et</strong></span> <span class='ocrx_word' id='word_1_305' title='bbox 1479 2763 1637 2816; x_wconf 83' lang='lat' dir='ltr'><strong>super</strong></span> <span class='ocrx_word' id='word_1_306' title='bbox 1665 2764 1869 2804; x_wconf 80' lang='lat' dir='ltr'><strong>omnem</strong></span> <span class='ocrx_word' id='word_1_307' title='bbox 1908 2750 2072 2803; x_wconf 80' lang='lat' dir='ltr'><strong>virtu-</strong></span> 
     </span>
    </p>
   </div>
   <div class='ocr_carea' id='block_1_45' title="bbox 484 2840 843 2895">
    <p class='ocr_par' dir='ltr' id='par_1_45' title="bbox 484 2840 843 2895">
     <span class='ocr_line' id='line_1_45' title="bbox 484 2840 843 2895; baseline -0.003 0"><span class='ocrx_word' id='word_1_308' title='bbox 484 2853 585 2895; x_wconf 85' lang='lat' dir='ltr'><strong>tem</strong></span> <span class='ocrx_word' id='word_1_309' title='bbox 620 2840 843 2894; x_wconf 81' lang='lat' dir='ltr'><strong>inimici.</strong></span> 
     </span>
    </p>
   </div>
   <div class='ocr_carea' id='block_1_46' title="bbox 556 2929 2067 2987">
    <p class='ocr_par' dir='ltr' id='par_1_46' title="bbox 556 2929 2067 2987">
     <span class='ocr_line' id='line_1_46' title="bbox 556 2929 2067 2987; baseline 0.001 -2"><span class='ocrx_word' id='word_1_310' title='bbox 556 2931 647 2986; x_wconf 80' lang='grc'><strong>58.</strong></span> <span class='ocrx_word' id='word_1_311' title='bbox 688 2929 876 2985; x_wconf 81' lang='lat' dir='ltr'><strong>Gratia</strong></span> <span class='ocrx_word' id='word_1_312' title='bbox 908 2931 1120 2985; x_wconf 83' lang='lat' dir='ltr'><strong>Domini</strong></span> <span class='ocrx_word' id='word_1_313' title='bbox 1152 2932 1320 2986; x_wconf 82' lang='lat' dir='ltr'><strong>nostri</strong></span> <span class='ocrx_word' id='word_1_314' title='bbox 1342 2930 1470 2985; x_wconf 74' lang='lat' dir='ltr'><strong>Iesu</strong></span> <span class='ocrx_word' id='word_1_315' title='bbox 1496 2931 1694 2987; x_wconf 89' lang='lat' dir='ltr'><strong>Christi</strong></span> <span class='ocrx_word' id='word_1_316' title='bbox 1730 2931 1992 2986; x_wconf 81' lang='lat' dir='ltr'><strong>vobiscum</strong></span> <span class='ocrx_word' id='word_1_317' title='bbox 2027 2931 2067 2985; x_wconf 75' lang='grc' dir='ltr'><strong>ί.</strong></span> 
     </span>
    </p>
   </div>
   <div class='ocr_carea' id='block_1_47' title="bbox 483 3021 2069 3094">
    <p class='ocr_par' dir='ltr' id='par_1_47' title="bbox 483 3021 2069 3094">
     <span class='ocr_line' id='line_1_47' title="bbox 483 3021 2069 3094; baseline -0.001 -14"><span class='ocrx_word' id='word_1_318' title='bbox 483 3024 673 3080; x_wconf 86' lang='lat' dir='ltr'><strong>Gratia</strong></span> <span class='ocrx_word' id='word_1_319' title='bbox 731 3024 862 3089; x_wconf 87' lang='lat' dir='ltr'><strong>Dei,</strong></span> <span class='ocrx_word' id='word_1_320' title='bbox 908 3035 963 3079; x_wconf 90' lang='lat' dir='ltr'><strong>et</strong></span> <span class='ocrx_word' id='word_1_321' title='bbox 999 3024 1173 3094; x_wconf 87' lang='lat' dir='ltr'><strong>gratia</strong></span> <span class='ocrx_word' id='word_1_322' title='bbox 1222 3024 1435 3080; x_wconf 83' lang='lat' dir='ltr'><strong>Domini</strong></span> <span class='ocrx_word' id='word_1_323' title='bbox 1488 3025 1657 3077; x_wconf 78' lang='lat' dir='ltr'><strong>nostri</strong></span> <span class='ocrx_word' id='word_1_324' title='bbox 1706 3021 1832 3079; x_wconf 80' lang='lat' dir='ltr'><strong>Jesn</strong></span> <span class='ocrx_word' id='word_1_325' title='bbox 1866 3024 2069 3079; x_wconf 89' lang='lat' dir='ltr'><strong>Christi</strong></span> 
     </span>
    </p>
   </div>
   <div class='ocr_carea' id='block_1_48' title="bbox 484 3114 2070 3184">
    <p class='ocr_par' dir='ltr' id='par_1_48' title="bbox 484 3114 2070 3184">
     <span class='ocr_line' id='line_1_48' title="bbox 484 3114 2070 3184; baseline 0.001 -15"><span class='ocrx_word' id='word_1_326' title='bbox 484 3130 590 3170; x_wconf 79' lang='lat' dir='ltr'><strong>una</strong></span> <span class='ocrx_word' id='word_1_327' title='bbox 625 3125 785 3184; x_wconf 89' lang='lat' dir='ltr'><strong>atque</strong></span> <span class='ocrx_word' id='word_1_328' title='bbox 818 3115 1006 3169; x_wconf 91' lang='lat' dir='ltr'><strong>eadem</strong></span> <span class='ocrx_word' id='word_1_329' title='bbox 1038 3115 1212 3184; x_wconf 87' lang='lat' dir='ltr'><strong>gratia</strong></span> <span class='ocrx_word' id='word_1_330' title='bbox 1248 3116 1567 3184; x_wconf 80' lang='lat' dir='ltr'><strong>accipienda</strong></span> <span class='ocrx_word' id='word_1_331' title='bbox 1601 3124 1706 3170; x_wconf 86' lang='lat' dir='ltr'><strong>est.</strong></span> <span class='ocrx_word' id='word_1_332' title='bbox 1745 3114 1897 3171; x_wconf 85' lang='lat' dir='ltr'><strong>Sicut</strong></span> <span class='ocrx_word' id='word_1_333' title='bbox 1930 3118 2070 3172; x_wconf 88' lang='lat' dir='ltr'><strong>enim</strong></span> 
     </span>
    </p>
   </div>
   <div class='ocr_carea' id='block_1_49' title="bbox 491 3205 2069 3278">
    <p class='ocr_par' dir='ltr' id='par_1_49' title="bbox 491 3205 2069 3278">
     <span class='ocr_line' id='line_1_49' title="bbox 491 3205 2069 3278; baseline -0.001 -19"><span class='ocrx_word' id='word_1_334' title='bbox 491 3206 652 3260; x_wconf 86' lang='lat' dir='ltr'><strong>Pater</strong></span> <span class='ocrx_word' id='word_1_335' title='bbox 687 3222 822 3276; x_wconf 90' lang='lat' dir='ltr'><strong>quos</strong></span> <span class='ocrx_word' id='word_1_336' title='bbox 850 3206 964 3259; x_wconf 91' lang='lat' dir='ltr'><strong>vult</strong></span> <span class='ocrx_word' id='word_1_337' title='bbox 1006 3206 1256 3274; x_wconf 80' lang='lat' dir='ltr'><strong>vivi/icat,</strong></span> <span class='ocrx_word' id='word_1_338' title='bbox 1284 3216 1332 3259; x_wconf 90' lang='lat' dir='ltr'><strong>et</strong></span> <span class='ocrx_word' id='word_1_339' title='bbox 1366 3205 1542 3262; x_wconf 80' lang='lat' dir='ltr'><strong>Filius</strong></span> <span class='ocrx_word' id='word_1_340' title='bbox 1571 3224 1705 3278; x_wconf 80' lang='lat' dir='ltr'><strong>quos</strong></span> <span class='ocrx_word' id='word_1_341' title='bbox 1746 3208 1852 3261; x_wconf 80' lang='lat' dir='ltr'><strong>vult</strong></span> <span class='ocrx_word' id='word_1_342' title='bbox 1898 3208 2069 3275; x_wconf 80' lang='lat' dir='ltr'><strong>viviﬁ-</strong></span> 
     </span>
    </p>
   </div>
   <div class='ocr_carea' id='block_1_50' title="bbox 486 3295 2065 3371">
    <p class='ocr_par' dir='ltr' id='par_1_50' title="bbox 486 3295 2065 3371">
     <span class='ocr_line' id='line_1_50' title="bbox 486 3295 2065 3371; baseline 0.003 -22"><span class='ocrx_word' id='word_1_343' title='bbox 486 3308 608 3361; x_wconf 83' lang='lat' dir='ltr'><strong>cat;</strong></span> <span class='ocrx_word' id='word_1_344' title='bbox 637 3312 685 3351; x_wconf 85' lang='lat' dir='ltr'><strong>et</strong></span> <span class='ocrx_word' id='word_1_345' title='bbox 731 3300 864 3351; x_wconf 82' lang='lat' dir='ltr'><strong>sicut</strong></span> <span class='ocrx_word' id='word_1_346' title='bbox 910 3295 1077 3350; x_wconf 89' lang='lat' dir='ltr'><strong>Pater</strong></span> <span class='ocrx_word' id='word_1_347' title='bbox 1104 3299 1257 3351; x_wconf 83' lang='lat' dir='ltr'><strong>habet</strong></span> <span class='ocrx_word' id='word_1_348' title='bbox 1294 3314 1348 3351; x_wconf 82' lang='lat' dir='ltr'><strong>tu</strong></span> <span class='ocrx_word' id='word_1_349' title='bbox 1379 3315 1433 3351; x_wconf 83' lang='lat' dir='ltr'><strong>se</strong></span> <span class='ocrx_word' id='word_1_350' title='bbox 1465 3299 1647 3365; x_wconf 78' lang='lat' dir='ltr'><strong>citant,</strong></span> <span class='ocrx_word' id='word_1_351' title='bbox 1673 3309 1724 3354; x_wconf 86' lang='lat' dir='ltr'><strong>et</strong></span> <span class='ocrx_word' id='word_1_352' title='bbox 1773 3298 1917 3353; x_wconf 79' lang='lat' dir='ltr'><strong>Filio</strong></span> <span class='ocrx_word' id='word_1_353' title='bbox 1955 3300 2065 3371; x_wconf 77' lang='grc'><strong>(50)</strong></span> 
     </span>
    </p>
   </div>
   <div class='ocr_carea' id='block_1_51' title="bbox 484 3386 2065 3456">
    <p class='ocr_par' dir='ltr' id='par_1_51' title="bbox 484 3386 2065 3456">
     <span class='ocr_line' id='line_1_51' title="bbox 484 3386 2065 3456; baseline 0 -18"><span class='ocrx_word' id='word_1_354' title='bbox 484 3388 630 3439; x_wconf 82' lang='lat' dir='ltr'><strong>dedit</strong></span> <span class='ocrx_word' id='word_1_355' title='bbox 680 3388 873 3439; x_wconf 77' lang='lat' dir='ltr'><strong>habere</strong></span> <span class='ocrx_word' id='word_1_356' title='bbox 917 3388 973 3439; x_wconf 88' lang='lat' dir='ltr'><strong>in</strong></span> <span class='ocrx_word' id='word_1_357' title='bbox 1014 3386 1289 3454; x_wconf 78' lang='lat' dir='ltr'><strong>semetipso</strong></span> <span class='ocrx_word' id='word_1_358' title='bbox 1340 3386 1570 3452; x_wconf 59' lang='lat' dir='ltr'><strong>vitam”,</strong></span> <span class='ocrx_word' id='word_1_359' title='bbox 1622 3387 1696 3440; x_wconf 90' lang='lat' dir='ltr'><strong>ita</strong></span> <span class='ocrx_word' id='word_1_360' title='bbox 1737 3397 1791 3440; x_wconf 88' lang='lat' dir='ltr'><strong>et</strong></span> <span class='ocrx_word' id='word_1_361' title='bbox 1835 3388 2065 3456; x_wconf 86' lang='lat' dir='ltr'><strong>gratiam</strong></span> 
     </span>
    </p>
   </div>
   <div class='ocr_carea' id='block_1_52' title="bbox 485 3475 2070 3548">
    <p class='ocr_par' dir='ltr' id='par_1_52' title="bbox 485 3475 2070 3548">
     <span class='ocr_line' id='line_1_52' title="bbox 485 3475 2070 3548; baseline 0.001 -17"><span class='ocrx_word' id='word_1_362' title='bbox 485 3493 651 3548; x_wconf 85' lang='lat' dir='ltr'><strong>quam</strong></span> <span class='ocrx_word' id='word_1_363' title='bbox 676 3478 769 3533; x_wconf 82' lang='lat' dir='ltr'><strong>dat</strong></span> <span class='ocrx_word' id='word_1_364' title='bbox 802 3477 980 3541; x_wconf 86' lang='lat' dir='ltr'><strong>Pater,</strong></span> <span class='ocrx_word' id='word_1_365' title='bbox 1013 3479 1155 3533; x_wconf 90' lang='lat' dir='ltr'><strong>banc</strong></span> <span class='ocrx_word' id='word_1_366' title='bbox 1186 3486 1241 3531; x_wconf 88' lang='lat' dir='ltr'><strong>et</strong></span> <span class='ocrx_word' id='word_1_367' title='bbox 1266 3475 1435 3531; x_wconf 86' lang='lat' dir='ltr'><strong>Filius</strong></span> <span class='ocrx_word' id='word_1_368' title='bbox 1472 3481 1582 3531; x_wconf 92' lang='lat' dir='ltr'><strong>dat.</strong></span> <span class='ocrx_word' id='word_1_369' title='bbox 1613 3477 1905 3547; x_wconf 87' lang='lat' dir='ltr'><strong>Sciendum</strong></span> <span class='ocrx_word' id='word_1_370' title='bbox 1939 3492 2070 3532; x_wconf 83' lang='lat' dir='ltr'><strong>sane</strong></span> 
     </span>
    </p>
   </div>
   <div class='ocr_carea' id='block_1_53' title="bbox 485 3569 2071 3640">
    <p class='ocr_par' dir='ltr' id='par_1_53' title="bbox 485 3569 2071 3640">
     <span class='ocr_line' id='line_1_53' title="bbox 485 3569 2071 3640; baseline -0.002 -15"><span class='ocrx_word' id='word_1_371' title='bbox 485 3582 588 3632; x_wconf 87' lang='lat' dir='ltr'><strong>est,</strong></span> <span class='ocrx_word' id='word_1_372' title='bbox 612 3571 755 3640; x_wconf 89' lang='lat' dir='ltr'><strong>quod</strong></span> <span class='ocrx_word' id='word_1_373' title='bbox 784 3585 946 3624; x_wconf 92' lang='lat' dir='ltr'><strong>omne</strong></span> <span class='ocrx_word' id='word_1_374' title='bbox 985 3572 1127 3638; x_wconf 92' lang='lat' dir='ltr'><strong>quod</strong></span> <span class='ocrx_word' id='word_1_375' title='bbox 1171 3569 1372 3623; x_wconf 88' lang='lat' dir='ltr'><strong>habent</strong></span> <span class='ocrx_word' id='word_1_376' title='bbox 1403 3569 1647 3623; x_wconf 86' lang='lat' dir='ltr'><strong>homines</strong></span> <span class='ocrx_word' id='word_1_377' title='bbox 1675 3587 1705 3622; x_wconf 82' lang='lat' dir='ltr'><strong>a</strong></span> <span class='ocrx_word' id='word_1_378' title='bbox 1739 3569 1868 3634; x_wconf 91' lang='lat' dir='ltr'><strong>Deo,</strong></span> <span class='ocrx_word' id='word_1_379' title='bbox 1895 3569 2071 3638; x_wconf 88' lang='lat' dir='ltr'><strong>gratia</strong></span> 
     </span>
    </p>
   </div>
   <div class='ocr_carea' id='block_1_54' title="bbox 487 3658 2075 3731">
    <p class='ocr_par' dir='ltr' id='par_1_54' title="bbox 487 3658 2075 3731">
     <span class='ocr_line' id='line_1_54' title="bbox 487 3658 2075 3731; baseline -0.002 -15"><span class='ocrx_word' id='word_1_380' title='bbox 487 3671 567 3716; x_wconf 86' lang='lat' dir='ltr'><strong>est</strong></span> <span class='ocrx_word' id='word_1_381' title='bbox 592 3661 635 3719; x_wconf 86' lang='grc'><strong>³.</strong></span> <span class='ocrx_word' id='word_1_382' title='bbox 664 3662 807 3716; x_wconf 71' lang='lat' dir='ltr'><strong>Nihil</strong></span> <span class='ocrx_word' id='word_1_383' title='bbox 839 3662 983 3715; x_wconf 89' lang='lat' dir='ltr'><strong>enim</strong></span> <span class='ocrx_word' id='word_1_384' title='bbox 1011 3676 1078 3714; x_wconf 79' lang='lat' dir='ltr'><strong>ex</strong></span> <span class='ocrx_word' id='word_1_385' title='bbox 1108 3660 1288 3713; x_wconf 85' lang='lat' dir='ltr'><strong>debito</strong></span> <span class='ocrx_word' id='word_1_386' title='bbox 1322 3660 1541 3716; x_wconf 86' lang='lat' dir='ltr'><strong>habent.</strong></span> <span class='ocrx_word' id='word_1_387' title='bbox 1580 3658 1713 3725; x_wconf 80' lang='lat' dir='ltr'><strong>Quis</strong></span> <span class='ocrx_word' id='word_1_388' title='bbox 1746 3661 1885 3713; x_wconf 86' lang='lat' dir='ltr'><strong>enim</strong></span> <span class='ocrx_word' id='word_1_389' title='bbox 1928 3663 2075 3731; x_wconf 89' lang='lat' dir='ltr'><strong>prior</strong></span> 
     </span>
    </p>
   </div>
   <div class='ocr_carea' id='block_1_55' title="bbox 486 3749 2069 3822">
    <p class='ocr_par' dir='ltr' id='par_1_55' title="bbox 486 3749 2069 3822">
     <span class='ocr_line' id='line_1_55' title="bbox 486 3749 2069 3822; baseline 0.003 -20"><span class='ocrx_word' id='word_1_390' title='bbox 486 3750 630 3804; x_wconf 84' lang='lat' dir='ltr'><strong>dedit</strong></span> <span class='ocrx_word' id='word_1_391' title='bbox 681 3750 787 3817; x_wconf 86' lang='lat' dir='ltr'><strong>illi,</strong></span> <span class='ocrx_word' id='word_1_392' title='bbox 827 3759 877 3803; x_wconf 82' lang='lat' dir='ltr'><strong>et</strong></span> <span class='ocrx_word' id='word_1_393' title='bbox 926 3749 1247 3804; x_wconf 86' lang='lat' dir='ltr'><strong>retribuetur</strong></span> <span class='ocrx_word' id='word_1_394' title='bbox 1278 3750 1367 3805; x_wconf 73' lang='lat' dir='ltr'><strong>ei?</strong></span> <span class='ocrx_word' id='word_1_395' title='bbox 1399 3749 1586 3806; x_wconf 87' lang='lat' dir='ltr'><strong>Gratia</strong></span> <span class='ocrx_word' id='word_1_396' title='bbox 1619 3767 1752 3820; x_wconf 78' lang='lat' dir='ltr'><strong>ergo</strong></span> <span class='ocrx_word' id='word_1_397' title='bbox 1795 3762 1879 3806; x_wconf 87' lang='lat' dir='ltr'><strong>est</strong></span> <span class='ocrx_word' id='word_1_398' title='bbox 1918 3754 2069 3822; x_wconf 87' lang='lat' dir='ltr'><strong>quid-</strong></span> 
     </span>
    </p>
   </div>
   <div class='ocr_carea' id='block_1_56' title="bbox 486 3842 2074 3915">
    <p class='ocr_par' dir='ltr' id='par_1_56' title="bbox 486 3842 2074 3915">
     <span class='ocr_line' id='line_1_56' title="bbox 486 3842 2074 3915; baseline 0.004 -19"><span class='ocrx_word' id='word_1_399' title='bbox 486 3843 618 3913; x_wconf 87' lang='lat' dir='ltr'><strong>quid</strong></span> <span class='ocrx_word' id='word_1_400' title='bbox 655 3844 818 3897; x_wconf 90' lang='lat' dir='ltr'><strong>habet</strong></span> <span class='ocrx_word' id='word_1_401' title='bbox 851 3844 896 3897; x_wconf 91' lang='lat' dir='ltr'><strong>is</strong></span> <span class='ocrx_word' id='word_1_402' title='bbox 922 3842 1014 3912; x_wconf 90' lang='lat' dir='ltr'><strong>qui</strong></span> <span class='ocrx_word' id='word_1_403' title='bbox 1061 3858 1169 3896; x_wconf 93' lang='lat' dir='ltr'><strong>non</strong></span> <span class='ocrx_word' id='word_1_404' title='bbox 1207 3843 1326 3910; x_wconf 83' lang='lat' dir='ltr'><strong>iuit,</strong></span> <span class='ocrx_word' id='word_1_405' title='bbox 1355 3851 1411 3897; x_wconf 88' lang='lat' dir='ltr'><strong>et</strong></span> <span class='ocrx_word' id='word_1_406' title='bbox 1450 3853 1554 3909; x_wconf 87' lang='lat' dir='ltr'><strong>est,</strong></span> <span class='ocrx_word' id='word_1_407' title='bbox 1586 3844 1865 3915; x_wconf 86' lang='lat' dir='ltr'><strong>accipiens</strong></span> <span class='ocrx_word' id='word_1_408' title='bbox 1908 3847 1976 3900; x_wconf 91' lang='lat' dir='ltr'><strong>ab</strong></span> <span class='ocrx_word' id='word_1_409' title='bbox 2009 3862 2074 3902; x_wconf 81' lang='lat' dir='ltr'><strong>eo</strong></span> 
     </span>
    </p>
   </div>
   <div class='ocr_carea' id='block_1_57' title="bbox 488 3932 1818 4003">
    <p class='ocr_par' dir='ltr' id='par_1_57' title="bbox 488 3932 1818 4003">
     <span class='ocr_line' id='line_1_57' title="bbox 488 3932 1818 4003; baseline 0.003 -17"><span class='ocrx_word' id='word_1_410' title='bbox 488 3933 581 4003; x_wconf 87' lang='lat' dir='ltr'><strong>qui</strong></span> <span class='ocrx_word' id='word_1_411' title='bbox 614 3948 833 4002; x_wconf 88' lang='lat' dir='ltr'><strong>semper</strong></span> <span class='ocrx_word' id='word_1_412' title='bbox 859 3932 980 3997; x_wconf 79' lang='lat' dir='ltr'><strong>fuit,</strong></span> <span class='ocrx_word' id='word_1_413' title='bbox 1004 3944 1059 3988; x_wconf 92' lang='lat' dir='ltr'><strong>et</strong></span> <span class='ocrx_word' id='word_1_414' title='bbox 1089 3942 1193 3998; x_wconf 88' lang='lat' dir='ltr'><strong>est,</strong></span> <span class='ocrx_word' id='word_1_415' title='bbox 1220 3942 1274 3987; x_wconf 92' lang='lat' dir='ltr'><strong>et</strong></span> <span class='ocrx_word' id='word_1_416' title='bbox 1305 3933 1412 3988; x_wconf 85' lang='lat' dir='ltr'><strong>erit</strong></span> <span class='ocrx_word' id='word_1_417' title='bbox 1442 3942 1494 3990; x_wconf 83' lang='lat' dir='ltr'><strong>in</strong></span> <span class='ocrx_word' id='word_1_418' title='bbox 1527 3947 1818 3990; x_wconf 71' lang='lat' dir='ltr'><strong>aeternum.</strong></span> 
     </span>
    </p>
   </div>
   <div class='ocr_carea' id='block_1_58' title="bbox 562 4023 2078 4096">
    <p class='ocr_par' dir='ltr' id='par_1_58' title="bbox 562 4023 2078 4096">
     <span class='ocr_line' id='line_1_58' title="bbox 562 4023 2078 4096; baseline 0.002 -17"><span class='ocrx_word' id='word_1_419' title='bbox 562 4023 652 4079; x_wconf 77' lang='lat'><strong>59.</strong></span> <span class='ocrx_word' id='word_1_420' title='bbox 690 4023 901 4079; x_wconf 85' lang='lat' dir='ltr'><strong>Sat&#39;utat</strong></span> <span class='ocrx_word' id='word_1_421' title='bbox 946 4041 1035 4079; x_wconf 86' lang='lat' dir='ltr'><strong>vos</strong></span> <span class='ocrx_word' id='word_1_422' title='bbox 1082 4023 1384 4080; x_wconf 78' lang='lat' dir='ltr'><strong>Timotheus</strong></span> <span class='ocrx_word' id='word_1_423' title='bbox 1429 4026 1648 4096; x_wconf 84' lang='lat' dir='ltr'><strong>adjutor</strong></span> <span class='ocrx_word' id='word_1_424' title='bbox 1680 4044 1847 4096; x_wconf 86' lang='lat' dir='ltr'><strong>meus,</strong></span> <span class='ocrx_word' id='word_1_425' title='bbox 1879 4038 1927 4082; x_wconf 88' lang='lat' dir='ltr'><strong>et</strong></span> <span class='ocrx_word' id='word_1_426' title='bbox 1973 4027 2078 4082; x_wconf 82' lang='lat' dir='ltr'><strong>Lu-</strong></span> 
     </span>
    </p>
   </div>
   <div class='ocr_carea' id='block_1_59' title="bbox 491 4114 2079 4190">
    <p class='ocr_par' dir='ltr' id='par_1_59' title="bbox 491 4114 2079 4190">
     <span class='ocr_line' id='line_1_59' title="bbox 491 4114 2079 4190; baseline 0.003 -18"><span class='ocrx_word' id='word_1_427' title='bbox 491 4118 630 4179; x_wconf 83' lang='lat' dir='ltr'><strong>cius,</strong></span> <span class='ocrx_word' id='word_1_428' title='bbox 670 4124 719 4170; x_wconf 89' lang='lat' dir='ltr'><strong>et</strong></span> <span class='ocrx_word' id='word_1_429' title='bbox 748 4114 940 4179; x_wconf 69' lang='lat' dir='ltr'><strong>lason.</strong></span> <span class='ocrx_word' id='word_1_430' title='bbox 984 4126 1034 4172; x_wconf 86' lang='lat' dir='ltr'><strong>et</strong></span> <span class='ocrx_word' id='word_1_431' title='bbox 1079 4115 1358 4188; x_wconf 84' lang='lat' dir='ltr'><strong>Sosipater</strong></span> <span class='ocrx_word' id='word_1_432' title='bbox 1399 4120 1613 4190; x_wconf 85' lang='lat' dir='ltr'><strong>cognati</strong></span> <span class='ocrx_word' id='word_1_433' title='bbox 1644 4121 1744 4175; x_wconf 88' lang='lat' dir='ltr'><strong>mei</strong></span> <span class='ocrx_word' id='word_1_434' title='bbox 1768 4120 1811 4176; x_wconf 74' lang='grc'><strong>⁸.</strong></span> <span class='ocrx_word' id='word_1_435' title='bbox 1850 4121 2079 4177; x_wconf 86' lang='lat' dir='ltr'><strong>Videtur</strong></span> 
     </span>
    </p>
   </div>
   <div class='ocr_carea' id='block_1_60' title="bbox 491 4210 2078 4285">
    <p class='ocr_par' dir='ltr' id='par_1_60' title="bbox 491 4210 2078 4285">
     <span class='ocr_line' id='line_1_60' title="bbox 491 4210 2078 4285; baseline 0.004 -21"><span class='ocrx_word' id='word_1_436' title='bbox 491 4210 623 4264; x_wconf 88' lang='lat' dir='ltr'><strong>mihi</strong></span> <span class='ocrx_word' id='word_1_437' title='bbox 674 4211 739 4265; x_wconf 91' lang='lat' dir='ltr'><strong>de</strong></span> <span class='ocrx_word' id='word_1_438' title='bbox 784 4211 905 4265; x_wconf 86' lang='lat' dir='ltr'><strong>istis</strong></span> <span class='ocrx_word' id='word_1_439' title='bbox 953 4225 1091 4281; x_wconf 90' lang='lat' dir='ltr'><strong>quos</strong></span> <span class='ocrx_word' id='word_1_440' title='bbox 1123 4213 1486 4280; x_wconf 86' lang='lat' dir='ltr'><strong>sequestravit</strong></span> <span class='ocrx_word' id='word_1_441' title='bbox 1528 4212 1598 4268; x_wconf 92' lang='lat' dir='ltr'><strong>ab</strong></span> <span class='ocrx_word' id='word_1_442' title='bbox 1640 4215 1785 4269; x_wconf 92' lang='lat' dir='ltr'><strong>omni</strong></span> <span class='ocrx_word' id='word_1_443' title='bbox 1830 4215 2078 4285; x_wconf 83' lang='lat' dir='ltr'><strong>catalogo</strong></span> 
     </span>
    </p>
   </div>
   <div class='ocr_carea' id='block_1_61' title="bbox 491 4300 2077 4377">
    <p class='ocr_par' dir='ltr' id='par_1_61' title="bbox 491 4300 2077 4377">
     <span class='ocr_line' id='line_1_61' title="bbox 491 4300 2077 4377; baseline 0.004 -20"><span class='ocrx_word' id='word_1_444' title='bbox 491 4300 867 4367; x_wconf 80' lang='lat' dir='ltr'><strong>salutantium,</strong></span> <span class='ocrx_word' id='word_1_445' title='bbox 897 4301 1019 4372; x_wconf 88' lang='lat' dir='ltr'><strong>plus</strong></span> <span class='ocrx_word' id='word_1_446' title='bbox 1053 4302 1259 4373; x_wconf 87' lang='lat' dir='ltr'><strong>aliquid</strong></span> <span class='ocrx_word' id='word_1_447' title='bbox 1306 4304 1565 4360; x_wconf 89' lang='lat' dir='ltr'><strong>sensisse.</strong></span> <span class='ocrx_word' id='word_1_448' title='bbox 1610 4303 1859 4377; x_wconf 89' lang='lat' dir='ltr'><strong>Denique</strong></span> <span class='ocrx_word' id='word_1_449' title='bbox 1896 4319 1952 4363; x_wconf 93' lang='lat' dir='ltr'><strong>et</strong></span> <span class='ocrx_word' id='word_1_450' title='bbox 1981 4309 2077 4362; x_wconf 93' lang='lat' dir='ltr'><strong>Ti-</strong></span> 
     </span>
    </p>
   </div>
   <div class='ocr_carea' id='block_1_62' title="bbox 561 4432 991 4499">
    <p class='ocr_par' dir='ltr' id='par_1_62' title="bbox 561 4432 991 4499">
     <span class='ocr_line' id='line_1_62' title="bbox 561 4432 991 4499; baseline 0 -13"><span class='ocrx_word' id='word_1_451' title='bbox 561 4433 609 4466; x_wconf 82' lang='lat'><strong>”</strong></span> <span class='ocrx_word' id='word_1_452' title='bbox 646 4432 779 4489; x_wconf 90' lang='lat' dir='ltr'><strong>an.</strong></span> <span class='ocrx_word' id='word_1_453' title='bbox 806 4448 871 4499; x_wconf 75' lang='grc' dir='ltr'><strong>Χ,</strong></span> <span class='ocrx_word' id='word_1_454' title='bbox 905 4433 991 4489; x_wconf 72' lang='grc'><strong>19.</strong></span> 
     </span>
    </p>
   </div>
   <div class='ocr_carea' id='block_1_63' title="bbox 566 4621 1351 4765">
    <p class='ocr_par' dir='ltr' id='par_1_63' title="bbox 566 4621 1351 4765">
     <span class='ocr_line' id='line_1_63' title="bbox 566 4621 1351 4765; baseline 0.004 -90"><span class='ocrx_word' id='word_1_455' title='bbox 566 4621 680 4765; x_wconf 64' lang='lat'>(46)</span> <span class='ocrx_word' id='word_1_456' title='bbox 720 4621 881 4687; x_wconf 85' lang='lat' dir='ltr'><strong>Editi,</strong></span> <span class='ocrx_word' id='word_1_457' title='bbox 907 4622 1047 4692; x_wconf 89' lang='lat' dir='ltr'><strong>quod</strong></span> <span class='ocrx_word' id='word_1_458' title='bbox 1075 4624 1351 4678; x_wconf 81' lang='lat' dir='ltr'><strong>suscitare.</strong></span> 
     </span>
     <span class='ocr_line' id='line_1_64' title="bbox 588 4694 1350 4765; baseline 0.001 -19"><span class='ocrx_word' id='word_1_459' title='bbox 588 4694 680 4762; x_wconf 71' lang='grc' dir='ltr'><strong>Η)</strong></span> <span class='ocrx_word' id='word_1_460' title='bbox 721 4695 931 4746; x_wconf 75' lang='lat' dir='ltr'><strong>Autem.</strong></span> <span class='ocrx_word' id='word_1_461' title='bbox 977 4694 1260 4765; x_wconf 82' lang='lat' dir='ltr'><strong>Omittitur</strong></span> <span class='ocrx_word' id='word_1_462' title='bbox 1300 4698 1350 4747; x_wconf 91' lang='lat' dir='ltr'><strong>in</strong></span> 
     </span>
    </p>
   </div>
   <div class='ocr_carea' id='block_1_64' title="bbox 588 4694 2083 4769">
    <p class='ocr_par' dir='ltr' id='par_1_64' title="bbox 588 4694 2083 4769">
     <span class='ocr_line' id='line_1_65' title="bbox 588 4694 2083 4769; baseline 0.005 -23"><span class='ocrx_word' id='word_1_463' title='bbox 588 4694 680 4762; x_wconf 71' lang='grc' dir='ltr'><strong>Η)</strong></span> <span class='ocrx_word' id='word_1_464' title='bbox 721 4695 931 4746; x_wconf 75' lang='lat' dir='ltr'><strong>Autem.</strong></span> <span class='ocrx_word' id='word_1_465' title='bbox 977 4694 1260 4769; x_wconf 76' lang='lat' dir='ltr'><strong>omittitur</strong></span> <span class='ocrx_word' id='word_1_466' title='bbox 1300 4695 1570 4769; x_wconf 77' lang='lat' dir='ltr'><strong>ineditis,</strong></span> <span class='ocrx_word' id='word_1_467' title='bbox 1616 4698 1710 4766; x_wconf 91' lang='lat' dir='ltr'><strong>qui</strong></span> <span class='ocrx_word' id='word_1_468' title='bbox 1746 4708 1936 4769; x_wconf 81' lang='lat' dir='ltr'><strong>postea</strong></span> <span class='ocrx_word' id='word_1_469' title='bbox 1981 4699 2083 4753; x_wconf 83' lang='lat' dir='ltr'><strong>ba-</strong></span> 
     </span>
    </p>
   </div>
   <div class='ocr_carea' id='block_1_65' title="bbox 493 4763 2077 4833">
    <p class='ocr_par' dir='ltr' id='par_1_65' title="bbox 493 4763 2077 4833">
     <span class='ocr_line' id='line_1_66' title="bbox 493 4763 2077 4833; baseline 0.003 -14"><span class='ocrx_word' id='word_1_470' title='bbox 493 4763 586 4819; x_wconf 82' lang='lat' dir='ltr'><strong>bet</strong></span> <span class='ocrx_word' id='word_1_471' title='bbox 615 4780 737 4818; x_wconf 91' lang='lat' dir='ltr'><strong>cum</strong></span> <span class='ocrx_word' id='word_1_472' title='bbox 780 4779 913 4819; x_wconf 88' lang='lat' dir='ltr'><strong>mss.</strong></span> <span class='ocrx_word' id='word_1_473' title='bbox 944 4763 1268 4833; x_wconf 69' lang='lat' dir='ltr'><strong>quibusdam</strong></span> <span class='ocrx_word' id='word_1_474' title='bbox 1289 4766 1459 4819; x_wconf 85' lang='lat' dir='ltr'><strong>videre</strong></span> <span class='ocrx_word' id='word_1_475' title='bbox 1483 4783 1582 4833; x_wconf 92' lang='lat' dir='ltr'><strong>pro</strong></span> <span class='ocrx_word' id='word_1_476' title='bbox 1610 4763 1801 4824; x_wconf 77' lang='lat' dir='ltr'><strong>dicere.</strong></span> <span class='ocrx_word' id='word_1_477' title='bbox 1837 4770 1944 4824; x_wconf 88' lang='lat' dir='ltr'><strong>Sed</strong></span> <span class='ocrx_word' id='word_1_478' title='bbox 1975 4784 2077 4823; x_wconf 90' lang='lat' dir='ltr'><strong>ms.</strong></span> 
     </span>
    </p>
   </div>
   <div class='ocr_carea' id='block_1_66' title="bbox 500 4831 2077 4903">
    <p class='ocr_par' dir='ltr' id='par_1_66' title="bbox 500 4831 2077 4903">
     <span class='ocr_line' id='line_1_67' title="bbox 500 4831 2077 4903; baseline 0.003 -15"><span class='ocrx_word' id='word_1_479' title='bbox 500 4833 702 4903; x_wconf 81' lang='lat' dir='ltr'><strong>Regius</strong></span> <span class='ocrx_word' id='word_1_480' title='bbox 726 4848 874 4885; x_wconf 92' lang='lat' dir='ltr'><strong>num.</strong></span> <span class='ocrx_word' id='word_1_481' title='bbox 900 4833 1040 4888; x_wconf 69' lang='lat'><strong>1659</strong></span> <span class='ocrx_word' id='word_1_482' title='bbox 1061 4844 1117 4887; x_wconf 91' lang='lat' dir='ltr'><strong>et</strong></span> <span class='ocrx_word' id='word_1_483' title='bbox 1169 4831 1427 4890; x_wconf 89' lang='lat' dir='ltr'><strong>Rabanus</strong></span> <span class='ocrx_word' id='word_1_484' title='bbox 1462 4831 1663 4893; x_wconf 81' lang='lat' dir='ltr'><strong>rectius</strong></span> <span class='ocrx_word' id='word_1_485' title='bbox 1712 4850 1771 4894; x_wconf 90' lang='lat' dir='ltr'><strong>ut</strong></span> <span class='ocrx_word' id='word_1_486' title='bbox 1809 4841 1863 4896; x_wconf 94' lang='lat' dir='ltr'><strong>in</strong></span> <span class='ocrx_word' id='word_1_487' title='bbox 1903 4850 2077 4895; x_wconf 80' lang='lat' dir='ltr'><strong>textu.</strong></span> 
     </span>
    </p>
   </div>
   <div class='ocr_carea' id='block_1_67' title="bbox 529 4903 2081 4977">
    <p class='ocr_par' dir='ltr' id='par_1_67' title="bbox 529 4903 2081 4977">
     <span class='ocr_line' id='line_1_68' title="bbox 529 4903 2081 4977; baseline 0.004 -19"><span class='ocrx_word' id='word_1_488' title='bbox 529 4904 680 4977; x_wconf 59' lang='grc' dir='ltr'><strong>πμδ)</strong></span> <span class='ocrx_word' id='word_1_489' title='bbox 727 4903 1222 4977; x_wconf 15' lang='grc' dir='ltr'><strong>Βιαινυιιιίιιὶιυι·</strong></span> <span class='ocrx_word' id='word_1_490' title='bbox 1263 4906 1315 4959; x_wconf 92' lang='lat' dir='ltr'><strong>in</strong></span> <span class='ocrx_word' id='word_1_491' title='bbox 1361 4908 1636 4977; x_wconf 87' lang='lat' dir='ltr'><strong>plerisque</strong></span> <span class='ocrx_word' id='word_1_492' title='bbox 1672 4926 1803 4964; x_wconf 87' lang='lat' dir='ltr'><strong>mss.</strong></span> <span class='ocrx_word' id='word_1_493' title='bbox 1844 4918 1899 4965; x_wconf 93' lang='lat' dir='ltr'><strong>et</strong></span> <span class='ocrx_word' id='word_1_494' title='bbox 1939 4910 2081 4977; x_wconf 89' lang='lat' dir='ltr'><strong>apud</strong></span> 
     </span>
    </p>
   </div>
   <div class='ocr_carea' id='block_1_68' title="bbox 496 4976 2078 5101">
    <p class='ocr_par' dir='ltr' id='par_1_68' title="bbox 496 4976 2078 5101">
     <span class='ocr_line' id='line_1_69' title="bbox 496 4976 2078 5101; baseline 0.003 -72"><span class='ocrx_word' id='word_1_495' title='bbox 496 4977 802 5101; x_wconf 54' lang='grc' dir='ltr'><strong>ξὶὲἓὲηυηι,</strong></span> <span class='ocrx_word' id='word_1_496' title='bbox 830 4976 924 5029; x_wconf 89' lang='lat' dir='ltr'><strong>sed</strong></span> <span class='ocrx_word' id='word_1_497' title='bbox 951 4985 1132 5030; x_wconf 80' lang='lat' dir='ltr'><strong>exstat</strong></span> <span class='ocrx_word' id='word_1_498' title='bbox 1157 4977 1212 5030; x_wconf 91' lang='lat' dir='ltr'><strong>in</strong></span> <span class='ocrx_word' id='word_1_499' title='bbox 1237 4977 1402 5033; x_wconf 85' lang='lat' dir='ltr'><strong>editis</strong></span> <span class='ocrx_word' id='word_1_500' title='bbox 1429 4989 1485 5032; x_wconf 90' lang='lat' dir='ltr'><strong>et</strong></span> <span class='ocrx_word' id='word_1_501' title='bbox 1520 4976 1573 5033; x_wconf 84' lang='lat' dir='ltr'><strong>in</strong></span> <span class='ocrx_word' id='word_1_502' title='bbox 1601 4996 1705 5035; x_wconf 91' lang='lat' dir='ltr'><strong>ms.</strong></span> <span class='ocrx_word' id='word_1_503' title='bbox 1728 4978 1898 5051; x_wconf 89' lang='lat' dir='ltr'><strong>Regio</strong></span> <span class='ocrx_word' id='word_1_504' title='bbox 1928 4976 2078 5034; x_wconf 90' lang='lat' dir='ltr'><strong>num.</strong></span> 
     </span>
    </p>
   </div>
   <div class='ocr_carea' id='block_1_69' title="bbox 569 5115 2079 5190">
    <p class='ocr_par' dir='ltr' id='par_1_69' title="bbox 569 5115 2079 5190">
     <span class='ocr_line' id='line_1_70' title="bbox 569 5115 2079 5190; baseline 0.003 -20"><span class='ocrx_word' id='word_1_505' title='bbox 569 5116 682 5190; x_wconf 54' lang='lat'>(4‘9)</span> <span class='ocrx_word' id='word_1_506' title='bbox 722 5119 798 5173; x_wconf 88' lang='lat' dir='ltr'><strong>Ita</strong></span> <span class='ocrx_word' id='word_1_507' title='bbox 823 5116 980 5190; x_wconf 83' lang='lat' dir='ltr'><strong>editi.</strong></span> <span class='ocrx_word' id='word_1_508' title='bbox 1000 5115 1258 5171; x_wconf 87' lang='lat' dir='ltr'><strong>Rabanus</strong></span> <span class='ocrx_word' id='word_1_509' title='bbox 1284 5132 1415 5173; x_wconf 92' lang='lat' dir='ltr'><strong>vero</strong></span> <span class='ocrx_word' id='word_1_510' title='bbox 1441 5126 1496 5190; x_wconf 88' lang='lat' dir='ltr'><strong>et</strong></span> <span class='ocrx_word' id='word_1_511' title='bbox 1528 5134 1662 5190; x_wconf 88' lang='lat' dir='ltr'><strong>mss.</strong></span> <span class='ocrx_word' id='word_1_512' title='bbox 1688 5121 1858 5175; x_wconf 91' lang='lat' dir='ltr'><strong>nostri</strong></span> <span class='ocrx_word' id='word_1_513' title='bbox 1887 5134 2079 5175; x_wconf 89' lang='lat' dir='ltr'><strong>onmes</strong></span> 
     </span>
    </p>
   </div>
   <div class='ocr_carea' id='block_1_70' title="bbox 496 5188 2081 5256">
    <p class='ocr_par' dir='ltr' id='par_1_70' title="bbox 496 5188 2081 5256">
     <span class='ocr_line' id='line_1_71' title="bbox 496 5188 2081 5256; baseline 0.001 -13"><span class='ocrx_word' id='word_1_514' title='bbox 496 5188 758 5243; x_wconf 81' lang='lat' dir='ltr'><strong>omittunt</strong></span> <span class='ocrx_word' id='word_1_515' title='bbox 788 5204 880 5253; x_wconf 85' lang='lat' dir='ltr'><strong>per</strong></span> <span class='ocrx_word' id='word_1_516' title='bbox 907 5188 1065 5256; x_wconf 82' lang='lat' dir='ltr'><strong>ﬁdem</strong></span> <span class='ocrx_word' id='word_1_517' title='bbox 1100 5198 1443 5243; x_wconf 83' lang='lat' dir='ltr'><strong>constantem.</strong></span> <span class='ocrx_word' id='word_1_518' title='bbox 1478 5189 1681 5245; x_wconf 88' lang='lat' dir='ltr'><strong>Deinde</strong></span> <span class='ocrx_word' id='word_1_519' title='bbox 1718 5206 1849 5245; x_wconf 78' lang='lat' dir='ltr'><strong>mss.</strong></span> <span class='ocrx_word' id='word_1_520' title='bbox 1884 5192 1996 5245; x_wconf 88' lang='lat' dir='ltr'><strong>duo</strong></span> <span class='ocrx_word' id='word_1_521' title='bbox 2024 5200 2081 5245; x_wconf 87' lang='lat' dir='ltr'><strong>et.</strong></span> 
     </span>
    </p>
   </div>
   <div class='ocr_carea' id='block_1_71' title="bbox 497 5260 2078 5339">
    <p class='ocr_par' dir='ltr' id='par_1_71' title="bbox 497 5260 2078 5339">
     <span class='ocr_line' id='line_1_72' title="bbox 497 5260 2078 5339; baseline 0.001 -27"><span class='ocrx_word' id='word_1_522' title='bbox 497 5260 648 5339; x_wconf 68' lang='lat' dir='ltr'><strong>editi,</strong></span> <span class='ocrx_word' id='word_1_523' title='bbox 692 5260 799 5314; x_wconf 87' lang='lat' dir='ltr'><strong>Sed</strong></span> <span class='ocrx_word' id='word_1_524' title='bbox 840 5268 889 5312; x_wconf 91' lang='lat' dir='ltr'><strong>et</strong></span> <span class='ocrx_word' id='word_1_525' title='bbox 922 5260 1031 5331; x_wconf 85' lang='lat' dir='ltr'><strong>qui,</strong></span> <span class='ocrx_word' id='word_1_526' title='bbox 1068 5269 1175 5311; x_wconf 88' lang='lat' dir='ltr'><strong>etc.</strong></span> <span class='ocrx_word' id='word_1_527' title='bbox 1206 5260 1398 5314; x_wconf 71' lang='lat' dir='ltr'><strong>Caeteri</strong></span> <span class='ocrx_word' id='word_1_528' title='bbox 1440 5275 1573 5315; x_wconf 91' lang='lat' dir='ltr'><strong>mss.</strong></span> <span class='ocrx_word' id='word_1_529' title='bbox 1619 5270 1675 5315; x_wconf 93' lang='lat' dir='ltr'><strong>et</strong></span> <span class='ocrx_word' id='word_1_530' title='bbox 1708 5263 1862 5327; x_wconf 91' lang='lat' dir='ltr'><strong>editi,</strong></span> <span class='ocrx_word' id='word_1_531' title='bbox 1896 5260 1985 5316; x_wconf 90' lang='lat' dir='ltr'><strong>Sic</strong></span> <span class='ocrx_word' id='word_1_532' title='bbox 2029 5272 2078 5316; x_wconf 85' lang='lat' dir='ltr'><strong>et</strong></span> 
     </span>
    </p>
   </div>
   <div class='ocr_carea' id='block_1_72' title="bbox 536 5340 744 5389">
    <p class='ocr_par' dir='ltr' id='par_1_72' title="bbox 536 5340 744 5389">
     <span class='ocr_line' id='line_1_73' title="bbox 536 5340 744 5389; baseline 0.01 -7"><span class='ocrx_word' id='word_1_533' title='bbox 536 5345 612 5389; x_wconf 72' lang='grc' dir='ltr'><strong>ω.</strong></span> <span class='ocrx_word' id='word_1_534' title='bbox 638 5340 744 5384; x_wconf 73' lang='lat' dir='ltr'><strong>CIC.</strong></span> 
     </span>
    </p>
   </div>
   <div class='ocr_carea' id='block_1_73' title="bbox 498 5345 2080 5471">
    <p class='ocr_par' dir='ltr' id='par_1_73' title="bbox 498 5345 2080 5471">
     <span class='ocr_line' id='line_1_74' title="bbox 498 5345 2080 5471; baseline 0 -17"><span class='ocrx_word' id='word_1_535' title='bbox 498 5345 855 5469; x_wconf 44' lang='lat' dir='ltr'><strong>quibgicbiss.</strong></span> <span class='ocrx_word' id='word_1_536' title='bbox 886 5399 992 5471; x_wconf 62' lang='lat' dir='ltr'><strong>duo</strong></span> <span class='ocrx_word' id='word_1_537' title='bbox 1026 5397 1205 5471; x_wconf 90' lang='lat' dir='ltr'><strong>Regii,</strong></span> <span class='ocrx_word' id='word_1_538' title='bbox 1245 5401 1323 5454; x_wconf 85' lang='lat' dir='ltr'><strong>sic</strong></span> <span class='ocrx_word' id='word_1_539' title='bbox 1351 5410 1399 5455; x_wconf 87' lang='lat' dir='ltr'><strong>et</strong></span> <span class='ocrx_word' id='word_1_540' title='bbox 1435 5398 1481 5452; x_wconf 83' lang='lat' dir='ltr'><strong><em>F</em></strong></span> <span class='ocrx_word' id='word_1_541' title='bbox 1486 5400 1679 5471; x_wconf 81' lang='lat' dir='ltr'><strong>ilius...</strong></span> <span class='ocrx_word' id='word_1_542' title='bbox 1712 5411 1762 5457; x_wconf 88' lang='lat' dir='ltr'><strong>et</strong></span> <span class='ocrx_word' id='word_1_543' title='bbox 1793 5404 1926 5457; x_wconf 86' lang='lat' dir='ltr'><strong>sicut</strong></span> <span class='ocrx_word' id='word_1_544' title='bbox 1969 5400 2080 5455; x_wconf 89' lang='lat' dir='ltr'><strong>Pa-</strong></span> 
     </span>
    </p>
   </div>
   <div class='ocr_carea' id='block_1_74' title="bbox 502 5467 2079 5543">
    <p class='ocr_par' dir='ltr' id='par_1_74' title="bbox 502 5467 2079 5543">
     <span class='ocr_line' id='line_1_75' title="bbox 502 5467 2079 5543; baseline 0.007 -23"><span class='ocrx_word' id='word_1_545' title='bbox 502 5467 798 5543; x_wconf 18' lang='lat' dir='ltr'><strong>ter.....4ita</strong></span> <span class='ocrx_word' id='word_1_546' title='bbox 825 5481 869 5543; x_wconf 86' lang='lat' dir='ltr'><strong>et</strong></span> <span class='ocrx_word' id='word_1_547' title='bbox 903 5467 1071 5537; x_wconf 77' lang='lat' dir='ltr'><strong>Filio,</strong></span> <span class='ocrx_word' id='word_1_548' title='bbox 1098 5467 1203 5525; x_wconf 66' lang='grc' dir='ltr'><strong>ὄις.</strong></span> <span class='ocrx_word' id='word_1_549' title='bbox 1237 5472 1342 5526; x_wconf 89' lang='lat' dir='ltr'><strong>Sed</strong></span> <span class='ocrx_word' id='word_1_550' title='bbox 1374 5487 1477 5525; x_wconf 89' lang='lat' dir='ltr'><strong>ms.</strong></span> <span class='ocrx_word' id='word_1_551' title='bbox 1507 5470 1711 5543; x_wconf 82' lang='lat' dir='ltr'><strong>Regius</strong></span> <span class='ocrx_word' id='word_1_552' title='bbox 1758 5489 1909 5529; x_wconf 88' lang='lat' dir='ltr'><strong>num.</strong></span> <span class='ocrx_word' id='word_1_553' title='bbox 1941 5474 2079 5531; x_wconf 75' lang='grc'><strong>1659</strong></span> 
     </span>
    </p>
   </div>
   <div class='ocr_carea' id='block_1_75' title="bbox 504 5541 1546 5596">
    <p class='ocr_par' dir='ltr' id='par_1_75' title="bbox 504 5541 1546 5596">
     <span class='ocr_line' id='line_1_76' title="bbox 504 5541 1546 5596; baseline 0.003 -4"><span class='ocrx_word' id='word_1_554' title='bbox 504 5548 558 5592; x_wconf 90' lang='lat' dir='ltr'><strong>et</strong></span> <span class='ocrx_word' id='word_1_555' title='bbox 581 5541 711 5594; x_wconf 87' lang='lat' dir='ltr'><strong>editi</strong></span> <span class='ocrx_word' id='word_1_556' title='bbox 744 5542 943 5594; x_wconf 89' lang='lat' dir='ltr'><strong>rectius</strong></span> <span class='ocrx_word' id='word_1_557' title='bbox 975 5552 1032 5591; x_wconf 93' lang='lat' dir='ltr'><strong>ut</strong></span> <span class='ocrx_word' id='word_1_558' title='bbox 1065 5544 1116 5593; x_wconf 92' lang='lat' dir='ltr'><strong>in</strong></span> <span class='ocrx_word' id='word_1_559' title='bbox 1156 5553 1339 5596; x_wconf 88' lang='lat' dir='ltr'><strong>nostro</strong></span> <span class='ocrx_word' id='word_1_560' title='bbox 1374 5551 1546 5595; x_wconf 78' lang='lat' dir='ltr'><strong>textu.</strong></span> 
     </span>
    </p>
   </div>
   <div class='ocr_carea' id='block_1_76' title="bbox 578 5608 2080 5679">
    <p class='ocr_par' dir='ltr' id='par_1_76' title="bbox 578 5608 2080 5679">
     <span class='ocr_line' id='line_1_77' title="bbox 578 5608 2080 5679; baseline 0.007 -18"><span class='ocrx_word' id='word_1_561' title='bbox 578 5608 687 5679; x_wconf 80' lang='grc'><strong>(51)</strong></span> <span class='ocrx_word' id='word_1_562' title='bbox 730 5612 820 5664; x_wconf 86' lang='lat' dir='ltr'><strong>Sic</strong></span> <span class='ocrx_word' id='word_1_563' title='bbox 860 5626 958 5665; x_wconf 91' lang='lat' dir='ltr'><strong>ms.</strong></span> <span class='ocrx_word' id='word_1_564' title='bbox 984 5609 1187 5678; x_wconf 84' lang='lat' dir='ltr'><strong>Regius</strong></span> <span class='ocrx_word' id='word_1_565' title='bbox 1218 5628 1370 5667; x_wconf 91' lang='lat' dir='ltr'><strong>num.</strong></span> <span class='ocrx_word' id='word_1_566' title='bbox 1400 5611 1538 5667; x_wconf 79' lang='grc'><strong>1659</strong></span> <span class='ocrx_word' id='word_1_567' title='bbox 1575 5623 1629 5669; x_wconf 89' lang='lat' dir='ltr'><strong>et</strong></span> <span class='ocrx_word' id='word_1_568' title='bbox 1658 5612 1937 5672; x_wconf 84' lang='lat' dir='ltr'><strong>Rabanus.</strong></span> <span class='ocrx_word' id='word_1_569' title='bbox 1963 5614 2080 5671; x_wconf 76' lang='lat' dir='ltr'><strong>Cte-</strong></span> 
     </span>
    </p>
   </div>
   <div class='ocr_carea' id='block_1_77' title="bbox 507 5681 1513 5751">
    <p class='ocr_par' dir='ltr' id='par_1_77' title="bbox 507 5681 1513 5751">
     <span class='ocr_line' id='line_1_78' title="bbox 507 5681 1513 5751; baseline 0.006 -21"><span class='ocrx_word' id='word_1_570' title='bbox 507 5681 765 5751; x_wconf 75' lang='lat' dir='ltr'><strong>teri__v_cro</strong></span> <span class='ocrx_word' id='word_1_571' title='bbox 795 5697 923 5734; x_wconf 88' lang='lat' dir='ltr'><strong>mss.</strong></span> <span class='ocrx_word' id='word_1_572' title='bbox 950 5691 1004 5733; x_wconf 90' lang='lat' dir='ltr'><strong>et</strong></span> <span class='ocrx_word' id='word_1_573' title='bbox 1032 5683 1184 5748; x_wconf 89' lang='lat' dir='ltr'><strong>editi,</strong></span> <span class='ocrx_word' id='word_1_574' title='bbox 1218 5694 1513 5751; x_wconf 85' lang='lat' dir='ltr'><strong>rogaverat.</strong></span> 
     </span>
    </p>
   </div>
   <div class='ocr_carea' id='block_1_78' title="bbox 577 5748 2075 5820">
    <p class='ocr_par' dir='ltr' id='par_1_78' title="bbox 577 5748 2075 5820">
     <span class='ocr_line' id='line_1_79' title="bbox 577 5748 2075 5820; baseline 0.005 -18"><span class='ocrx_word' id='word_1_575' title='bbox 577 5748 691 5820; x_wconf 71' lang='lat'><strong>(5&#39;).)</strong></span> <span class='ocrx_word' id='word_1_576' title='bbox 734 5749 935 5817; x_wconf 77' lang='lat' dir='ltr'><strong>Ipsum.</strong></span> <span class='ocrx_word' id='word_1_577' title='bbox 984 5748 1333 5806; x_wconf 77' lang='lat' dir='ltr'><strong>Desideratur</strong></span> <span class='ocrx_word' id='word_1_578' title='bbox 1385 5754 1438 5806; x_wconf 93' lang='lat' dir='ltr'><strong>in</strong></span> <span class='ocrx_word' id='word_1_579' title='bbox 1487 5754 1668 5811; x_wconf 89' lang='lat' dir='ltr'><strong>editis.</strong></span> <span class='ocrx_word' id='word_1_580' title='bbox 1718 5755 1921 5811; x_wconf 89' lang='lat' dir='ltr'><strong>Deinde</strong></span> <span class='ocrx_word' id='word_1_581' title='bbox 1973 5773 2075 5810; x_wconf 91' lang='lat' dir='ltr'><strong>ms.</strong></span> 
     </span>
    </p>
   </div>
   <div class='ocr_carea' id='block_1_79' title="bbox 506 5815 2078 5891">
    <p class='ocr_par' dir='ltr' id='par_1_79' title="bbox 506 5815 2078 5891">
     <span class='ocr_line' id='line_1_80' title="bbox 506 5815 2078 5891; baseline 0.008 -22"><span class='ocrx_word' id='word_1_582' title='bbox 506 5815 712 5890; x_wconf 47' lang='lat' dir='ltr'><strong>Rxgiu&#39;s</strong></span> <span class='ocrx_word' id='word_1_583' title='bbox 742 5815 890 5874; x_wconf 84' lang='lat' dir='ltr'><strong>nutu.</strong></span> <span class='ocrx_word' id='word_1_584' title='bbox 916 5821 1075 5888; x_wconf 75' lang='grc'>1659,</span> <span class='ocrx_word' id='word_1_585' title='bbox 1095 5838 1191 5889; x_wconf 84' lang='lat' dir='ltr'><strong>pro</strong></span> <span class='ocrx_word' id='word_1_586' title='bbox 1217 5839 1276 5878; x_wconf 86' lang='lat' dir='ltr'><strong>eo</strong></span> <span class='ocrx_word' id='word_1_587' title='bbox 1303 5823 1441 5891; x_wconf 84' lang='lat' dir='ltr'><strong>quod</strong></span> <span class='ocrx_word' id='word_1_588' title='bbox 1464 5824 1631 5880; x_wconf 84' lang='lat' dir='ltr'><strong>soleat</strong></span> <span class='ocrx_word' id='word_1_589' title='bbox 1662 5830 1943 5891; x_wconf 83' lang='lat' dir='ltr'><strong>nominari,</strong></span> <span class='ocrx_word' id='word_1_590' title='bbox 1970 5840 2078 5881; x_wconf 87' lang='lat' dir='ltr'><strong>etc.</strong></span> 
     </span>
    </p>
   </div>
   <div class='ocr_carea' id='block_1_80' title="bbox 1073 4433 2070 4510">
    <p class='ocr_par' dir='ltr' id='par_1_80' title="bbox 1073 4433 2070 4510">
     <span class='ocr_line' id='line_1_81' title="bbox 1073 4433 2070 4510; baseline 0.007 -23"><span class='ocrx_word' id='word_1_591' title='bbox 1073 4434 1091 4465; x_wconf 73' lang='grc'><strong>⁸</strong></span> <span class='ocrx_word' id='word_1_592' title='bbox 1130 4433 1291 4510; x_wconf 74' lang='lat' dir='ltr'><strong>Rom.</strong></span> <span class='ocrx_word' id='word_1_593' title='bbox 1337 4453 1460 4501; x_wconf 81' lang='lat' dir='ltr'><strong>xvr,</strong></span> <span class='ocrx_word' id='word_1_594' title='bbox 1488 4436 1581 4510; x_wconf 70' lang='lat'><strong>29.</strong></span> <span class='ocrx_word' id='word_1_595' title='bbox 1656 4439 1678 4469; x_wconf 78' lang='lat'>&#39;</span> <span class='ocrx_word' id='word_1_596' title='bbox 1715 4437 1947 4510; x_wconf 84' lang='lat' dir='ltr'><strong>Joan.v,</strong></span> <span class='ocrx_word' id='word_1_597' title='bbox 1983 4441 2070 4502; x_wconf 71' lang='grc'><strong>21,</strong></span> 
     </span>
    </p>
   </div>
   <div class='ocr_carea' id='block_1_81' title="bbox 2177 4433 3279 4510">
    <p class='ocr_par' dir='ltr' id='par_1_81' title="bbox 2177 4440 3279 4510">
     <span class='ocr_line' id='line_1_82' title="bbox 2177 4440 3279 4510; baseline 0.002 -17"><span class='ocrx_word' id='word_1_598' title='bbox 2177 4440 2209 4494; x_wconf 80' lang='lat' dir='ltr'><strong>i.</strong></span> <span class='ocrx_word' id='word_1_599' title='bbox 2287 4442 2309 4473; x_wconf 87' lang='grc'>⁸</span> <span class='ocrx_word' id='word_1_600' title='bbox 2350 4441 2507 4496; x_wconf 86' lang='lat' dir='ltr'><strong>Rom.</strong></span> <span class='ocrx_word' id='word_1_601' title='bbox 2536 4442 2721 4510; x_wconf 74' lang='lat' dir='ltr'><strong>x1,35.</strong></span> <span class='ocrx_word' id='word_1_602' title='bbox 2797 4442 2820 4475; x_wconf 74' lang='lat'><strong>‘</strong></span> <span class='ocrx_word' id='word_1_603' title='bbox 2858 4442 3021 4498; x_wconf 88' lang='lat' dir='ltr'><strong>Rom.</strong></span> <span class='ocrx_word' id='word_1_604' title='bbox 3044 4459 3160 4506; x_wconf 77' lang='lat' dir='ltr'><strong>xvr,</strong></span> <span class='ocrx_word' id='word_1_605' title='bbox 3188 4442 3279 4496; x_wconf 74' lang='lat'><strong>21.</strong></span> 
     </span>
    </p>
   </div>
   <div class='ocr_carea' id='block_1_82' title="bbox 570 4504 2104 4578">
    <p class='ocr_par' dir='ltr' id='par_1_82' title="bbox 570 4504 2104 4578">
     <span class='ocr_line' id='line_1_83' title="bbox 570 4504 2104 4578; baseline 0.005 -22"><span class='ocrx_word' id='word_1_606' title='bbox 570 4504 591 4536; x_wconf 77' lang='grc'>⁸</span> <span class='ocrx_word' id='word_1_607' title='bbox 631 4505 647 4557; x_wconf 93' lang='lat' dir='ltr'><strong>l</strong></span> <span class='ocrx_word' id='word_1_608' title='bbox 678 4504 818 4557; x_wconf 87' lang='lat' dir='ltr'><strong>&#39;l‘im.</strong></span> <span class='ocrx_word' id='word_1_609' title='bbox 844 4520 880 4569; x_wconf 83' lang='grc' dir='ltr'><strong>ι,</strong></span> <span class='ocrx_word' id='word_1_610' title='bbox 910 4504 967 4569; x_wconf 80' lang='grc'><strong>5,</strong></span> <span class='ocrx_word' id='word_1_611' title='bbox 997 4504 1050 4559; x_wconf 64' lang='grc' dir='ltr'><strong>ὁ.</strong></span> <span class='ocrx_word' id='word_1_612' title='bbox 1129 4507 1148 4538; x_wconf 84' lang='grc'><strong>⁷</strong></span> <span class='ocrx_word' id='word_1_613' title='bbox 1191 4507 1313 4562; x_wconf 80' lang='lat' dir='ltr'><strong>Act.</strong></span> <span class='ocrx_word' id='word_1_614' title='bbox 1344 4523 1486 4575; x_wconf 80' lang='lat' dir='ltr'><strong>xvii,</strong></span> <span class='ocrx_word' id='word_1_615' title='bbox 1518 4507 1553 4561; x_wconf 82' lang='lat'><strong>5</strong></span> <span class='ocrx_word' id='word_1_616' title='bbox 1574 4523 1658 4578; x_wconf 90' lang='lat' dir='ltr'><strong>sq.</strong></span> <span class='ocrx_word' id='word_1_617' title='bbox 1733 4509 1757 4542; x_wconf 81' lang='grc'>⁸</span> <span class='ocrx_word' id='word_1_618' title='bbox 1794 4519 1923 4566; x_wconf 86' lang='lat' dir='ltr'><strong>Act.</strong></span> <span class='ocrx_word' id='word_1_619' title='bbox 1950 4512 2104 4576; x_wconf 52' lang='grc' dir='ltr'><strong>ΠΛ.</strong></span> 
     </span>
    </p>
   </div>
   <div class='ocr_carea' id='block_1_83' title="bbox 2169 1910 3760 1982">
    <p class='ocr_par' dir='ltr' id='par_1_83' title="bbox 2169 1910 3760 1982">
     <span class='ocr_line' id='line_1_84' title="bbox 2169 1910 3760 1982; baseline 0.002 -18"><span class='ocrx_word' id='word_1_620' title='bbox 2169 1912 2478 1965; x_wconf 86' lang='lat' dir='ltr'><strong>discedendi</strong></span> <span class='ocrx_word' id='word_1_621' title='bbox 2512 1911 2623 1982; x_wconf 77' lang='grc'><strong>(55)</strong></span> <span class='ocrx_word' id='word_1_622' title='bbox 2668 1912 2875 1964; x_wconf 88' lang='lat' dir='ltr'><strong>faceret</strong></span> <span class='ocrx_word' id='word_1_623' title='bbox 2924 1910 3253 1965; x_wconf 89' lang='lat' dir='ltr'><strong>libertatem.</strong></span> <span class='ocrx_word' id='word_1_624' title='bbox 3306 1912 3592 1979; x_wconf 86' lang='lat' dir='ltr'><strong>Sosipater</strong></span> <span class='ocrx_word' id='word_1_625' title='bbox 3620 1925 3760 1980; x_wconf 87' lang='lat' dir='ltr'><strong>quo-</strong></span> 
     </span>
    </p>
   </div>
   <div class='ocr_carea' id='block_1_84' title="bbox 2169 2002 3757 2074">
    <p class='ocr_par' dir='ltr' id='par_1_84' title="bbox 2169 2002 3757 2074">
     <span class='ocr_line' id='line_1_85' title="bbox 2169 2002 3757 2074; baseline 0.001 -18"><span class='ocrx_word' id='word_1_626' title='bbox 2169 2020 2273 2074; x_wconf 89' lang='lat' dir='ltr'><strong>que</strong></span> <span class='ocrx_word' id='word_1_627' title='bbox 2311 2005 2401 2074; x_wconf 93' lang='lat' dir='ltr'><strong>qui</strong></span> <span class='ocrx_word' id='word_1_628' title='bbox 2433 2005 2517 2058; x_wconf 92' lang='lat' dir='ltr'><strong>his</strong></span> <span class='ocrx_word' id='word_1_629' title='bbox 2542 2003 2812 2073; x_wconf 91' lang='lat' dir='ltr'><strong>jungitur,</strong></span> <span class='ocrx_word' id='word_1_630' title='bbox 2850 2002 3100 2071; x_wconf 89' lang='lat' dir='ltr'><strong>suspicor</strong></span> <span class='ocrx_word' id='word_1_631' title='bbox 3131 2004 3275 2072; x_wconf 89' lang='lat' dir='ltr'><strong>quod</strong></span> <span class='ocrx_word' id='word_1_632' title='bbox 3307 2003 3422 2070; x_wconf 87' lang='lat' dir='ltr'><strong>ipse</strong></span> <span class='ocrx_word' id='word_1_633' title='bbox 3456 2003 3531 2057; x_wconf 86' lang='lat' dir='ltr'><strong>sit</strong></span> <span class='ocrx_word' id='word_1_634' title='bbox 3573 2004 3665 2071; x_wconf 92' lang='lat' dir='ltr'><strong>qui</strong></span> <span class='ocrx_word' id='word_1_635' title='bbox 3699 2003 3757 2058; x_wconf 88' lang='lat' dir='ltr'><strong>in</strong></span> 
     </span>
    </p>
   </div>
   <div class='ocr_carea' id='block_1_85' title="bbox 2168 2093 3759 2166">
    <p class='ocr_par' dir='ltr' id='par_1_85' title="bbox 2168 2093 3759 2166">
     <span class='ocr_line' id='line_1_86' title="bbox 2168 2093 3759 2166; baseline -0.003 -15"><span class='ocrx_word' id='word_1_636' title='bbox 2168 2096 2395 2152; x_wconf 83' lang='lat' dir='ltr'><strong>Aetibus</strong></span> <span class='ocrx_word' id='word_1_637' title='bbox 2455 2097 2825 2166; x_wconf 90' lang='lat' dir='ltr'><strong>apostolorum</strong></span> <span class='ocrx_word' id='word_1_638' title='bbox 2868 2095 2891 2127; x_wconf 83' lang='grc'>⁸</span> <span class='ocrx_word' id='word_1_639' title='bbox 2928 2095 3182 2150; x_wconf 85' lang='lat' dir='ltr'><strong>scribitur</strong></span> <span class='ocrx_word' id='word_1_640' title='bbox 3237 2095 3513 2161; x_wconf 85' lang='lat' dir='ltr'><strong>Sosipater</strong></span> <span class='ocrx_word' id='word_1_641' title='bbox 3560 2093 3759 2164; x_wconf 82' lang='lat' dir='ltr'><strong>Pyrrhi</strong></span> 
     </span>
    </p>
   </div>
   <div class='ocr_carea' id='block_1_86' title="bbox 2170 2187 3755 2267">
    <p class='ocr_par' dir='ltr' id='par_1_86' title="bbox 2170 2187 3755 2267">
     <span class='ocr_line' id='line_1_87' title="bbox 2170 2187 3755 2267; baseline -0.002 -25"><span class='ocrx_word' id='word_1_642' title='bbox 2170 2188 2468 2243; x_wconf 83' lang='lat' dir='ltr'><strong>Beroensis.</strong></span> <span class='ocrx_word' id='word_1_643' title='bbox 2496 2188 2600 2242; x_wconf 91' lang='lat' dir='ltr'><strong>Sed</strong></span> <span class='ocrx_word' id='word_1_644' title='bbox 2628 2188 2722 2257; x_wconf 89' lang='lat' dir='ltr'><strong>qui</strong></span> <span class='ocrx_word' id='word_1_645' title='bbox 2757 2187 2911 2242; x_wconf 88' lang='lat' dir='ltr'><strong>Pauli</strong></span> <span class='ocrx_word' id='word_1_646' title='bbox 2941 2187 3179 2267; x_wconf 81' lang='lat' dir='ltr'><strong>Litteras</strong></span> <span class='ocrx_word' id='word_1_647' title='bbox 3200 2188 3468 2241; x_wconf 87' lang='lat' dir='ltr'><strong>curiosius</strong></span> <span class='ocrx_word' id='word_1_648' title='bbox 3499 2197 3755 2256; x_wconf 85' lang='lat' dir='ltr'><strong>tanquam</strong></span> 
     </span>
    </p>
   </div>
   <div class='ocr_carea' id='block_1_87' title="bbox 2171 2280 3760 2350">
    <p class='ocr_par' dir='ltr' id='par_1_87' title="bbox 2171 2280 3760 2350">
     <span class='ocr_line' id='line_1_88' title="bbox 2171 2280 3760 2350; baseline 0 -15"><span class='ocrx_word' id='word_1_649' title='bbox 2171 2282 2390 2336; x_wconf 79' lang='lat' dir='ltr'><strong>Christo</strong></span> <span class='ocrx_word' id='word_1_650' title='bbox 2426 2283 2478 2335; x_wconf 91' lang='lat' dir='ltr'><strong>in</strong></span> <span class='ocrx_word' id='word_1_651' title='bbox 2514 2296 2581 2335; x_wconf 92' lang='lat' dir='ltr'><strong>eo</strong></span> <span class='ocrx_word' id='word_1_652' title='bbox 2631 2282 2883 2350; x_wconf 90' lang='lat' dir='ltr'><strong>loquente</strong></span> <span class='ocrx_word' id='word_1_653' title='bbox 2928 2282 3258 2346; x_wconf 87' lang='lat' dir='ltr'><strong>considerat,</strong></span> <span class='ocrx_word' id='word_1_654' title='bbox 3292 2281 3600 2335; x_wconf 89' lang='lat' dir='ltr'><strong>movebitur</strong></span> <span class='ocrx_word' id='word_1_655' title='bbox 3640 2280 3760 2335; x_wconf 89' lang='lat' dir='ltr'><strong>sine</strong></span> 
     </span>
    </p>
   </div>
   <div class='ocr_carea' id='block_1_88' title="bbox 2170 2371 3757 2441">
    <p class='ocr_par' dir='ltr' id='par_1_88' title="bbox 2170 2371 3757 2441">
     <span class='ocr_line' id='line_1_89' title="bbox 2170 2371 3757 2441; baseline -0.001 -16"><span class='ocrx_word' id='word_1_656' title='bbox 2170 2373 2336 2427; x_wconf 88' lang='lat' dir='ltr'><strong>dubio</strong></span> <span class='ocrx_word' id='word_1_657' title='bbox 2364 2372 2638 2441; x_wconf 87' lang='lat' dir='ltr'><strong>quomodo</strong></span> <span class='ocrx_word' id='word_1_658' title='bbox 2669 2371 2869 2426; x_wconf 88' lang='lat' dir='ltr'><strong>Paulus</strong></span> <span class='ocrx_word' id='word_1_659' title='bbox 2913 2373 3004 2441; x_wconf 92' lang='lat' dir='ltr'><strong>qui</strong></span> <span class='ocrx_word' id='word_1_660' title='bbox 3052 2387 3112 2426; x_wconf 90' lang='lat' dir='ltr'><strong>sc</strong></span> <span class='ocrx_word' id='word_1_661' title='bbox 3161 2371 3377 2426; x_wconf 87' lang='lat' dir='ltr'><strong>Tharso</strong></span> <span class='ocrx_word' id='word_1_662' title='bbox 3414 2371 3621 2425; x_wconf 66' lang='lat' dir='ltr'><strong>Cilicia:</strong></span> <span class='ocrx_word' id='word_1_663' title='bbox 3654 2388 3757 2424; x_wconf 83' lang='lat' dir='ltr'><strong>na-</strong></span> 
     </span>
    </p>
   </div>
   <div class='ocr_carea' id='block_1_89' title="bbox 2172 2462 3759 2532">
    <p class='ocr_par' dir='ltr' id='par_1_89' title="bbox 2172 2462 3759 2532">
     <span class='ocr_line' id='line_1_90' title="bbox 2172 2462 3759 2532; baseline -0.001 -15"><span class='ocrx_word' id='word_1_664' title='bbox 2172 2473 2284 2517; x_wconf 87' lang='lat' dir='ltr'><strong>tum</strong></span> <span class='ocrx_word' id='word_1_665' title='bbox 2320 2464 2594 2532; x_wconf 80' lang='lat' dir='ltr'><strong>professus</strong></span> <span class='ocrx_word' id='word_1_666' title='bbox 2623 2465 2754 2518; x_wconf 82' lang='lat' dir='ltr'><strong>est’</strong></span> <span class='ocrx_word' id='word_1_667' title='bbox 2784 2462 3069 2518; x_wconf 71' lang='lat' dir='ltr'><strong>Hebraeum</strong></span> <span class='ocrx_word' id='word_1_668' title='bbox 3099 2480 3166 2519; x_wconf 76' lang='lat' dir='ltr'><strong>ex</strong></span> <span class='ocrx_word' id='word_1_669' title='bbox 3201 2464 3470 2529; x_wconf 66' lang='lat' dir='ltr'><strong>llebrmis,</strong></span> <span class='ocrx_word' id='word_1_670' title='bbox 3501 2479 3647 2518; x_wconf 89' lang='lat' dir='ltr'><strong>nunc</strong></span> <span class='ocrx_word' id='word_1_671' title='bbox 3673 2465 3759 2517; x_wconf 83' lang='lat' dir='ltr'><strong>vel</strong></span> 
     </span>
    </p>
   </div>
   <div class='ocr_carea' id='block_1_90' title="bbox 2172 2553 3761 2627">
    <p class='ocr_par' dir='ltr' id='par_1_90' title="bbox 2172 2553 3761 2627">
     <span class='ocr_line' id='line_1_91' title="bbox 2172 2553 3761 2627; baseline 0.002 -19"><span class='ocrx_word' id='word_1_672' title='bbox 2172 2554 2441 2609; x_wconf 87' lang='lat' dir='ltr'><strong>Timothei</strong></span> <span class='ocrx_word' id='word_1_673' title='bbox 2480 2553 2770 2611; x_wconf 89' lang='lat' dir='ltr'><strong>Derbensis</strong></span> <span class='ocrx_word' id='word_1_674' title='bbox 2802 2557 2937 2612; x_wconf 91' lang='lat' dir='ltr'><strong>civis</strong></span> <span class='ocrx_word' id='word_1_675' title='bbox 2972 2573 3038 2611; x_wconf 76' lang='lat' dir='ltr'><strong>ex</strong></span> <span class='ocrx_word' id='word_1_676' title='bbox 3077 2566 3231 2625; x_wconf 87' lang='lat' dir='ltr'><strong>patre</strong></span> <span class='ocrx_word' id='word_1_677' title='bbox 3267 2557 3456 2625; x_wconf 87' lang='lat' dir='ltr'><strong>gentili</strong></span> <span class='ocrx_word' id='word_1_678' title='bbox 3495 2567 3761 2627; x_wconf 86' lang='lat' dir='ltr'><strong>cognatus</strong></span> 
     </span>
    </p>
   </div>
   <div class='ocr_carea' id='block_1_91' title="bbox 2173 2645 3760 2717">
    <p class='ocr_par' dir='ltr' id='par_1_91' title="bbox 2173 2645 3760 2717">
     <span class='ocr_line' id='line_1_92' title="bbox 2173 2645 3760 2717; baseline 0.001 -17"><span class='ocrx_word' id='word_1_679' title='bbox 2173 2651 2253 2701; x_wconf 91' lang='lat' dir='ltr'><strong>vel</strong></span> <span class='ocrx_word' id='word_1_680' title='bbox 2286 2648 2725 2717; x_wconf 85' lang='lat' dir='ltr'><strong>consanguineus</strong></span> <span class='ocrx_word' id='word_1_681' title='bbox 2768 2663 2890 2702; x_wconf 89' lang='lat' dir='ltr'><strong>esse</strong></span> <span class='ocrx_word' id='word_1_682' title='bbox 2929 2649 3164 2712; x_wconf 89' lang='lat' dir='ltr'><strong>dicatur,</strong></span> <span class='ocrx_word' id='word_1_683' title='bbox 3206 2649 3287 2701; x_wconf 87' lang='lat' dir='ltr'><strong>vel</strong></span> <span class='ocrx_word' id='word_1_684' title='bbox 3320 2645 3537 2702; x_wconf 82' lang='lat' dir='ltr'><strong>Jasonis</strong></span> <span class='ocrx_word' id='word_1_685' title='bbox 3587 2648 3760 2702; x_wconf 86' lang='lat' dir='ltr'><strong>Thes-</strong></span> 
     </span>
    </p>
   </div>
   <div class='ocr_carea' id='block_1_92' title="bbox 2172 2739 3755 2812">
    <p class='ocr_par' dir='ltr' id='par_1_92' title="bbox 2172 2739 3755 2812">
     <span class='ocr_line' id='line_1_93' title="bbox 2172 2739 3755 2812; baseline 0.001 -19"><span class='ocrx_word' id='word_1_686' title='bbox 2172 2739 2546 2803; x_wconf 88' lang='lat' dir='ltr'><strong>salonicensis,</strong></span> <span class='ocrx_word' id='word_1_687' title='bbox 2576 2739 2661 2793; x_wconf 87' lang='lat' dir='ltr'><strong>vel</strong></span> <span class='ocrx_word' id='word_1_688' title='bbox 2698 2739 2995 2808; x_wconf 87' lang='lat' dir='ltr'><strong>Sosipatris</strong></span> <span class='ocrx_word' id='word_1_689' title='bbox 3028 2740 3222 2812; x_wconf 80' lang='lat' dir='ltr'><strong>Pyrrhi</strong></span> <span class='ocrx_word' id='word_1_690' title='bbox 3259 2740 3566 2796; x_wconf 82' lang='lat' dir='ltr'><strong>Beroensis.</strong></span> <span class='ocrx_word' id='word_1_691' title='bbox 3599 2741 3755 2806; x_wconf 83' lang='lat' dir='ltr'><strong>Quod</strong></span> 
     </span>
    </p>
   </div>
   <div class='ocr_carea' id='block_1_93' title="bbox 2172 2832 3759 2903">
    <p class='ocr_par' dir='ltr' id='par_1_93' title="bbox 2172 2832 3759 2903">
     <span class='ocr_line' id='line_1_94' title="bbox 2172 2832 3759 2903; baseline -0.001 -17"><span class='ocrx_word' id='word_1_692' title='bbox 2172 2834 2219 2886; x_wconf 87' lang='lat' dir='ltr'><strong>si</strong></span> <span class='ocrx_word' id='word_1_693' title='bbox 2250 2848 2348 2902; x_wconf 91' lang='lat' dir='ltr'><strong>pro</strong></span> <span class='ocrx_word' id='word_1_694' title='bbox 2374 2848 2441 2887; x_wconf 90' lang='lat' dir='ltr'><strong>eo</strong></span> <span class='ocrx_word' id='word_1_695' title='bbox 2482 2832 2681 2901; x_wconf 89' lang='lat' dir='ltr'><strong>aliquis</strong></span> <span class='ocrx_word' id='word_1_696' title='bbox 2709 2832 2857 2887; x_wconf 90' lang='lat' dir='ltr'><strong>dicat</strong></span> <span class='ocrx_word' id='word_1_697' title='bbox 2885 2833 3013 2903; x_wconf 86' lang='lat' dir='ltr'><strong>quia</strong></span> <span class='ocrx_word' id='word_1_698' title='bbox 3059 2834 3224 2887; x_wconf 88' lang='lat' dir='ltr'><strong>etiam</strong></span> <span class='ocrx_word' id='word_1_699' title='bbox 3259 2833 3364 2901; x_wconf 91' lang='lat' dir='ltr'><strong>ipsi</strong></span> <span class='ocrx_word' id='word_1_700' title='bbox 3407 2834 3649 2901; x_wconf 89' lang='lat' dir='ltr'><strong>qualibet</strong></span> <span class='ocrx_word' id='word_1_701' title='bbox 3691 2847 3759 2885; x_wconf 79' lang='lat' dir='ltr'><strong>ex</strong></span> 
     </span>
    </p>
   </div>
   <div class='ocr_carea' id='block_1_94' title="bbox 2175 2925 3762 2994">
    <p class='ocr_par' dir='ltr' id='par_1_94' title="bbox 2175 2925 3762 2994">
     <span class='ocr_line' id='line_1_95' title="bbox 2175 2925 3762 2994; baseline 0.001 -18"><span class='ocrx_word' id='word_1_702' title='bbox 2175 2937 2329 2993; x_wconf 84' lang='lat' dir='ltr'><strong>parte</strong></span> <span class='ocrx_word' id='word_1_703' title='bbox 2357 2940 2425 2978; x_wconf 81' lang='lat' dir='ltr'><strong>ex</strong></span> <span class='ocrx_word' id='word_1_704' title='bbox 2460 2926 2885 2979; x_wconf 89' lang='lat' dir='ltr'><strong>circumcisione</strong></span> <span class='ocrx_word' id='word_1_705' title='bbox 2929 2925 3221 2980; x_wconf 87' lang='lat' dir='ltr'><strong>veniebant</strong></span> <span class='ocrx_word' id='word_1_706' title='bbox 3250 2943 3264 2979; x_wconf 88' lang='lat'><strong>:</strong></span> <span class='ocrx_word' id='word_1_707' title='bbox 3299 2941 3407 2979; x_wconf 92' lang='lat' dir='ltr'><strong>non</strong></span> <span class='ocrx_word' id='word_1_708' title='bbox 3438 2941 3570 2994; x_wconf 83' lang='lat' dir='ltr'><strong>ergo</strong></span> <span class='ocrx_word' id='word_1_709' title='bbox 3598 2940 3762 2992; x_wconf 85' lang='lat' dir='ltr'><strong>opor-</strong></span> 
     </span>
    </p>
   </div>
   <div class='ocr_carea' id='block_1_95' title="bbox 2176 3016 3759 3087">
    <p class='ocr_par' dir='ltr' id='par_1_95' title="bbox 2176 3016 3759 3087">
     <span class='ocr_line' id='line_1_96' title="bbox 2176 3016 3759 3087; baseline -0.001 -15"><span class='ocrx_word' id='word_1_710' title='bbox 2176 3018 2276 3072; x_wconf 91' lang='lat' dir='ltr'><strong>tnit</strong></span> <span class='ocrx_word' id='word_1_711' title='bbox 2305 3018 2371 3072; x_wconf 90' lang='lat' dir='ltr'><strong>de</strong></span> <span class='ocrx_word' id='word_1_712' title='bbox 2406 3019 2490 3073; x_wconf 91' lang='lat' dir='ltr'><strong>his</strong></span> <span class='ocrx_word' id='word_1_713' title='bbox 2518 3017 2829 3087; x_wconf 90' lang='lat' dir='ltr'><strong>specialiter</strong></span> <span class='ocrx_word' id='word_1_714' title='bbox 2857 3019 3061 3080; x_wconf 88' lang='lat' dir='ltr'><strong>dicere,</strong></span> <span class='ocrx_word' id='word_1_715' title='bbox 3088 3019 3182 3073; x_wconf 91' lang='lat' dir='ltr'><strong>sed</strong></span> <span class='ocrx_word' id='word_1_716' title='bbox 3212 3030 3269 3072; x_wconf 90' lang='lat' dir='ltr'><strong>et</strong></span> <span class='ocrx_word' id='word_1_717' title='bbox 3298 3020 3363 3072; x_wconf 89' lang='lat' dir='ltr'><strong>de</strong></span> <span class='ocrx_word' id='word_1_718' title='bbox 3387 3018 3640 3072; x_wconf 85' lang='lat' dir='ltr'><strong>omnibus</strong></span> <span class='ocrx_word' id='word_1_719' title='bbox 3668 3016 3759 3087; x_wconf 93' lang='lat' dir='ltr'><strong>qui</strong></span> 
     </span>
    </p>
   </div>
   <div class='ocr_carea' id='block_1_96' title="bbox 2174 3105 3763 3179">
    <p class='ocr_par' dir='ltr' id='par_1_96' title="bbox 2174 3105 3763 3179">
     <span class='ocr_line' id='line_1_97' title="bbox 2174 3105 3763 3179; baseline 0.001 -16"><span class='ocrx_word' id='word_1_720' title='bbox 2174 3124 2236 3163; x_wconf 85' lang='lat' dir='ltr'><strong>ex</strong></span> <span class='ocrx_word' id='word_1_721' title='bbox 2263 3105 2463 3164; x_wconf 66' lang='lat' dir='ltr'><strong>Judteis</strong></span> <span class='ocrx_word' id='word_1_722' title='bbox 2494 3119 2672 3176; x_wconf 87' lang='lat' dir='ltr'><strong>erant,</strong></span> <span class='ocrx_word' id='word_1_723' title='bbox 2700 3113 2843 3179; x_wconf 87' lang='lat' dir='ltr'><strong>quod</strong></span> <span class='ocrx_word' id='word_1_724' title='bbox 2894 3120 3081 3165; x_wconf 88' lang='lat' dir='ltr'><strong>essent</strong></span> <span class='ocrx_word' id='word_1_725' title='bbox 3121 3111 3338 3178; x_wconf 91' lang='lat' dir='ltr'><strong>cognati</strong></span> <span class='ocrx_word' id='word_1_726' title='bbox 3387 3109 3576 3164; x_wconf 88' lang='lat' dir='ltr'><strong>Paulo.</strong></span> <span class='ocrx_word' id='word_1_727' title='bbox 3611 3108 3763 3164; x_wconf 86' lang='lat' dir='ltr'><strong>Nunc</strong></span> 
     </span>
    </p>
   </div>
   <div class='ocr_carea' id='block_1_97' title="bbox 2179 3201 3762 3271">
    <p class='ocr_par' dir='ltr' id='par_1_97' title="bbox 2179 3201 3762 3271">
     <span class='ocr_line' id='line_1_98' title="bbox 2179 3201 3762 3271; baseline 0.003 -19"><span class='ocrx_word' id='word_1_728' title='bbox 2179 3218 2303 3255; x_wconf 79' lang='lat' dir='ltr'><strong>vero</strong></span> <span class='ocrx_word' id='word_1_729' title='bbox 2326 3218 2447 3271; x_wconf 76' lang='lat' dir='ltr'><strong>cum</strong></span> <span class='ocrx_word' id='word_1_730' title='bbox 2481 3202 2694 3256; x_wconf 63' lang='lat' dir='ltr'><strong>caeteris</strong></span> <span class='ocrx_word' id='word_1_731' title='bbox 2720 3218 3065 3271; x_wconf 88' lang='lat' dir='ltr'><strong>nequaquam</strong></span> <span class='ocrx_word' id='word_1_732' title='bbox 3096 3203 3201 3261; x_wconf 84' lang='lat' dir='ltr'><strong>hoc</strong></span> <span class='ocrx_word' id='word_1_733' title='bbox 3234 3212 3432 3256; x_wconf 89' lang='lat' dir='ltr'><strong>nomen</strong></span> <span class='ocrx_word' id='word_1_734' title='bbox 3463 3201 3762 3271; x_wconf 87' lang='lat' dir='ltr'><strong>indulgeat,</strong></span> 
     </span>
    </p>
   </div>
   <div class='ocr_carea' id='block_1_98' title="bbox 2176 3294 3762 3358">
    <p class='ocr_par' dir='ltr' id='par_1_98' title="bbox 2176 3294 3762 3358">
     <span class='ocr_line' id='line_1_99' title="bbox 2176 3294 3762 3358; baseline 0.001 -11"><span class='ocrx_word' id='word_1_735' title='bbox 2176 3294 2261 3348; x_wconf 91' lang='lat' dir='ltr'><strong>bis</strong></span> <span class='ocrx_word' id='word_1_736' title='bbox 2295 3308 2423 3347; x_wconf 90' lang='lat' dir='ltr'><strong>vero</strong></span> <span class='ocrx_word' id='word_1_737' title='bbox 2448 3304 2503 3347; x_wconf 91' lang='lat' dir='ltr'><strong>et</strong></span> <span class='ocrx_word' id='word_1_738' title='bbox 2537 3295 2659 3348; x_wconf 89' lang='lat' dir='ltr'><strong>aliis</strong></span> <span class='ocrx_word' id='word_1_739' title='bbox 2689 3295 2961 3350; x_wconf 86' lang='lat' dir='ltr'><strong>nonnullis</strong></span> <span class='ocrx_word' id='word_1_740' title='bbox 2993 3295 3257 3358; x_wconf 84' lang='lat' dir='ltr'><strong>ascribat,</strong></span> <span class='ocrx_word' id='word_1_741' title='bbox 3283 3306 3491 3349; x_wconf 89' lang='lat' dir='ltr'><strong>certum</strong></span> <span class='ocrx_word' id='word_1_742' title='bbox 3523 3305 3612 3351; x_wconf 89' lang='lat' dir='ltr'><strong>est</strong></span> <span class='ocrx_word' id='word_1_743' title='bbox 3635 3312 3762 3349; x_wconf 89' lang='lat' dir='ltr'><strong>eum</strong></span> 
     </span>
    </p>
   </div>
   <div class='ocr_carea' id='block_1_99' title="bbox 2175 3385 3761 3455">
    <p class='ocr_par' dir='ltr' id='par_1_99' title="bbox 2175 3385 3761 3455">
     <span class='ocr_line' id='line_1_100' title="bbox 2175 3385 3761 3455; baseline 0.003 -18"><span class='ocrx_word' id='word_1_744' title='bbox 2175 3385 2334 3438; x_wconf 87' lang='lat' dir='ltr'><strong>aliam</strong></span> <span class='ocrx_word' id='word_1_745' title='bbox 2379 3385 2671 3455; x_wconf 88' lang='lat' dir='ltr'><strong>quamdam</strong></span> <span class='ocrx_word' id='word_1_746' title='bbox 2718 3388 3099 3455; x_wconf 85' lang='lat' dir='ltr'><strong>cognationem</strong></span> <span class='ocrx_word' id='word_1_747' title='bbox 3145 3388 3451 3450; x_wconf 89' lang='lat' dir='ltr'><strong>nominare,</strong></span> <span class='ocrx_word' id='word_1_748' title='bbox 3484 3402 3607 3455; x_wconf 66' lang='lat' dir='ltr'><strong>quae</strong></span> <span class='ocrx_word' id='word_1_749' title='bbox 3655 3388 3761 3441; x_wconf 85' lang='lat' dir='ltr'><strong>sibi</strong></span> 
     </span>
    </p>
   </div>
   <div class='ocr_carea' id='block_1_100' title="bbox 2175 3474 3761 3547">
    <p class='ocr_par' dir='ltr' id='par_1_100' title="bbox 2175 3474 3761 3547">
     <span class='ocr_line' id='line_1_101' title="bbox 2175 3474 3761 3547; baseline -0.001 -17"><span class='ocrx_word' id='word_1_750' title='bbox 2175 3492 2302 3530; x_wconf 91' lang='lat' dir='ltr'><strong>cum</strong></span> <span class='ocrx_word' id='word_1_751' title='bbox 2332 3474 2641 3541; x_wconf 81' lang='lat' dir='ltr'><strong>Timotheo,</strong></span> <span class='ocrx_word' id='word_1_752' title='bbox 2665 3487 2719 3531; x_wconf 92' lang='lat' dir='ltr'><strong>et</strong></span> <span class='ocrx_word' id='word_1_753' title='bbox 2750 3476 2894 3532; x_wconf 86' lang='lat' dir='ltr'><strong>Luca</strong></span> <span class='ocrx_word' id='word_1_754' title='bbox 2921 3476 3059 3547; x_wconf 72' lang='grc'><strong>(54),</strong></span> <span class='ocrx_word' id='word_1_755' title='bbox 3085 3477 3313 3545; x_wconf 85' lang='lat' dir='ltr'><strong>aliisque</strong></span> <span class='ocrx_word' id='word_1_756' title='bbox 3344 3480 3534 3546; x_wconf 90' lang='lat' dir='ltr'><strong>paucis</strong></span> <span class='ocrx_word' id='word_1_757' title='bbox 3568 3479 3761 3532; x_wconf 88' lang='lat' dir='ltr'><strong>bormn</strong></span> 
     </span>
    </p>
   </div>
   <div class='ocr_carea' id='block_1_101' title="bbox 2176 3569 3761 3639">
    <p class='ocr_par' dir='ltr' id='par_1_101' title="bbox 2176 3569 3761 3639">
     <span class='ocr_line' id='line_1_102' title="bbox 2176 3569 3761 3639; baseline -0.003 -17"><span class='ocrx_word' id='word_1_758' title='bbox 2176 3569 2451 3623; x_wconf 88' lang='lat' dir='ltr'><strong>similibus</strong></span> <span class='ocrx_word' id='word_1_759' title='bbox 2492 3569 2798 3623; x_wconf 89' lang='lat' dir='ltr'><strong>communis</strong></span> <span class='ocrx_word' id='word_1_760' title='bbox 2850 3569 3115 3624; x_wconf 87' lang='lat' dir='ltr'><strong>habeatur</strong></span> <span class='ocrx_word' id='word_1_761' title='bbox 3143 3590 3153 3623; x_wconf 91' lang='lat'><strong>:</strong></span> <span class='ocrx_word' id='word_1_762' title='bbox 3186 3585 3351 3639; x_wconf 88' lang='lat' dir='ltr'><strong>quam</strong></span> <span class='ocrx_word' id='word_1_763' title='bbox 3386 3572 3761 3639; x_wconf 69' lang='lat' dir='ltr'><strong>cognationem</strong></span> 
     </span>
    </p>
   </div>
   <div class='ocr_carea' id='block_1_102' title="bbox 2183 3660 3762 3732">
    <p class='ocr_par' dir='ltr' id='par_1_102' title="bbox 2183 3660 3762 3732">
     <span class='ocr_line' id='line_1_103' title="bbox 2183 3660 3762 3732; baseline 0.001 -20"><span class='ocrx_word' id='word_1_764' title='bbox 2183 3660 2268 3715; x_wconf 87' lang='lat' dir='ltr'><strong>vel</strong></span> <span class='ocrx_word' id='word_1_765' title='bbox 2304 3661 2834 3732; x_wconf 86' lang='lat' dir='ltr'><strong>consanguinitatem</strong></span> <span class='ocrx_word' id='word_1_766' title='bbox 2881 3677 2949 3717; x_wconf 82' lang='lat' dir='ltr'><strong>ex</strong></span> <span class='ocrx_word' id='word_1_767' title='bbox 2993 3661 3082 3716; x_wconf 90' lang='lat' dir='ltr'><strong>illa</strong></span> <span class='ocrx_word' id='word_1_768' title='bbox 3114 3662 3234 3716; x_wconf 91' lang='lat' dir='ltr'><strong>sine</strong></span> <span class='ocrx_word' id='word_1_769' title='bbox 3280 3661 3444 3715; x_wconf 90' lang='lat' dir='ltr'><strong>dubio</strong></span> <span class='ocrx_word' id='word_1_770' title='bbox 3478 3663 3617 3716; x_wconf 78' lang='lat' dir='ltr'><strong>sciat</strong></span> <span class='ocrx_word' id='word_1_771' title='bbox 3661 3662 3762 3715; x_wconf 87' lang='lat' dir='ltr'><strong>sibi</strong></span> 
     </span>
    </p>
   </div>
   <div class='ocr_carea' id='block_1_103' title="bbox 2181 3753 3765 3824">
    <p class='ocr_par' dir='ltr' id='par_1_103' title="bbox 2181 3753 3765 3824">
     <span class='ocr_line' id='line_1_104' title="bbox 2181 3753 3765 3824; baseline -0.002 -16"><span class='ocrx_word' id='word_1_772' title='bbox 2181 3769 2305 3808; x_wconf 92' lang='lat' dir='ltr'><strong>cum</strong></span> <span class='ocrx_word' id='word_1_773' title='bbox 2340 3754 2426 3808; x_wconf 86' lang='lat' dir='ltr'><strong>bis</strong></span> <span class='ocrx_word' id='word_1_774' title='bbox 2459 3755 2784 3823; x_wconf 88' lang='lat' dir='ltr'><strong>paternitate</strong></span> <span class='ocrx_word' id='word_1_775' title='bbox 2812 3754 3164 3819; x_wconf 83' lang='lat' dir='ltr'><strong>descendere,</strong></span> <span class='ocrx_word' id='word_1_776' title='bbox 3189 3756 3255 3810; x_wconf 91' lang='lat' dir='ltr'><strong>de</strong></span> <span class='ocrx_word' id='word_1_777' title='bbox 3283 3769 3388 3824; x_wconf 88' lang='lat' dir='ltr'><strong>qua</strong></span> <span class='ocrx_word' id='word_1_778' title='bbox 3424 3755 3474 3808; x_wconf 94' lang='lat' dir='ltr'><strong>in</strong></span> <span class='ocrx_word' id='word_1_779' title='bbox 3506 3755 3613 3808; x_wconf 89' lang='lat' dir='ltr'><strong>alio</strong></span> <span class='ocrx_word' id='word_1_780' title='bbox 3646 3753 3765 3807; x_wconf 89' lang='lat' dir='ltr'><strong>loco</strong></span> 
     </span>
    </p>
   </div>
   <div class='ocr_carea' id='block_1_104' title="bbox 2183 3846 3764 3921">
    <p class='ocr_par' dir='ltr' id='par_1_104' title="bbox 2183 3846 3764 3921">
     <span class='ocr_line' id='line_1_105' title="bbox 2183 3846 3764 3921; baseline -0.001 -18"><span class='ocrx_word' id='word_1_781' title='bbox 2183 3850 2313 3905; x_wconf 92' lang='lat' dir='ltr'><strong>dicit</strong></span> <span class='ocrx_word' id='word_1_782' title='bbox 2348 3867 2362 3904; x_wconf 88' lang='lat'><strong>:</strong></span> <span class='ocrx_word' id='word_1_783' title='bbox 2404 3849 2521 3904; x_wconf 82' lang='lat' dir='ltr'><strong>Hac</strong></span> <span class='ocrx_word' id='word_1_784' title='bbox 2565 3852 2707 3905; x_wconf 87' lang='lat' dir='ltr'><strong>enim</strong></span> <span class='ocrx_word' id='word_1_785' title='bbox 2753 3867 2918 3905; x_wconf 88' lang='lat' dir='ltr'><strong>causa</strong></span> <span class='ocrx_word' id='word_1_786' title='bbox 2963 3867 3122 3905; x_wconf 89' lang='lat' dir='ltr'><strong>curvo</strong></span> <span class='ocrx_word' id='word_1_787' title='bbox 3168 3867 3339 3921; x_wconf 85' lang='lat' dir='ltr'><strong>genua</strong></span> <span class='ocrx_word' id='word_1_788' title='bbox 3383 3866 3499 3904; x_wconf 88' lang='lat' dir='ltr'><strong>mea</strong></span> <span class='ocrx_word' id='word_1_789' title='bbox 3549 3849 3619 3902; x_wconf 89' lang='lat' dir='ltr'><strong>ad</strong></span> <span class='ocrx_word' id='word_1_790' title='bbox 3659 3846 3764 3901; x_wconf 81' lang='lat' dir='ltr'><strong>Pa-</strong></span> 
     </span>
    </p>
   </div>
   <div class='ocr_carea' id='block_1_105' title="bbox 2184 3940 3766 4011">
    <p class='ocr_par' dir='ltr' id='par_1_105' title="bbox 2184 3940 3766 4011">
     <span class='ocr_line' id='line_1_106' title="bbox 2184 3940 3766 4011; baseline -0.001 -16"><span class='ocrx_word' id='word_1_791' title='bbox 2184 3951 2316 3997; x_wconf 85' lang='lat' dir='ltr'><strong>trem</strong></span> <span class='ocrx_word' id='word_1_792' title='bbox 2344 3940 2457 4011; x_wconf 86' lang='grc'><strong>(55)</strong></span> <span class='ocrx_word' id='word_1_793' title='bbox 2486 3942 2703 3997; x_wconf 88' lang='lat' dir='ltr'><strong>Domini</strong></span> <span class='ocrx_word' id='word_1_794' title='bbox 2746 3945 2912 3998; x_wconf 87' lang='lat' dir='ltr'><strong>nostri</strong></span> <span class='ocrx_word' id='word_1_795' title='bbox 2940 3942 3071 3997; x_wconf 79' lang='lat' dir='ltr'><strong>Jesu</strong></span> <span class='ocrx_word' id='word_1_796' title='bbox 3099 3941 3319 4009; x_wconf 83' lang='lat' dir='ltr'><strong>Christi,</strong></span> <span class='ocrx_word' id='word_1_797' title='bbox 3352 3957 3417 3994; x_wconf 78' lang='lat' dir='ltr'><strong>ea:</strong></span> <span class='ocrx_word' id='word_1_798' title='bbox 3450 3957 3552 4010; x_wconf 87' lang='lat' dir='ltr'><strong>quo</strong></span> <span class='ocrx_word' id='word_1_799' title='bbox 3595 3940 3766 3993; x_wconf 88' lang='lat' dir='ltr'><strong>omnis</strong></span> 
     </span>
    </p>
   </div>
   <div class='ocr_carea' id='block_1_106' title="bbox 2183 4030 3769 4104">
    <p class='ocr_par' dir='ltr' id='par_1_106' title="bbox 2183 4030 3769 4104">
     <span class='ocr_line' id='line_1_107' title="bbox 2183 4030 3769 4104; baseline -0.003 -17"><span class='ocrx_word' id='word_1_800' title='bbox 2183 4036 2481 4104; x_wconf 67' lang='lat' dir='ltr'><strong>pater-nitas</strong></span> <span class='ocrx_word' id='word_1_801' title='bbox 2514 4035 2569 4088; x_wconf 88' lang='lat' dir='ltr'><strong>in</strong></span> <span class='ocrx_word' id='word_1_802' title='bbox 2600 4034 2727 4089; x_wconf 68' lang='lat' dir='ltr'><strong>casto</strong></span> <span class='ocrx_word' id='word_1_803' title='bbox 2770 4046 2819 4089; x_wconf 90' lang='lat' dir='ltr'><strong>et</strong></span> <span class='ocrx_word' id='word_1_804' title='bbox 2860 4035 2916 4089; x_wconf 85' lang='lat' dir='ltr'><strong>in</strong></span> <span class='ocrx_word' id='word_1_805' title='bbox 2958 4044 3101 4089; x_wconf 85' lang='lat' dir='ltr'><strong>terra</strong></span> <span class='ocrx_word' id='word_1_806' title='bbox 3137 4036 3439 4088; x_wconf 85' lang='lat' dir='ltr'><strong>nominatur</strong></span> <span class='ocrx_word' id='word_1_807' title='bbox 3461 4032 3528 4086; x_wconf 81' lang='grc'><strong>¹⁵.</strong></span> <span class='ocrx_word' id='word_1_808' title='bbox 3576 4030 3769 4086; x_wconf 89' lang='lat' dir='ltr'><strong>Sciens</strong></span> 
     </span>
    </p>
   </div>
   <div class='ocr_carea' id='block_1_107' title="bbox 2178 4124 3769 4197">
    <p class='ocr_par' dir='ltr' id='par_1_107' title="bbox 2178 4124 3769 4197">
     <span class='ocr_line' id='line_1_108' title="bbox 2178 4124 3769 4197; baseline -0.003 -18"><span class='ocrx_word' id='word_1_809' title='bbox 2178 4127 2345 4196; x_wconf 80' lang='lat' dir='ltr'><strong>igitur</strong></span> <span class='ocrx_word' id='word_1_810' title='bbox 2374 4142 2495 4181; x_wconf 90' lang='lat' dir='ltr'><strong>esse</strong></span> <span class='ocrx_word' id='word_1_811' title='bbox 2538 4127 2773 4197; x_wconf 91' lang='lat' dir='ltr'><strong>aliquam</strong></span> <span class='ocrx_word' id='word_1_812' title='bbox 2812 4129 3195 4197; x_wconf 89' lang='lat' dir='ltr'><strong>paternitatem</strong></span> <span class='ocrx_word' id='word_1_813' title='bbox 3238 4127 3291 4181; x_wconf 91' lang='lat' dir='ltr'><strong>in</strong></span> <span class='ocrx_word' id='word_1_814' title='bbox 3336 4126 3477 4182; x_wconf 76' lang='lat' dir='ltr'><strong>ctelo</strong></span> <span class='ocrx_word' id='word_1_815' title='bbox 3515 4124 3656 4181; x_wconf 92' lang='lat' dir='ltr'><strong>sicut</strong></span> <span class='ocrx_word' id='word_1_816' title='bbox 3683 4131 3769 4177; x_wconf 89' lang='lat' dir='ltr'><strong>est</strong></span> 
     </span>
    </p>
   </div>
   <div class='ocr_carea' id='block_1_108' title="bbox 2173 4218 3772 4288">
    <p class='ocr_par' dir='ltr' id='par_1_108' title="bbox 2173 4218 3772 4288">
     <span class='ocr_line' id='line_1_109' title="bbox 2173 4218 3772 4288; baseline -0.002 -17"><span class='ocrx_word' id='word_1_817' title='bbox 2173 4227 2232 4271; x_wconf 91' lang='lat' dir='ltr'><strong>et</strong></span> <span class='ocrx_word' id='word_1_818' title='bbox 2265 4218 2318 4271; x_wconf 92' lang='lat' dir='ltr'><strong>in</strong></span> <span class='ocrx_word' id='word_1_819' title='bbox 2360 4227 2531 4282; x_wconf 86' lang='lat' dir='ltr'><strong>terra,</strong></span> <span class='ocrx_word' id='word_1_820' title='bbox 2561 4228 2773 4273; x_wconf 89' lang='lat' dir='ltr'><strong>certum</strong></span> <span class='ocrx_word' id='word_1_821' title='bbox 2809 4229 2893 4273; x_wconf 89' lang='lat' dir='ltr'><strong>est</strong></span> <span class='ocrx_word' id='word_1_822' title='bbox 2933 4219 3077 4288; x_wconf 89' lang='lat' dir='ltr'><strong>quod</strong></span> <span class='ocrx_word' id='word_1_823' title='bbox 3122 4218 3257 4273; x_wconf 90' lang='lat' dir='ltr'><strong>istos</strong></span> <span class='ocrx_word' id='word_1_824' title='bbox 3289 4218 3383 4287; x_wconf 92' lang='lat' dir='ltr'><strong>qui</strong></span> <span class='ocrx_word' id='word_1_825' title='bbox 3428 4218 3531 4272; x_wconf 86' lang='lat' dir='ltr'><strong>sibi</strong></span> <span class='ocrx_word' id='word_1_826' title='bbox 3566 4229 3772 4284; x_wconf 86' lang='lat' dir='ltr'><strong>nequa-</strong></span> 
     </span>
    </p>
   </div>
   <div class='ocr_carea' id='block_1_109' title="bbox 2175 4309 3770 4380">
    <p class='ocr_par' dir='ltr' id='par_1_109' title="bbox 2175 4309 3770 4380">
     <span class='ocr_line' id='line_1_110' title="bbox 2175 4309 3770 4380; baseline -0.002 -17"><span class='ocrx_word' id='word_1_827' title='bbox 2175 4324 2339 4380; x_wconf 78' lang='lat' dir='ltr'><strong>quam</strong></span> <span class='ocrx_word' id='word_1_828' title='bbox 2384 4310 2685 4365; x_wconf 89' lang='lat' dir='ltr'><strong>secundum</strong></span> <span class='ocrx_word' id='word_1_829' title='bbox 2729 4310 3109 4379; x_wconf 83' lang='lat' dir='ltr'><strong>cognationem</strong></span> <span class='ocrx_word' id='word_1_830' title='bbox 3148 4309 3496 4379; x_wconf 86' lang='lat' dir='ltr'><strong>paternitatis</strong></span> <span class='ocrx_word' id='word_1_831' title='bbox 3536 4320 3770 4364; x_wconf 71' lang='lat' dir='ltr'><strong>terrena:</strong></span> 
     </span>
    </p>
   </div>
   <div class='ocr_carea' id='block_1_110' title="bbox 3361 4441 3767 4507">
    <p class='ocr_par' dir='ltr' id='par_1_110' title="bbox 3361 4441 3767 4507">
     <span class='ocr_line' id='line_1_111' title="bbox 3361 4441 3767 4507; baseline -0.007 -9"><span class='ocrx_word' id='word_1_832' title='bbox 3361 4441 3383 4475; x_wconf 83' lang='lat'><strong>&#39;</strong></span> <span class='ocrx_word' id='word_1_833' title='bbox 3416 4443 3541 4499; x_wconf 81' lang='lat' dir='ltr'><strong>Act.</strong></span> <span class='ocrx_word' id='word_1_834' title='bbox 3570 4460 3682 4507; x_wconf 77' lang='lat' dir='ltr'><strong>xvr,</strong></span> <span class='ocrx_word' id='word_1_835' title='bbox 3714 4442 3767 4496; x_wconf 78' lang='grc'><strong>1.</strong></span> 
     </span>
    </p>
   </div>
   <div class='ocr_carea' id='block_1_111' title="bbox 2177 4512 3311 4583">
    <p class='ocr_par' dir='ltr' id='par_1_111' title="bbox 2177 4512 3311 4583">
     <span class='ocr_line' id='line_1_112' title="bbox 2177 4512 3311 4583; baseline 0.004 -17"><span class='ocrx_word' id='word_1_836' title='bbox 2177 4512 2199 4542; x_wconf 85' lang='grc'><strong>⁹</strong></span> <span class='ocrx_word' id='word_1_837' title='bbox 2228 4514 2352 4567; x_wconf 82' lang='lat' dir='ltr'><strong>Act.</strong></span> <span class='ocrx_word' id='word_1_838' title='bbox 2384 4528 2520 4580; x_wconf 78' lang='lat' dir='ltr'><strong>xxn,</strong></span> <span class='ocrx_word' id='word_1_839' title='bbox 2552 4514 2608 4567; x_wconf 82' lang='grc'><strong>5.</strong></span> <span class='ocrx_word' id='word_1_840' title='bbox 2686 4514 2731 4545; x_wconf 83' lang='grc'><strong>¹⁰</strong></span> <span class='ocrx_word' id='word_1_841' title='bbox 2759 4512 2959 4583; x_wconf 89' lang='lat' dir='ltr'><strong>Ephes.</strong></span> <span class='ocrx_word' id='word_1_842' title='bbox 2985 4531 3070 4581; x_wconf 80' lang='grc' dir='ltr'><strong>ιιι,</strong></span> <span class='ocrx_word' id='word_1_843' title='bbox 3099 4513 3189 4579; x_wconf 70' lang='grc'><strong>14,</strong></span> <span class='ocrx_word' id='word_1_844' title='bbox 3219 4513 3311 4570; x_wconf 83' lang='grc'><strong>15.</strong></span> 
     </span>
    </p>
   </div>
   <div class='ocr_carea' id='block_1_112' title="bbox 2114 4611 3627 4694">
    <p class='ocr_par' dir='ltr' id='par_1_112' title="bbox 2114 4611 3627 4694">
     <span class='ocr_line' id='line_1_113' title="bbox 2114 4611 3627 4694; baseline 0 -12"><span class='ocrx_word' id='word_1_845' title='bbox 2114 4611 2158 4667; x_wconf 82' lang='grc' dir='ltr'><strong>Ῑ)</strong></span> <span class='ocrx_word' id='word_1_846' title='bbox 2189 4626 2294 4682; x_wconf 89' lang='lat' dir='ltr'><strong>Sed</strong></span> <span class='ocrx_word' id='word_1_847' title='bbox 2326 4630 2509 4683; x_wconf 65' lang='lat' dir='ltr'><strong>caeteri</strong></span> <span class='ocrx_word' id='word_1_848' title='bbox 2541 4645 2699 4694; x_wconf 90' lang='lat' dir='ltr'><strong>mss.,</strong></span> <span class='ocrx_word' id='word_1_849' title='bbox 2728 4627 2989 4683; x_wconf 90' lang='lat' dir='ltr'><strong>Rabanus</strong></span> <span class='ocrx_word' id='word_1_850' title='bbox 3018 4639 3073 4684; x_wconf 90' lang='lat' dir='ltr'><strong>et</strong></span> <span class='ocrx_word' id='word_1_851' title='bbox 3102 4630 3233 4683; x_wconf 89' lang='lat' dir='ltr'><strong>editi</strong></span> <span class='ocrx_word' id='word_1_852' title='bbox 3272 4641 3329 4684; x_wconf 94' lang='lat' dir='ltr'><strong>ut</strong></span> <span class='ocrx_word' id='word_1_853' title='bbox 3365 4631 3417 4684; x_wconf 92' lang='lat' dir='ltr'><strong>in</strong></span> <span class='ocrx_word' id='word_1_854' title='bbox 3458 4640 3627 4684; x_wconf 70' lang='lat' dir='ltr'><strong>textu.</strong></span> 
     </span>
    </p>
   </div>
   <div class='ocr_carea' id='block_1_113' title="bbox 2257 4698 3771 4770">
    <p class='ocr_par' dir='ltr' id='par_1_113' title="bbox 2257 4698 3771 4770">
     <span class='ocr_line' id='line_1_114' title="bbox 2257 4698 3771 4770; baseline 0 -18"><span class='ocrx_word' id='word_1_855' title='bbox 2257 4698 2370 4770; x_wconf 76' lang='lat'>(53)</span> <span class='ocrx_word' id='word_1_856' title='bbox 2414 4700 2505 4754; x_wconf 92' lang='lat' dir='ltr'><strong>Sic</strong></span> <span class='ocrx_word' id='word_1_857' title='bbox 2539 4716 2670 4755; x_wconf 88' lang='lat' dir='ltr'><strong>mss.</strong></span> <span class='ocrx_word' id='word_1_858' title='bbox 2697 4709 2754 4755; x_wconf 91' lang='lat' dir='ltr'><strong>et</strong></span> <span class='ocrx_word' id='word_1_859' title='bbox 2794 4698 3072 4754; x_wconf 86' lang='lat' dir='ltr'><strong>Rabanus.</strong></span> <span class='ocrx_word' id='word_1_860' title='bbox 3119 4699 3258 4755; x_wconf 84' lang='lat' dir='ltr'><strong>Editi</strong></span> <span class='ocrx_word' id='word_1_861' title='bbox 3301 4714 3515 4763; x_wconf 86' lang='lat' dir='ltr'><strong>autem,</strong></span> <span class='ocrx_word' id='word_1_862' title='bbox 3549 4708 3603 4750; x_wconf 87' lang='lat' dir='ltr'><strong>ut</strong></span> <span class='ocrx_word' id='word_1_863' title='bbox 3633 4698 3771 4765; x_wconf 79' lang='lat' dir='ltr'><strong>Apo-</strong></span> 
     </span>
    </p>
   </div>
   <div class='ocr_carea' id='block_1_114' title="bbox 2186 4770 2718 4833">
    <p class='ocr_par' dir='ltr' id='par_1_114' title="bbox 2186 4770 2718 4833">
     <span class='ocr_line' id='line_1_115' title="bbox 2186 4770 2718 4833; baseline 0.002 -11"><span class='ocrx_word' id='word_1_864' title='bbox 2186 4773 2319 4822; x_wconf 86' lang='lat' dir='ltr'><strong>stoto</strong></span> <span class='ocrx_word' id='word_1_865' title='bbox 2349 4770 2580 4833; x_wconf 84' lang='lat' dir='ltr'><strong>dicendi,</strong></span> <span class='ocrx_word' id='word_1_866' title='bbox 2608 4782 2718 4823; x_wconf 90' lang='lat' dir='ltr'><strong>etc.</strong></span> 
     </span>
    </p>
   </div>
   <div class='ocr_carea' id='block_1_115' title="bbox 2258 4837 3771 4911">
    <p class='ocr_par' dir='ltr' id='par_1_115' title="bbox 2258 4837 3771 4911">
     <span class='ocr_line' id='line_1_116' title="bbox 2258 4837 3771 4911; baseline -0.001 -18"><span class='ocrx_word' id='word_1_867' title='bbox 2258 4838 2369 4911; x_wconf 76' lang='grc'><strong>(54)</strong></span> <span class='ocrx_word' id='word_1_868' title='bbox 2412 4841 2487 4893; x_wconf 92' lang='lat' dir='ltr'><strong>lta</strong></span> <span class='ocrx_word' id='word_1_869' title='bbox 2518 4857 2619 4894; x_wconf 88' lang='lat' dir='ltr'><strong>ms.</strong></span> <span class='ocrx_word' id='word_1_870' title='bbox 2646 4838 2851 4907; x_wconf 79' lang='lat' dir='ltr'><strong>Regius</strong></span> <span class='ocrx_word' id='word_1_871' title='bbox 2884 4840 3220 4911; x_wconf 33' lang='lat' dir='ltr'><strong>num.ml639.</strong></span> <span class='ocrx_word' id='word_1_872' title='bbox 3245 4837 3443 4893; x_wconf 73' lang='lat' dir='ltr'><strong>Ctetcri</strong></span> <span class='ocrx_word' id='word_1_873' title='bbox 3473 4853 3603 4893; x_wconf 87' lang='lat' dir='ltr'><strong>vero</strong></span> <span class='ocrx_word' id='word_1_874' title='bbox 3640 4856 3771 4911; x_wconf 62' lang='lat' dir='ltr'><strong>mss.</strong></span> 
     </span>
    </p>
   </div>
   <div class='ocr_carea' id='block_1_116' title="bbox 2186 4910 3772 4980">
    <p class='ocr_par' dir='ltr' id='par_1_116' title="bbox 2186 4910 3772 4980">
     <span class='ocr_line' id='line_1_117' title="bbox 2186 4910 3772 4980; baseline -0.001 -17"><span class='ocrx_word' id='word_1_875' title='bbox 2186 4920 2240 4963; x_wconf 86' lang='lat' dir='ltr'><strong>et</strong></span> <span class='ocrx_word' id='word_1_876' title='bbox 2264 4912 2418 4975; x_wconf 87' lang='lat' dir='ltr'><strong>editi,</strong></span> <span class='ocrx_word' id='word_1_877' title='bbox 2445 4926 2562 4980; x_wconf 68' lang='lat' dir='ltr'><strong>quae</strong></span> <span class='ocrx_word' id='word_1_878' title='bbox 2586 4911 2673 4963; x_wconf 90' lang='lat' dir='ltr'><strong>isti</strong></span> <span class='ocrx_word' id='word_1_879' title='bbox 2699 4911 2999 4978; x_wconf 82' lang='lat' dir='ltr'><strong>Sosipatro,</strong></span> <span class='ocrx_word' id='word_1_880' title='bbox 3030 4910 3296 4964; x_wconf 81' lang='lat' dir='ltr'><strong>Timotheo</strong></span> <span class='ocrx_word' id='word_1_881' title='bbox 3330 4910 3507 4979; x_wconf 86' lang='lat' dir='ltr'><strong>(editi,</strong></span> <span class='ocrx_word' id='word_1_882' title='bbox 3538 4927 3657 4963; x_wconf 87' lang='lat' dir='ltr'><strong>cum</strong></span> <span class='ocrx_word' id='word_1_883' title='bbox 3687 4910 3772 4962; x_wconf 77' lang='lat' dir='ltr'><strong>Tt-</strong></span> 
     </span>
    </p>
   </div>
   <div class='ocr_carea' id='block_1_117' title="bbox 2186 4979 2827 5049">
    <p class='ocr_par' dir='ltr' id='par_1_117' title="bbox 2186 4979 2827 5049">
     <span class='ocr_line' id='line_1_118' title="bbox 2186 4979 2827 5049; baseline 0.003 -16"><span class='ocrx_word' id='word_1_884' title='bbox 2186 4980 2417 5049; x_wconf 87' lang='lat' dir='ltr'><strong>motheo)</strong></span> <span class='ocrx_word' id='word_1_885' title='bbox 2448 4979 2497 5033; x_wconf 85' lang='lat' dir='ltr'><strong>et</strong></span> <span class='ocrx_word' id='word_1_886' title='bbox 2531 4979 2694 5046; x_wconf 87' lang='lat' dir='ltr'><strong>Luca,</strong></span> <span class='ocrx_word' id='word_1_887' title='bbox 2720 4988 2827 5036; x_wconf 81' lang='lat' dir='ltr'><strong>etc.</strong></span> 
     </span>
    </p>
   </div>
   <div class='ocr_carea' id='block_1_118' title="bbox 2260 5048 3773 5121">
    <p class='ocr_par' dir='ltr' id='par_1_118' title="bbox 2260 5048 3773 5121">
     <span class='ocr_line' id='line_1_119' title="bbox 2260 5048 3773 5121; baseline -0.002 -18"><span class='ocrx_word' id='word_1_888' title='bbox 2260 5049 2371 5121; x_wconf 83' lang='grc'><strong>(55)</strong></span> <span class='ocrx_word' id='word_1_889' title='bbox 2402 5048 2505 5105; x_wconf 89' lang='lat' dir='ltr'><strong>Sic</strong></span> <span class='ocrx_word' id='word_1_890' title='bbox 2542 5060 2689 5104; x_wconf 90' lang='lat' dir='ltr'><strong>recte</strong></span> <span class='ocrx_word' id='word_1_891' title='bbox 2731 5066 2832 5106; x_wconf 88' lang='lat' dir='ltr'><strong>ms.</strong></span> <span class='ocrx_word' id='word_1_892' title='bbox 2881 5048 3084 5120; x_wconf 83' lang='lat' dir='ltr'><strong>Regius</strong></span> <span class='ocrx_word' id='word_1_893' title='bbox 3134 5065 3301 5121; x_wconf 3' lang='lat' dir='ltr'><strong>num.)</strong></span> <span class='ocrx_word' id='word_1_894' title='bbox 3342 5049 3481 5103; x_wconf 73' lang='grc'>1639</span> <span class='ocrx_word' id='word_1_895' title='bbox 3520 5048 3773 5121; x_wconf 68' lang='lat' dir='ltr'><strong>restituit</strong></span> 
     </span>
    </p>
   </div>
   <div class='ocr_carea' id='block_1_119' title="bbox 2189 5120 3773 5183">
    <p class='ocr_par' dir='ltr' id='par_1_119' title="bbox 2189 5120 3773 5183">
     <span class='ocr_line' id='line_1_120' title="bbox 2189 5120 3773 5183; baseline -0.004 -8"><span class='ocrx_word' id='word_1_896' title='bbox 2189 5120 2336 5176; x_wconf 90' lang='lat' dir='ltr'><strong>hunc</strong></span> <span class='ocrx_word' id='word_1_897' title='bbox 2368 5122 2543 5176; x_wconf 89' lang='lat' dir='ltr'><strong>locum</strong></span> <span class='ocrx_word' id='word_1_898' title='bbox 2575 5123 2643 5175; x_wconf 92' lang='lat' dir='ltr'><strong>ab</strong></span> <span class='ocrx_word' id='word_1_899' title='bbox 2674 5122 2757 5175; x_wconf 88' lang='lat' dir='ltr'><strong>bis</strong></span> <span class='ocrx_word' id='word_1_900' title='bbox 2790 5123 2994 5183; x_wconf 84' lang='lat' dir='ltr'><strong>verbis,</strong></span> <span class='ocrx_word' id='word_1_901' title='bbox 3021 5137 3085 5174; x_wconf 74' lang='lat' dir='ltr'><strong>ea:</strong></span> <span class='ocrx_word' id='word_1_902' title='bbox 3133 5121 3229 5173; x_wconf 81' lang='lat' dir='ltr'><strong>illa</strong></span> <span class='ocrx_word' id='word_1_903' title='bbox 3257 5120 3370 5174; x_wconf 89' lang='lat' dir='ltr'><strong>sine</strong></span> <span class='ocrx_word' id='word_1_904' title='bbox 3399 5120 3561 5172; x_wconf 86' lang='lat' dir='ltr'><strong>dubio</strong></span> <span class='ocrx_word' id='word_1_905' title='bbox 3601 5120 3735 5171; x_wconf 87' lang='lat' dir='ltr'><strong>sciut</strong></span> <span class='ocrx_word' id='word_1_906' title='bbox 3758 5158 3773 5179; x_wconf 92' lang='lat'><strong>,</strong></span> 
     </span>
    </p>
   </div>
   <div class='ocr_carea' id='block_1_120' title="bbox 2184 5188 3772 5260">
    <p class='ocr_par' dir='ltr' id='par_1_120' title="bbox 2184 5188 3772 5260">
     <span class='ocr_line' id='line_1_121' title="bbox 2184 5188 3772 5260; baseline -0.003 -16"><span class='ocrx_word' id='word_1_907' title='bbox 2184 5192 2306 5256; x_wconf 88' lang='lat' dir='ltr'><strong>sibi,</strong></span> <span class='ocrx_word' id='word_1_908' title='bbox 2337 5202 2468 5254; x_wconf 85' lang='lat' dir='ltr'><strong>etc.,</strong></span> <span class='ocrx_word' id='word_1_909' title='bbox 2509 5206 2681 5260; x_wconf 87' lang='lat' dir='ltr'><strong>usque</strong></span> <span class='ocrx_word' id='word_1_910' title='bbox 2726 5191 2793 5244; x_wconf 89' lang='lat' dir='ltr'><strong>ad</strong></span> <span class='ocrx_word' id='word_1_911' title='bbox 2838 5190 3053 5245; x_wconf 80' lang='lat' dir='ltr'><strong>Gratias</strong></span> <span class='ocrx_word' id='word_1_912' title='bbox 3099 5207 3198 5260; x_wconf 89' lang='lat' dir='ltr'><strong>ago</strong></span> <span class='ocrx_word' id='word_1_913' title='bbox 3245 5191 3370 5254; x_wconf 82' lang='lat' dir='ltr'><strong>Deo,</strong></span> <span class='ocrx_word' id='word_1_914' title='bbox 3418 5201 3530 5244; x_wconf 91' lang='lat' dir='ltr'><strong>etc.</strong></span> <span class='ocrx_word' id='word_1_915' title='bbox 3578 5188 3772 5242; x_wconf 53' lang='lat' dir='ltr'><strong>Cameri</strong></span> 
     </span>
    </p>
   </div>
   <div class='ocr_carea' id='block_1_121' title="bbox 2190 5262 3777 5331">
    <p class='ocr_par' dir='ltr' id='par_1_121' title="bbox 2190 5262 3777 5331">
     <span class='ocr_line' id='line_1_122' title="bbox 2190 5262 3777 5331; baseline -0.001 -19"><span class='ocrx_word' id='word_1_916' title='bbox 2190 5277 2321 5317; x_wconf 93' lang='lat' dir='ltr'><strong>vero</strong></span> <span class='ocrx_word' id='word_1_917' title='bbox 2354 5277 2486 5315; x_wconf 88' lang='lat' dir='ltr'><strong>mss.</strong></span> <span class='ocrx_word' id='word_1_918' title='bbox 2521 5262 2698 5316; x_wconf 88' lang='lat' dir='ltr'><strong>nostri</strong></span> <span class='ocrx_word' id='word_1_919' title='bbox 2732 5263 2932 5315; x_wconf 84' lang='lat' dir='ltr'><strong>habent</strong></span> <span class='ocrx_word' id='word_1_920' title='bbox 2962 5263 3358 5324; x_wconf 87' lang='lat' dir='ltr'><strong>tantummodo,</strong></span> <span class='ocrx_word' id='word_1_921' title='bbox 3383 5277 3542 5331; x_wconf 88' lang='lat' dir='ltr'><strong>quam</strong></span> <span class='ocrx_word' id='word_1_922' title='bbox 3580 5275 3777 5327; x_wconf 82' lang='lat' dir='ltr'><strong>cogna-</strong></span> 
     </span>
    </p>
   </div>
   <div class='ocr_carea' id='block_1_122' title="bbox 2187 5331 3776 5401">
    <p class='ocr_par' dir='ltr' id='par_1_122' title="bbox 2187 5331 3776 5401">
     <span class='ocr_line' id='line_1_123' title="bbox 2187 5331 3776 5401; baseline -0.003 -17"><span class='ocrx_word' id='word_1_923' title='bbox 2187 5332 2384 5386; x_wconf 82' lang='lat' dir='ltr'><strong>tionem</strong></span> <span class='ocrx_word' id='word_1_924' title='bbox 2416 5332 2528 5401; x_wconf 85' lang='lat' dir='ltr'><strong>ejus</strong></span> <span class='ocrx_word' id='word_1_925' title='bbox 2562 5332 2639 5385; x_wconf 86' lang='lat' dir='ltr'><strong>vet</strong></span> <span class='ocrx_word' id='word_1_926' title='bbox 2686 5331 3353 5401; x_wconf 83' lang='lat' dir='ltr'><strong>consanguinitatemejus</strong></span> <span class='ocrx_word' id='word_1_927' title='bbox 3404 5347 3470 5384; x_wconf 79' lang='lat' dir='ltr'><strong>ex</strong></span> <span class='ocrx_word' id='word_1_928' title='bbox 3513 5331 3607 5383; x_wconf 79' lang='lat' dir='ltr'><strong>illa</strong></span> <span class='ocrx_word' id='word_1_929' title='bbox 3663 5334 3776 5401; x_wconf 80' lang='lat' dir='ltr'><strong>sine</strong></span> 
     </span>
    </p>
   </div>
   <div class='ocr_carea' id='block_1_123' title="bbox 2187 5400 3778 5471">
    <p class='ocr_par' dir='ltr' id='par_1_123' title="bbox 2187 5400 3778 5471">
     <span class='ocr_line' id='line_1_124' title="bbox 2187 5400 3778 5471; baseline -0.002 -16"><span class='ocrx_word' id='word_1_930' title='bbox 2187 5402 2347 5456; x_wconf 88' lang='lat' dir='ltr'><strong>dubio</strong></span> <span class='ocrx_word' id='word_1_931' title='bbox 2401 5400 2569 5455; x_wconf 80' lang='lat' dir='ltr'><strong>sariat</strong></span> <span class='ocrx_word' id='word_1_932' title='bbox 2617 5404 2741 5455; x_wconf 84' lang='lat' dir='ltr'><strong>sibi.</strong></span> <span class='ocrx_word' id='word_1_933' title='bbox 2785 5400 2998 5455; x_wconf 79' lang='lat' dir='ltr'><strong>Gratias</strong></span> <span class='ocrx_word' id='word_1_934' title='bbox 3039 5419 3138 5471; x_wconf 84' lang='lat' dir='ltr'><strong>ago</strong></span> <span class='ocrx_word' id='word_1_935' title='bbox 3200 5400 3334 5462; x_wconf 87' lang='lat' dir='ltr'><strong>Deo,</strong></span> <span class='ocrx_word' id='word_1_936' title='bbox 3386 5413 3517 5463; x_wconf 89' lang='lat' dir='ltr'><strong>etc.,</strong></span> <span class='ocrx_word' id='word_1_937' title='bbox 3556 5400 3778 5471; x_wconf 73' lang='lat' dir='ltr'><strong>omissis</strong></span> 
     </span>
    </p>
   </div>
   <div class='ocr_carea' id='block_1_124' title="bbox 2189 5469 3776 5542">
    <p class='ocr_par' dir='ltr' id='par_1_124' title="bbox 2189 5469 3776 5542">
     <span class='ocr_line' id='line_1_125' title="bbox 2189 5469 3776 5542; baseline -0.003 -17"><span class='ocrx_word' id='word_1_938' title='bbox 2189 5475 2447 5528; x_wconf 90' lang='lat' dir='ltr'><strong>omnibus</strong></span> <span class='ocrx_word' id='word_1_939' title='bbox 2492 5472 2848 5526; x_wconf 78' lang='lat' dir='ltr'><strong>intermediis.</strong></span> <span class='ocrx_word' id='word_1_940' title='bbox 2886 5469 3247 5542; x_wconf 47' lang='lat' dir='ltr'><strong>Editi,_quum</strong></span> <span class='ocrx_word' id='word_1_941' title='bbox 3288 5478 3654 5541; x_wconf 79' lang='lat' dir='ltr'><strong>cognationem</strong></span> <span class='ocrx_word' id='word_1_942' title='bbox 3697 5469 3776 5522; x_wconf 79' lang='lat' dir='ltr'><strong>vel</strong></span> 
     </span>
    </p>
   </div>
   <div class='ocr_carea' id='block_1_125' title="bbox 2187 5543 3777 5611">
    <p class='ocr_par' dir='ltr' id='par_1_125' title="bbox 2187 5543 3777 5611">
     <span class='ocr_line' id='line_1_126' title="bbox 2187 5543 3777 5611; baseline -0.003 -16"><span class='ocrx_word' id='word_1_943' title='bbox 2187 5545 2704 5611; x_wconf 83' lang='lat' dir='ltr'><strong>consanguinitatem</strong></span> <span class='ocrx_word' id='word_1_944' title='bbox 2757 5543 2987 5596; x_wconf 85' lang='lat' dir='ltr'><strong>arbitror</strong></span> <span class='ocrx_word' id='word_1_945' title='bbox 3012 5560 3123 5596; x_wconf 85' lang='lat' dir='ltr'><strong>esse</strong></span> <span class='ocrx_word' id='word_1_946' title='bbox 3153 5557 3217 5595; x_wconf 84' lang='lat' dir='ltr'><strong>ea:</strong></span> <span class='ocrx_word' id='word_1_947' title='bbox 3262 5543 3523 5611; x_wconf 78' lang='lat' dir='ltr'><strong>baptismo</strong></span> <span class='ocrx_word' id='word_1_948' title='bbox 3564 5552 3777 5611; x_wconf 71' lang='lat' dir='ltr'><strong>contra-</strong></span> 
     </span>
    </p>
   </div>
   <div class='ocr_carea' id='block_1_126' title="bbox 2188 5609 3775 5682">
    <p class='ocr_par' dir='ltr' id='par_1_126' title="bbox 2188 5609 3775 5682">
     <span class='ocr_line' id='line_1_127' title="bbox 2188 5609 3775 5682; baseline -0.003 -17"><span class='ocrx_word' id='word_1_949' title='bbox 2188 5623 2348 5667; x_wconf 82' lang='lat' dir='ltr'><strong>ctant.</strong></span> <span class='ocrx_word' id='word_1_950' title='bbox 2380 5609 2693 5682; x_wconf 84' lang='lat' dir='ltr'><strong>Salutovos</strong></span> <span class='ocrx_word' id='word_1_951' title='bbox 2733 5628 2825 5682; x_wconf 87' lang='lat' dir='ltr'><strong>ego</strong></span> <span class='ocrx_word' id='word_1_952' title='bbox 2865 5611 3074 5666; x_wconf 86' lang='lat' dir='ltr'><strong>Tertius</strong></span> <span class='ocrx_word' id='word_1_953' title='bbox 3116 5613 3207 5682; x_wconf 88' lang='lat' dir='ltr'><strong>qui</strong></span> <span class='ocrx_word' id='word_1_954' title='bbox 3250 5609 3439 5680; x_wconf 77' lang='lat' dir='ltr'><strong>scripsi</strong></span> <span class='ocrx_word' id='word_1_955' title='bbox 3478 5609 3775 5682; x_wconf 78' lang='lat' dir='ltr'><strong>Epistolnm</strong></span> 
     </span>
    </p>
   </div>
   <div class='ocr_carea' id='block_1_127' title="bbox 2187 5680 3777 5750">
    <p class='ocr_par' dir='ltr' id='par_1_127' title="bbox 2187 5680 3777 5750">
     <span class='ocr_line' id='line_1_128' title="bbox 2187 5680 3777 5750; baseline -0.003 -15"><span class='ocrx_word' id='word_1_956' title='bbox 2187 5686 2245 5736; x_wconf 90' lang='lat' dir='ltr'><strong>in</strong></span> <span class='ocrx_word' id='word_1_957' title='bbox 2270 5684 2517 5738; x_wconf 85' lang='lat' dir='ltr'><strong>Domino.</strong></span> <span class='ocrx_word' id='word_1_958' title='bbox 2558 5680 2777 5738; x_wconf 74' lang='lat' dir='ltr'><strong>Salutat</strong></span> <span class='ocrx_word' id='word_1_959' title='bbox 2808 5700 2895 5736; x_wconf 87' lang='lat' dir='ltr'><strong>vos</strong></span> <span class='ocrx_word' id='word_1_960' title='bbox 2928 5682 3091 5737; x_wconf 85' lang='lat' dir='ltr'><strong>Caius</strong></span> <span class='ocrx_word' id='word_1_961' title='bbox 3123 5680 3307 5750; x_wconf 85' lang='lat' dir='ltr'><strong>hospes</strong></span> <span class='ocrx_word' id='word_1_962' title='bbox 3340 5698 3485 5735; x_wconf 85' lang='lat' dir='ltr'><strong>mens</strong></span> <span class='ocrx_word' id='word_1_963' title='bbox 3521 5680 3777 5750; x_wconf 61' lang='lat' dir='ltr'><strong>universa:</strong></span> 
     </span>
    </p>
   </div>
   <div class='ocr_carea' id='block_1_128' title="bbox 2193 5748 3775 5819">
    <p class='ocr_par' dir='ltr' id='par_1_128' title="bbox 2193 5748 3775 5819">
     <span class='ocr_line' id='line_1_129' title="bbox 2193 5748 3775 5819; baseline 0 -16"><span class='ocrx_word' id='word_1_964' title='bbox 2193 5751 2463 5809; x_wconf 75' lang='lat' dir='ltr'><strong>Ecclesiaz.</strong></span> <span class='ocrx_word' id='word_1_965' title='bbox 2498 5753 2605 5807; x_wconf 78' lang='lat' dir='ltr'><strong>llic</strong></span> <span class='ocrx_word' id='word_1_966' title='bbox 2645 5766 2719 5806; x_wconf 85' lang='lat' dir='ltr'><strong>est</strong></span> <span class='ocrx_word' id='word_1_967' title='bbox 2750 5751 2914 5807; x_wconf 83' lang='lat' dir='ltr'><strong>Caius</strong></span> <span class='ocrx_word' id='word_1_968' title='bbox 2948 5760 3010 5806; x_wconf 87' lang='lat' dir='ltr'><strong>de</strong></span> <span class='ocrx_word' id='word_1_969' title='bbox 3053 5771 3155 5819; x_wconf 87' lang='lat' dir='ltr'><strong>quo</strong></span> <span class='ocrx_word' id='word_1_970' title='bbox 3185 5748 3312 5805; x_wconf 75' lang='lat' dir='ltr'><strong>atibi</strong></span> <span class='ocrx_word' id='word_1_971' title='bbox 3354 5752 3527 5805; x_wconf 85' lang='lat' dir='ltr'><strong>dicit:</strong></span> <span class='ocrx_word' id='word_1_972' title='bbox 3557 5748 3775 5805; x_wconf 71' lang='lat' dir='ltr'><strong>Gratias</strong></span> 
     </span>
    </p>
   </div>
   <div class='ocr_carea' id='block_1_129' title="bbox 2190 5823 3454 5893">
    <p class='ocr_par' dir='ltr' id='par_1_129' title="bbox 2190 5823 3454 5893">
     <span class='ocr_line' id='line_1_130' title="bbox 2190 5823 3454 5893; baseline 0 -18"><span class='ocrx_word' id='word_1_973' title='bbox 2190 5839 2288 5891; x_wconf 88' lang='lat' dir='ltr'><strong>ago</strong></span> <span class='ocrx_word' id='word_1_974' title='bbox 2327 5824 2437 5879; x_wconf 86' lang='lat' dir='ltr'><strong>Deo</strong></span> <span class='ocrx_word' id='word_1_975' title='bbox 2474 5842 2613 5888; x_wconf 85' lang='lat' dir='ltr'><strong>meo,</strong></span> <span class='ocrx_word' id='word_1_976' title='bbox 2640 5833 2771 5885; x_wconf 85' lang='lat' dir='ltr'><strong>etc.,</strong></span> <span class='ocrx_word' id='word_1_977' title='bbox 2805 5826 3021 5878; x_wconf 68' lang='lat' dir='ltr'><strong>caeteris</strong></span> <span class='ocrx_word' id='word_1_978' title='bbox 3053 5823 3454 5893; x_wconf 68' lang='lat' dir='ltr'><strong>pI‘JBlCI&#39;IIIiSSiS.</strong></span> 
     </span>
    </p>
   </div>
  </div>
