4150 6400
413 281 432 335 Ι
444 277 548 335 289

1359 280 1718 336 COMMENT.
1759 279 1826 334 ΙΝ
1867 277 2089 335 EPIS'I'.
2124 277 2216 332 AD
2254 277 2420 333 ROM.
2461 279 2589 334 LIB.
2637 280 2703 336 Χ.

3523 287 3662 342 i296

400 399 724 470 junguntur,
752 396 904 470 jungi
956 399 1056 455 sibi
1094 414 1323 457 novet-at
1364 407 1662 459 set-iunium
1699 403 1978 467 cognatio-
2011 407 2058 464 Α
2089 410 2145 456 et
2189 402 2314 458 ideo
2351 415 2451 458 nec
2505 417 2702 458 nomen
2757 404 3000 471 posuerit
3053 403 3209 473 cujus
3267 403 3523 469 civitatis,
3567 405 3663 460 sed

407 510 529 548 nent
574 493 917 562 paternitatis
963 496 1231 548 cwlcstis.
1277 497 1339 550 Et
1375 498 1498 552 ideo
1547 513 1642 552 eos
1693 507 1977 567 cognatos,

405 596 460 642 et
511 589 860 658 concaptivos
917 601 1108 654 vocat,
1155 601 1206 643 et
1255 589 1568 654 adjutores;
1621 601 1804 657 utpote
1855 605 1978 644 cum

405 679 606 748 quibus
633 695 793 732 unam
835 683 900 733 ad
938 683 1416 749 evatigclizandutu
1452 682 1832 750 cognationem
1882 697 1981 734 na-

407 771 589 825 scendi
660 782 811 825 sorte
868 777 1204 840 susceperit,
1249 786 1304 828 et
1354 776 1722 844 Captivitatem
1795 771 1976 827 tnuudi

406 860 565 926 hujus
611 861 917 930 BililyIOIIiJ!
952 865 1280 934 perferendi.
1312 867 1422 919 Attt
1466 866 1508 919 si
1559 866 1681 934 quis
1718 867 1829 918 lucc
1875 881 1977 918 non

406 953 497 1005 tali
545 957 776 1023 quadam
818 959 1114 1026 tropulogia
1165 960 1366 1026 patitur
1399 959 1707 1025 explanari,
1743 967 1981 1026 exponat

407 1045 564 1096 nobis
611 1049 882 1112 quomodo
925 1048 1261 1110 Timotheus,
1290 1061 1343 1102 et
1372 1048 1592 1111 Lucius,
1621 1059 1674 1102 et
1704 1049 1894 1111 Jason,
1926 1059 1981 1102 et

407 1132 686 1202 Sosipater
711 1137 870 1206 longe
906 1139 1242 1192 diversarum
1275 1154 1380 1192 non
1409 1139 1581 1191 solum
1613 1139 1851 1202 urbium,
1882 1141 1976 1194 sed

403 1235 457 1277 ct
507 1227 911 1292 provinciarum
961 1228 1142 1293 cives,
1193 1227 1358 1281 Paulo
1406 1227 1700 1282 secundum
1757 1243 1976 1282 carnem

403 1318 619 1385 cognati
663 1325 718 1371 et
763 1319 1154 1389 consanguinei
1208 1334 1328 1372 esse
1375 1325 1670 1388 potuerunt
1709 1335 1724 1371 ε
1770 1329 1824 1372 et
1872 1335 1976 1373 non

403 1406 578 1462 solum
613 1409 722 1471 isti,
767 1412 860 1465 sed
903 1423 953 1463 et
984 1412 1352 1475 Andronicus,
1381 1423 1434 1464 et
1466 1409 1676 1475 Junias,
1705 1419 1760 1462 et
1808 1409 1978 1464 llero-

403 1499 550 1566 dion,
579 1517 717 1570 quos
761 1518 952 1556 omnes
981 1513 1032 1558 et
1076 1505 1240 1576 637
1279 1513 1544 1574 cognatos
1585 1518 1736 1567 suos,
1763 1514 1816 1556 et
1848 1517 1980 1558 con-

404 1593 649 1660 captivos
675 1593 934 1660 appellat.

481 1683 566 1736 ιυ.
603 1683 790 1738 Saluto
818 1701 905 1737 vos
932 1702 1024 1752 ego
1057 1684 1289 1746 Tertius,
1327 1687 1416 1755 qui
1451 1687 1635 1753 scripsi
1669 1682 1967 1752 Epistolam

2091 493 2469 550 tantummodo
2520 509 2645 551 eum
2699 495 2972 550 arcarium
3036 496 3399 550 nominaverit
3463 497 3660 552 civita-

2088 586 2158 639 tis
2189 581 2324 654 (60).
2380 585 2570 642 Utrum
2619 601 2749 656 ergo
2805 586 2898 640 tali
2952 587 3112 641 modo
3159 588 3376 659 aliquo,
3414 604 3481 642 an
3533 604 3663 644 vero

2083 679 2408 747 simpliciter
2437 679 2608 748 magis
2641 679 3016 748 accipiendum
3054 681 3147 744 sit,
3181 692 3235 734 et
3267 682 3403 735 nihil
3433 683 3660 748 profun-

2083 771 2203 823 dius
2236 770 2287 824 in
2317 769 2468 826 Pauli
2501 769 2726 826 Litteris
2747 772 3157 842 requirendum,
3194 775 3536 829 considerato
3566 774 3661 843 qui

2082 861 2242 931 legis.

2153 953 2242 1005 43.
2289 953 2353 1006 Ei
2386 962 2555 1005 autem
2587 952 2676 1016 qui
2701 961 2880 1014 potens
2911 962 2986 1006 est
3021 970 3107 1007 uos
3130 954 3445 1025 conﬁrmare
3473 971 3662 1010 secun-

2079 1041 2202 1093 dum
2231 1041 2579 1111 Evangelium
2601 1059 2790 1104 utemit,
2825 1051 2873 1096 et
2897 1045 3329 1110 prwdicationem
3355 1044 3484 1099 Iesu
3511 1046 3662 1100 Chri-

2080 1135 2168 1200 sti,
2215 1138 2499 1188 secundum
2545 1135 2910 1187 reuelationem
2964 1138 3286 1189 sacramenti
3337 1138 3659 1205 temporibus

2041 1269 2048 1273 .
2079 1228 2395 1281 steculorum
2430 1229 2482 1281 in
2508 1229 2716 1281 silentio
2733 1229 3270 1298 habiti,manifestatt'
3299 1242 3472 1284 autem
3501 1235 3656 1285 modo

2078 1335 2173 1387 per
2235 1318 2540 1386 Scripturas
2591 1321 2917 1384 prapheticas
2979 1320 3264 1372 secundum
3338 1333 3655 1391 prmeeptunt

2079 1409 2259 1462 wtertti
2295 1406 2388 1461 Dei
2414 1409 2482 1459 ad
2510 1408 2860 1460 obedientiam
2898 1405 3024 1474 ﬁdei
3054 1407 3110 1460 in
3137 1422 3318 1459 omnes
3348 1421 3527 1477 gentes
3549 1427 3660 1462 ma-

2081 1499 2334 1567 nifestati,
2359 1499 2458 1550 soli
2496 1501 2720 1566 sapienti
2756 1498 2862 1551 Deo
2891 1515 2984 1564 per
3017 1496 3204 1551 Jesum
3247 1500 3521 1554 Christum
3551 1502 3659 1555 cla-

2081 1591 2214 1643 ritas
2252 1593 2305 1642 in
2335 1590 2532 1643 sa-cu.’a
2561 1589 2892 1644 sa'culorum.
2931 1591 3095 1644 Amen
3117 1592 3157 1622 ¹⁷
3183 1591 3314 1660 (61).
3349 1593 3520 1663 Caput
3553 1596 3657 1650 hoc

2079 1681 2343 1744 Marcion,
2370 1698 2396 1733 a
2432 1697 2539 1749 quo
2568 1680 2865 1749 Scriptura:
2891 1681 3218 1752 evangelica:
3245 1695 3407 1753 atque
3433 1697 3656 1754 aposto-

402 1771 458 1826 in
486 1771 800 1828 Domino“.
835 1775 1116 1844 Tanquam
1155 1777 1248 1845 qui
1278 1777 1477 1845 dignus
1513 1775 1732 1830 habitus
1755 1776 1826 1830 sit
1848 1774 1976 1842 Epi-
2010 1766 2050 1819 Β
2082 1771 2202 1825 lica:
2225 1770 2564 1839 interpolata:
2598 1777 2746 1837 sunt,
2779 1774 2844 1824 de
2878 1772 2981 1825 hac
3011 1769 3247 1840 Epistola
3279 1774 3492 1842 penitus
3521 1778 3652 1831 abs-

403 1862 598 1917 stolam
630 1863 889 1920 Romanis
929 1866 1098 1920 Paulo
1133 1868 1378 1921 dictante
1425 1867 1788 1936 perscribere,
1831 1866 1976 1918 inse-

405 1955 479 2008 rit
508 1955 557 2009 ei
601 1955 764 2009 etiam
804 1971 959 2011 suum
994 1975 1213 2021 nomen,
1243 1975 1349 2012 non
1384 1959 1693 2013 temeritate
1723 1971 1853 2010 usus
1885 1965 1977 2008 aut

367 2084 370 2086 .
397 2040 682 2110 iactantia,
717 2045 811 2099 sed
840 2045 966 2115 quia
996 2048 1207 2102 sciebat
1240 2065 1301 2102 se
1320 2063 1429 2103 non
1457 2049 1634 2104 solum
1661 2044 1976 2117 praestitisse

399 2134 688 2204 scriptoris
713 2134 973 2199 ofiicium,
1006 2137 1100 2193 sed
1137 2139 1423 2208 scripsisse
1464 2137 1516 2190 in
1551 2136 1782 2191 Domino
1811 2150 1978 2204 :quo-

401 2225 549 2280 niatn
575 2227 796 2296 quidem
821 2227 1002 2297 justus
1046 2231 1231 2284 omnia
1278 2244 1399 2299 qum
1434 2229 1586 2294 facit,
1626 2227 1692 2282 ad
1746 2228 1971 2299 gloriam

400 2315 493 2371 Dei
527 2317 652 2373 facit
671 2319 734 2372 “'.
761 2320 826 2374 Et
847 2321 890 2374 si
918 2320 1102 2375 scribit
1122 2336 1272 2392 ergo,
1303 2322 1368 2375 ad
1393 2321 1620 2392 gloriam
1649 2321 1742 2375 Dei
1760 2321 1973 2386 scribit,

397 2418 456 2462 et
487 2409 604 2465 ideo
634 2410 686 2466 in
718 2411 947 2467 Domino
979 2414 1170 2468 scribit
1198 2429 1214 2468 :
1239 2425 1462 2484 prOpter
1489 2416 1630 2485 quod
1653 2415 1971 2484 estdignnm

373 2511 460 2554 .ut
483 2499 737 2572 Epistola:
765 2505 850 2558 sui
881 2519 1098 2575 quoque
1126 2506 1364 2560 nominis
1383 2506 1593 2562 indcret
1619 2508 1970 2561 mentionem.

405 2591 498 2646 Vel
541 2603 695 2649 certe
731 2597 986 2663 quoniam
1033 2597 1141 2650 vim
1189 2611 1444 2651 sensuum
1509 2597 1656 2652 Pauli
1717 2599 1975 2653 dictantis

398 2690 710 2750 exceperat,
734 2690 789 2737 et
817 2684 1164 2738 intellexerat
1203 2701 1309 2740 non
1343 2687 1602 2753 hominis,
1627 2687 1722 2742 sed
1761 2688 1970 2742 Domini

395 2785 518 2840 quae
550 2773 848 2841 scribebat,
899 2777 1104 2832 idcirco
1140 2793 1263 2834 eum
1305 2780 1358 2833 in
1403 2779 1631 2834 Domino
1683 2781 1973 2852 scripsisse

396 2875 815 2922 commemorat.

469 2956 558 3012 41.
586 2956 798 3012 Salutat
832 2975 920 3014 sos
951 2955 1113 3014 Gaius
1144 2959 1259 3028 (56)
1291 2960 1476 3030 hospes
1513 2979 1683 3026 meus,
1725 2973 1774 3017 et
1813 2965 1971 3019 totius

398 3047 742 3105 Ecslesim".
777 3051 1102 3124 lutelligitur
1134 3054 1302 3110 Gaius
1348 3055 1437 3110 hic
1479 3071 1600 3110 esse
1638 3056 1705 3111 de
1745 3071 1854 3126 quo
1903 3059 1968 3112 ad

397 3141 710 3196 Corinthios
754 3144 1000 3199 scribens
1039 3155 1451 3211 commemorat,
1501 3148 1726 3202 dicens:
1756 3149 1968 3203 Gratias

397 3245 499 3298 ego
530 3231 662 3293 Deo.
693 3233 942 3301 quoniam
983 3235 1238 3288 neminem
1277 3246 1506 3290 vestrum
1542 3239 1828 3306 baptizari,
1870 3240 1970 3292 nisi

397 3318 641 3389 Crispum
678 3331 728 3376 et
778 3321 970 3378 Gaium
1002 3325 1067 3380 η.
1099 3325 1322 3382 Videtur
1351 3344 1483 3399 ergo
1521 3329 1766 3384 indicare
1799 3333 1864 3385 de
1904 3346 1969 3385 eo

395 3418 538 3482 quod
579 3415 663 3468 vir
697 3415 862 3472 fuerit
904 3418 1209 3488 hospitalis,
1245 3421 1336 3488 qui
1389 3436 1495 3475 non
1529 3422 1704 3476 solum
1745 3422 1966 3476 Paulum

396 3519 461 3558 ac
507 3505 756 3573 singulos
803 3522 1044 3578 quosque
1091 3511 1449 3566 adventantes
1497 3513 1818 3568 Corinthum
1854 3515 1967 3584 (57)

397 3597 634 3667 hospitio
662 3600 948 3668 receperit,
990 3602 1081 3655 sed
1116 3603 1372 3658 Ecclesiae
1409 3604 1677 3660 universae
1720 3606 1773 3660 in
1809 3607 1968 3661 domo

394 3699 494 3740 Sua
545 3689 984 3744 conventiculum
1053 3691 1168 3759 ipse
1224 3693 1541 3762 praebuerit.
1594 3693 1790 3750 Fertur
1837 3710 1970 3750 sane

398 3779 687 3834 traditione
724 3781 1012 3851 majorum,
1040 3785 1184 3851 quod
1217 3784 1302 3837 hic
1333 3783 1503 3839 Gaius
1527 3787 1737 3856 primus
1759 3787 1967 3857 episco-

392 3883 496 3938 pus
534 3869 694 3924 fuerit
716 3873 1223 3931 Thessalonicensis
1247 3877 1524 3935 Ecclesite.

461 3959 552 4012 42.
597 3960 807 4016 Salutat
857 3981 944 4019 uos
999 3963 1250 4034 Erastus,
1309 3971 1550 4024 arcarius
1604 3971 1856 4039 ciuitatis,
1914 3983 1964 4027 et

393 4048 630 4115 Quartus
676 4054 785 4126 (58)
828 4057 1080 4123 frater“.
1123 4057 1303 4128 Ipsum
1351 4071 1482 4130 puto
1535 4078 1653 4118 esse
1711 4063 1963 4119 Erastum

388 4154 550 4208 quem
586 4144 717 4199 dicit
740 4147 782 4178 ¹⁶
812 4148 936 4217 quia
969 4151 1733 4224 remansitCorinthi,quiqne
1756 4156 1966 4210 videtur

390 4232 734 4304 dispensator
757 4241 994 4298 civitatis
1019 4246 1229 4300 ostendi
1250 4243 1384 4317 (59).
1413 4245 1519 4300 Sed
1549 4262 1652 4300 tton
1676 4257 1805 4317 puto
1821 4247 1962 4316 quod

391 4337 458 4377 ex
499 4326 606 4381 hoc
644 4328 823 4387 oﬂicio
867 4347 1196 4407 magnopere
1245 4337 1446 4394 Paulus
1514 4342 1840 4396 mentionem
1911 4341 1963 4395 in

2076 1863 2236 1924 tulit;
2273 1871 2328 1917 et
2379 1877 2487 1916 non
2545 1860 2714 1915 solum
2753 1863 2876 1925 hoc,
2921 1863 3013 1917 sed
3051 1871 3106 1917 et
3149 1862 3216 1917 ab
3260 1879 3326 1918 eo
3375 1865 3494 1920 loco
3535 1867 3650 1938 (62)

2078 1953 2168 2008 ubi
2199 1953 2464 2024 scriptum
2501 1963 2604 2017 est,
2639 1969 2789 2006 omne
2821 1964 2992 2007 autem
3022 1955 3162 2023 quod
3187 1971 3286 2009 non
3310 1967 3384 2010 est
3425 1974 3490 2012 ea:
3521 1959 3649 2028 ﬁde,

2076 2055 2348 2112 peccatum
2377 2054 2453 2099 est
2477 2044 2542 2108 ⁸⁸,
2579 2059 2747 2114 usque
2775 2047 2839 2099 ad
2867 2046 3027 2100 finem
3058 2057 3251 2102 cuncta
3280 2050 3563 2106 dissecuit.
3588 2052 3645 2108 In

2076 2137 2200 2191 aliis
2247 2151 2377 2192 vero
2425 2136 2846 2206 exemplaribus,
2883 2138 2935 2191 id
2989 2149 3071 2193 est
3119 2139 3175 2193 in
3230 2139 3315 2195 his
3355 2156 3472 2209 quae
3532 2157 3640 2198 non

2077 2239 2203 2284 sunt
2224 2245 2253 2282 a
2283 2229 2555 2283 Marcione
2585 2237 2869 2292 temerata,
2901 2229 3001 2283 hoc
3031 2231 3206 2298 ipsum
3247 2240 3408 2301 caput
3435 2232 3652 2287 diverse

2077 2320 2308 2390 positum
2347 2319 2670 2374 invenimus.
2713 2318 2768 2370 lu
2805 2318 3074 2371 nonnullis
3135 2320 3335 2373 etenim
3369 2320 3652 2375 codicibus

2076 2420 2200 2480 post
2224 2425 2347 2464 eum
2376 2411 2552 2464 locum
2585 2425 2742 2478 quem
2775 2425 2934 2478 supra
2968 2410 3226 2474 diximus,
3263 2412 3368 2466 hoc
3393 2421 3498 2477 est,
3532 2429 3650 2466 om-

2077 2519 2142 2556 ne
2174 2511 2346 2556 autem
2370 2501 2508 2573 quod
2535 2518 2638 2555 non
2665 2511 2738 2555 est
2770 2518 2836 2555 ea:
2878 2502 3001 2570 fide,
3029 2513 3298 2571 peccatum
3334 2514 3434 2570 est,
3467 2508 3648 2561 statim

2076 2591 2359 2646 cohaerens
2387 2591 2641 2656 habetur,
2676 2593 2722 2644 ei
2745 2601 2918 2644 autem
2962 2596 3050 2662 qui
3076 2602 3257 2659 potens
3291 2605 3364 2648 est
3401 2613 3488 2649 vos
3518 2613 3649 2650 con-

2074 2682 2311 2750 ﬁrmare.
2365 2682 2473 2737 Alii
2506 2698 2634 2738 vero
2673 2684 2892 2737 codices
2928 2683 2980 2737 in
3022 2684 3132 2740 fine
3183 2685 3261 2750 id,
3293 2697 3351 2741 ut
3387 2703 3529 2742 nunc
3565 2699 3652 2744 est

2075 2775 2333 2844 positum,
2374 2775 2655 2830 continent
2683 2775 2818 2844 (63).
2853 2775 2957 2830 Sed
2995 2775 3109 2846 jam
3143 2781 3422 2834 veniamus
3453 2781 3520 2833 ad
3548 2796 3646 2834 ca-

2074 2865 2228 2934 pituli
2265 2865 2425 2936 hujus
2451 2866 2909 2936 explanationem.
2939 2867 3082 2922 Duas
3128 2868 3258 2922 mihi
3293 2884 3483 2925 causas
3509 2871 3650 2925 Pau-

2075 2955 2162 3011 lus
2205 2957 2416 3012 videtur
2447 2960 2757 3025 ostendere,
2783 2959 2981 3028 quibus
3015 2961 3342 3016 roborantur
3374 2963 3426 3017 bi
3465 2965 3554 3033 qui
3587 2966 3646 3020 in

2077 3050 2179 3105 fide
2217 3049 2493 3121 Evangelii
2532 3053 2965 3108 confirmantur:
2997 3071 3157 3109 unam
3187 3072 3294 3124 qua
3329 3057 3408 3113 eis
3452 3056 3647 3127 praedi-

2073 3141 2218 3195 catio
2247 3140 2420 3204 Pauli,
2471 3158 2591 3212 qua:
2619 3154 2706 3199 est
2737 3153 2792 3199 et
2820 3145 3022 3202 Christi
3067 3149 3400 3218 praedicatio,
3425 3148 3646 3203 innote-

2071 3233 2177 3286 scit
2203 3232 2348 3304 (64);
2379 3244 2436 3288 et
2464 3234 2625 3290 aliam
2650 3251 2756 3307 qua
2804 3240 3076 3294 revelatur
3121 3241 3200 3294 eis
3241 3251 3641 3296 sacramentum

2070 3328 2212 3394 quod
2265 3327 2506 3382 omniunt
2560 3331 2896 3397 temporibus
2939 3336 3262 3387 surculorum
3314 3335 3366 3387 itt
3423 3333 3643 3389 silentio

2073 3420 2314 3472 habitum
2349 3429 2452 3485 est,
2483 3435 2624 3474 nunc
2663 3436 2814 3483 vero,
2856 3423 2962 3476 hoc
2997 3433 3080 3477 est
3129 3425 3180 3476 iu
3217 3423 3451 3477 adventu
3485 3423 3646 3478 Chri-

2071 3511 2138 3562 sti
2188 3510 2474 3580 praasentia
2513 3512 2784 3580 corporali
2827 3514 3230 3567 manifestatum
3261 3521 3344 3567 est
3377 3521 3435 3568 et
3485 3528 3644 3582 aper-

2072 3610 2204 3661 tum,
2235 3609 2290 3655 et
2318 3611 2580 3671 quantum
2609 3612 2843 3672 spectat.
2875 3619 2978 3658 non
3009 3605 3128 3659 sine
3153 3604 3358 3658 idoneis
3391 3604 3642 3674 testibus,

2069 3693 2161 3746 sed
2206 3692 2512 3762 Scripturis
2551 3695 2883 3764 propheticis
2921 3696 3340 3764 astipulantibus
3392 3697 3639 3751 declara-

2072 3797 2204 3837 tunt.
2249 3784 2325 3838 lta
2361 3785 2506 3838 enim
2561 3797 2888 3856 praeceptum
2934 3788 3148 3842 exstitit
3184 3787 3374 3843 aeterni
3421 3787 3538 3855 Dei,
3581 3797 3643 3844 ut

2068 3891 2164 3943 per
2189 3877 2623 3946 praedicationem
2667 3879 2882 3947 quidem
2907 3879 3020 3949 (65)
3047 3879 3317 3950 Evangelii
3358 3891 3546 3950 gentes
3569 3881 3638 3936 ad

2065 3969 2429 4022 obedientiam
2464 3969 2590 4022 fidei
2633 3980 2962 4024 vocarentur
2990 3985 3004 4022 :
3031 3986 3093 4024 ex
3131 3972 3458 4026 revelatioue
3505 3985 3640 4027 vero

2067 4060 2394 4113 sacramenti
2434 4061 2616 4130 agnita
2653 4061 2746 4114 Dei
2784 4061 3070 4130 sapientia,
3096 4063 3268 4132 gloria
3316 4075 3372 4117 et
3414 4063 3639 4118 claritas

2066 4153 2166 4206 soli
2205 4152 2434 4222 sapienti
2474 4154 2580 4207 Deo
2612 4155 2932 4210 redderetur
2961 4154 3014 4209 in
3055 4155 3249 4210 saecula
3292 4156 3634 4211 saeculorum.

2069 4245 2176 4298 Sed
2214 4245 2406 4298 iterum
2441 4259 2809 4310 recurramus,
2837 4254 2894 4302 et
2923 4247 3334 4302 consideremus
3366 4247 3639 4318 quomodo

2068 4337 2268 4389 dictum
2308 4347 2391 4390 est
2425 4353 2438 4389 :
2467 4334 2534 4389 Ei
2562 4347 2736 4390 autem
2762 4338 2853 4406 qui
2880 4348 3063 4407 potens
3091 4349 3164 4392 est
3204 4355 3292 4392 vos
3323 4338 3639 4406 conﬁrmare

391 4407 628 4480 Epistula
658 4435 752 4476 sua
789 4423 1003 4490 fecerit,
1032 4429 1136 4483 nisi
1170 4427 1311 4484 forte
1341 4430 1542 4498 aliquid
1569 4431 1622 4484 in
1645 4445 1710 4486 eo
1729 4430 1960 4500 amplius
1994 4444 2036 4498 ι)
2066 4429 2352 4482 secundum
2381 4427 2726 4497 Evangetiunt
2752 4446 2945 4495 meum,
2971 4438 3023 4484 et
3047 4428 3476 4498 prwdicatiouem
3506 4426 3639 4484 Jestt

393 4511 645 4592 senserit,
686 4522 742 4568 et
786 4520 1060 4573 arcarium
1101 4534 1248 4586 eum,
1295 4522 1346 4576 id
1399 4531 1486 4576 est
1527 4523 1959 4592 dispensatorem

392 4591 539 4650 illius
556 4602 789 4660 civitatis
811 4609 1011 4664 dixerit
1034 4611 1188 4678 cujus
1220 4613 1414 4667 artifex
1432 4623 1484 4668 ct
1507 4591 1758 4667 conditor
1780 4612 1956 4678 Deus;

531 4691 691 4770 Rom.
715 4716 825 4763 xvi.
847 4705 941 4760 2'2.
1020 4708 1062 4738 “
1089 4706 1107 4760 1
1131 4707 1261 4762 Cor.
1296 4725 1350 4770 κ,
1382 4708 1443 4761 ’51
1472 4725 1486 4769 ;
1523 4708 1733 4762 Coloss.
1759 4723 1837 4769 tu,
1878 4708 1968 4763 17.

2046 4710 2088 4740 ⁸³
2129 4709 2283 4762 Rom.
2319 4722 2432 4769 nt,
2455 4707 2547 4762 ‘25.
2624 4705 2670 4738 “
2697 4704 2718 4759 Ι
2749 4707 2874 4762 Cor.
2907 4723 2946 4772 t,
2981 4707 3068 4762 14.

2064 4519 2288 4582 Christi,
2321 4521 2612 4573 secundum
2642 4519 3010 4575 reuelationem
3041 4522 3361 4576 sacramenti
3389 4521 3639 4588 tempori-

2063 4613 2158 4664 bus
2195 4611 2510 4664 swculorum
2546 4612 2602 4665 in
2644 4613 2852 4666 silentio
2894 4613 3080 4666 habiti.
3112 4611 3228 4666 Non
3261 4611 3390 4665 tnihi
3422 4611 3634 4665 videtur

3147 4708 3189 4747 η
3214 4707 3368 4762 Rom.
3404 4719 3518 4770 xw,
3541 4702 3635 4756 25.

393 4757 440 4790 ί·
467 4761 506 4814 ιι
531 4763 669 4818 Tim.
699 4784 771 4835 tv,
801 4757 939 4828 eo.”
969 4777 1012 4809 ιτ
1042 4757 1350 4845 Ριὸιῆῗιξνῖξ
1375 4757 2017 4846 2's.'27’."1's'a3;.'..‘ga,
2038 4757 2130 4835 es.

461 4857 574 4942 (53)
596 4858 789 4942 gaius.
824 4867 915 4942 Sic
950 4873 1152 4942 ubique
1192 4889 1324 4927 mss.
1374 4873 1563 4940 nostri,
1611 4873 1872 4930 Rabanus
1900 4883 1958 4929 et

389 4927 567 5009 editio"
596 4931 1035 5009 !e_neta.__Czeteri
1063 4927 1226 5003 'editi.
1261 4927 1451 4998 Caius.

460 4998 572 5081 (5"?)
597 5001 780 5081 glditio
808 4998 1380 5081 Veneta,adveriautes
1401 5013 1732 5071 Corinthum.
1761 5013 1954 5068 Caeteri

388 5068 891 5134 editi,’diuersantes
946 5068 1212 5134 Corinthi.
1267 5084 1475 5137 Deinde
1521 5085 1681 5138 iidem
1720 5068 1862 5139 editi
1907 5094 1962 5138 ct

389 5149 523 5222 tttss.
547 5139 812 5222 plerique,
837 5147 1066 5222 hospitio
1098 5153 1374 5218 reciperet,
1397 5162 1449 5206 et
1475 5155 1630 5219 paulo
1659 5164 1781 5222 post
1801 5155 1962 5208 omit-

388 5213 748 5329 :g’t‘tltuprimus.
778 5215 882 5270 Sed
914 5234 1017 5274 ms.
1037 5213 1238 5289 Regius
1265 5213 1414 5276 num.
1450 5213 1740 5279 1'659ut'in
1769 5235 1958 5280 nostro

412 5292 559 5332 εκιιι.

460 5347 574 5433 (ὃξξ)
601 5350 727 5433 Mss.
763 5365 818 5409 et
865 5357 1276 5433 editi_|_tl_eri_que
1327 5361 1532 5417 habent
1577 5362 1834 5430 Marcus;
1861 5364 1955 5417 sed

388 5420 739 5552 ιὸιιῗὲπξξιῖξίυε
770 5441 920 5481 num.
960 5420 1120 5495 1639,
1149 5420 1409 5487 Rabanus
1452 5444 1508 5488 et
1546 5420 1955 5498 Gettebrardus,

441 5501 645 5544 uartus.

457 5558 570 5639 (59)
603 5563 694 5618 Sic
719 5579 822 5640 ms.
855 5564 1062 5638 Regius
1085 5585 1232 5640 num.
1264 5571 1403 5626 1659
1441 5582 1497 5626 et
1529 5571 1803 5625 Rabanus.
1837 5572 1955 5627 Cae-

389 5635 488 5682 teri
517 5645 648 5711 vero
673 5637 896 5711 mssast
911 5635 1040 5691 editi
1065 5677 1081 5702 ,
1104 5639 1356 5711 Corintho
1389 5643 1507 5707 (aL,
1539 5641 1802 5710 Corinthi)
1835 5644 1956 5711 qui-

387 5715 484 5766 que
506 5702 767 5758 evidenter
786 5706 1058 5776 designato
1083 5709 1308 5763 civitatis
1340 5702 1506 5766 ofﬁcio
1539 5702 1858 5766 ostenditur;

820 5844 1092 5910 Puncta
1133 5848 1251 5911 Gn.
1285 5849 1467 5912 ΧΠ.

2133 4875 2248 4945 (60)
2311 4877 2570 4931 Civitatis.
2609 4875 2939 4928 Restituitttt‘
2983 4887 3051 4926 ex
3089 4888 3221 4945 _ms.A
3266 4871 3436 4945 Regio
3483 4893 3634 4932 num.

2064 4942 2239 5001 1659(
2277 4948 2476 5001 Deinde
2525 4961 2661 5000 mss.
2693 4945 2912 5015 quidam
2947 4953 3000 4996 et
3040 4942 3166 5015 editi
3212 4943 3414 4995 habent
3439 4947 3634 5015 pideu-

2062 5018 2188 5070 dum
2217 5033 2314 5086 pro
2349 5011 2734 5084 accipiendum,
2774 5015 2914 5084 quod
2950 5011 3242 5082 praeferunt
3282 5027 3384 5065 uis.
3431 5013 3635 5084 Regius

2064 5102 2217 5140 num.
2252 5087 2389 5140 1659
2421 5096 2475 5140 ct
2499 5087 2775 5138 Rabautts.

2139 5156 2252 5229 (6|)
2283 5157 2348 5210 In
2375 5157 2580 5229 Stimula
2614 5154 2948 5229 mentorum.
2978 5152 3164 5205 Amen.
3191 5149 3317 5206 Haec
3347 5153 3508 5229 verba
3532 5154 3629 5208 de-

2066 5224 2194 5280 sunt
2237 5230 2288 5279 in
2318 5227 2501 5288 editis,
2535 5233 2580 5277 et
2623 5225 2983 5276 restituuntur
3020 5237 3087 5275 ex
3124 5237 3254 5276 mss.
3287 5224 3592 5278 codicibus.

2281 5297 2381 5378 Ms.
2411 5296 2611 5378 Regius
2635 5308 2785 5347 num.
2817 5292 2977 5358 1659,
3000 5294 3089 5346 sed
3114 5300 3162 5344 et
3187 5292 3242 5345 in
3266 5309 3324 5347 eo
3350 5293 3487 5358 loco,
3515 5306 3626 5351 etc.

2064 5365 2206 5420 Edili
2233 5365 2489 5419 emittunt
2526 5365 2660 5416 loco.
2733 5400 2746 5408 .

2135 5436 2246 5503 (6'5)
2272 5437 2434 5499 Editi,
2457 5437 2510 5487 in
2536 5433 2734 5503 [ine,id
2753 5441 2851 5496 est,
2881 5442 2938 5486 ut
2966 5448 3104 5486 nunc
3123 5443 3196 5485 es!
3225 5434 3471 5501 positum,
3500 5449 3629 5488 con-

2061 5502 2242 5559 tinent.
2285 5507 2618 5576 Deindetns.
2658 5502 2859 5576 Regius
2891 5518 3044 5560 num.
3092 5503 3250 5567 1659,
3290 5505 3360 5557 ad
3409 5504 3630 5576 capituli

2058 5577 2223 5642 ipsius
2245 5575 2686 5643 explanationem.

2125 5645 2240 5711 (64)
2267 5645 2432 5706 Editi,
2472 5646 2784 5699 innotescat.

2129 5715 2246 5786 (65)
2289 5715 2454 5782 Editi,
2483 5724 2536 5769 ut
2557 5712 2938 5788 praedicatione
2965 5714 3200 5788 quidem.
3231 5724 3339 5771 etc.

3223 5846 3288 5907 Μ
