4150 6394
349 319 486 377 1233
1475 321 1543 376 IN
1582 317 1875 376 EPISTOL.

2008 316 2100 371 AD
2133 314 2474 371 GALATAS.
3467 315 3607 371 1294

343 451 504 506 quam
548 433 921 504 atdi/icationis
955 433 1248 488 intentione
1282 446 1537 502 perorata
1593 445 1718 489 sunt
1756 450 1774 487 :
1805 433 1940 487 sicut
1981 433 2037 485 in
2069 430 2302 484 homiliis
2339 430 2443 484 sive
2486 428 2542 482 in
2579 429 2928 484 oratiunculis
2960 429 3070 500 (75)
3109 429 3162 483 in
3196 426 3435 486 Genesim
3467 442 3516 484 et
3546 435 3604 486 in

344 529 592 586 Exodum
612 530 856 598 fecimus,
883 538 932 583 et
959 529 1224 597 prwcipue
1247 526 1302 582 in
1324 529 1406 582 his
1430 543 1548 599 quae
1569 528 1625 582 in
1655 527 1852 580 librum
1882 523 2105 580 Levitici
2133 525 2200 578 ab
2236 523 2329 577 illo
2353 523 2562 593 quidem
2587 521 2698 594 (76)
2731 524 3015 590 perorandi
3041 524 3178 593 style
3199 525 3364 590 dicta,
3392 543 3424 578 a
3453 528 3603 581 nobis
3668 563 3672 590 ;

342 638 463 678 νει-ο
487 623 810 690 explanandi
842 624 1013 692 ερειτξε
1040 620 1298 676 translata
1327 633 1468 676 sunt.
1496 622 1664 686 Quem
1696 620 1929 674 laborem
1955 617 2284 686 adimplendi
2305 634 2426 688 qua:
2449 618 2665 672 deerant
2695 618 2896 671 idcirco
2923 621 3266 690 suscepimus,
3291 639 3354 675 ne
3375 621 3603 690 pulsatae
3668 651 3673 683 ;

341 717 731 784 ᾳκωειὶοηεκει
767 719 988 782 relictte,
1019 719 1161 789 quod
1190 720 1245 770 in
1269 716 1598 770 homtliatico
1627 714 1839 768 dicendi
1866 728 2052 780 genere
2081 712 2145 764 ab
2174 709 2266 763 illo
2298 709 2468 780 689
2500 727 2638 776 stupe
2665 710 2782 775 fieri
2807 711 2966 779 solet,
2997 711 3188 766 Latino
3219 713 3403 768 lectori
3437 715 3599 784 fasti—
3669 721 3674 732 '

342 811 493 864 diunt
521 823 850 879 generarent.
887 812 1027 866 Nunt
1063 813 1155 866 illa
1185 830 1300 882 qua:
1326 817 1379 864 in
1412 810 1594 864 Jesunt
1632 807 1806 868 Nave,
1838 817 1884 860 et
1912 807 1971 859 in
2007 804 2268 858 Iudicum
2290 804 2482 857 librant
2519 803 2653 872 (77),
2692 813 2742 857 et
2781 806 2835 857 in
2867 806 3186 858 tricesimum
3219 820 3446 869 sextum,
3472 817 3520 859 et
3543 809 3599 861 in
3671 822 3674 826 '

340 901 660 954 tricesimum
699 905 998 970 septimum,
1031 914 1078 956 et
1106 905 1428 958 tricesimum
1467 912 1710 956 octavum
1758 899 2020 967 psalmum
2059 897 2389 962 scripsimus,
2429 897 2745 962 simpliciter
2797 910 2852 949 ut
2917 898 3212 951 invenimus
3241 896 3376 970 (78),
3411 907 3461 951 et
3491 915 3600 952 non

338 992 504 1042 multo
531 1008 650 1044 cum
695 992 874 1047 labore
909 995 1299 1049 transtulimus.
1331 993 1584 1058 Quamvis
1611 1009 1733 1061 ergo
1761 999 1809 1044 et
1847 992 1902 1043 in
1939 987 2146 1042 creteris
2180 1004 2297 1057 qua:
2328 1005 2489 1056 supra
2526 989 2759 1041 diximus
2788 989 3092 1042 laboratum
3117 993 3264 1044 nobis
3291 993 3357 1044 sit
3387 992 3442 1045 in
3475 1009 3600 1059 sup-

335 1083 542 1149 plendis
573 1083 656 1135 his
699 1099 816 1150 qua:
867 1085 1134 1148 omiserat,
1168 1085 1222 1136 in
1267 1085 1364 1136 hoc
1406 1093 1576 1136 tamen
1611 1098 1764 1148 opere
1819 1077 2074 1139 Episton
2111 1079 2179 1130 ad
2215 1076 2483 1132 Romanos
2534 1095 2629 1142 pro
2657 1081 2741 1132 his
2777 1082 2953 1133 causis
2997 1097 3128 1150 quas
3162 1084 3215 1134 in
3264 1081 3596 1152 Prtrfatione

337 1176 847 1242 compre/tendimus,
876 1179 1161 1232 immensus
1191 1179 1336 1231 nobis
1369 1187 1419 1230 et
1458 1173 1843 1230 inextricabilis
1879 1173 1992 1242 (79)
2029 1173 2264 1226 incubuit
2305 1171 2479 1226 labor.
2517 1171 2620 1226 Sed
2655 1171 2931 1227 delectavit
2969 1173 3255 1228 indulsisse
3295 1175 3597 1240 laboribus;

332 1271 380 1321 si
412 1272 564 1321 modo
600 1288 725 1337 non,
757 1281 812 1324 ut
844 1273 898 1324 in
927 1273 1046 1325 aliis
1076 1274 1277 1341 experti
1307 1288 1517 1334 sumus,
1556 1269 1830 1322 malevon
1867 1277 2063 1322 mentes
2098 1267 2290 1337 vigiliis
2323 1267 2515 1322 nostris
2543 1269 2889 1323 contumelias
2921 1270 3166 1337 reddant,
3201 1271 3245 1324 si
3274 1288 3377 1324 non
3410 1273 3595 1326 studia

334 1363 822 1427 obtrectationibus,
855 1373 905 1419 et
946 1366 1152 1420 labores
1193 1375 1594 1420 remunerentur
1632 1362 1866 1415 insidiis.
1899 1359 2110 1414 Novum
2146 1362 2340 1429 quippe
2377 1363 2518 1430 apud
2566 1377 2655 1415 eos
2703 1361 2873 1432 culpa:
2917 1381 3080 1432 genus
3117 1366 3377 1420 subimus.
3429 1366 3594 1418 Aiunt

331 1454 468 1504 enim
522 1454 691 1508 mihi:
723 1453 787 1508 ltt
837 1457 919 1510 his
960 1474 1078 1525 qua:
1118 1458 1328 1521 scribis,
1374 1460 1624 1527 quottiam
1673 1457 1906 1523 plurinta
1949 1454 2003 1506 in
2043 1456 2117 1506 eis
2149 1456 2225 1506 tui
2271 1455 2442 1522 operis
2494 1455 2777 1518 habentur,
2809 1457 2878 1508 da
2905 1457 3121 1510 titulum
3151 1458 3379 1512 nominis
3412 1459 3513 1522 tui,
3542 1471 3593 1510 es

331 1544 498 1596 scribe
532 1561 549 1596 :
574 1544 751 1613 Ruﬁni
787 1547 924 1618 (80),
957 1550 1096 1602 verbi
1127 1551 1325 1617 gratia,
1371 1550 1425 1603 in
1464 1549 1759 1617 Epistulam
1805 1547 1873 1599 ad
1911 1543 2178 1600 Romanos
2220 1546 2672 1615 Explanationum
2712 1549 2854 1612 libri,
2887 1549 3023 1601 sicut
3053 1560 3102 1602 et
3148 1551 3293 1618 apud
3324 1562 3590 1616 auctores,

329 1637 598 1703 inquiunt,
638 1641 919 1696 sucu/ares
955 1659 1058 1696 non
1079 1643 1227 1696 illius
1251 1643 1340 1713 qui
1361 1659 1427 1696 ex
1460 1641 1648 1696 Grtrco
1677 1641 1968 1695 translatus
1999 1650 2098 1706 est,
2127 1644 2220 1694 sed
2247 1641 2392 1693 illius
2427 1643 2516 1710 qui
2558 1643 2829 1694 transtulit
2852 1659 3038 1696 nomen
3071 1644 3260 1697 titulus
3291 1654 3447 1698 tenet.
3475 1644 3592 1700 Iloc

329 1742 504 1784 autem
533 1743 696 1786 latum
727 1736 854 1788 mihi
891 1737 1090 1789 donant
1121 1753 1225 1790 non
1255 1752 1438 1790 amore
1488 1737 1613 1799 mei,
1647 1736 1740 1788 sed
1795 1735 1915 1788 odio
1969 1735 2202 1787 auctoris
2230 1733 2362 1804 (81).
2411 1733 2598 1788 Verum
2629 1752 2724 1803 ego
2773 1738 2864 1804 qui
2894 1736 3015 1804 plus
3065 1739 3404 1792 conscientia:
3439 1755 3588 1804 ntea',

329 1839 486 1892 quant
533 1827 734 1878 nontini
779 1827 958 1896 defero
1002 1829 1160 1882 etiam
1197 1830 1244 1880 si
1281 1828 1476 1882 addere
1523 1829 1703 1898 aliqua
1735 1828 1916 1881 videor
1947 1837 1994 1880 et
2038 1825 2247 1891 explere
2281 1842 2402 1895 qua:
2449 1828 2660 1893 desunt,
2698 1835 2790 1879 aut
2825 1828 3058 1882 breviare
3092 1845 3210 1899 qua:
3252 1829 3408 1900 longa
3439 1841 3588 1895 sunt,

327 1913 502 1979 furari
529 1924 702 1969 tamen
735 1917 949 1971 titulum
986 1921 1103 1990 ejus
1137 1919 1227 1989 qui
1269 1918 1624 1987 fundamenta
1667 1920 1839 1986 Operis
1868 1919 2024 1987 jecit,
2063 1929 2110 1972 et
2157 1919 2497 1970 construendi
2536 1919 2751 1986 wdiﬁcii
2783 1920 3060 1974 materiam
3103 1923 3354 1989 praebuit,
3388 1931 3589 1976 rectum

327 2023 432 2062 non
457 2023 606 2076 puto.
626 2011 708 2066 Sit
731 2029 860 2066 sane
881 2015 936 2068 in
959 2016 1182 2068 arbitrio
1209 2015 1429 2085 legentis
1457 2030 1576 2068 cum
1601 2029 1732 2083 opus
1757 2013 2070 2082 probaverit,
2094 2013 2264 2081 Operis
2288 2013 2530 2066 nteritum
2553 2013 2637 2066 cui
2661 2011 2784 2066 velit
2811 2014 3093 2068 ascribere.
3115 2013 3284 2069 Nobis
3312 2016 3449 2070 enim
3470 2014 3587 2087 (89.)

326 2101 654 2166 prapositunt
689 2112 762 2156 est
802 2120 906 2157 non
943 2106 1190 2170 plausum
1225 2107 1530 2175 legentium,
1561 2108 1652 2159 sed
1687 2105 1922 2175 fructum
1968 2105 2361 2174 proﬁcientium
2402 2121 2654 2175 qurerere.
2688 2103 2813 2160 Post
2836 2105 2933 2160 hoc.
2966 2123 3094 2160 sane
3133 2117 3279 2161 vocat
3317 2125 3412 2161 nos
3453 2123 3586 2174 Opus

323 2193 465 2261 quod
497 2194 623 2246 olint
652 2197 862 2265 quidem
897 2199 1190 2266 injunctum
1239 2209 1337 2263 est,
1371 2204 1460 2253 sed
1490 2215 1629 2252 nunc
1658 2216 1690 2252 α
1731 2198 1879 2252 beato
1909 2196 2206 2251 Gaudentio
2246 2199 2484 2266 episcopo
2521 2197 2874 2252 vehementius
2920 2210 3254 2267 perurgetur,
3298 2198 3585 2255 Clementis

321 2283 525 2338 scilicet
576 2285 806 2342 Romani
843 2291 1076 2361 episcopi
1129 2291 1491 2360 apostolorum
1558 2292 1766 2346 comitis
1795 2307 1857 2344 ac
1889 2293 2206 2345 successoris
2246 2293 2310 2346 de
2341 2292 2711 2364 Recognitione
2741 2294 2862 2347 libri
2892 2306 2948 2346 ut
2988 2296 3040 2348 itt
3069 2294 3318 2351 Latinum
3369 2309 3583 2354 vertan-

321 2385 412 2432 tur
441 2379 576 2450 (83).
609 2378 678 2434 In
707 2397 809 2450 quo
849 2398 1001 2451 opere
1031 2379 1157 2438 bene
1189 2386 1308 2439 novi
1339 2385 1480 2455 quod
1511 2385 1746 2439 laborem
1777 2382 1926 2436 labor
1961 2383 2299 2452 multiplicat,
2325 2386 2370 2438 si
2404 2400 2596 2439 sortem
2640 2387 2892 2455 suscipiat
2916 2386 3052 2458 (84).
3081 2387 3426 2458 Satisfaciam
3453 2409 3582 2446 sane

319 2472 378 2526 in
409 2489 469 2526 eo
497 2476 680 2528 amicis
715 2477 841 2529 meis
873 2493 891 2530 :
921 2477 1056 2531 dabo
1096 2478 1251 2531 titulo
1286 2495 1475 2532 nomen
1515 2495 1710 2541 meum,
1759 2478 1994 2531 auctoris
2054 2478 2398 2531 nihilominus
2425 2479 2673 2532 vocabulo
2696 2490 3050 2548 permanente.
3080 2478 3223 2534 Nam
3246 2479 3424 2548 Ruﬁni
3456 2480 3580 2535 Cle-

319 2581 465 2618 mens
493 2568 754 2621 scribetur
778 2568 912 2639 (85).
949 2568 1104 2634 Quod
1133 2573 1177 2624 si
1209 2585 1290 2624 me
1330 2569 1590 2624 Dominus
1637 2567 1856 2636 implere
1903 2566 2224 2635 permiserit,
2253 2568 2433 2620 redibo
2460 2583 2649 2620 rursus
2680 2576 2728 2621 et
2760 2567 2828 2620 ad
2861 2579 2955 2620 tua
2995 2567 3279 2633 desideria,
3313 2582 3368 2621 ut
3410 2570 3487 2623 vel
3528 2571 3586 2625 in

335 2658 720 2723 Numerorum,
750 2661 826 2714 vel
856 2665 911 2714 in
941 2661 1339 2716 Deuteronomii
1363 2663 1552 2727 libros,
1589 2660 1697 2714 Deo
1727 2660 2080 2730 permittente,
2106 2660 2288 2727 aliqua
2321 2661 2559 2712 dicamus
2585 2658 2702 2730 (hoc
2750 2661 2889 2714 enint
2920 2658 3094 2712 solum
3139 2661 3284 2714 nobis
3327 2661 3392 2714 de
3418 2659 3588 2730 Epta-

317 2758 505 2809 teucho
533 2755 697 2826 deest)
723 2755 800 2810 vel
828 2756 894 2810 de
923 2757 1135 2825 reliquis
1168 2757 1396 2825 apostoli
1430 2754 1588 2810 Pauli
1614 2753 1874 2825 Epistolis
1900 2772 2017 2825 qua:
2039 2771 2339 2824 possumus,
2364 2753 2589 2808 Domino
2621 2755 2897 2824 dirigente,
2919 2755 3176 2808 dictemus
3201 2751 3335 2823 (86).

869 3079 992 3159 (87)
1029 3080 1139 3140 ΕΧ
1173 3079 1433 3141 LIBRlS
1464 3078 1842 3140 ORIGENIS
1875 3078 1955 3139 IN
1991 3077 2455 3141 EPISTOLAM
2482 3079 2592 3140 AD
2621 3079 2998 3141 ΕΛΕΑΤΑὲ

768 3406 855 3462 Ea:
895 3407 1050 3462 initio
1091 3407 1214 3462 libri
1255 3413 1438 3477 primi.
1927 3421 1971 3476 Α
2000 3433 2162 3485 neque
2203 3435 2296 3486 per
2335 3418 2618 3472 hominem.
2667 3417 2725 3472 Si
2769 3417 2915 3472 enim
2951 3417 3116 3472 homo
3159 3417 3260 3473 fuit
3287 3416 3478 3485 Jesus,
3525 3427 3582 3476 et

382 3497 549 3568 690
589 3498 668 3554 Ex
709 3515 776 3555 eo
807 3501 952 3571 quod
981 3502 1443 3572 dixitApostolus
1479 3525 1492 3560 :
1532 3503 1738 3562 I’aulus
1768 3524 1896 3578 apo-
1999 3525 2096 3578 per
2142 3509 2317 3579 ipsum
2361 3519 2672 3580 assumptus
2721 3520 2808 3564 est
2847 3510 2900 3564 in
2949 3509 3308 3580 apostolatum
3351 3511 3578 3580 Paulus,

309 3592 478 3646 stolus
513 3610 615 3647 non
647 3594 712 3648 ab
743 3595 1080 3659 hominibus,
1118 3611 1286 3666 neque
1327 3615 1421 3667 per
1461 3601 1724 3656 hominem
1753 3642 1769 3666 ,
1803 3603 1898 3656 sed
1997 3602 2187 3671 utique
2219 3602 2611 3670 perhominem
2635 3602 2811 3657 factus
2837 3602 3274 3672 cratapostolus.
3310 3602 3367 3658 Si
3391 3614 3576 3661 autem

307 3701 402 3755 per
456 3685 640 3740 Jesum
693 3687 964 3742 Christum
1003 3690 1074 3754 ’⁷,
1116 3691 1404 3747 manifeste
1459 3691 1624 3747 datur
1674 3695 1896 3766 intelligi
1994 3711 2092 3764 per
2135 3695 2409 3750 hominem
2468 3705 2586 3750 erat
2631 3694 2940 3763 apostolus,
2992 3711 3268 3766 nunquam
3324 3697 3574 3764 dixisset,

308 3778 436 3846 quia
469 3794 575 3834 non
605 3787 725 3833 erat
761 3780 923 3835 homo
947 3781 1201 3839 Christus
1227 3781 1406 3852 Jesus,
1447 3786 1541 3840 sed
1563 3795 1686 3840 erat
1710 3787 1893 3842 divina
1993 3787 2120 3855 quia
2150 3802 2313 3857 neque
2342 3803 2436 3856 per
2467 3786 2730 3840 hominem
2757 3803 2778 3841 :
2810 3788 2902 3841 sed
2943 3788 3230 3844 manifeste
3257 3800 3477 3858 separat
3507 3789 3577 3845 ab

307 3881 522 3923 natura.
573 3869 688 3926 Non
725 3872 871 3927 enim
915 3874 960 3928 si
994 3875 1158 3931 homo
1207 3885 1386 3942 esset,
1421 3877 1654 3934 dixisset
1695 3877 1895 3934 Paulus
1994 3881 2230 3934 humana
2265 3890 2460 3933 natura
2487 3877 2671 3934 Jesum
2703 3879 2904 3936 Paulus
2942 3897 3037 3951 per
3065 3881 3183 3936 haec
3223 3883 3408 3938 verba.
3455 3882 3573 3938 Non

309 3959 417 4015 hoc
453 3963 594 4030 quod
627 3963 702 4016 ait
735 3983 747 4017 :
780 3961 990 4019 Paulus
1027 3966 1297 4034 apostolus
1329 3985 1434 4022 non
1463 3971 1528 4023 ab
1571 3970 1894 4037 hominibus,
1991 3973 2136 4026 enim
2184 3971 2390 4027 suflicit
2412 3971 2463 4027 ei
2505 3972 2712 4028 dixisse
2748 3989 2763 4024 :
2802 3989 2964 4043 neque
2996 3989 3088 4042 per
3121 3974 3431 4040 hominem;
3475 3965 3574 4033 sed

375 4054 420 4087 ’⁷
450 4053 630 4110 Galut.
660 4073 700 4120 Ι,
737 4057 788 4112 Ι.

1990 4160 2380 4232 Recognitione.
2405 4163 2851 4235 Recognitionum
2878 4165 2998 4219 libri
3023 4166 3324 4221 etiamnum
3348 4177 3570 4228 exstant

402 4149 490 4220 75)
519 4150 647 4205 Mss.
673 4153 802 4218 duo,
833 4154 910 4208 vel
939 4156 1309 4223 oratiunculis,
1338 4167 1444 4214 etc.

1991 4246 2060 4285 ex
2091 4235 2534 4301 interpretatione
2559 4238 2770 4301 Rulit'ti;
2797 4237 2892 4291 sed
2914 4237 3173 4291 Clementi
3200 4237 3446 4298 Romano
3472 4241 3568 4297 ab-

399 4223 490 4298 7_6)
529 4223 658 4298 hlss.
708 4226 816 4279 duo
857 4228 1117 4282 omittunt
1143 4230 1392 4298 quidem;
1431 4240 1487 4286 et
1521 4229 1724 4286 habent
1755 4245 1882 4286 cum

305 4289 485 4370 editis,
522 4295 741 4370 dictata.
811 4364 840 4370 _
910 4365 922 4370 _
979 4367 989 4370 _
1114 4289 1168 4370 κ’
1373 4289 1384 4294 ⁷
1983 4289 2320 4370 judicantitr.

379 4358 490 4446 (77)
523 4362 1084 4446 Librunt._.(itnittitur
1113 4369 1164 4422 in
1205 4370 1460 4425 omnibus
1491 4386 1622 4426 mss.
1656 4373 1879 4435 nostris,
1983 4358 2004 4370 ’
2059 4373 2171 4446 (8i)
2195 4372 2305 4446 llis.
2335 4373 2535 4443 Regius
2579 4392 2725 4428 num.
2762 4375 2932 4442 1659,
2963 4377 3102 4446 quod
3152 4376 3383 4432 laborem
3413 4379 3566 4435 labor

307 4434 686 4518 Ctllhtz§sLalill
718 4436 926 4518 cilius.”
963 4508 976 4518 .
1300 4510 1313 4518 _
1574 4469 1586 4518 ζ
1728 4512 1740 4518 _
1868 4434 1872 4435 ⁷
1989 4434 2346 4518 multiplicata
2372 4434 2511 4498 sovrte
2537 4449 2808 4518 suscipiet.
2846 4434 3164 4503 Sell'caeteri
3193 4465 3324 4505 mss.
3348 4461 3404 4506 ct
3431 4434 3564 4507 editi

382 4500 492 4570 (78)
528 4503 666 4558 Ειιίιί
694 4545 709 4569 ,
749 4507 1060 4574 simpliciter
1083 4510 1432 4570 expressimus
1473 4519 1531 4565 ut
1568 4511 1878 4567 invenimus.
1913 4518 1956 4574 Β
1989 4524 2048 4568 ιιι
2074 4500 2328 4568 ἱηίεχιυ.

307 4567 787 4659 Selallo'nutesmss.
818 4567 1076 4659 omittunt
1103 4567 1476 4659 cupressimus.
1501 4652 1536 4659 _
1616 4653 1627 4659 _
1913 4567 1952 4574 —
1993 4654 2007 4659 Α
2031 4567 2170 4659 185)
2183 4567 2404 4659 __Si_etus.
2423 4585 2975 4659 codes_Vallis-clarte
2997 4597 3051 4642 et
3073 4602 3175 4651 ms.
3195 4589 3392 4659 Regius
3409 4607 3561 4648 num.

371 4641 484 4728 (1‘9)
511 4643 648 4728 [illiti
675 4686 689 4710 ,
715 4646 1124 4702 ina'stimabilis.
1153 4641 1474 4728 Deitulettts.
1499 4652 1699 4723 Regius
1726 4670 1875 4709 num.
1987 4641 2316 4728 1639.'Edi_ti
2347 4670 2506 4728 vero,
2548 4657 2688 4710 Nunt
2721 4641 3042 4728 Hieronymi

304 4711 466 4770 1659,
499 4725 543 4764 et
576 4714 808 4768 laborem
835 4731 1164 4774 remanerent
1197 4722 1429 4776 insidiis.

379 4783 490 4858 (80)
517 4780 611 4858 _Sie
655 4801 846 4840 (mutes
887 4803 1015 4843 mss.
1054 4791 1188 4845 Ealiti
1229 4807 1378 4858 vero,
1413 4803 1460 4845 et
1495 4794 1661 4847 scribe
1695 4793 1882 4850 "iero-

304 4855 470 4932 τιμιηή
512 4854 712 4910 Deinde
744 4873 933 4912 omnes
977 4874 1109 4916 mss.
1143 4854 1376 4928 habent,
1429 4867 1485 4918 in
1519 4863 1761 4932 Epistola
1809 4869 1880 4920 ad

304 4920 592 4985 Romanos,
621 4935 726 4981 etc.

652 5012 796 5069 unus
835 4997 1037 5068 habet,
1069 5004 1439 5065 auctoritatis;
1471 5004 1628 5069 alter,
1660 5007 1876 5061 actoris.

377 5063 489 5139 (82)
525 5063 622 5139 his.
651 5064 849 5133 Regius
877 5063 1032 5123 nutu;
1056 5071 1216 5132 1659.
1249 5063 1642 5139 Νυὺὶδναιιιεηί,
1672 5087 1778 5130 etc.

377 5135 489 5212 (δῷ)
524 5137 613 5188 Sic
671 5148 816 5191 recte
847 5154 979 5212 _ms.
1038 5144 1209 5196 codex
1262 5140 1464 5212 Regius
1510 5135 1658 5199 nutu.
1715 5147 1874 5204 1059.

213 5235 220 5240 -
304 5201 444 5256 Εάιιὶ
471 5201 624 5265 sero,
652 5209 1008 5286 apostolorum
1038 5213 1268 5286 comitis,
1306 5201 1532 5286 quorum
1567 5216 1688 5285 (aL,
1713 5201 1876 5286 quod)

300 5284 358 5350 ut
394 5277 782 5350 successoribus
817 5281 998 5333 darem
1041 5277 1384 5350 cognitionem
1421 5285 1541 5338 libri
1574 5277 1615 5340 ἀ
1648 5277 1794 5342 nobis
1823 5277 1878 5341 in

301 5343 555 5423 Latinum
613 5360 914 5423 vertuntur.
952 5343 1148 5423 ﬁnde-tt
1205 5368 1307 5405 ms.
1375 5354 1754 5423 Ebroiceusis,
1822 5369 1877 5413 et

300 5429 444 5489 unus
494 5413 694 5489 Regius
745 5435 892 5472 num.
943 5420 1115 5487 1640,
1152 5423 1510 5489 apostolorum
1569 5413 1774 5482 comitis
1828 5441 1876 5482 et

297 5483 420 5607 (:th
466 5485 546 5557 ut)
573 5483 932 5541 successorum
953 5531 967 5552 ,
999 5483 1126 5546 dare
1155 5483 1501 5561 cognitionem
1531 5495 1654 5549 libri
1679 5538 1695 5562 ,
1730 5507 1786 5550 ut
1816 5501 1874 5552 in

347 5555 554 5607 atiuunt
586 5569 873 5607 vertuntur-
907 5559 1005 5607 Ms-
1039 5562 1236 5607 ιῐραίιις
1275 5579 1421 5607 ηιιιιι-
1452 5564 1579 5607 Ηὶμ
1617 5605 1624 5607 Α
1662 5580 1874 5607 "mum-

347 5555 554 5608 atiuum
586 5569 874 5635 vertuntur.
905 5559 1005 5615 Ms.
1039 5555 1238 5632 Regius
1274 5579 1421 5616 num.
1452 5564 1582 5618 1641
1613 5605 1629 5630 ,
1662 5555 1876 5635 aposto-

294 5623 470 5702 lorum
489 5628 716 5702 -comitis
756 5638 805 5683 et
844 5623 1160 5686 successoris
1197 5635 1326 5686 dare
1366 5623 1710 5702 cognitionem
1745 5637 1874 5692 libri

295 5703 357 5745 ut
391 5695 449 5748 in
476 5693 728 5751 Latinum
778 5709 1034 5756 vertatur.
1081 5703 1182 5758 Ms.
1213 5704 1380 5758 codex
1414 5693 1769 5761 Vallis-clarae
1815 5715 1876 5761 ut

245 5823 250 5826 ,
293 5762 353 5818 in
380 5775 549 5832 textu,
578 5767 679 5824 nisi
705 5771 847 5840 quod
874 5771 1076 5830 habeat
1113 5775 1242 5828 dare
1273 5774 1633 5850 intentionem,
1675 5793 1776 5848 pro
1806 5781 1872 5834 de

1983 4741 2127 4777 meus
2152 4726 2431 4780 scribetur.
2459 4727 2650 4780 Cameri
2679 4743 2807 4779 vero
2831 4726 2989 4792 mss},
3017 4727 3158 4781 Nam
3188 4741 3430 4797 putamus
3451 4731 3564 4786 (Ile-

1983 4810 2138 4870 mens
2187 4797 2706 4870 scribetur._Deittt_le
2751 4798 2917 4870 editi,
2973 4809 3030 4870 et
3085 4814 3214 4870 mss.
3268 4802 3558 4870 plerique:

1985 4863 2138 4938 Quod
2165 4866 2210 4917 si
2238 4867 2349 4918 ha"c
2396 4867 2521 4938 nti/ti
2557 4867 2730 4936 (rutili,
2775 4867 2926 4932 Quod
2960 4869 3009 4921 si
3037 4872 3138 4938 me)
3165 4863 3437 4924 Dominus
3457 4873 3562 4925 int-

1981 4937 2123 5000 plere
2161 4937 2473 5002 permiserit,
2515 4938 2799 4989 redibimus
2840 4939 2908 4990 ad
2956 4940 3112 5003 illos,
3160 4948 3208 4991 et
3243 4941 3312 4992 ad
3342 4949 3432 4994 tua
3465 4944 3562 4995 de-

1980 5006 2198 5064 sideria,
2238 5015 2295 5057 ut
2331 5007 2384 5059 in
2427 5006 2803 5068 Numerorum,
2843 5016 2893 5060 et
2939 5009 3013 5072 in,
3060 5022 3165 5063 etc.
3205 5009 3312 5064 Sed
3354 5015 3559 5068 rectius

1981 5090 2084 5128 tus.
2123 5074 2324 5141 Regius
2365 5093 2514 5130 num.
2547 5076 2682 5132 1659
2715 5089 2772 5129 ut
2803 5079 2853 5130 in
2885 5091 3071 5132 nostro
3099 5088 3270 5134 textu.

2055 5143 2164 5214 (86)
2201 5145 2292 5198 Sic
2341 5162 2443 5200 ms.
2490 5147 2692 5216 Regius
2737 5163 2885 5217 num.
2937 5148 3091 5203 I639.
3147 5149 3291 5203 Editi
3343 5158 3554 5217 autem,

1979 5213 2076 5268 hoc
2111 5213 2718 5293 enimhsolutn‘vobisude
2745 5216 3100 5272 Pentateuclto
3140 5219 3218 5293 vel
3245 5213 3554 5293 dereliquis

1980 5286 2204 5350 apostoli
2236 5283 2395 5360 Pauli
2425 5287 2682 5360 Epistolis
2717 5303 2834 5356 qua:
2862 5304 3141 5355 possumus
3177 5290 3400 5346 Domino
3435 5283 3554 5360 pro-

1980 5364 2181 5423 tegente
2211 5357 2476 5410 debemus.
2496 5358 2689 5411 Cameri
2727 5374 2890 5421 mss.,
2926 5361 3022 5412 hoc
3050 5360 3187 5412 enim
3212 5363 3380 5414 solum
3410 5357 3552 5416 vobis

1978 5425 2043 5498 de
2069 5425 2427 5498 Heptateucho
2464 5427 2604 5480 deest
2629 5467 2644 5489 ,
2678 5427 2753 5482 vel
2781 5430 2844 5498 de
2887 5429 3106 5498 reliquis
3137 5434 3366 5498 apostoli
3392 5431 3554 5488 Pauli

1978 5493 2385 5572 Epistolisgua:
2419 5513 2696 5572 possumus
2730 5495 2824 5569 (al.
2844 5538 2860 5564 ,
2898 5493 3016 5567 qua}
3039 5501 3086 5553 si
3110 5493 3407 5572 possumus)
3439 5503 3552 5557 Do-

1977 5567 2122 5618 ntino
2151 5567 2408 5635 dirigente
2433 5567 2774 5622 dictabiutus.

2048 5635 2161 5716 (87)
2189 5637 2654 5716 .Qesuntptasunt
2693 5639 2810 5716 hine
2850 5636 3155 5710 fragmenta
3197 5657 3265 5699 ex
3289 5642 3553 5716 Apologia

1976 5702 2266 5778 Painphilii
2296 5702 2553 5777 martyris
2579 5721 2673 5775 pro
2708 5702 2956 5778 Origene:
