4150 6454
573 384 713 447 1295

1836 370 2158 429 OlllCENIS
2191 369 2622 427 FRAGMENTA

3682 372 3706 424 i
3716 369 3823 424 296

572 500 772 568 adjecit
794 497 1019 553 dicens:
1043 494 1135 548 sed
1154 510 1246 564 per
1263 494 1447 548 Iesum
1466 494 1756 548 Christum.
1777 494 1947 562 Quem
1972 494 2156 565 utique
2184 495 2229 551 Α
2259 491 2578 560 propensius
2614 497 2888 559 appetens.
2920 486 2977 540 Si
3013 497 3193 542 autem
3222 488 3347 558 quis
3378 486 3665 543 violentius
3696 488 3827 542 velit

572 595 696 665 quia
727 592 934 648 sciebat
969 589 1395 663 excellentioris‘
1421 603 1543 642 esse
1580 596 1823 653 naturas,
1861 594 2148 657 propterea

576 701 636 740 se
667 683 808 738 dixit
838 697 942 736 non
982 690 1319 747 assumptum
1354 693 1477 733 esse
1508 693 1604 748 per
1635 677 1928 733 hominem.

572 796 660 852 Ea:
712 795 1042 864 sequentibus
1093 793 1214 845 libri
1257 792 1432 864 ipsius
1479 792 1533 844 in
1560 790 1731 864 illum
1778 789 2090 864 versiculum
2125 806 2144 844 :

652 886 671 918 ι
703 860 900 919 Notum
937 875 1109 917 autem
1152 862 1291 915 vobis
1333 863 1498 930 facio.
1545 863 1761 928 fratres.
1799 860 2144 929 Evangelium

645 939 785 1003 quod
821 936 1104 1005 preedicavi
1138 933 1301 1005 vobis,
1332 932 1580 1005 quoniam
1609 947 1708 1005 non
1746 942 1820 982 est
1854 933 2144 983 secundum

647 1001 909 1060 hominem
939 1019 956 1055 :
996 1018 1160 1070 neque
1195 1001 1351 1055 enim
1386 1003 1449 1054 ab
1500 1001 1707 1053 homine
1755 1018 1929 1069 accept
1973 1002 2105 1053 illud
2127 1041 2142 1065 ,

645 1080 736 1132 sed
772 1092 864 1145 per
895 1073 1257 1129 reuelationem
1285 1071 1413 1126 Jesu
1444 1070 1645 1126 Christi
1667 1071 1732 1125 ’⁸.
1760 1089 1779 1121 ι

642 1189 880 1245 Adverte
930 1201 1061 1256 ergo
1112 1185 1243 1255 quid
1294 1184 1518 1247 scribit,
1575 1185 1700 1254 quia
1753 1186 2147 1240 convenienter

574 1284 700 1351 quis
723 1290 778 1338 et
819 1282 933 1336 haec
960 1277 1258 1347 adjungens
1292 1276 1561 1346 prioribus
1593 1275 1894 1343 intelligere
1923 1277 2143 1342 [κιιοτίῑ.

571 1384 628 1431 et
665 1375 952 1429 ostendere
981 1373 1065 1427 his
1105 1369 1198 1439 qui
1249 1378 1450 1439 negant
1478 1367 1731 1422 deitatem
1762 1366 1886 1423 Jesu
1917 1368 2140 1430 Christi.

571 1467 667 1523 sed
697 1464 970 1520 hominem
999 1478 1121 1517 eutn
1150 1460 1321 1513 solum
1354 1461 1726 1529 pronuntiant,
1754 1460 1896 1528 quod
1924 1475 2031 1513 non
2058 1469 2142 1513 est

570 1557 758 1619 homo,
782 1555 875 1609 sed
900 1556 1061 1619 Deus,
1092 1551 1189 1606 Dei
1216 1549 1379 1604 Filius
1401 1548 1557 1604 Jesus
1576 1548 1844 1604 Christus.
1881 1549 1971 1602 Sic
1996 1551 2140 1605 enim

569 1647 703 1704 dicit
732 1645 1066 1716 Apostolus:
1113 1642 1253 1708 Quia
1309 1638 1652 1711 Euangelium
1700 1642 1837 1710 quod
1881 1644 2142 1711 evangeli-

567 1741 685 1796 savi
722 1739 884 1802 vobis,
929 1753 1034 1792 non
1060 1745 1140 1790 est
1167 1736 1453 1790 secundum
1495 1735 1778 1800 hominem,
1813 1736 1905 1789 sed
1942 1752 2140 1789 secun-

569 1834 695 1886 dum
722 1830 905 1884 Jesnm
934 1828 1232 1882 Christum.
1260 1826 1552 1880 Evidenter
1578 1840 1711 1895 ergo
1744 1827 1982 1882 ostendit
2011 1827 2135 1896 quia
2169 1835 2212 1889 Β

568 1923 821 1977 Christus
859 1919 1016 1976 Jesns
1064 1932 1169 1972 non
1219 1924 1302 1972 est
1348 1916 1553 1972 homo:
1592 1919 1634 1972 si
1680 1926 1861 1972 autem
1907 1934 2014 1971 non
2052 1926 2138 1975 est

568 2017 754 2080 homo,
793 2013 909 2066 sine
938 2012 1101 2067 dubio
1130 2011 1273 2066 Dens
1303 2021 1423 2073 est;
1464 2011 1571 2065 imo
1597 2026 1703 2064 non
1730 2011 1874 2065 aliud
1903 2012 2008 2065 erit
2034 2013 2135 2066 nisi

568 2105 711 2159 Deus
738 2115 794 2160 et
842 2107 1023 2160 homo.
1072 2103 1138 2157 Et
1176 2104 1374 2157 iterum
1418 2101 1463 2155 si
1501 2116 1692 2155 verum
1722 2113 1804 2156 est
1835 2105 1978 2171 quod
2009 2103 2139 2158 dicit

568 2195 806 2262 Paulus,
856 2197 984 2267 quia
1032 2212 1136 2249 non
1175 2195 1240 2249 ab
1280 2195 1490 2248 homine
1521 2195 1735 2261 accepit
1765 2193 2134 2264 Evangelium,

566 2291 659 2344 sed
698 2306 791 2357 per
832 2288 1202 2344 reuelationem
1225 2286 1356 2341 Jesu
1385 2286 1615 2346 Christi.
1644 2297 1852 2341 certum
1899 2297 1982 2343 est
2009 2288 2136 2354 quia

566 2381 727 2436 Jesus
754 2383 1003 2437 Christus
1029 2381 1120 2448 qui
1151 2379 1410 2434 revelavit
1429 2419 1446 2445 ,
1496 2380 1620 2448 plus
1645 2394 1809 2448 quam
1845 2380 2007 2434 homo
2033 2392 2133 2435 est.

567 2474 818 2528 Alienum
851 2483 936 2528 est
979 2474 1123 2526 enim
1157 2471 1225 2525 ab
1264 2469 1481 2525 homine
1522 2469 1765 2525 revelare
1794 2486 1915 2540 qntc
1957 2474 2009 2525 in
2044 2486 2137 2526 oc-

566 2565 717 2621 culto
738 2572 881 2628 sunt,
905 2573 959 2617 et
984 2563 1159 2616 velata
1190 2571 1318 2617 sunt
1346 2580 1360 2617 :
1395 2562 1539 2631 quod
1572 2561 1737 2615 etiam
1765 2563 1809 2617 si
1849 2562 2138 2631 aliquando

565 2671 665 2725 per
690 2657 961 2711 hominem
994 2654 1085 2708 iiat
1106 2695 1121 2718 ,
1146 2669 1253 2708 non
1284 2662 1461 2707 tamen
1487 2652 1555 2706 ab
1584 2653 1801 2709 homine
1827 2655 1920 2719 sit,
1951 2658 2042 2709 sed
2069 2659 2136 2709 ab

567 2762 633 2804 eo
662 2748 750 2817 qui
790 2747 842 2801 in
873 2746 1089 2800 homine
1123 2745 1362 2814 loquitur
1384 2742 1654 2799 Christus.

1121 2857 1187 2912 Et
1221 2861 1276 2914 in
1313 2861 1419 2914 alio
1447 2858 1583 2915 loco.

635 2970 1044 3041 Adjungendum
1080 2978 1163 3023 est
1187 2969 1350 3023 etiam
1380 2967 1511 3022 illud
1543 2967 1626 3022 his
1652 2983 1773 3039 qua:
1801 2983 1963 3037 supra
1996 2970 2135 3025 dixi-

567 3081 718 3127 mus.
769 3064 1023 3133 quoniam
1070 3077 1267 3130 corpus
1293 3062 1495 3118 Christi
1532 3078 1636 3117 non
1679 3072 1795 3117 erat
1827 3064 2058 3118 alienum
2103 3079 2132 3118 a

2252 584 2523 637 allii-mare
2551 583 2672 636 ideo
2713 583 2824 636 haec
2851 583 2993 635 diota
3022 595 3165 645 esse,
3197 582 3319 648 quia
3366 596 3460 647 per
3486 578 3825 647 phantasiam

2250 674 2616 729 manducabat
2640 714 2655 739 ,
2705 682 2756 726 et
2794 672 2867 728 illi
2907 674 3178 741 quomodo
3207 672 3261 725 id
3304 671 3457 726 llerct
3487 672 3825 735 nesciebant,

2249 764 2682 831 respondendum
2717 771 2802 818 est
2836 762 2903 817 ad
2935 777 2997 816 ea
3032 778 3099 817 ex
3138 763 3224 817 his
3264 779 3384 832 qua:
3416 765 3530 831 ipse
3568 761 3828 815 Dominus

2248 863 2381 916 dixit
2410 862 2455 894 "
2483 881 2496 915 :
2540 859 2695 913 Venit
2723 860 2957 915 Joannes
2990 860 3230 930 Baptista
3270 877 3432 929 neque
3469 860 3824 922 manducone,

2250 972 2411 1023 neque
2443 956 2654 1015 bibens.
2694 966 2741 1008 et
2786 955 2971 1006 diruat
3008 970 3026 1006 :
3074 952 3405 1006 Dwmonium
3449 951 3624 1004 habet.
3669 947 3826 1003 Venit

2252 1045 2422 1099 Filius
2471 1046 2701 1100 hominis
2746 1047 3073 1097 manducans
3126 1052 3174 1098 et
3231 1044 3444 1107 bibens,
3494 1050 3545 1095 et
3595 1041 3824 1093 dicunt:

2248 1137 2383 1192 Erce
2420 1139 2572 1192 homo
2619 1141 2897 1191 devorator
2942 1148 2989 1189 et
3038 1138 3216 1190 vinum
3266 1134 3468 1188 bibens.
3515 1132 3635 1201 Ipso
3675 1135 3822 1184 enim

2247 1230 2528 1284 Salvatore
2564 1229 2778 1283 dicente
2809 1229 2933 1296 quia
2965 1228 3101 1280 venit
3132 1223 3309 1279 Filius
3335 1225 3562 1278 hominis
3593 1222 3827 1277 maid-tt-

2244 1336 2371 1374 cans
2401 1331 2447 1373 et
2497 1320 2672 1373 bibens
2697 1359 2713 1384 ,
2758 1318 3030 1388 quomodo
3076 1330 3240 1371 ausus
3279 1325 3367 1370 est
3408 1316 3604 1383 aliquis
3641 1315 3825 1370 direre

2244 1423 2419 1479 neque
2450 1409 2805 1463 manducasse
2829 1423 2975 1473 eum,
3005 1421 3180 1477 neque
3209 1406 3445 1461 bibisse?
3478 1408 3608 1474 Qua:
3636 1409 3823 1474 utique

2245 1499 2534 1557 manifesta
2570 1500 2920 1557 incredulitas
2961 1508 3047 1555 est
3086 1499 3345 1555 doctrinae
3376 1499 3514 1569 ejus.
3551 1497 3608 1553 Si
3638 1506 3821 1553 autem

2243 1591 2604 1647 inanducabat
2622 1601 2680 1645 et
2701 1589 2941 1653 bibebat,
2958 1602 3014 1643 et
3033 1588 3333 1644 substantia
3364 1588 3472 1643 vini
3496 1598 3659 1658 atque
3681 1603 3823 1643 θείω

2244 1686 2298 1740 in
2314 1699 2537 1740 carnem
2555 1683 2673 1754 ejus
2692 1681 3044 1746 elliciebatur,
3065 1683 3182 1737 sine
3202 1683 3364 1736 dubio
3385 1697 3483 1751 per
3498 1696 3687 1735 omnes
3701 1695 3822 1736 cor-

2240 1777 2399 1850 691
2432 1777 2578 1846 Poris
2598 1777 2713 1846 eius
2733 1770 3020 1845 compages
3038 1790 3102 1829 ac
3122 1775 3487 1830 membrorum
3509 1775 3823 1844 perplexio-

2240 1886 2339 1923 nes
2365 1869 2792 1922 diiiundebatur.
2826 1866 3144 1935 Spiritaletu
3172 1868 3317 1920 enim
3363 1877 3608 1920 naturam
3641 1866 3819 1936 (sicut

2239 1961 2458 2030 quidam
2504 1960 2574 2015 de
2623 1956 2743 2027 ejus
2784 1972 3013 2028 corpore
3061 1959 3322 2021 sentiunt,
3373 1957 3516 2027 quod
3568 1958 3820 2027 imperite

2237 2053 2374 2107 satis
2402 2063 2458 2107 et
2486 2052 2721 2106 absurde
2746 2051 2990 2121 faciunt)
3027 2050 3365 2119 impossibile
3402 2060 3486 2103 est
3519 2050 3626 2103 vini
3653 2062 3816 2116 atque

2237 2157 2378 2197 esca:
2430 2143 2672 2211 recipere
2710 2142 3099 2197 substantiam.
3135 2141 3192 2195 Si
3235 2156 3365 2194 vero
3397 2141 3520 2208 quis
3560 2140 3816 2209 indignas

2235 2236 2612 2305 obscenasque
2646 2235 2718 2290 ad
2758 2237 2873 2289 haec
2908 2232 3156 2303 proferat
3189 2233 3598 2301 inquisitiones,
3633 2232 3817 2300 requi-

2236 2340 2365 2381 rens
2406 2326 2450 2380 si
2492 2327 2658 2380 etiam
2689 2324 3021 2394 digestiones
3057 2325 3107 2378 in
3138 2337 3367 2392 corpore
3399 2321 3633 2387 ﬂebant;
3683 2337 3709 2381 ο
3737 2321 3815 2375 hil

2236 2419 2531 2472 absurdum
2568 2418 2784 2470 videtur
2821 2418 2982 2472 lateri
3029 2417 3325 2471 secundum
3361 2416 3812 2481 consequentiam

2237 2522 2447 2565 naturae
2472 2523 2771 2580 corporeae.
2819 2510 2878 2563 Si
2927 2524 3059 2563 vero
3095 2509 3257 2562 etiam
3287 2508 3552 2570 exetnplis
3586 2521 3614 2558 a
3653 2507 3816 2563 nobis

2238 2603 2341 2658 hoc
2367 2604 2590 2672 exigant
2618 2601 2900 2669 aﬂlrmari,
2943 2601 3343 2656 ostendeudum
3371 2609 3457 2654 est
3501 2600 3627 2653 illos
3671 2602 3815 2653 satis

2239 2695 2353 2749 haec
2385 2692 2704 2763 insipienter
2752 2692 3056 2757 inquirere.
3115 2690 3218 2746 Ubi
3267 2691 3412 2745 enim
3458 2688 3566 2743 ista
3621 2692 3702 2743 vel
3743 2690 3815 2743 de

2237 2784 2515 2855 apostolis,
2554 2784 2639 2839 vel
2673 2784 2740 2839 de
2796 2786 3008 2839 caneris
3053 2784 3263 2838 sanctis
3305 2782 3448 2836 facta
3491 2796 3613 2836 esse
3664 2779 3812 2836 reie-

2237 2890 2454 2957 runtur,
2509 2879 2596 2936 vel
2631 2864 2815 2936 etiam.
2841 2881 2909 2935 de
2962 2880 3143 2950 impiis
3195 2890 3249 2932 et
3291 2878 3688 2948 peccatoribus,
3739 2890 3809 2929 es

2234 2973 2534 3031 abundanti
2568 2974 2636 3030 de
2662 2986 2728 3028 eo
2760 2973 3085 3043 requiritur.
3131 2971 3236 3026 Sed
3279 2982 3333 3025 et
3375 2968 3813 3024 circumcisionis

2235 3068 2353 3138 ejus
2376 3066 2517 3121 ratio
2544 3064 2699 3122 nobis
2737 3066 2956 3135 quidem
2993 3080 3098 3119 non
3147 3063 3433 3134 generabit
3476 3060 3808 3131 angustiam,

565 3167 782 3212 terrena
832 3157 1131 3210 substantia
1177 3155 1473 3208 secuttdum
1518 3154 1620 3208 hoc
1671 3156 1815 3223 quod
1863 3155 2002 3210 illius
2051 3166 2131 3210 est
2160 3176 2202 3235 α
2236 3160 2541 3215 dicentibus
2590 3172 2714 3213 eum
2755 3166 3155 3226 consequenter
3205 3156 3441 3208 luunauo
3486 3165 3716 3220 corpore
3752 3158 3813 3204 et

565 3247 733 3302 David
758 3286 773 3308 ,
815 3255 867 3301 et
895 3245 1034 3300 illius
1066 3245 1337 3299 Abraham
1364 3286 1380 3311 ,
1425 3246 1565 3299 sicut
1595 3246 1782 3300 scribit
1812 3246 2090 3301 Mattiariis
2115 3266 2129 3303 :

559 3336 719 3392 Liber
747 3337 1096 3407 generationis
1117 3333 1246 3388 Iesu
1271 3334 1468 3389 Christi
1495 3335 1595 3403 ﬁlii
1622 3335 1812 3400 Darid,
1835 3337 1938 3406 ﬁlii
1961 3316 2133 3391 Abra-

559 3428 684 3483 (tam
703 3430 748 3461 ¹⁹
785 3445 800 3483 :
832 3436 889 3483 et
918 3428 1056 3482 sicut
1087 3427 1284 3482 I'aulns
1309 3429 1463 3489 dicit.
1492 3428 1764 3482 Christum
1794 3443 1916 3484 esse
1951 3445 2017 3485 ex
2045 3446 2134 3486 se-

560 3521 707 3577 mine
738 3521 1010 3575 Abraham
1056 3530 1110 3572 et
1143 3535 1208 3573 ex
1238 3520 1444 3574 semine
1477 3519 1642 3573 David
1679 3519 1974 3575 secundum
2011 3537 2131 3575 car-

558 3626 683 3667 nem
705 3609 772 3666 '°.
802 3610 955 3677 Quod
995 3624 1127 3681 ergo
1171 3611 1372 3665 dictum
1417 3620 1537 3673 est.
1585 3611 1711 3679 quia
1754 3613 2129 3667 consummatis

559 3703 911 3776 quadraginta
947 3701 1129 3756 diebus
1150 3702 1370 3771 jejunii,
1406 3713 1453 3756 et
1481 3703 1836 3772 quadraginta
1867 3705 2127 3771 noctibus,

557 3812 740 3870 postea
766 3800 954 3855 esuriit
977 3798 1045 3865 “,
1087 3798 1207 3853 sine
1239 3799 1399 3855 dubio
1429 3801 1532 3854 hoc
1564 3798 1802 3865 indicat,
1832 3803 1975 3869 quod
2004 3816 2130 3856 eva-

558 3891 710 3947 cuari
739 3899 791 3946 et
836 3890 1032 3960 repleri
1063 3890 1316 3947 similiter
1344 3898 1402 3946 ut
1441 3905 1672 3961 corpora
1708 3901 1894 3946 nostra
1930 3892 2127 3957 solent,

554 3983 724 4038 etiam
770 3981 917 4037 illius
953 3990 1163 4053 poterat
1198 3997 1419 4053 corpus.
1471 3981 1529 4037 Si
1569 3997 1700 4037 vero
1744 3984 1868 4052 quis
1906 3982 2129 4052 objiciat

557 4074 716 4130 nobis
754 4074 915 4145 hujus
944 4073 1193 4129 miraculi
1225 4076 1488 4131 rationem
1518 4072 1585 4129 de
1624 4074 1986 4147 quadraginta
2013 4077 2130 4131 die-
2170 4145 2185 4155 .

559 4183 679 4223 rum
700 4168 930 4237 jejunio,
955 4166 1116 4223 facile
1140 4167 1273 4222 solvi
1304 4172 1473 4238 potest
1498 4183 1622 4223 cum
1648 4169 1942 4247 adhibetur
1960 4173 2126 4227 etiam

557 4259 688 4316 illud
730 4260 1033 4329 exemplum
1073 4259 1139 4313 de
1177 4259 1359 4331 Moyse
1397 4271 1453 4315 et
1491 4260 1608 4316 Elia
1635 4260 1704 4327 “,
1745 4264 1836 4331 qui
1875 4264 2129 4320 similiter

556 4353 841 4422 pertulisse
880 4350 1143 4420 jejunium
1184 4351 1512 4407 referuntur.
1554 4353 1661 4407 Sed
1691 4365 1746 4408 et
1780 4354 1946 4418 illud,
1984 4358 2127 4427 quod

556 4443 770 4499 itineris
815 4451 870 4498 et
911 4452 1075 4498 reatus
1105 4441 1289 4498 labore
1315 4441 1574 4513 fatigatus
1605 4446 1802 4501 sedens
1830 4462 1994 4517 super
2024 4464 2126 4518 pu-

556 4541 701 4588 teum
748 4532 1044 4601 requiescit
1071 4540 1128 4587 et
1171 4533 1287 4587 sitit
1309 4532 1376 4597 ³³,
1416 4535 1545 4603 quid
1587 4535 1732 4589 aliud
1782 4538 1984 4592 indicat
2020 4541 2121 4593 nisi

551 4638 845 4679 nervorum
894 4621 1241 4694 fatigatione,
1290 4633 1347 4677 et
1378 4624 1511 4679 solis
1555 4627 1751 4681 ardore
1798 4628 1968 4683 nimio
2007 4629 2123 4684 ele-

552 4724 796 4770 mentum
829 4715 1079 4785 corporei
1108 4715 1353 4771 humoris
1396 4716 1785 4788 absumptum?
1811 4721 1962 4787 Quod
1989 4737 2121 4781 vero

553 4806 609 4861 in
638 4806 959 4862 melioribus
985 4815 1284 4876 occupatus
1315 4809 1419 4864 hoc
1459 4810 1605 4881 quod
1644 4811 1833 4867 bibere
1873 4813 2121 4868 voluerat

554 4898 763 4955 distulit
793 4912 896 4952 nec
922 4898 1082 4964 bibit,
1111 4912 1216 4952 non
1247 4911 1532 4970 propterea
1562 4902 1846 4958 dicendum
1878 4914 1963 4961 est
1994 4906 2121 4974 quia

550 5005 730 5062 neque
761 5006 952 5061 passus
981 4999 1067 5046 est
1096 4991 1263 5051 sitim.
1295 4994 1400 5050 Sed
1430 5004 1485 5049 et
1520 4994 1646 5050 illud
1678 4998 1820 5067 quod
1860 4995 2117 5069 frequen-

551 5092 637 5137 ter
677 5098 777 5153 per
804 5096 989 5137 comas
1030 5094 1291 5150 vocatur,
1342 5095 1399 5140 et
1445 5086 1500 5141 in
1541 5099 1836 5156 conspectu
1873 5092 2115 5145 omnium

549 5172 846 5228 manducat
878 5180 933 5226 et
966 5172 1129 5239 bibit,
1160 5188 1264 5227 non
1293 5175 1565 5246 decipiens
1598 5178 1680 5232 vel
1709 5178 1900 5236 fallens
1929 5181 2116 5237 oculos

550 5264 850 5322 videntium
883 5263 1050 5326 facit,
1097 5280 1273 5335 neque
1314 5269 1587 5335 putative,
1620 5279 1678 5324 ut
1718 5272 1937 5340 quidam
1968 5274 2119 5327 arbi-

550 5365 785 5423 trantur,
812 5356 930 5410 haec
959 5355 1117 5427 gerit,
1148 5358 1383 5413 maxime
1423 5374 1544 5414 cum
1575 5361 1647 5415 ita
1674 5375 1910 5418 sumeret
1937 5366 2116 5421 cibum

548 5460 617 5504 ac
650 5459 874 5519 pctum,
904 5454 964 5503 ut
1004 5464 1040 5505 a
1070 5449 1387 5518 quibusdam
1428 5453 1591 5506 etiam
1632 5456 1788 5524 quasi
1837 5472 1935 5525 pro
1980 5474 2119 5526 prte-

548 5540 860 5610 sumptione
885 5541 1051 5595 nimia
1082 5541 1425 5627 culparetur,
1453 5544 1597 5599 velut
1625 5546 1803 5601 cibum
1836 5563 1900 5600 ac
1929 5557 2117 5609 uotum

634 5701 682 5735 "
706 5701 885 5757 Galat.
918 5718 954 5768 ι,
988 5704 1078 5767 li,
1102 5705 1188 5759 12.
1256 5708 1301 5741 ³⁸
1328 5706 1519 5764 Matth.
1553 5725 1594 5767 ι.
1625 5710 1677 5764 1.

548 5771 655 5845 ἓὸξ
695 5773 762 5826 ΙΙΙ
789 5774 925 5843 Reg.
950 5790 1063 5830 xu.
1093 5777 1145 5830 8.
1222 5777 1269 5809 ³³
1295 5776 1452 5833 Joan.
1483 5794 1557 5845 Iv,
1589 5780 1644 5838 6.
1670 5781 1723 5834 7.
1800 5780 1845 5812 “
1877 5779 2069 5833 Matth.
2101 5795 2177 5842 ιι,
2206 5777 2294 5835 18.
2330 5780 2417 5831 l9.

1755 5709 1799 5741 ³⁸
1825 5707 2003 5765 Galat.
2033 5724 2120 5771 ut,
2150 5708 2257 5768 l6;
2319 5706 2478 5762 Rom.
2505 5723 2545 5764 ι.
2596 5705 2650 5761 5.

2232 3250 2611 3307 circumcisum
2629 3263 2773 3315 esse,
2802 3258 2859 3303 et
2886 3247 3212 3317 praeputium
3239 3244 3356 3313 ejus
3384 3254 3544 3298 terra:
3581 3240 3810 3296 manda-

2235 3352 2346 3398 tum
2386 3341 2631 3396 fortassis
2672 3355 2847 3404 usque
2887 3340 2954 3394 ad
2987 3349 3232 3408 tempus;
3280 3346 3372 3391 aut
3414 3335 3459 3390 si
3508 3334 3667 3389 aliter
3695 3341 3806 3397 est,

2237 3436 2290 3490 in
2343 3436 2446 3488 alia
2505 3433 2878 3504 disputatione
2921 3432 3257 3502 requiretur.
3308 3427 3435 3484 ﬂare
3464 3437 3642 3482 tamen
3687 3427 3808 3497 ejus

2232 3523 2573 3578 circumcisio
2608 3524 2741 3576 satis
2790 3522 3173 3591 coangustabit
3223 3534 3321 3575 eos
3350 3519 3442 3588 qui
3488 3533 3555 3572 ex
3591 3518 3809 3572 diverso

2230 3625 2376 3671 sunt.
2416 3615 2675 3684 Spiritale
2718 3616 2863 3668 enim
2894 3629 3095 3681 corpus
3129 3611 3405 3681 quomodo
3434 3619 3648 3679 poterat
3698 3609 3809 3661 cir-

2229 3708 2468 3764 cumcidi
2495 3708 2641 3763 l'erro
2680 3706 2935 3762 terreno?
2978 3705 3209 3774 Propter
3249 3704 3393 3774 quod
3421 3718 3529 3757 non
3566 3702 3805 3756 erubue-

2230 3813 2359 3856 runt
2404 3798 2627 3868 quidam
2668 3813 2736 3852 ex
2782 3796 2914 3865 ipsis
2954 3798 3021 3852 de
3053 3796 3321 3866 praeputio
3368 3792 3807 3849 circumcisionis

2227 3892 2343 3962 ejus
2368 3894 2532 3948 etiam
2560 3891 2729 3947 libros
2765 3892 2946 3955 edere,
2972 3892 3176 3960 quibus
3204 3889 3492 3944 ostendere
3537 3900 3807 3941 conaren-

2230 3997 2320 4042 tur
2359 3985 2505 4055 quod
2555 3985 2609 4039 in
2652 3982 3017 4038 substantiam
3054 3981 3280 4036 cesserit
3316 3978 3640 4047 spiritalem.
3684 3974 3806 4029 Non

2230 4078 2410 4133 minus
2434 4086 2615 4130 autem
2640 4075 3074 4144 angustabuntut'
3109 4073 3276 4126 etiam
3307 4071 3388 4126 illi
3424 4070 3517 4141 qui
3565 4068 3806 4123 animaie

2228 4184 2429 4242 corpus
2458 4171 2646 4224 dicunt
2669 4184 2791 4224 esse
2817 4181 3019 4235 corpus
3047 4164 3280 4221 Christi.
3327 4163 3434 4218 Sed
3478 4171 3534 4216 et
3567 4162 3635 4215 de
3679 4176 3808 4214 san-

2227 4267 2389 4336 guine
2442 4263 2562 4332 ejus
2616 4271 2672 4316 et
2719 4275 2858 4331 aqua
2914 4274 3036 4329 qua:
3069 4257 3334 4327 processit
3372 4256 3441 4310 de
3488 4254 3658 4307 latere
3682 4252 3803 4317 ejus

2227 4357 2386 4412 hasta
2416 4361 2742 4425 compuncto
2772 4369 2802 4408 a
2834 4351 3004 4406 milite
3032 4348 3102 4415 ³³,
3134 4349 3322 4404 eadem
3346 4346 3626 4403 sentienda
3655 4344 3807 4395 sunt.

2229 4447 2341 4503 Sed
2390 4447 2619 4515 bisqui
2662 4444 2847 4500 sciunt
2898 4443 3027 4510 quid
3073 4440 3328 4494 audiatur
3362 4453 3460 4510 per
3501 4438 3603 4491 hoc
3656 4435 3800 4502 quod

2155 4515 2200 4572 D
2225 4537 2449 4603 dicitur,
2482 4539 2609 4608 quia
2653 4537 2840 4591 ﬁxura:
2897 4533 3175 4588 clavorum
3217 4539 3375 4586 erant
3415 4530 3469 4584 in
3518 4528 3636 4597 ejus
3678 4540 3803 4578 cor-

2221 4643 2355 4700 pore
2382 4629 2451 4694 “,
2498 4626 2788 4683 manifeste
2830 4626 3144 4681 declaratur
3182 4624 3307 4693 quia
3353 4637 3484 4678 caro
3528 4630 3644 4675 erat
3683 4628 3797 4671 ter-

2221 4735 2374 4785 rena,
2399 4720 2451 4775 id
2471 4728 2555 4775 est
2586 4719 2838 4775 humanae
2872 4725 3084 4770 natura:
3116 4730 3130 4768 :
3160 4729 3280 4782 qua:
3308 4714 3494 4783 utique
3533 4725 3636 4763 non
3679 4718 3801 4762 erat

2230 4812 2374 4877 talis,
2429 4820 2491 4866 ut
2538 4809 2978 4881 recipiendorum
3043 4803 3327 4859 vulnerum
3398 4800 3799 4869 subterlugeret

2226 4905 2572 4973 qualitatem.
2593 4904 2755 4971 Quid.
2781 4903 2826 4957 si
2854 4918 2959 4956 non
2987 4899 3150 4955 etiam
3171 4897 3333 4952 multa
3363 4896 3613 4950 humanae
3645 4889 3799 4943 inﬁr-

2225 4996 2505 5052 mitatisin
2542 4998 2658 5066 ipsa
2695 5005 2868 5055 morte
2890 4994 3175 5055 sensisset,
3207 4989 3387 5043 anima
3424 4981 3795 5055 perturbatur,

2217 5098 2277 5144 et
2312 5089 2484 5145 tristis
2519 5097 2605 5143 est
2656 5101 2754 5155 pro
2789 5101 2855 5141 ea
2906 5100 3081 5156 usque
3125 5082 3193 5137 ad
3252 5090 3482 5135 mortem
3522 5076 3609 5128 "‘l
3663 5073 3796 5141 ane

2219 5183 2402 5235 omnia
2434 5181 2719 5235 evidenter
2740 5178 3033 5233 ostendunt
3047 5174 3189 5244 quod
3219 5188 3322 5226 non
3345 5170 3498 5231 l‘also.
3526 5168 3619 5223 sed
3639 5167 3797 5235 quasi

2225 5272 2388 5328 homo
2414 5271 2615 5325 dixerit
2645 5282 2662 5321 :
2693 5266 2926 5336 Spiritus
2969 5265 3179 5336 quidem
3232 5269 3504 5331 promptus
3543 5267 3641 5317 est.
3672 5269 3797 5307 caro

2224 5375 2397 5418 autem
2422 5360 2726 5433 inﬁrma".
2752 5360 2953 5414 Eadem
2985 5354 3342 5411 nihilominus
3371 5347 3610 5404 ostendit
3632 5346 3797 5401 etiant

2225 5459 2399 5510 somni
2431 5457 2591 5517 ratio,
2627 5467 2753 5507 cum
2787 5451 3011 5513 dicitur,
3041 5447 3167 5517 quia
3212 5453 3324 5498 erat
3361 5442 3419 5494 in
3447 5438 3608 5507 puppi
3642 5453 3801 5504 super

2225 5549 2447 5603 cervical
2483 5546 2751 5600 dormiens
2802 5543 2872 5605 ³⁸,
2921 5541 3061 5595 sicut
3109 5536 3324 5591 Marcus
3370 5531 3560 5593 refert,
3623 5537 3679 5585 et
3728 5529 3800 5580 ab

2728 5703 2771 5736 ³⁸
2831 5702 3021 5757 Matth.
3072 5717 3147 5762 tv.
3189 5699 3245 5757 Ξ.
3321 5697 3367 5731 ³²
3400 5695 3573 5752 Exod.
3604 5710 3803 5759 nxw.

2530 5776 2574 5808 ³⁸
2608 5774 2767 5830 Joan.
2800 5789 2917 5842 xix,
2945 5774 3037 5828 54.
3112 5771 3157 5804 “
3204 5769 3367 5827 Joau.
3419 5783 3516 5835 xx,
3565 5767 3637 5822 25
3677 5782 3797 5838 seq.

534 5841 591 5916 f7
619 5841 893 5917 Joanqn,
915 5845 1005 5910 27;
1032 5845 1221 5902 Matth.
1257 5863 1406 5917 xxvr,
1433 5841 1553 5903 58.⁷
1598 5848 1644 5884 ⁸⁸
1673 5850 1845 5908 Marc.
1873 5865 1982 5919 xiv,
2014 5850 2103 5907 58.
2158 5848 2229 5923 δ”
2256 5847 2425 5904 Marco
2455 5862 2535 5914 IV.
2573 5845 2664 5903 53-
