4150 6396
335 424 470 482 1337
1243 420 1310 477 IN
1346 421 1735 478 EPISTULA.“
1772 423 1790 476 Ι
1831 425 1922 478 AD
1951 422 2672 482 THESSALONICENSES.
3430 427 3570 484 H98

330 539 552 595 homine
575 530 869 594 suscitatur
891 553 918 592 τι
946 552 1158 593 somno.
1191 538 1314 593 llaec
1336 540 1481 594 enim
1507 541 1631 594 licet
1663 542 1898 595 habeant
1925 549 1971 604 Α
2002 552 2182 597 tamen
2231 554 2439 598 certum
2484 554 2567 598 est
2615 543 2776 596 etiam
2821 553 2950 597 tunc
2998 552 3146 615 gesta
3177 556 3296 598 esse
3325 557 3444 613 quae
3477 559 3576 614 per

324 632 623 699 spiritalem
653 631 1005 694 intellectum,
1036 641 1212 685 tamen
1249 640 1504 686 manente
1532 632 1687 699 prius
1719 632 1896 685 histo-
1996 634 2280 688 historiam
2317 634 2646 689 referuntur.
2705 631 2798 689 Sic
2835 647 2966 704 ergo
3012 648 3203 688 sanum
3243 641 3327 687 est
3356 647 3575 688 sensum

327 726 420 777 ria:
451 724 700 788 veritate,
732 723 898 777 etiam
931 723 1191 791 spiritalis
1211 723 1552 792 recipiendus
1571 734 1654 778 est
1683 740 1896 779 sensus.
1998 727 2297 796 Scriptura:
2331 730 2590 798 recipere,
2645 744 2745 784 nec
2794 737 3010 799 oportet
3067 727 3332 782 inclinare
3389 742 3575 782 aurem

325 817 475 872 Licet
503 818 647 870 enim
679 833 854 873 eccos
887 833 1104 887 semper
1151 826 1308 872 curet
1347 821 1640 872 secundum
1677 821 1900 888 spirita-
1999 823 2084 875 his
2114 822 2205 891 qui
2242 823 2429 876 dicunt
2461 837 2556 892 per
2597 821 2840 889 Mariam,
2887 832 2943 875 et
2978 836 3082 875 non
3133 835 3200 875 ex
3258 819 3426 873 Maria
3453 834 3576 874 eum

325 909 430 962 lem
465 909 902 979 intelligentiam,
947 925 1067 964 cum
1101 909 1405 978 ignorantia
1435 919 1734 964 excaecatas
1775 911 1900 964 illu-
2000 921 2224 975 natum;
2279 913 2422 980 quod
2464 911 2756 981 Apostolus
2811 913 3105 981 prtesciens
3157 913 3230 966 ita
3279 910 3574 980 praedixit:

326 1002 500 1054 mittat
533 1011 780 1064 mentes;
823 1011 998 1054 tamen
1047 1010 1102 1054 et
1134 1001 1496 1070 corporaliter
1527 1013 1653 1056 tunc
1695 1017 1899 1056 ciccum
2006 1000 2136 1056 Cum
2185 1012 2362 1056 autem
2397 1007 2528 1056 venit
2567 1003 2839 1071 plenitudo
2889 1012 3204 1072 temporum,
3257 1004 3395 1056 misit
3439 1000 3579 1055 Deus

325 1093 562 1145 sanavit.
605 1091 669 1145 Et
714 1103 957 1146 mortuos
1008 1108 1224 1162 semper
1253 1093 1512 1152 suscitat;
1561 1093 1682 1146 fecit
1725 1103 1902 1146 tamen
2013 1093 2212 1146 Filium
2257 1110 2409 1146 suum
2449 1094 2648 1160 factum
2690 1109 2754 1146 ea:
2786 1093 3020 1160 muliere,
3071 1094 3270 1163 factum
3304 1095 3400 1148 sub
3437 1092 3570 1163 lege,

325 1193 380 1238 et
411 1196 539 1238 tunc
564 1185 935 1252 hujuscemodi
962 1185 1253 1250 mirabilia,
1286 1185 1428 1239 sicut
1456 1185 1619 1238 tiliam
1643 1187 1904 1254 principis
2008 1198 2064 1238 ut
2105 1199 2192 1240 eos
2238 1187 2326 1255 qui
2352 1188 2447 1238 sub
2479 1185 2591 1255 lege
2631 1194 2785 1239 erant
2826 1188 3105 1242 redimeret
3151 1187 3220 1241 “.
3256 1187 3419 1242 Vides
3453 1187 3578 1256 quia

327 1277 642 1346 Synagogze,
689 1287 745 1333 et
797 1278 964 1332 ﬁlium
1023 1279 1194 1332 viduae
1229 1317 1245 1341 ,
1308 1286 1362 1332 et
1413 1277 1678 1332 Lazarum
1727 1280 1902 1333 susri-
2009 1291 2118 1331 non
2147 1278 2306 1342 dixit,
2359 1275 2558 1331 factum
2607 1292 2706 1347 per
2746 1278 3054 1343 mulierem,
3112 1279 3225 1348 sed,
3264 1279 3466 1348 factum
3507 1293 3574 1333 ex

327 1372 489 1423 tando
517 1369 582 1422 ‘°.
623 1371 685 1423 Et
711 1371 958 1439 quamvis
989 1385 1204 1439 semper
1227 1387 1351 1426 cum
1381 1373 1655 1425 excitatur
1681 1387 1710 1424 a
1737 1372 1904 1425 disci-
2006 1369 2239 1424 muliere.

318 1461 466 1528 pulis
499 1472 809 1531 compescat
844 1463 1102 1519 Ecclesiae
1149 1464 1414 1528 turbines,
1463 1464 1545 1518 vel
1611 1461 1900 1534 procellas,

727 1739 839 1798 EX
878 1737 1119 1798 LIBRO
1149 1737 1450 1799 TERTIO
1482 1736 1863 1799 ORIGENIS
1897 1736 1974 1798 IN
2001 1735 2464 1798 EPISTOLAM
2492 1736 2600 1796 AD
2620 1734 3003 1797 EPHESIOS
3031 1735 3175 1817 (88).

324 1899 378 1957 In
411 1903 572 1959 illud:
612 1901 717 1970 Qui
744 1918 961 1957 uxorein
984 1919 1134 1957 suam
1175 1901 1372 1973 diligit,
1405 1903 1637 1973 seipsum
1660 1898 2045 1973 diligit:_Nemo
2065 1902 2202 1973 enim
2228 1916 2460 1973 unquam
2477 1915 2626 1954 suam
2663 1915 2872 1953 carnem
2893 1899 3024 1964 oa'it,
3056 1899 3146 1954 sed
3167 1901 3333 1955 nutrit
3358 1911 3405 1956 et
3440 1900 3578 1970 fovet

1423 1969 1562 2040 eam,
1587 1971 1719 2027 sicut
1751 1969 1796 2026 et
1816 1969 2057 2026 Christus
2075 1970 2366 2026 Ecclesium
2389 1970 2452 2025 “.

394 2285 649 2342 Dicamus
679 2288 824 2354 quod
853 2287 1001 2341 illam
1031 2302 1251 2342 carnem
1287 2303 1410 2357 qua:
1439 2289 1617 2342 visura
1651 2290 1722 2343 sit
1747 2289 1908 2344 Saln-
1943 2298 1982 2352 Β
2011 2293 2383 2363 corruptivum
2408 2292 2512 2348 hoc
2545 2291 2734 2346 induat
2763 2289 3219 2360 incorruptionem
3259 2290 3327 2359 “,
3369 2297 3424 2344 et
3465 2289 3580 2345 ala-

324 2389 444 2434 tare
483 2379 602 2444 Dei,
638 2381 820 2433 anima
851 2380 1037 2450 diligat
1077 2391 1130 2433 et
1181 2383 1406 2444 nutriat,
1457 2393 1513 2436 et
1567 2384 1749 2438 foveat
1779 2398 1899 2438 eam
2008 2397 2128 2436 rum
2159 2383 2380 2439 levitate
2413 2397 2754 2452 suspensum,
2787 2382 2839 2436 in
2866 2396 3046 2435 aerem
3077 2379 3292 2435 facilius
3327 2379 3578 2435 subleve-

324 2471 626 2540 disciplinis
653 2471 929 2534 erudiens,
969 2483 1026 2526 et
1057 2471 1266 2526 cmlesti
1312 2472 1570 2542 saginans
1615 2487 1795 2542 pane,
1846 2483 1918 2528 et-
2010 2484 2122 2530 tur.
2177 2475 2484 2530 Foveamus
2529 2475 2692 2542 igitur
2740 2482 2797 2530 et
2835 2473 2938 2528 viri
2985 2486 3182 2527 uxores
3237 2483 3470 2537 nostras,
3523 2480 3581 2527 et

321 2563 526 2618 Christi
562 2564 828 2633 sanguine
855 2564 1107 2633 irrigans,
1135 2572 1191 2616 ιιι
1223 2562 1424 2618 refecta
1447 2574 1502 2618 et
1528 2564 1698 2618 nitida
1731 2567 1904 2634 possit
2009 2565 2208 2620 animae
2242 2575 2443 2620 nostra:
2474 2579 2724 2632 corpora,
2779 2574 2838 2618 ut
2886 2573 2944 2618 et
2988 2577 3185 2618 uxores
3219 2563 3272 2617 in
3301 2562 3447 2617 viros
3471 2601 3488 2627 ,
3523 2573 3582 2617 et

322 2654 494 2710 libero
519 2669 680 2708 cursu
715 2654 886 2709 virum
930 2654 1108 2724 sequi,
1138 2666 1194 2711 et
1239 2656 1386 2713 nullo
1421 2657 1721 2712 debilitatis
1767 2675 1904 2729 pon-
2009 2671 2242 2726 corpora
2293 2658 2617 2728 redigantur
2661 2657 2716 2711 in
2759 2656 2993 2720 animas,
3031 2665 3086 2711 et
3132 2669 3474 2724 nequaquam
3510 2655 3582 2710 sit

324 2745 452 2799 dere
481 2746 829 2815 praegravari.
882 2745 1115 2801 Pulchre
1164 2749 1327 2802 etiam
1379 2747 1434 2802 in
1486 2749 1900 2805 similitudinem
2007 2760 2236 2804 sexuum
2270 2748 2379 2802 ulla
2407 2746 2702 2801 diversitas
2731 2763 2746 2799 :
2775 2747 2868 2800 sed
2900 2744 3172 2814 quomodo
3197 2745 3337 2813 apttd
3359 2742 3582 2813 angelos

321 2835 524 2889 Christi
551 2837 844 2890 nutrientis
868 2847 919 2890 et
961 2835 1198 2892 foventis
1232 2836 1562 2902 Ecclesiam,
1585 2847 1641 2892 et
1671 2838 1902 2894 dicentis
2006 2854 2113 2892 non
2151 2849 2236 2894 est
2263 2840 2348 2894 vir
2380 2852 2436 2894 et
2473 2839 2690 2904 mulier,
2718 2837 2792 2891 ita
2829 2847 2882 2893 et
2915 2851 3034 2902 nos,
3063 2837 3152 2906 qui
3180 2835 3387 2891 similes
3411 2851 3582 2906 ange-

321 2929 387 2979 ad
411 2925 718 2982 Jerusalem
759 2945 775 2984 :
807 2930 1024 2994 Quoties
1049 2931 1191 2984 volui
1220 2947 1540 3000 congregare
1575 2930 1715 2999 ﬁlios
1741 2943 1857 2986 tuos
1882 2971 1925 2996 ,.
2007 2932 2072 2987 lis
2101 2931 2270 2986 futuri
2302 2945 2489 2986 sumus
2515 2931 2586 2996 ⁸⁵,
2620 2929 2732 2999 jam
2766 2945 2909 2982 nunc
2935 2929 3264 2998 incipiamus
3287 2941 3410 2983 esse
3436 2926 3582 2996 quod

323 3026 378 3067 ut
422 3016 620 3083 gallina
654 3029 934 3088 congregat
969 3020 1142 3089 pullos
1181 3037 1304 3076 suos
1345 3023 1440 3075 sub
1482 3020 1598 3076 alas
1647 3038 1772 3076 suas
1798 3062 1813 3086 ,
1848 3033 1898 3075 et
2008 3025 2240 3079 nobisin
2272 3025 2587 3080 ctelestibus
2615 3024 3003 3094 repromissum
3034 3033 3138 3077 est.

322 3107 542 3161 noluisti
571 3108 655 3162 "2
691 3111 884 3166 anima:
913 3127 1128 3182 quoque
1162 3113 1350 3167 fovent
1397 3128 1625 3183 corpora
1667 3129 1801 3180 sua,
1847 3123 1906 3168 ιιι

1657 3248 3548 3283 -—————————-———-—-—————————-————ﬁ—

616 3405 729 3464 ax
762 3404 1003 3465 uano
1040 3404 1341 3468 TERTIO
1369 3404 1755 3469 ORIGENIS
1787 3407 1869 3468 1N
1900 3407 2364 3473 EPISTOLAM
2395 3410 2504 3471 AD
2544 3409 3095 3490 COLOSSENSES
3129 3413 3277 3496 (89).

390 3703 554 3774 692
610 3703 739 3758 Data
783 3714 866 3759 est
911 3716 1092 3761 autem
1127 3707 1214 3760 lex
1247 3706 1414 3778 Moysi
1456 3724 1553 3778 per
1580 3711 1803 3779 angelos
1845 3711 1896 3766 in
1926 3723 1970 3780 α
2004 3713 2283 3783 Christus,
2338 3717 2434 3772 sed
2494 3727 2624 3774 ante
2675 3719 2820 3776 hunc
2873 3720 3221 3778 manifestum
3286 3722 3342 3777 in
3414 3736 3580 3780 carne

320 3812 485 3850 manu
507 3807 561 3850 et
586 3798 787 3852 virtute
816 3799 1131 3855 mediatoris
1154 3801 1356 3856 Christi
1383 3800 1454 3866 “,
1478 3803 1568 3871 qui
1597 3819 1718 3858 cum
1749 3813 1895 3860 esset
2004 3807 2292 3862 adventum
2355 3810 2628 3864 mediator
2679 3812 2898 3880 quidem
2947 3822 3071 3867 erat
3113 3813 3392 3869 hominum
3417 3854 3434 3882 ,
3482 3816 3581 3870 sed

320 3887 375 3940 in
401 3891 665 3961 principio
708 3890 944 3946 Verbum
995 3892 1130 3958 Dei,
1173 3904 1230 3948 et
1263 3895 1404 3965 apud
1441 3893 1608 3949 Deum
1639 3906 1804 3960 esset,
1841 3908 1897 3952 et
2005 3897 2240 3952 nondum
2268 3909 2384 3954 erat
2421 3901 2606 3955 homo.
2659 3901 2792 3956 Erat
2841 3912 3022 3958 tamen
3058 3915 3113 3958 et
3157 3915 3284 3960 tunc
3320 3907 3583 3961 mediator

321 3978 466 4032 Deus
495 3989 639 4035 esset
672 3981 904 4036 Verbum
934 3983 1004 4048 ⁵⁷,
1036 3983 1182 4038 Patri
1219 3984 1273 4038 in
1316 3985 1571 4040 onmibus
1612 3985 1894 4040 ininistra-
2006 3989 2099 4044 Dei
2125 4000 2180 4044 et
2209 3991 2680 4060 hominum;unde
2706 4006 2762 4050 et
2786 3996 2911 4050 data
2942 3997 3028 4051 lex
3059 4011 3156 4066 per
3181 3999 3434 4067 angelos,
3465 4001 3584 4054 sine

322 4072 420 4128 vit.
475 4071 671 4128 Omnia
711 4077 856 4129 enitn
889 4091 984 4144 per
1037 4078 1209 4146 ipsum
1260 4075 1407 4145 facta
1438 4085 1561 4131 sunt
1591 4077 1657 4142 ",
1712 4077 1764 4132 id
1815 4088 1902 4134 est
2009 4085 2181 4154 ipsius
2213 4085 2529 4142 Mediatoris
2561 4089 2815 4145 manibus
2866 4091 2991 4144 data
3043 4107 3165 4146 esse
3222 4108 3328 4146 non
3362 4094 3580 4162 dicitur,

319 4173 428 4218 non
456 4168 626 4221 solum
654 4178 940 4234 creaturae,
981 4170 1077 4223 sed
1113 4179 1168 4223 et
1201 4168 1287 4223 lex
1315 4209 1330 4235 ,
1372 4177 1428 4222 et
1478 4171 1792 4239 prophetia;
1843 4178 1898 4225 et
2004 4187 2062 4229 nt
2096 4186 2240 4232 esset
2262 4177 2346 4231 lea;
2361 4190 2569 4244 sancta,
2593 4190 2640 4234 et
2670 4183 2978 4235 mandatum
2995 4194 3259 4248 sanctum,
3283 4193 3333 4237 et
3350 4183 3584 4254 justum,

322 4254 437 4323 ipse
461 4268 544 4312 est
568 4261 826 4313 mediawr
859 4259 952 4314 Dei
989 4270 1039 4314 et
1066 4262 1337 4314 hominum
1367 4261 1436 4315 “.
1473 4262 1626 4327 Quod
1658 4261 1896 4317 Verbum
2000 4275 2048 4318 et
2103 4268 2296 4320 bonum
2349 4265 2438 4332 '°;
2507 4279 2561 4321 et
2610 4272 2791 4325 omnia
2847 4272 2960 4327 haec
3014 4274 3494 4330 sanctiﬁcareutur
3550 4289 3585 4331 a

319 4347 376 4401 in
412 4349 516 4403 line
557 4351 776 4419 quidem
821 4351 1144 4407 saeculorum
1193 4353 1353 4408 homo
1397 4351 1575 4407 factus
1608 4363 1694 4408 est
1733 4352 1894 4409 Jesus
2001 4355 2237 4411 Christo.

339 4497 3543 4537 __.____.__________________________________

316 4644 429 4706 EX
453 4645 693 4708 ΜΒΗο
725 4647 1028 4712 TERTIO
1057 4649 1435 4714 ORIGENlS
1460 4661 2028 4713 ΕΞΗΓΗΜΑΤΙΚΩΝ
2051 4655 2125 4716 ΙΝ
2156 4656 2613 4722 EPISTOLAM
2637 4661 2748 4722 AD
2781 4662 2889 4722 ΤΗ
2903 4661 3579 4730 ESSALONICENSES

1694 4757 2009 4820 PRIMAM
2039 4758 2222 4842 (89").

1189 4905 1270 4962 De
1287 4922 1347 4962 eo
1371 4907 1515 4978 quod
1540 4925 1559 4958 ι
1584 4922 1762 4961 omnes
1779 4906 1990 4976 quidem
2016 4924 2120 4962 non
2141 4911 2460 4968 dormiamus
2478 4919 2552 4980 ",
2569 4933 2586 4967 ι
2615 4923 2724 4971 etc.

383 5221 526 5288 Quid
554 5232 639 5276 est
675 5237 808 5293 ergo
837 5225 980 5293 quod
1019 5225 1268 5280 scribunt
1311 5225 1893 5287 Thessalonicensibus
1927 5241 1972 5298 [ι
2002 5231 2116 5288 Nos
2145 5237 2232 5306 qui
2255 5237 2497 5302 vivimus,
2538 5239 2628 5307 qui
2657 5237 2856 5292 residui
2885 5256 3093 5304 sumus,
3127 5243 3182 5295 in
3206 5243 3434 5296 adventu
3468 5244 3581 5300 Do-

401 5315 568 5372 verbo
599 5315 691 5370 Dei
725 5315 948 5383 Paulus,
980 5326 1038 5372 et
1073 5317 1362 5390 Sylvanus,
1413 5332 1469 5378 et
1519 5321 1884 5380 Timotheus:
1996 5327 2126 5380 mini
2159 5344 2264 5381 non
2297 5330 2672 5396 prwveniemus
2717 5346 2804 5384 eos
2848 5333 2938 5400 qui
2986 5334 3428 5390 dormierunt"?
3482 5339 3580 5405 Qui

384 5456 747 5539 δοκιμασω-ι’,
785 5459 886 5539 ὃξίς
919 5459 1074 5515 Joan.
1100 5478 1196 5539 λιι,
1399 5465 1441 5496 ⁶¹
1478 5464 1658 5521 Galat.
1695 5483 1774 5539 tv,
1826 5467 1880 5521 4.
1956 5469 2002 5499 δ’

1956 5469 2002 5499 δ’
2045 5469 2241 5539 Ephes.
2267 5487 2320 5533 v,
2359 5471 2451 5535 9.8,
2492 5469 2584 5526 29.
2659 5471 2706 5503 “
2737 5471 2927 5526 Matth.
2969 5488 3128 5536 χχιιι,
3153 5472 3243 5528 37.
3315 5474 3363 5506 ⁸⁸
3403 5474 3573 5529 lCor.

314 5544 401 5610 ἆγε
605 5530 650 5560 ⁸⁸
694 5532 883 5610 ῥιθιιίι..
909 5547 1057 5610 __xxtt,
1097 5533 1649 5610 50:_§lare_._xtt.‘25;
1690 5527 1822 5610 Luc.
1863 5554 1953 5600 xx.

1945 5579 1959 5600 .
1998 5527 2104 5610 ssi
2167 5541 2212 5572 ια
2257 5527 2449 5596 citat."
2472 5557 2553 5610 ιιι,
2620 5541 2709 5598 19.
2784 5543 2828 5574 ιτ
2873 5541 3034 5597 Joan.
3080 5527 3128 5609 ι,’
3158 5527 3239 5599 ι.
3282 5543 3330 5576 ιε
3359 5527 3494 5601 ibid.
3524 5527 3570 5598 2.

311 5599 357 5628 ⁸⁸
388 5603 401 5651 l
429 5598 570 5655 Tim.
607 5615 666 5668 tt,
701 5599 756 5654 5.
829 5601 876 5632 ⁸ο
905 5602 1061 5656 Rom.
1089 5619 1185 5670 vn,
1214 5605 1300 5658 l2.
1375 5605 1420 5636 ⁸¹
1456 5598 1746 5674 Ιϐυιίχν,
1774 5608 1864 5663 51.
1941 5627 1942 5636 ‘

847 5602 876 5632 ‘°
905 5602 1061 5656 Rom.
1089 5619 1185 5670 vn,
1214 5605 1300 5658 12.
1375 5605 1420 5636 ⁸¹
1456 5598 1746 5674 Ιϐυιζχν,
1774 5608 1864 5663 51.
1941 5598 1986 5642 δ’
2019 5608 2252 5665 l'l'hess.
2287 5627 2364 5678 tv,
2400 5611 2486 5666 l4.

304 5715 307 5722 ‘
383 5714 496 5793 (8§)
647 5713 962 5787 Hieronymi
999 5719 1139 5774 libro
1174 5720 1352 5790 primo
1384 5721 1658 5792 Apologia:
1688 5725 1886 5780 adver—
1991 5739 2151 5793 gente.

307 5782 704 5868 commilitium.
796 5854 808 5868 _
850 5782 895 5866 ἠ
987 5856 1024 5868 __
1435 5782 1449 5791 ’
1522 5782 1588 5868 ,ν
1772 5863 1793 5868 Α
1840 5865 1851 5868 _
1992 5782 2326 5868 fg(89')_Ex
2378 5795 2609 5866 epistola
2644 5793 2960 5868 Hieronymi
3018 5795 3088 5853 ad
3136 5791 3464 5852 mnerviutn
3517 5803 3572 5853 et

382 5852 503 5925 (89)
545 5855 621 5910 Ex
676 5854 930 5927 Apologia
984 5856 1254 5930 Pamphili
1303 5863 1567 5934 martyris
1619 5877 1720 5934 pro
1759 5863 1885 5921 οτι.
1988 5852 2380 5921 Alexandrum.
